PokerStars Hand #154011580756:  Hold'em Limit ($3/$6 USD) - 2016/05/29 14:20:44 ET
Table 'Proserpina III' 6-max Seat #2 is the button
Seat 1: Mercer29 ($144.22 in chips)
Seat 2: craaa ($97 in chips)
craaa: posts small blind $1
Mercer29: posts big blind $3
*** HOLE CARDS ***
craaa: raises $3 to $6
Mercer29: folds
Uncalled bet ($3) returned to craaa
craaa collected $6 from pot
craaa: doesn't show hand
*** SUMMARY ***
Total pot $6 | Rake $0
Seat 1: Mercer29 (big blind) folded before Flop
Seat 2: craaa (button) (small blind) collected ($6)


PokerStars Hand #154011576361:  Hold'em Limit ($3/$6 USD) - 2016/05/29 14:20:40 ET
Table 'Proserpina III' 6-max Seat #1 is the button
Seat 1: Mercer29 ($145.22 in chips)
Seat 2: craaa ($96 in chips)
Mercer29: posts small blind $1
craaa: posts big blind $3
*** HOLE CARDS ***
Mercer29: folds
Uncalled bet ($2) returned to craaa
craaa collected $2 from pot
craaa: doesn't show hand
*** SUMMARY ***
Total pot $2 | Rake $0
Seat 1: Mercer29 (button) (small blind) folded before Flop
Seat 2: craaa (big blind) collected ($2)


PokerStars Hand #154011571749:  Hold'em Limit ($3/$6 USD) - 2016/05/29 14:20:35 ET
Table 'Proserpina III' 6-max Seat #2 is the button
Seat 1: Mercer29 ($144.22 in chips)
Seat 2: craaa ($97 in chips)
craaa: posts small blind $1
Mercer29: posts big blind $3
*** HOLE CARDS ***
craaa: folds
Uncalled bet ($2) returned to Mercer29
Mercer29 collected $2 from pot
*** SUMMARY ***
Total pot $2 | Rake $0
Seat 1: Mercer29 (big blind) collected ($2)
Seat 2: craaa (button) (small blind) folded before Flop


PokerStars Hand #154011567246:  Hold'em Limit ($3/$6 USD) - 2016/05/29 14:20:30 ET
Table 'Proserpina III' 6-max Seat #1 is the button
Seat 1: Mercer29 ($145.22 in chips)
Seat 2: craaa ($96 in chips)
Mercer29: posts small blind $1
craaa: posts big blind $3
*** HOLE CARDS ***
Mercer29: folds
Uncalled bet ($2) returned to craaa
craaa collected $2 from pot
craaa: doesn't show hand
*** SUMMARY ***
Total pot $2 | Rake $0
Seat 1: Mercer29 (button) (small blind) folded before Flop
Seat 2: craaa (big blind) collected ($2)


PokerStars Hand #154011641211:  Hold'em Limit ($3/$6 USD) - 2016/05/29 14:21:48 ET
Table 'Proserpina III' 6-max Seat #2 is the button
Seat 1: Mercer29 ($166.24 in chips)
Seat 2: craaa ($74 in chips)
craaa: posts small blind $1
Mercer29: posts big blind $3
*** HOLE CARDS ***
craaa: raises $3 to $6
Mercer29: folds
Uncalled bet ($3) returned to craaa
craaa collected $6 from pot
craaa: doesn't show hand
*** SUMMARY ***
Total pot $6 | Rake $0
Seat 1: Mercer29 (big blind) folded before Flop
Seat 2: craaa (button) (small blind) collected ($6)


PokerStars Hand #154011629745:  Hold'em Limit ($3/$6 USD) - 2016/05/29 14:21:36 ET
Table 'Proserpina III' 6-max Seat #1 is the button
Seat 1: Mercer29 ($154.72 in chips)
Seat 2: craaa ($86 in chips)
Mercer29: posts small blind $1
craaa: posts big blind $3
*** HOLE CARDS ***
Mercer29: raises $3 to $6
craaa: calls $3
*** FLOP *** [7h 2c Qc]
craaa: checks
Mercer29: bets $3
craaa: raises $3 to $6
Mercer29: raises $3 to $9
craaa: folds
Uncalled bet ($3) returned to Mercer29
Mercer29 collected $23.52 from pot
*** SUMMARY ***
Total pot $24 | Rake $0.48
Board [7h 2c Qc]
Seat 1: Mercer29 (button) (small blind) collected ($23.52)
Seat 2: craaa (big blind) folded on the Flop


PokerStars Hand #154011623875:  Hold'em Limit ($3/$6 USD) - 2016/05/29 14:21:30 ET
Table 'Proserpina III' 6-max Seat #2 is the button
Seat 1: Mercer29 ($157.72 in chips)
Seat 2: craaa ($83 in chips)
craaa: posts small blind $1
Mercer29: posts big blind $3
*** HOLE CARDS ***
craaa: raises $3 to $6
Mercer29: folds
Uncalled bet ($3) returned to craaa
craaa collected $6 from pot
craaa: doesn't show hand
*** SUMMARY ***
Total pot $6 | Rake $0
Seat 1: Mercer29 (big blind) folded before Flop
Seat 2: craaa (button) (small blind) collected ($6)


PokerStars Hand #154011619506:  Hold'em Limit ($3/$6 USD) - 2016/05/29 14:21:25 ET
Table 'Proserpina III' 6-max Seat #1 is the button
Seat 1: Mercer29 ($158.72 in chips)
Seat 2: craaa ($82 in chips)
Mercer29: posts small blind $1
craaa: posts big blind $3
*** HOLE CARDS ***
Mercer29: folds
Uncalled bet ($2) returned to craaa
craaa collected $2 from pot
craaa: doesn't show hand
*** SUMMARY ***
Total pot $2 | Rake $0
Seat 1: Mercer29 (button) (small blind) folded before Flop
Seat 2: craaa (big blind) collected ($2)


PokerStars Hand #154011614397:  Hold'em Limit ($3/$6 USD) - 2016/05/29 14:21:20 ET
Table 'Proserpina III' 6-max Seat #2 is the button
Seat 1: Mercer29 ($161.72 in chips)
Seat 2: craaa ($79 in chips)
craaa: posts small blind $1
Mercer29: posts big blind $3
*** HOLE CARDS ***
craaa: raises $3 to $6
Mercer29: folds
Uncalled bet ($3) returned to craaa
craaa collected $6 from pot
craaa: doesn't show hand
*** SUMMARY ***
Total pot $6 | Rake $0
Seat 1: Mercer29 (big blind) folded before Flop
Seat 2: craaa (button) (small blind) collected ($6)


PokerStars Hand #154011590442:  Hold'em Limit ($3/$6 USD) - 2016/05/29 14:20:55 ET
Table 'Proserpina III' 6-max Seat #1 is the button
Seat 1: Mercer29 ($141.22 in chips)
Seat 2: craaa ($100 in chips)
Mercer29: posts small blind $1
craaa: posts big blind $3
*** HOLE CARDS ***
Mercer29: raises $3 to $6
craaa: calls $3
*** FLOP *** [6d Jd 8d]
craaa: checks
Mercer29: bets $3
craaa: raises $3 to $6
Mercer29: raises $3 to $9
craaa: calls $3
*** TURN *** [6d Jd 8d] [5s]
craaa: checks
Mercer29: bets $6
craaa: calls $6
*** RIVER *** [6d Jd 8d 5s] [5h]
craaa: checks
Mercer29: bets $6
craaa: folds
Uncalled bet ($6) returned to Mercer29
Mercer29 collected $41.50 from pot
*** SUMMARY ***
Total pot $42 | Rake $0.50
Board [6d Jd 8d 5s 5h]
Seat 1: Mercer29 (button) (small blind) collected ($41.50)
Seat 2: craaa (big blind) folded on the River


PokerStars Hand #154011694735:  Hold'em Limit ($3/$6 USD) - 2016/05/29 14:22:45 ET
Table 'Proserpina III' 6-max Seat #2 is the button
Seat 1: Mercer29 ($172.76 in chips)
Seat 2: craaa ($67 in chips)
craaa: posts small blind $1
Mercer29: posts big blind $3
*** HOLE CARDS ***
D87654321 joins the table at seat #4
craaa: raises $3 to $6
Mercer29: folds
Uncalled bet ($3) returned to craaa
craaa collected $6 from pot
craaa: doesn't show hand
*** SUMMARY ***
Total pot $6 | Rake $0
Seat 1: Mercer29 (big blind) folded before Flop
Seat 2: craaa (button) (small blind) collected ($6)


PokerStars Hand #154011688221:  Hold'em Limit ($3/$6 USD) - 2016/05/29 14:22:38 ET
Table 'Proserpina III' 6-max Seat #1 is the button
Seat 1: Mercer29 ($169.76 in chips)
Seat 2: craaa ($70 in chips)
Mercer29: posts small blind $1
craaa: posts big blind $3
*** HOLE CARDS ***
Mercer29: raises $3 to $6
craaa: folds
Uncalled bet ($3) returned to Mercer29
Mercer29 collected $6 from pot
*** SUMMARY ***
Total pot $6 | Rake $0
Seat 1: Mercer29 (button) (small blind) collected ($6)
Seat 2: craaa (big blind) folded before Flop


PokerStars Hand #154011682677:  Hold'em Limit ($3/$6 USD) - 2016/05/29 14:22:33 ET
Table 'Proserpina III' 6-max Seat #2 is the button
Seat 1: Mercer29 ($172.76 in chips)
Seat 2: craaa ($67 in chips)
craaa: posts small blind $1
Mercer29: posts big blind $3
*** HOLE CARDS ***
craaa: raises $3 to $6
Mercer29: folds
Uncalled bet ($3) returned to craaa
craaa collected $6 from pot
craaa: doesn't show hand
*** SUMMARY ***
Total pot $6 | Rake $0
Seat 1: Mercer29 (big blind) folded before Flop
Seat 2: craaa (button) (small blind) collected ($6)


PokerStars Hand #154011677280:  Hold'em Limit ($3/$6 USD) - 2016/05/29 14:22:27 ET
Table 'Proserpina III' 6-max Seat #1 is the button
Seat 1: Mercer29 ($173.76 in chips)
Seat 2: craaa ($66 in chips)
Mercer29: posts small blind $1
craaa: posts big blind $3
*** HOLE CARDS ***
Mercer29: folds
Uncalled bet ($2) returned to craaa
craaa collected $2 from pot
craaa: doesn't show hand
*** SUMMARY ***
Total pot $2 | Rake $0
Seat 1: Mercer29 (button) (small blind) folded before Flop
Seat 2: craaa (big blind) collected ($2)


PokerStars Hand #154011651363:  Hold'em Limit ($3/$6 USD) - 2016/05/29 14:21:59 ET
Table 'Proserpina III' 6-max Seat #2 is the button
Seat 1: Mercer29 ($162.24 in chips)
Seat 2: craaa ($78 in chips)
craaa: posts small blind $1
Mercer29: posts big blind $3
*** HOLE CARDS ***
craaa: raises $3 to $6
Mercer29: raises $3 to $9
craaa: calls $3
*** FLOP *** [Jh 9c 7s]
Mercer29: bets $3
craaa: calls $3
*** TURN *** [Jh 9c 7s] [2s]
Mercer29: bets $6
craaa: folds
Uncalled bet ($6) returned to Mercer29
Mercer29 collected $23.52 from pot
*** SUMMARY ***
Total pot $24 | Rake $0.48
Board [Jh 9c 7s 2s]
Seat 1: Mercer29 (big blind) collected ($23.52)
Seat 2: craaa (button) (small blind) folded on the Turn


PokerStars Hand #154011647031:  Hold'em Limit ($3/$6 USD) - 2016/05/29 14:21:55 ET
Table 'Proserpina III' 6-max Seat #1 is the button
Seat 1: Mercer29 ($163.24 in chips)
Seat 2: craaa ($77 in chips)
Mercer29: posts small blind $1
craaa: posts big blind $3
*** HOLE CARDS ***
Mercer29: folds
Uncalled bet ($2) returned to craaa
craaa collected $2 from pot
craaa: doesn't show hand
*** SUMMARY ***
Total pot $2 | Rake $0
Seat 1: Mercer29 (button) (small blind) folded before Flop
Seat 2: craaa (big blind) collected ($2)


PokerStars Hand #154011701605:  Hold'em Limit ($3/$6 USD) - 2016/05/29 14:22:53 ET
Table 'Proserpina III' 6-max Seat #1 is the button
Seat 1: Mercer29 ($169.76 in chips)
Seat 2: craaa ($70 in chips)
Mercer29: posts small blind $1
craaa: posts big blind $3
*** HOLE CARDS ***
Mercer29: folds
Uncalled bet ($2) returned to craaa
craaa collected $2 from pot
craaa: doesn't show hand
*** SUMMARY ***
Total pot $2 | Rake $0
Seat 1: Mercer29 (button) (small blind) folded before Flop
Seat 2: craaa (big blind) collected ($2)


PokerStars Hand #154012006224:  Hold'em Limit ($3/$6 USD) - 2016/05/29 14:28:16 ET
Table 'Proserpina III' 6-max Seat #4 is the button
Seat 4: RabbitNrAS ($33 in chips)
Seat 5: Tryptamean ($118.74 in chips)
RabbitNrAS: posts small blind $1
Tryptamean: posts big blind $3
*** HOLE CARDS ***
RabbitNrAS: raises $3 to $6
Tryptamean: folds
Uncalled bet ($3) returned to RabbitNrAS
RabbitNrAS collected $6 from pot
RabbitNrAS: doesn't show hand
*** SUMMARY ***
Total pot $6 | Rake $0
Seat 4: RabbitNrAS (button) (small blind) collected ($6)
Seat 5: Tryptamean (big blind) folded before Flop


PokerStars Hand #154012000891:  Hold'em Limit ($3/$6 USD) - 2016/05/29 14:28:10 ET
Table 'Proserpina III' 6-max Seat #5 is the button
Seat 4: RabbitNrAS ($32 in chips)
Seat 5: Tryptamean ($119.74 in chips)
Tryptamean: posts small blind $1
RabbitNrAS: posts big blind $3
*** HOLE CARDS ***
Tryptamean: folds
Uncalled bet ($2) returned to RabbitNrAS
RabbitNrAS collected $2 from pot
RabbitNrAS: doesn't show hand
*** SUMMARY ***
Total pot $2 | Rake $0
Seat 4: RabbitNrAS (big blind) collected ($2)
Seat 5: Tryptamean (button) (small blind) folded before Flop


PokerStars Hand #154011996438:  Hold'em Limit ($3/$6 USD) - 2016/05/29 14:28:05 ET
Table 'Proserpina III' 6-max Seat #4 is the button
Seat 4: RabbitNrAS ($33 in chips)
Seat 5: Tryptamean ($118.74 in chips)
RabbitNrAS: posts small blind $1
Tryptamean: posts big blind $3
*** HOLE CARDS ***
craaa joins the table at seat #6
RabbitNrAS: folds
Uncalled bet ($2) returned to Tryptamean
Tryptamean collected $2 from pot
Tryptamean: doesn't show hand
*** SUMMARY ***
Total pot $2 | Rake $0
Seat 4: RabbitNrAS (button) (small blind) folded before Flop
Seat 5: Tryptamean (big blind) collected ($2)


PokerStars Hand #154011989499:  Hold'em Limit ($3/$6 USD) - 2016/05/29 14:27:58 ET
Table 'Proserpina III' 6-max Seat #5 is the button
Seat 4: RabbitNrAS ($36 in chips)
Seat 5: Tryptamean ($115.74 in chips)
Tryptamean: posts small blind $1
RabbitNrAS: posts big blind $3
*** HOLE CARDS ***
Tryptamean: raises $3 to $6
RabbitNrAS: folds
Uncalled bet ($3) returned to Tryptamean
Tryptamean collected $6 from pot
Tryptamean: doesn't show hand
*** SUMMARY ***
Total pot $6 | Rake $0
Seat 4: RabbitNrAS (big blind) folded before Flop
Seat 5: Tryptamean (button) (small blind) collected ($6)


PokerStars Hand #154012045463:  Hold'em Limit ($3/$6 USD) - 2016/05/29 14:28:58 ET
Table 'Proserpina III' 6-max Seat #4 is the button
Seat 4: RabbitNrAS ($15 in chips)
Seat 5: Tryptamean ($136.24 in chips)
RabbitNrAS: posts small blind $1
Tryptamean: posts big blind $3
*** HOLE CARDS ***
RabbitNrAS: folds
Uncalled bet ($2) returned to Tryptamean
Tryptamean collected $2 from pot
Tryptamean: doesn't show hand
*** SUMMARY ***
Total pot $2 | Rake $0
Seat 4: RabbitNrAS (button) (small blind) folded before Flop
Seat 5: Tryptamean (big blind) collected ($2)


PokerStars Hand #154012013095:  Hold'em Limit ($3/$6 USD) - 2016/05/29 14:28:23 ET
Table 'Proserpina III' 6-max Seat #5 is the button
Seat 4: RabbitNrAS ($36 in chips)
Seat 5: Tryptamean ($115.74 in chips)
Tryptamean: posts small blind $1
RabbitNrAS: posts big blind $3
*** HOLE CARDS ***
Tryptamean: raises $3 to $6
RabbitNrAS: calls $3
*** FLOP *** [2s Kc 5s]
RabbitNrAS: checks
Tryptamean: bets $3
RabbitNrAS: calls $3
*** TURN *** [2s Kc 5s] [Th]
RabbitNrAS: checks
Tryptamean: bets $6
RabbitNrAS: calls $6
*** RIVER *** [2s Kc 5s Th] [Js]
RabbitNrAS: checks
Tryptamean: bets $6
RabbitNrAS: calls $6
*** SHOW DOWN ***
Tryptamean: shows [Kd 4d] (a pair of Kings)
RabbitNrAS: mucks hand
King Lui126 joins the table at seat #3
Tryptamean collected $41.50 from pot
*** SUMMARY ***
Total pot $42 | Rake $0.50
Board [2s Kc 5s Th Js]
Seat 4: RabbitNrAS (big blind) mucked
Seat 5: Tryptamean (button) (small blind) showed [Kd 4d] and won ($41.50) with a pair of Kings


PokerStars Hand #154012123963:  Hold'em Limit ($3/$6 USD) - 2016/05/29 14:30:21 ET
Table 'Proserpina III' 6-max Seat #3 is the button
Seat 3: King Lui126 ($89.37 in chips)
Seat 5: Tryptamean ($178.85 in chips)
King Lui126: posts small blind $1
Tryptamean: posts big blind $3
*** HOLE CARDS ***
King Lui126: raises $3 to $6
RabbitNrAS leaves the table
Tryptamean: calls $3
*** FLOP *** [Jh 2d Ad]
Tryptamean: checks
King Lui126: checks
*** TURN *** [Jh 2d Ad] [8h]
Tryptamean: checks
King Lui126: bets $6
Tryptamean: calls $6
*** RIVER *** [Jh 2d Ad 8h] [7d]
Tryptamean: checks
King Lui126: bets $6
Tryptamean: calls $6
*** SHOW DOWN ***
King Lui126: shows [5s Ac] (a pair of Aces)
Tryptamean: mucks hand
King Lui126 collected $35.50 from pot
*** SUMMARY ***
Total pot $36 | Rake $0.50
Board [Jh 2d Ad 8h 7d]
Seat 3: King Lui126 (button) (small blind) showed [5s Ac] and won ($35.50) with a pair of Aces
Seat 5: Tryptamean (big blind) mucked


PokerStars Hand #154012162052:  Hold'em Limit ($3/$6 USD) - 2016/05/29 14:31:02 ET
Table 'Proserpina III' 6-max Seat #3 is the button
Seat 3: King Lui126 ($100.87 in chips)
Seat 5: Tryptamean ($166.61 in chips)
King Lui126: posts small blind $1
Tryptamean: posts big blind $3
*** HOLE CARDS ***
King Lui126: raises $3 to $6
Tryptamean: calls $3
*** FLOP *** [Kh 8d 4h]
Tryptamean: checks
King Lui126: bets $3
Tryptamean: calls $3
*** TURN *** [Kh 8d 4h] [9s]
Tryptamean: checks
King Lui126: bets $6
Tryptamean: calls $6
*** RIVER *** [Kh 8d 4h 9s] [Tc]
Tryptamean: checks
King Lui126: checks
*** SHOW DOWN ***
Tryptamean: shows [9c Qs] (a pair of Nines)
King Lui126: mucks hand
Tryptamean collected $29.50 from pot
*** SUMMARY ***
Total pot $30 | Rake $0.50
Board [Kh 8d 4h 9s Tc]
Seat 3: King Lui126 (button) (small blind) mucked
Seat 5: Tryptamean (big blind) showed [9c Qs] and won ($29.50) with a pair of Nines


PokerStars Hand #154012150933:  Hold'em Limit ($3/$6 USD) - 2016/05/29 14:30:50 ET
Table 'Proserpina III' 6-max Seat #5 is the button
Seat 3: King Lui126 ($106.87 in chips)
Seat 5: Tryptamean ($160.85 in chips)
Tryptamean: posts small blind $1
King Lui126: posts big blind $3
*** HOLE CARDS ***
Tryptamean: raises $3 to $6
King Lui126: calls $3
*** FLOP *** [4s Tc 3h]
King Lui126: checks
Tryptamean: bets $3
King Lui126: folds
Uncalled bet ($3) returned to Tryptamean
Tryptamean collected $11.76 from pot
Tryptamean: doesn't show hand
*** SUMMARY ***
Total pot $12 | Rake $0.24
Board [4s Tc 3h]
Seat 3: King Lui126 (big blind) folded on the Flop
Seat 5: Tryptamean (button) (small blind) collected ($11.76)


PokerStars Hand #154012246383:  Hold'em Limit ($3/$6 USD) - 2016/05/29 14:32:30 ET
Table 'Proserpina III' 6-max Seat #5 is the button
Seat 3: King Lui126 ($132.87 in chips)
Seat 5: Tryptamean ($133.11 in chips)
Tryptamean: posts small blind $1
King Lui126: posts big blind $3
*** HOLE CARDS ***
Tryptamean: raises $3 to $6
King Lui126: calls $3
*** FLOP *** [Ac 2h 4h]
King Lui126: checks
Tryptamean: bets $3
King Lui126: folds
Uncalled bet ($3) returned to Tryptamean
Tryptamean collected $11.76 from pot
Tryptamean: doesn't show hand
*** SUMMARY ***
Total pot $12 | Rake $0.24
Board [Ac 2h 4h]
Seat 3: King Lui126 (big blind) folded on the Flop
Seat 5: Tryptamean (button) (small blind) collected ($11.76)


PokerStars Hand #154012214871:  Hold'em Limit ($3/$6 USD) - 2016/05/29 14:31:57 ET
Table 'Proserpina III' 6-max Seat #3 is the button
Seat 3: King Lui126 ($106.37 in chips)
Seat 5: Tryptamean ($160.11 in chips)
King Lui126: posts small blind $1
Tryptamean: posts big blind $3
*** HOLE CARDS ***
King Lui126: calls $2
Tryptamean: raises $3 to $6
King Lui126: calls $3
*** FLOP *** [Kh 2c Js]
Tryptamean: bets $3
King Lui126: calls $3
*** TURN *** [Kh 2c Js] [3h]
Tryptamean: bets $6
King Lui126: raises $6 to $12
Tryptamean: calls $6
*** RIVER *** [Kh 2c Js 3h] [3s]
Tryptamean: checks
King Lui126: bets $6
Tryptamean: calls $6
craaa leaves the table
*** SHOW DOWN ***
King Lui126: shows [5d Kc] (two pair, Kings and Threes)
Tryptamean: mucks hand
King Lui126 collected $53.50 from pot
*** SUMMARY ***
Total pot $54 | Rake $0.50
Board [Kh 2c Js 3h 3s]
Seat 3: King Lui126 (button) (small blind) showed [5d Kc] and won ($53.50) with two pair, Kings and Threes
Seat 5: Tryptamean (big blind) mucked


PokerStars Hand #154012191132:  Hold'em Limit ($3/$6 USD) - 2016/05/29 14:31:32 ET
Table 'Proserpina III' 6-max Seat #5 is the button
Seat 3: King Lui126 ($85.87 in chips)
Seat 5: Tryptamean ($181.11 in chips)
Tryptamean: posts small blind $1
King Lui126: posts big blind $3
*** HOLE CARDS ***
Tryptamean: raises $3 to $6
King Lui126: calls $3
*** FLOP *** [6s 6h 2h]
King Lui126: checks
Tryptamean: bets $3
King Lui126: calls $3
*** TURN *** [6s 6h 2h] [Jc]
King Lui126: checks
Tryptamean: bets $6
King Lui126: calls $6
*** RIVER *** [6s 6h 2h Jc] [3s]
King Lui126: checks
Tryptamean: bets $6
King Lui126: calls $6
*** SHOW DOWN ***
Tryptamean: shows [2s Kh] (two pair, Sixes and Deuces)
King Lui126: shows [As 3c] (two pair, Sixes and Threes)
King Lui126 collected $41.50 from pot
*** SUMMARY ***
Total pot $42 | Rake $0.50
Board [6s 6h 2h Jc 3s]
Seat 3: King Lui126 (big blind) showed [As 3c] and won ($41.50) with two pair, Sixes and Threes
Seat 5: Tryptamean (button) (small blind) showed [2s Kh] and lost with two pair, Sixes and Deuces


PokerStars Hand #154012307817:  Hold'em Limit ($3/$6 USD) - 2016/05/29 14:33:35 ET
Table 'Proserpina III' 6-max Seat #3 is the button
Seat 3: King Lui126 ($108.51 in chips)
Seat 5: Tryptamean ($156.37 in chips)
King Lui126: posts small blind $1
Tryptamean: posts big blind $3
*** HOLE CARDS ***
King Lui126: raises $3 to $6
Tryptamean: calls $3
*** FLOP *** [5h 4h 2d]
Tryptamean: checks
King Lui126: bets $3
Tryptamean: raises $3 to $6
King Lui126: calls $3
*** TURN *** [5h 4h 2d] [5c]
Tryptamean: bets $6
King Lui126: folds
Uncalled bet ($6) returned to Tryptamean
Tryptamean collected $23.52 from pot
Tryptamean: doesn't show hand
*** SUMMARY ***
Total pot $24 | Rake $0.48
Board [5h 4h 2d 5c]
Seat 3: King Lui126 (button) (small blind) folded on the Turn
Seat 5: Tryptamean (big blind) collected ($23.52)


PokerStars Hand #154012280661:  Hold'em Limit ($3/$6 USD) - 2016/05/29 14:33:06 ET
Table 'Proserpina III' 6-max Seat #5 is the button
Seat 3: King Lui126 ($135.51 in chips)
Seat 5: Tryptamean ($129.87 in chips)
Tryptamean: posts small blind $1
King Lui126: posts big blind $3
*** HOLE CARDS ***
Tryptamean: raises $3 to $6
King Lui126: calls $3
*** FLOP *** [2c 9s Jd]
King Lui126: bets $3
Tryptamean: calls $3
*** TURN *** [2c 9s Jd] [3d]
King Lui126: bets $6
Tryptamean: calls $6
*** RIVER *** [2c 9s Jd 3d] [8d]
King Lui126: bets $6
Tryptamean: raises $6 to $12
King Lui126: calls $6
*** SHOW DOWN ***
Tryptamean: shows [6d 2d] (a flush, Jack high)
King Lui126: mucks hand
Tryptamean collected $53.50 from pot
*** SUMMARY ***
Total pot $54 | Rake $0.50
Board [2c 9s Jd 3d 8d]
Seat 3: King Lui126 (big blind) mucked
Seat 5: Tryptamean (button) (small blind) showed [6d 2d] and won ($53.50) with a flush, Jack high


PokerStars Hand #154012259377:  Hold'em Limit ($3/$6 USD) - 2016/05/29 14:32:44 ET
Table 'Proserpina III' 6-max Seat #3 is the button
Seat 3: King Lui126 ($126.87 in chips)
Seat 5: Tryptamean ($138.87 in chips)
King Lui126: posts small blind $1
Tryptamean: posts big blind $3
*** HOLE CARDS ***
King Lui126: raises $3 to $6
Tryptamean: calls $3
*** FLOP *** [Qs Js Ks]
Tryptamean: checks
King Lui126: bets $3
Tryptamean: calls $3
*** TURN *** [Qs Js Ks] [5c]
Tryptamean: checks
King Lui126: bets $6
Tryptamean: folds
Uncalled bet ($6) returned to King Lui126
King Lui126 collected $17.64 from pot
King Lui126: doesn't show hand
*** SUMMARY ***
Total pot $18 | Rake $0.36
Board [Qs Js Ks 5c]
Seat 3: King Lui126 (button) (small blind) collected ($17.64)
Seat 5: Tryptamean (big blind) folded on the Turn


PokerStars Hand #154012350515:  Hold'em Limit ($3/$6 USD) - 2016/05/29 14:34:20 ET
Table 'Proserpina III' 6-max Seat #5 is the button
Seat 3: King Lui126 ($78.51 in chips)
Seat 5: Tryptamean ($185.39 in chips)
Tryptamean: posts small blind $1
King Lui126: posts big blind $3
*** HOLE CARDS ***
Tryptamean: raises $3 to $6
King Lui126: folds
Uncalled bet ($3) returned to Tryptamean
Tryptamean collected $6 from pot
Tryptamean: doesn't show hand
*** SUMMARY ***
Total pot $6 | Rake $0
Seat 3: King Lui126 (big blind) folded before Flop
Seat 5: Tryptamean (button) (small blind) collected ($6)


PokerStars Hand #154012329786:  Hold'em Limit ($3/$6 USD) - 2016/05/29 14:33:58 ET
Table 'Proserpina III' 6-max Seat #3 is the button
Seat 3: King Lui126 ($93.51 in chips)
Seat 5: Tryptamean ($170.89 in chips)
King Lui126: posts small blind $1
Tryptamean: posts big blind $3
*** HOLE CARDS ***
King Lui126: raises $3 to $6
Tryptamean: calls $3
*** FLOP *** [8d 8c Ad]
Tryptamean: checks
King Lui126: bets $3
Tryptamean: calls $3
*** TURN *** [8d 8c Ad] [Ac]
Tryptamean: checks
King Lui126: bets $6
Tryptamean: calls $6
*** RIVER *** [8d 8c Ad Ac] [Js]
Tryptamean: checks
King Lui126: checks
*** SHOW DOWN ***
Tryptamean: shows [Qs Jc] (two pair, Aces and Jacks)
King Lui126: mucks hand
Tryptamean collected $29.50 from pot
*** SUMMARY ***
Total pot $30 | Rake $0.50
Board [8d 8c Ad Ac Js]
Seat 3: King Lui126 (button) (small blind) mucked
Seat 5: Tryptamean (big blind) showed [Qs Jc] and won ($29.50) with two pair, Aces and Jacks


PokerStars Hand #154012323209:  Hold'em Limit ($3/$6 USD) - 2016/05/29 14:33:51 ET
Table 'Proserpina III' 6-max Seat #5 is the button
Seat 3: King Lui126 ($96.51 in chips)
Seat 5: Tryptamean ($167.89 in chips)
Tryptamean: posts small blind $1
King Lui126: posts big blind $3
*** HOLE CARDS ***
Tryptamean: raises $3 to $6
King Lui126: folds
Uncalled bet ($3) returned to Tryptamean
Tryptamean collected $6 from pot
Tryptamean: doesn't show hand
*** SUMMARY ***
Total pot $6 | Rake $0
Seat 3: King Lui126 (big blind) folded before Flop
Seat 5: Tryptamean (button) (small blind) collected ($6)


PokerStars Hand #154012401686:  Hold'em Limit ($3/$6 USD) - 2016/05/29 14:35:14 ET
Table 'Proserpina III' 6-max Seat #5 is the button
Seat 3: King Lui126 ($98.01 in chips)
Seat 5: Tryptamean ($165.39 in chips)
Tryptamean: posts small blind $1
King Lui126: posts big blind $3
*** HOLE CARDS ***
Tryptamean: raises $3 to $6
King Lui126: raises $3 to $9
Tryptamean: calls $3
*** FLOP *** [Kd 3s Tc]
King Lui126: bets $3
Tryptamean: calls $3
*** TURN *** [Kd 3s Tc] [7c]
King Lui126: bets $6
Tryptamean: calls $6
*** RIVER *** [Kd 3s Tc 7c] [6d]
King Lui126: bets $6
Tryptamean: calls $6
*** SHOW DOWN ***
King Lui126: shows [Kh Ks] (three of a kind, Kings)
Tryptamean: mucks hand
King Lui126 collected $47.50 from pot
*** SUMMARY ***
Total pot $48 | Rake $0.50
Board [Kd 3s Tc 7c 6d]
Seat 3: King Lui126 (big blind) showed [Kh Ks] and won ($47.50) with three of a kind, Kings
Seat 5: Tryptamean (button) (small blind) mucked


PokerStars Hand #154012358478:  Hold'em Limit ($3/$6 USD) - 2016/05/29 14:34:28 ET
Table 'Proserpina III' 6-max Seat #3 is the button
Seat 3: King Lui126 ($75.51 in chips)
Seat 5: Tryptamean ($188.39 in chips)
King Lui126: posts small blind $1
Tryptamean: posts big blind $3
*** HOLE CARDS ***
King Lui126: raises $3 to $6
Tryptamean: raises $3 to $9
King Lui126: raises $3 to $12
Betting is capped
Tryptamean: calls $3
*** FLOP *** [6c Kc 7d]
Tryptamean: checks
King Lui126: bets $3
Tryptamean: calls $3
*** TURN *** [6c Kc 7d] [8d]
Tryptamean: checks
King Lui126: bets $6
Tryptamean: calls $6
*** RIVER *** [6c Kc 7d 8d] [Ks]
Tryptamean: checks
King Lui126: bets $6
Tryptamean: calls $6
*** SHOW DOWN ***
King Lui126: shows [8c As] (two pair, Kings and Eights)
Tryptamean: mucks hand
King Lui126 collected $53.50 from pot
*** SUMMARY ***
Total pot $54 | Rake $0.50
Board [6c Kc 7d 8d Ks]
Seat 3: King Lui126 (button) (small blind) showed [8c As] and won ($53.50) with two pair, Kings and Eights
Seat 5: Tryptamean (big blind) mucked


PokerStars Hand #154012396718:  Hold'em Limit ($3/$6 USD) - 2016/05/29 14:35:08 ET
Table 'Proserpina III' 6-max Seat #3 is the button
Seat 3: King Lui126 ($99.01 in chips)
Seat 5: Tryptamean ($164.39 in chips)
King Lui126: posts small blind $1
Tryptamean: posts big blind $3
*** HOLE CARDS ***
King Lui126: folds
Uncalled bet ($2) returned to Tryptamean
Tryptamean collected $2 from pot
Tryptamean: doesn't show hand
*** SUMMARY ***
Total pot $2 | Rake $0
Seat 3: King Lui126 (button) (small blind) folded before Flop
Seat 5: Tryptamean (big blind) collected ($2)


PokerStars Hand #154012389824:  Hold'em Limit ($3/$6 USD) - 2016/05/29 14:35:01 ET
Table 'Proserpina III' 6-max Seat #5 is the button
Seat 3: King Lui126 ($102.01 in chips)
Seat 5: Tryptamean ($161.39 in chips)
Tryptamean: posts small blind $1
King Lui126: posts big blind $3
*** HOLE CARDS ***
Tryptamean: raises $3 to $6
King Lui126: folds
Uncalled bet ($3) returned to Tryptamean
Tryptamean collected $6 from pot
Tryptamean: doesn't show hand
*** SUMMARY ***
Total pot $6 | Rake $0
Seat 3: King Lui126 (big blind) folded before Flop
Seat 5: Tryptamean (button) (small blind) collected ($6)


PokerStars Hand #154012432223:  Hold'em Limit ($3/$6 USD) - 2016/05/29 14:35:45 ET
Table 'Proserpina III' 6-max Seat #3 is the button
Seat 3: King Lui126 ($121.51 in chips)
Seat 5: Tryptamean ($141.39 in chips)
King Lui126: posts small blind $1
Tryptamean: posts big blind $3
*** HOLE CARDS ***
King Lui126: folds
Uncalled bet ($2) returned to Tryptamean
Tryptamean collected $2 from pot
Tryptamean: doesn't show hand
*** SUMMARY ***
Total pot $2 | Rake $0
Seat 3: King Lui126 (button) (small blind) folded before Flop
Seat 5: Tryptamean (big blind) collected ($2)


PokerStars Hand #154012437251:  Hold'em Limit ($3/$6 USD) - 2016/05/29 14:35:50 ET
Table 'Proserpina III' 6-max Seat #5 is the button
Seat 3: King Lui126 ($120.51 in chips)
Seat 5: Tryptamean ($142.39 in chips)
Tryptamean: posts small blind $1
King Lui126: posts big blind $3
*** HOLE CARDS ***
Tryptamean: raises $3 to $6
King Lui126: calls $3
*** FLOP *** [5c 2c 6s]
King Lui126: checks
Tryptamean: bets $3
King Lui126: calls $3
*** TURN *** [5c 2c 6s] [7h]
King Lui126: checks
Tryptamean: bets $6
King Lui126: calls $6
*** RIVER *** [5c 2c 6s 7h] [3d]
King Lui126: checks
Tryptamean: checks
*** SHOW DOWN ***
King Lui126: shows [8s Kc] (high card King)
Tryptamean: shows [9s 5h] (a pair of Fives)
Tryptamean collected $29.50 from pot
*** SUMMARY ***
Total pot $30 | Rake $0.50
Board [5c 2c 6s 7h 3d]
Seat 3: King Lui126 (big blind) showed [8s Kc] and lost with high card King
Seat 5: Tryptamean (button) (small blind) showed [9s 5h] and won ($29.50) with a pair of Fives


PokerStars Hand #154012460787:  Hold'em Limit ($3/$6 USD) - 2016/05/29 14:36:15 ET
Table 'Proserpina III' 6-max Seat #3 is the button
Seat 3: King Lui126 ($105.51 in chips)
Seat 5: Tryptamean ($156.89 in chips)
King Lui126: posts small blind $1
Tryptamean: posts big blind $3
*** HOLE CARDS ***
King Lui126: raises $3 to $6
Tryptamean: calls $3
*** FLOP *** [4c 4s Jd]
Tryptamean: checks
King Lui126: bets $3
Krazy90 joins the table at seat #4
Tryptamean: folds
Uncalled bet ($3) returned to King Lui126
King Lui126 collected $11.76 from pot
King Lui126: doesn't show hand
*** SUMMARY ***
Total pot $12 | Rake $0.24
Board [4c 4s Jd]
Seat 3: King Lui126 (button) (small blind) collected ($11.76)
Seat 5: Tryptamean (big blind) folded on the Flop


PokerStars Hand #154012485934:  Hold'em Limit ($3/$6 USD) - 2016/05/29 14:36:41 ET
Table 'Proserpina III' 6-max Seat #5 is the button
Seat 3: King Lui126 ($111.27 in chips)
Seat 5: Tryptamean ($150.89 in chips)
Tryptamean: posts small blind $1
King Lui126: posts big blind $3
*** HOLE CARDS ***
Tryptamean: raises $3 to $6
King Lui126: calls $3
*** FLOP *** [Ks 6d 7c]
King Lui126: bets $3
Tryptamean: folds
Uncalled bet ($3) returned to King Lui126
King Lui126 collected $11.76 from pot
King Lui126: doesn't show hand
*** SUMMARY ***
Total pot $12 | Rake $0.24
Board [Ks 6d 7c]
Seat 3: King Lui126 (big blind) collected ($11.76)
Seat 5: Tryptamean (button) (small blind) folded on the Flop


PokerStars Hand #154017660206:  Hold'em Limit ($3/$6 USD) - 2016/05/29 16:07:22 ET
Table 'Proserpina III' 6-max Seat #6 is the button
Seat 5: Tryptamean ($205.59 in chips)
Seat 6: JACKan_11 ($157.16 in chips)
JACKan_11: posts small blind $1
krytalex: is sitting out
Tryptamean: posts big blind $3
*** HOLE CARDS ***
JACKan_11: raises $3 to $6
Tryptamean: raises $3 to $9
JACKan_11: calls $3
*** FLOP *** [2c 2s Ac]
Tryptamean: bets $3
JACKan_11: calls $3
*** TURN *** [2c 2s Ac] [Tc]
krytalex leaves the table
Tryptamean: bets $6
JACKan_11: calls $6
*** RIVER *** [2c 2s Ac Tc] [5d]
Tryptamean: checks
JACKan_11: checks
*** SHOW DOWN ***
Tryptamean: shows [5s 3s] (two pair, Fives and Deuces)
JACKan_11: mucks hand
Tryptamean collected $35.50 from pot
*** SUMMARY ***
Total pot $36 | Rake $0.50
Board [2c 2s Ac Tc 5d]
Seat 5: Tryptamean (big blind) showed [5s 3s] and won ($35.50) with two pair, Fives and Deuces
Seat 6: JACKan_11 (button) (small blind) mucked


PokerStars Hand #154017693471:  Hold'em Limit ($3/$6 USD) - 2016/05/29 16:07:56 ET
Table 'Proserpina III' 6-max Seat #5 is the button
Seat 5: Tryptamean ($223.09 in chips)
Seat 6: JACKan_11 ($139.16 in chips)
Tryptamean: posts small blind $1
JACKan_11: posts big blind $3
*** HOLE CARDS ***
Tryptamean: raises $3 to $6
JACKan_11: raises $3 to $9
Tryptamean: calls $3
*** FLOP *** [3d 5c 3c]
JACKan_11: bets $3
Tryptamean: calls $3
*** TURN *** [3d 5c 3c] [4s]
JACKan_11: bets $6
Tryptamean: raises $6 to $12
JACKan_11: calls $6
*** RIVER *** [3d 5c 3c 4s] [9c]
JACKan_11: checks
Tryptamean: bets $6
JACKan_11: calls $6
*** SHOW DOWN ***
Tryptamean: shows [8h 3h] (three of a kind, Threes)
JACKan_11: mucks hand
Tryptamean collected $59.50 from pot
*** SUMMARY ***
Total pot $60 | Rake $0.50
Board [3d 5c 3c 4s 9c]
Seat 5: Tryptamean (button) (small blind) showed [8h 3h] and won ($59.50) with three of a kind, Threes
Seat 6: JACKan_11 (big blind) mucked


PokerStars Hand #154017740029:  Hold'em Limit ($3/$6 USD) - 2016/05/29 16:08:43 ET
Table 'Proserpina III' 6-max Seat #6 is the button
Seat 5: Tryptamean ($252.59 in chips)
Seat 6: JACKan_11 ($109.16 in chips)
JACKan_11: posts small blind $1
Tryptamean: posts big blind $3
*** HOLE CARDS ***
JACKan_11: folds
Uncalled bet ($2) returned to Tryptamean
Tryptamean collected $2 from pot
Tryptamean: doesn't show hand
*** SUMMARY ***
Total pot $2 | Rake $0
Seat 5: Tryptamean (big blind) collected ($2)
Seat 6: JACKan_11 (button) (small blind) folded before Flop


PokerStars Hand #154017745239:  Hold'em Limit ($3/$6 USD) - 2016/05/29 16:08:49 ET
Table 'Proserpina III' 6-max Seat #5 is the button
Seat 5: Tryptamean ($253.59 in chips)
Seat 6: JACKan_11 ($108.16 in chips)
Tryptamean: posts small blind $1
JACKan_11: posts big blind $3
*** HOLE CARDS ***
Tryptamean: raises $3 to $6
JACKan_11: calls $3
*** FLOP *** [4h Qh 6h]
JACKan_11: checks
Tryptamean: bets $3
JACKan_11: raises $3 to $6
Tryptamean: calls $3
*** TURN *** [4h Qh 6h] [9s]
JACKan_11: bets $6
Tryptamean: calls $6
*** RIVER *** [4h Qh 6h 9s] [5s]
JACKan_11: bets $6
Tryptamean: raises $6 to $12
JACKan_11: calls $6
*** SHOW DOWN ***
Tryptamean: shows [7s 8h] (a straight, Five to Nine)
JACKan_11: mucks hand
Tryptamean collected $59.50 from pot
*** SUMMARY ***
Total pot $60 | Rake $0.50
Board [4h Qh 6h 9s 5s]
Seat 5: Tryptamean (button) (small blind) showed [7s 8h] and won ($59.50) with a straight, Five to Nine
Seat 6: JACKan_11 (big blind) mucked


PokerStars Hand #154017782393:  Hold'em Limit ($3/$6 USD) - 2016/05/29 16:09:26 ET
Table 'Proserpina III' 6-max Seat #6 is the button
Seat 5: Tryptamean ($283.09 in chips)
Seat 6: JACKan_11 ($78.16 in chips)
JACKan_11: posts small blind $1
Tryptamean: posts big blind $3
*** HOLE CARDS ***
JACKan_11: folds
Uncalled bet ($2) returned to Tryptamean
Tryptamean collected $2 from pot
Tryptamean: doesn't show hand
*** SUMMARY ***
Total pot $2 | Rake $0
Seat 5: Tryptamean (big blind) collected ($2)
Seat 6: JACKan_11 (button) (small blind) folded before Flop


PokerStars Hand #154017794340:  Hold'em Limit ($3/$6 USD) - 2016/05/29 16:09:39 ET
Table 'Proserpina III' 6-max Seat #6 is the button
Seat 5: Tryptamean ($283.09 in chips)
Seat 6: JACKan_11 ($78.16 in chips)
JACKan_11: posts small blind $1
Tryptamean: posts big blind $3
*** HOLE CARDS ***
JACKan_11: folds
Uncalled bet ($2) returned to Tryptamean
Tryptamean collected $2 from pot
Tryptamean: doesn't show hand
*** SUMMARY ***
Total pot $2 | Rake $0
Seat 5: Tryptamean (big blind) collected ($2)
Seat 6: JACKan_11 (button) (small blind) folded before Flop


PokerStars Hand #154017788028:  Hold'em Limit ($3/$6 USD) - 2016/05/29 16:09:32 ET
Table 'Proserpina III' 6-max Seat #5 is the button
Seat 5: Tryptamean ($284.09 in chips)
Seat 6: JACKan_11 ($77.16 in chips)
Tryptamean: posts small blind $1
JACKan_11: posts big blind $3
*** HOLE CARDS ***
JACKan_11 said, "!!"
Tryptamean: folds
Uncalled bet ($2) returned to JACKan_11
JACKan_11 collected $2 from pot
*** SUMMARY ***
Total pot $2 | Rake $0
Seat 5: Tryptamean (button) (small blind) folded before Flop
Seat 6: JACKan_11 (big blind) collected ($2)


PokerStars Hand #154017799607:  Hold'em Limit ($3/$6 USD) - 2016/05/29 16:09:44 ET
Table 'Proserpina III' 6-max Seat #5 is the button
Seat 5: Tryptamean ($284.09 in chips)
Seat 6: JACKan_11 ($77.16 in chips)
Tryptamean: posts small blind $1
JACKan_11: posts big blind $3
*** HOLE CARDS ***
Tryptamean: raises $3 to $6
JACKan_11 said, "lucker"
JACKan_11: folds
Uncalled bet ($3) returned to Tryptamean
Tryptamean collected $6 from pot
Tryptamean: doesn't show hand
*** SUMMARY ***
Total pot $6 | Rake $0
Seat 5: Tryptamean (button) (small blind) collected ($6)
Seat 6: JACKan_11 (big blind) folded before Flop


PokerStars Hand #154017809382:  Hold'em Limit ($3/$6 USD) - 2016/05/29 16:09:54 ET
Table 'Proserpina III' 6-max Seat #6 is the button
Seat 5: Tryptamean ($287.09 in chips)
Seat 6: JACKan_11 ($74.16 in chips)
JACKan_11: posts small blind $1
Tryptamean: posts big blind $3
*** HOLE CARDS ***
Tryptamean said, "yep"
JACKan_11: raises $3 to $6
Tryptamean: raises $3 to $9
JACKan_11: calls $3
*** FLOP *** [Jh 9d Ad]
Tryptamean: bets $3
JACKan_11: raises $3 to $6
Tryptamean: calls $3
*** TURN *** [Jh 9d Ad] [7s]
Tryptamean: checks
JACKan_11: bets $6
Tryptamean: calls $6
*** RIVER *** [Jh 9d Ad 7s] [5c]
Tryptamean: checks
JACKan_11: checks
*** SHOW DOWN ***
Tryptamean: shows [As 4s] (a pair of Aces)
JACKan_11: mucks hand
Tryptamean collected $41.50 from pot
*** SUMMARY ***
Total pot $42 | Rake $0.50
Board [Jh 9d Ad 7s 5c]
Seat 5: Tryptamean (big blind) showed [As 4s] and won ($41.50) with a pair of Aces
Seat 6: JACKan_11 (button) (small blind) mucked


PokerStars Hand #154017864760:  Hold'em Limit ($3/$6 USD) - 2016/05/29 16:10:50 ET
Table 'Proserpina III' 6-max Seat #6 is the button
Seat 5: Tryptamean ($298.59 in chips)
Seat 6: JACKan_11 ($61.80 in chips)
JACKan_11: posts small blind $1
Tryptamean: posts big blind $3
*** HOLE CARDS ***
JACKan_11: folds
Uncalled bet ($2) returned to Tryptamean
Tryptamean collected $2 from pot
Tryptamean: doesn't show hand
*** SUMMARY ***
Total pot $2 | Rake $0
Seat 5: Tryptamean (big blind) collected ($2)
Seat 6: JACKan_11 (button) (small blind) folded before Flop


PokerStars Hand #154017845386:  Hold'em Limit ($3/$6 USD) - 2016/05/29 16:10:30 ET
Table 'Proserpina III' 6-max Seat #5 is the button
Seat 5: Tryptamean ($307.59 in chips)
Seat 6: JACKan_11 ($53.16 in chips)
Tryptamean: posts small blind $1
JACKan_11: posts big blind $3
*** HOLE CARDS ***
Tryptamean: raises $3 to $6
JACKan_11: calls $3
*** FLOP *** [Qd 7c 8c]
JACKan_11: bets $3
Tryptamean: calls $3
*** TURN *** [Qd 7c 8c] [7h]
JACKan_11: bets $6
Tryptamean: folds
Uncalled bet ($6) returned to JACKan_11
JACKan_11 collected $17.64 from pot
*** SUMMARY ***
Total pot $18 | Rake $0.36
Board [Qd 7c 8c 7h]
Seat 5: Tryptamean (button) (small blind) folded on the Turn
Seat 6: JACKan_11 (big blind) collected ($17.64)


PokerStars Hand #154017870909:  Hold'em Limit ($3/$6 USD) - 2016/05/29 16:10:56 ET
Table 'Proserpina III' 6-max Seat #5 is the button
Seat 5: Tryptamean ($299.59 in chips)
Seat 6: JACKan_11 ($60.80 in chips)
Tryptamean: posts small blind $1
JACKan_11: posts big blind $3
*** HOLE CARDS ***
Tryptamean: raises $3 to $6
JACKan_11: calls $3
*** FLOP *** [6d Ad 9d]
JACKan_11: checks
Tryptamean: bets $3
JACKan_11: calls $3
*** TURN *** [6d Ad 9d] [Qh]
JACKan_11: checks
Tryptamean: bets $6
JACKan_11: raises $6 to $12
Tryptamean: folds
Uncalled bet ($6) returned to JACKan_11
JACKan_11 collected $29.50 from pot
*** SUMMARY ***
Total pot $30 | Rake $0.50
Board [6d Ad 9d Qh]
Seat 5: Tryptamean (button) (small blind) folded on the Turn
Seat 6: JACKan_11 (big blind) collected ($29.50)


PokerStars Hand #154017895901:  Hold'em Limit ($3/$6 USD) - 2016/05/29 16:11:22 ET
Table 'Proserpina III' 6-max Seat #6 is the button
Seat 5: Tryptamean ($284.59 in chips)
Seat 6: JACKan_11 ($75.30 in chips)
JACKan_11: posts small blind $1
Tryptamean: posts big blind $3
*** HOLE CARDS ***
JACKan_11: raises $3 to $6
Tryptamean: calls $3
*** FLOP *** [3d Ah 9c]
Tryptamean: checks
JACKan_11: bets $3
Tryptamean: calls $3
*** TURN *** [3d Ah 9c] [9d]
Tryptamean: checks
JACKan_11: checks
*** RIVER *** [3d Ah 9c 9d] [5s]
Tryptamean: bets $6
JACKan_11: folds
Uncalled bet ($6) returned to Tryptamean
Tryptamean collected $17.64 from pot
Tryptamean: doesn't show hand
*** SUMMARY ***
Total pot $18 | Rake $0.36
Board [3d Ah 9c 9d 5s]
Seat 5: Tryptamean (big blind) collected ($17.64)
Seat 6: JACKan_11 (button) (small blind) folded on the River


PokerStars Hand #154017920790:  Hold'em Limit ($3/$6 USD) - 2016/05/29 16:11:47 ET
Table 'Proserpina III' 6-max Seat #5 is the button
Seat 5: Tryptamean ($293.23 in chips)
Seat 6: JACKan_11 ($66.30 in chips)
Tryptamean: posts small blind $1
JACKan_11: posts big blind $3
*** HOLE CARDS ***
Tryptamean: raises $3 to $6
JACKan_11: folds
Uncalled bet ($3) returned to Tryptamean
Tryptamean collected $6 from pot
Tryptamean: doesn't show hand
*** SUMMARY ***
Total pot $6 | Rake $0
Seat 5: Tryptamean (button) (small blind) collected ($6)
Seat 6: JACKan_11 (big blind) folded before Flop


PokerStars Hand #154017928310:  Hold'em Limit ($3/$6 USD) - 2016/05/29 16:11:55 ET
Table 'Proserpina III' 6-max Seat #6 is the button
Seat 5: Tryptamean ($296.23 in chips)
Seat 6: JACKan_11 ($63.30 in chips)
JACKan_11: posts small blind $1
Tryptamean: posts big blind $3
*** HOLE CARDS ***
JACKan_11: folds
Uncalled bet ($2) returned to Tryptamean
Tryptamean collected $2 from pot
Tryptamean: doesn't show hand
*** SUMMARY ***
Total pot $2 | Rake $0
Seat 5: Tryptamean (big blind) collected ($2)
Seat 6: JACKan_11 (button) (small blind) folded before Flop


PokerStars Hand #154017933816:  Hold'em Limit ($3/$6 USD) - 2016/05/29 16:12:01 ET
Table 'Proserpina III' 6-max Seat #5 is the button
Seat 5: Tryptamean ($297.23 in chips)
Seat 6: JACKan_11 ($62.30 in chips)
Tryptamean: posts small blind $1
JACKan_11: posts big blind $3
*** HOLE CARDS ***
Tryptamean: raises $3 to $6
JACKan_11: folds
Uncalled bet ($3) returned to Tryptamean
Tryptamean collected $6 from pot
Tryptamean: doesn't show hand
*** SUMMARY ***
Total pot $6 | Rake $0
Seat 5: Tryptamean (button) (small blind) collected ($6)
Seat 6: JACKan_11 (big blind) folded before Flop


PokerStars Hand #154017944028:  Hold'em Limit ($3/$6 USD) - 2016/05/29 16:12:11 ET
Table 'Proserpina III' 6-max Seat #6 is the button
Seat 5: Tryptamean ($300.23 in chips)
Seat 6: JACKan_11 ($59.30 in chips)
JACKan_11: posts small blind $1
Tryptamean: posts big blind $3
*** HOLE CARDS ***
JACKan_11: raises $3 to $6
Tryptamean: calls $3
*** FLOP *** [Ts 4h 4c]
Tryptamean: checks
JACKan_11: bets $3
Tryptamean: calls $3
*** TURN *** [Ts 4h 4c] [3h]
Tryptamean: checks
JACKan_11: checks
*** RIVER *** [Ts 4h 4c 3h] [Th]
Tryptamean: checks
JACKan_11: checks
*** SHOW DOWN ***
Tryptamean: shows [9d Qc] (two pair, Tens and Fours)
JACKan_11: mucks hand
Tryptamean collected $17.64 from pot
*** SUMMARY ***
Total pot $18 | Rake $0.36
Board [Ts 4h 4c 3h Th]
Seat 5: Tryptamean (big blind) showed [9d Qc] and won ($17.64) with two pair, Tens and Fours
Seat 6: JACKan_11 (button) (small blind) mucked


PokerStars Hand #154017969846:  Hold'em Limit ($3/$6 USD) - 2016/05/29 16:12:38 ET
Table 'Proserpina III' 6-max Seat #5 is the button
Seat 5: Tryptamean ($308.87 in chips)
Seat 6: JACKan_11 ($50.30 in chips)
Tryptamean: posts small blind $1
JACKan_11: posts big blind $3
*** HOLE CARDS ***
Tryptamean: raises $3 to $6
JACKan_11: folds
Uncalled bet ($3) returned to Tryptamean
Tryptamean collected $6 from pot
Tryptamean: doesn't show hand
*** SUMMARY ***
Total pot $6 | Rake $0
Seat 5: Tryptamean (button) (small blind) collected ($6)
Seat 6: JACKan_11 (big blind) folded before Flop


PokerStars Hand #154017976128:  Hold'em Limit ($3/$6 USD) - 2016/05/29 16:12:44 ET
Table 'Proserpina III' 6-max Seat #6 is the button
Seat 5: Tryptamean ($311.87 in chips)
Seat 6: JACKan_11 ($47.30 in chips)
JACKan_11: posts small blind $1
Tryptamean: posts big blind $3
*** HOLE CARDS ***
JACKan_11: folds
Uncalled bet ($2) returned to Tryptamean
Tryptamean collected $2 from pot
Tryptamean: doesn't show hand
*** SUMMARY ***
Total pot $2 | Rake $0
Seat 5: Tryptamean (big blind) collected ($2)
Seat 6: JACKan_11 (button) (small blind) folded before Flop


PokerStars Hand #154018053813:  Hold'em Limit ($3/$6 USD) - 2016/05/29 16:14:03 ET
Table 'Proserpina III' 6-max Seat #6 is the button
Seat 5: Tryptamean ($313.07 in chips)
Seat 6: JACKan_11 ($45.10 in chips)
JACKan_11: posts small blind $1
Tryptamean: posts big blind $3
*** HOLE CARDS ***
JACKan_11: folds
Uncalled bet ($2) returned to Tryptamean
Tryptamean collected $2 from pot
Tryptamean: doesn't show hand
*** SUMMARY ***
Total pot $2 | Rake $0
Seat 5: Tryptamean (big blind) collected ($2)
Seat 6: JACKan_11 (button) (small blind) folded before Flop


PokerStars Hand #154018048052:  Hold'em Limit ($3/$6 USD) - 2016/05/29 16:13:57 ET
Table 'Proserpina III' 6-max Seat #5 is the button
Seat 5: Tryptamean ($314.07 in chips)
Seat 6: JACKan_11 ($44.10 in chips)
Tryptamean: posts small blind $1
JACKan_11: posts big blind $3
*** HOLE CARDS ***
Tryptamean: folds
Uncalled bet ($2) returned to JACKan_11
JACKan_11 collected $2 from pot
*** SUMMARY ***
Total pot $2 | Rake $0
Seat 5: Tryptamean (button) (small blind) folded before Flop
Seat 6: JACKan_11 (big blind) collected ($2)


PokerStars Hand #154017982182:  Hold'em Limit ($3/$6 USD) - 2016/05/29 16:12:50 ET
Table 'Proserpina III' 6-max Seat #5 is the button
Seat 5: Tryptamean ($312.87 in chips)
Seat 6: JACKan_11 ($46.30 in chips)
Tryptamean: posts small blind $1
JACKan_11: posts big blind $3
*** HOLE CARDS ***
Tryptamean: raises $3 to $6
JACKan_11: raises $3 to $9
Tryptamean: calls $3
*** FLOP *** [Qh 8h 6d]
JACKan_11: bets $3
Tryptamean: calls $3
*** TURN *** [Qh 8h 6d] [5d]
JACKan_11: bets $6
Tryptamean: calls $6
*** RIVER *** [Qh 8h 6d 5d] [Jh]
JACKan_11: checks
Tryptamean: bets $6
JACKan_11: calls $6
*** SHOW DOWN ***
Tryptamean: shows [8d 9h] (a pair of Eights)
JACKan_11: mucks hand
Tryptamean collected $47.50 from pot
*** SUMMARY ***
Total pot $48 | Rake $0.50
Board [Qh 8h 6d 5d Jh]
Seat 5: Tryptamean (button) (small blind) showed [8d 9h] and won ($47.50) with a pair of Eights
Seat 6: JACKan_11 (big blind) mucked


PokerStars Hand #154018021480:  Hold'em Limit ($3/$6 USD) - 2016/05/29 16:13:30 ET
Table 'Proserpina III' 6-max Seat #6 is the button
Seat 5: Tryptamean ($336.37 in chips)
Seat 6: JACKan_11 ($22.30 in chips)
JACKan_11: posts small blind $1
Tryptamean: posts big blind $3
*** HOLE CARDS ***
JACKan_11: raises $3 to $6
Tryptamean: calls $3
*** FLOP *** [8d 4h 2s]
Tryptamean: checks
JACKan_11: bets $3
Tryptamean: raises $3 to $6
JACKan_11: calls $3
*** TURN *** [8d 4h 2s] [Ts]
Tryptamean: bets $6
JACKan_11: raises $4.30 to $10.30 and is all-in
Tryptamean: calls $4.30
*** RIVER *** [8d 4h 2s Ts] [3c]
*** SHOW DOWN ***
Tryptamean: shows [Qs 4d] (a pair of Fours)
JACKan_11: shows [Qh Tc] (a pair of Tens)
JACKan_11 collected $44.10 from pot
*** SUMMARY ***
Total pot $44.60 | Rake $0.50
Board [8d 4h 2s Ts 3c]
Seat 5: Tryptamean (big blind) showed [Qs 4d] and lost with a pair of Fours
Seat 6: JACKan_11 (button) (small blind) showed [Qh Tc] and won ($44.10) with a pair of Tens


PokerStars Hand #154018064773:  Hold'em Limit ($3/$6 USD) - 2016/05/29 16:14:14 ET
Table 'Proserpina III' 6-max Seat #6 is the button
Seat 5: Tryptamean ($317.07 in chips)
Seat 6: JACKan_11 ($41.10 in chips)
JACKan_11: posts small blind $1
Tryptamean: posts big blind $3
*** HOLE CARDS ***
JACKan_11: folds
Uncalled bet ($2) returned to Tryptamean
Tryptamean collected $2 from pot
Tryptamean: doesn't show hand
*** SUMMARY ***
Total pot $2 | Rake $0
Seat 5: Tryptamean (big blind) collected ($2)
Seat 6: JACKan_11 (button) (small blind) folded before Flop


PokerStars Hand #154018072681:  Hold'em Limit ($3/$6 USD) - 2016/05/29 16:14:22 ET
Table 'Proserpina III' 6-max Seat #5 is the button
Seat 5: Tryptamean ($318.07 in chips)
Seat 6: JACKan_11 ($40.10 in chips)
Tryptamean: posts small blind $1
JACKan_11: posts big blind $3
*** HOLE CARDS ***
Tryptamean: raises $3 to $6
JACKan_11: raises $3 to $9
Tryptamean: calls $3
*** FLOP *** [Qs 8c 7c]
JACKan_11: bets $3
Tryptamean: calls $3
*** TURN *** [Qs 8c 7c] [8d]
JACKan_11: bets $6
Tryptamean: calls $6
*** RIVER *** [Qs 8c 7c 8d] [2d]
JACKan_11: bets $6
Tryptamean: calls $6
*** SHOW DOWN ***
JACKan_11: shows [Jh Jd] (two pair, Jacks and Eights)
Tryptamean: mucks hand
JACKan_11 collected $47.50 from pot
*** SUMMARY ***
Total pot $48 | Rake $0.50
Board [Qs 8c 7c 8d 2d]
Seat 5: Tryptamean (button) (small blind) mucked
Seat 6: JACKan_11 (big blind) showed [Jh Jd] and won ($47.50) with two pair, Jacks and Eights


PokerStars Hand #154018058802:  Hold'em Limit ($3/$6 USD) - 2016/05/29 16:14:08 ET
Table 'Proserpina III' 6-max Seat #5 is the button
Seat 5: Tryptamean ($314.07 in chips)
Seat 6: JACKan_11 ($44.10 in chips)
Tryptamean: posts small blind $1
JACKan_11: posts big blind $3
*** HOLE CARDS ***
Tryptamean: raises $3 to $6
JACKan_11: folds
Uncalled bet ($3) returned to Tryptamean
Tryptamean collected $6 from pot
Tryptamean: doesn't show hand
*** SUMMARY ***
Total pot $6 | Rake $0
Seat 5: Tryptamean (button) (small blind) collected ($6)
Seat 6: JACKan_11 (big blind) folded before Flop


PokerStars Hand #154018113292:  Hold'em Limit ($3/$6 USD) - 2016/05/29 16:15:04 ET
Table 'Proserpina III' 6-max Seat #6 is the button
Seat 5: Tryptamean ($294.07 in chips)
Seat 6: JACKan_11 ($63.60 in chips)
JACKan_11: posts small blind $1
Tryptamean: posts big blind $3
*** HOLE CARDS ***
JACKan_11: raises $3 to $6
Tryptamean: calls $3
*** FLOP *** [5s Jc As]
Tryptamean: checks
JACKan_11: bets $3
Tryptamean: folds
Uncalled bet ($3) returned to JACKan_11
JACKan_11 collected $11.76 from pot
*** SUMMARY ***
Total pot $12 | Rake $0.24
Board [5s Jc As]
Seat 5: Tryptamean (big blind) folded on the Flop
Seat 6: JACKan_11 (button) (small blind) collected ($11.76)


PokerStars Hand #154018132611:  Hold'em Limit ($3/$6 USD) - 2016/05/29 16:15:23 ET
Table 'Proserpina III' 6-max Seat #5 is the button
Seat 5: Tryptamean ($288.07 in chips)
Seat 6: JACKan_11 ($69.36 in chips)
Tryptamean: posts small blind $1
JACKan_11: posts big blind $3
*** HOLE CARDS ***
Tryptamean: raises $3 to $6
JACKan_11: folds
Uncalled bet ($3) returned to Tryptamean
Tryptamean collected $6 from pot
Tryptamean: doesn't show hand
*** SUMMARY ***
Total pot $6 | Rake $0
Seat 5: Tryptamean (button) (small blind) collected ($6)
Seat 6: JACKan_11 (big blind) folded before Flop


PokerStars Hand #154018142397:  Hold'em Limit ($3/$6 USD) - 2016/05/29 16:15:33 ET
Table 'Proserpina III' 6-max Seat #6 is the button
Seat 5: Tryptamean ($291.07 in chips)
Seat 6: JACKan_11 ($66.36 in chips)
JACKan_11: posts small blind $1
Tryptamean: posts big blind $3
*** HOLE CARDS ***
JACKan_11: raises $3 to $6
Tryptamean: folds
Uncalled bet ($3) returned to JACKan_11
JACKan_11 collected $6 from pot
*** SUMMARY ***
Total pot $6 | Rake $0
Seat 5: Tryptamean (big blind) folded before Flop
Seat 6: JACKan_11 (button) (small blind) collected ($6)


PokerStars Hand #154018179533:  Hold'em Limit ($3/$6 USD) - 2016/05/29 16:16:11 ET
Table 'Proserpina III' 6-max Seat #6 is the button
Seat 5: Tryptamean ($261.07 in chips)
Seat 6: JACKan_11 ($95.86 in chips)
JACKan_11: posts small blind $1
Tryptamean: posts big blind $3
*** HOLE CARDS ***
JACKan_11: raises $3 to $6
Tryptamean: calls $3
*** FLOP *** [8s Ks 7s]
Tryptamean: checks
JACKan_11: bets $3
Tryptamean: calls $3
*** TURN *** [8s Ks 7s] [2c]
Tryptamean: checks
JACKan_11: checks
*** RIVER *** [8s Ks 7s 2c] [Js]
Tryptamean: checks
JACKan_11: bets $6
Tryptamean: folds
Uncalled bet ($6) returned to JACKan_11
JACKan_11 collected $17.64 from pot
*** SUMMARY ***
Total pot $18 | Rake $0.36
Board [8s Ks 7s 2c Js]
Seat 5: Tryptamean (big blind) folded on the River
Seat 6: JACKan_11 (button) (small blind) collected ($17.64)


PokerStars Hand #154018206540:  Hold'em Limit ($3/$6 USD) - 2016/05/29 16:16:39 ET
Table 'Proserpina III' 6-max Seat #5 is the button
Seat 5: Tryptamean ($252.07 in chips)
Seat 6: JACKan_11 ($104.50 in chips)
Tryptamean: posts small blind $1
JACKan_11: posts big blind $3
*** HOLE CARDS ***
Tryptamean: raises $3 to $6
JACKan_11: folds
Uncalled bet ($3) returned to Tryptamean
Tryptamean collected $6 from pot
Tryptamean: doesn't show hand
*** SUMMARY ***
Total pot $6 | Rake $0
Seat 5: Tryptamean (button) (small blind) collected ($6)
Seat 6: JACKan_11 (big blind) folded before Flop


PokerStars Hand #154018214468:  Hold'em Limit ($3/$6 USD) - 2016/05/29 16:16:47 ET
Table 'Proserpina III' 6-max Seat #6 is the button
Seat 5: Tryptamean ($255.07 in chips)
Seat 6: JACKan_11 ($101.50 in chips)
JACKan_11: posts small blind $1
Tryptamean: posts big blind $3
*** HOLE CARDS ***
JACKan_11: folds
Uncalled bet ($2) returned to Tryptamean
Tryptamean collected $2 from pot
Tryptamean: doesn't show hand
*** SUMMARY ***
Total pot $2 | Rake $0
Seat 5: Tryptamean (big blind) collected ($2)
Seat 6: JACKan_11 (button) (small blind) folded before Flop


PokerStars Hand #154018150931:  Hold'em Limit ($3/$6 USD) - 2016/05/29 16:15:42 ET
Table 'Proserpina III' 6-max Seat #5 is the button
Seat 5: Tryptamean ($288.07 in chips)
Seat 6: JACKan_11 ($69.36 in chips)
Tryptamean: posts small blind $1
JACKan_11: posts big blind $3
*** HOLE CARDS ***
Tryptamean: raises $3 to $6
JACKan_11: calls $3
*** FLOP *** [7h 8d 4d]
JACKan_11: checks
Tryptamean: bets $3
JACKan_11: calls $3
*** TURN *** [7h 8d 4d] [As]
JACKan_11: checks
Tryptamean: bets $6
JACKan_11: raises $6 to $12
Tryptamean: calls $6
*** RIVER *** [7h 8d 4d As] [9c]
JACKan_11: bets $6
Tryptamean: calls $6
*** SHOW DOWN ***
JACKan_11: shows [2c Ac] (a pair of Aces)
Tryptamean: mucks hand
JACKan_11 collected $53.50 from pot
*** SUMMARY ***
Total pot $54 | Rake $0.50
Board [7h 8d 4d As 9c]
Seat 5: Tryptamean (button) (small blind) mucked
Seat 6: JACKan_11 (big blind) showed [2c Ac] and won ($53.50) with a pair of Aces


PokerStars Hand #154018251494:  Hold'em Limit ($3/$6 USD) - 2016/05/29 16:17:25 ET
Table 'Proserpina III' 6-max Seat #6 is the button
Seat 5: Tryptamean ($229.07 in chips)
Seat 6: JACKan_11 ($127 in chips)
JACKan_11: posts small blind $1
Tryptamean: posts big blind $3
*** HOLE CARDS ***
JACKan_11: raises $3 to $6
Tryptamean: raises $3 to $9
JACKan_11: calls $3
*** FLOP *** [Qc 5h Qs]
Tryptamean: bets $3
JACKan_11: calls $3
*** TURN *** [Qc 5h Qs] [Kh]
Tryptamean: bets $6
JACKan_11: raises $6 to $12
Tryptamean: calls $6
*** RIVER *** [Qc 5h Qs Kh] [7h]
Tryptamean: checks
JACKan_11: bets $6
Tryptamean: calls $6
*** SHOW DOWN ***
JACKan_11: shows [Qd 2d] (three of a kind, Queens)
Tryptamean: mucks hand
JACKan_11 collected $59.50 from pot
*** SUMMARY ***
Total pot $60 | Rake $0.50
Board [Qc 5h Qs Kh 7h]
Seat 5: Tryptamean (big blind) mucked
Seat 6: JACKan_11 (button) (small blind) showed [Qd 2d] and won ($59.50) with three of a kind, Queens


PokerStars Hand #154018223893:  Hold'em Limit ($3/$6 USD) - 2016/05/29 16:16:56 ET
Table 'Proserpina III' 6-max Seat #5 is the button
Seat 5: Tryptamean ($256.07 in chips)
Seat 6: JACKan_11 ($100.50 in chips)
Tryptamean: posts small blind $1
JACKan_11: posts big blind $3
*** HOLE CARDS ***
Tryptamean: raises $3 to $6
JACKan_11: calls $3
*** FLOP *** [As 7c 8s]
JACKan_11: checks
Tryptamean: bets $3
JACKan_11: calls $3
*** TURN *** [As 7c 8s] [5c]
JACKan_11: checks
Tryptamean: bets $6
JACKan_11: raises $6 to $12
Tryptamean: calls $6
*** RIVER *** [As 7c 8s 5c] [5s]
JACKan_11: bets $6
Tryptamean: calls $6
*** SHOW DOWN ***
JACKan_11: shows [5h 7h] (a full house, Fives full of Sevens)
Tryptamean: mucks hand
JACKan_11 collected $53.50 from pot
*** SUMMARY ***
Total pot $54 | Rake $0.50
Board [As 7c 8s 5c 5s]
Seat 5: Tryptamean (button) (small blind) mucked
Seat 6: JACKan_11 (big blind) showed [5h 7h] and won ($53.50) with a full house, Fives full of Sevens


PokerStars Hand #154018282104:  Hold'em Limit ($3/$6 USD) - 2016/05/29 16:17:56 ET
Table 'Proserpina III' 6-max Seat #5 is the button
Seat 5: Tryptamean ($199.07 in chips)
Seat 6: JACKan_11 ($156.50 in chips)
Tryptamean: posts small blind $1
JACKan_11: posts big blind $3
*** HOLE CARDS ***
Tryptamean: raises $3 to $6
JACKan_11: raises $3 to $9
Tryptamean: calls $3
*** FLOP *** [5d 3s Kc]
JACKan_11: bets $3
Tryptamean: calls $3
*** TURN *** [5d 3s Kc] [5s]
JACKan_11: bets $6
Tryptamean: folds
Uncalled bet ($6) returned to JACKan_11
JACKan_11 collected $23.52 from pot
*** SUMMARY ***
Total pot $24 | Rake $0.48
Board [5d 3s Kc 5s]
Seat 5: Tryptamean (button) (small blind) folded on the Turn
Seat 6: JACKan_11 (big blind) collected ($23.52)


PokerStars Hand #154018310505:  Hold'em Limit ($3/$6 USD) - 2016/05/29 16:18:25 ET
Table 'Proserpina III' 6-max Seat #6 is the button
Seat 5: Tryptamean ($187.07 in chips)
Seat 6: JACKan_11 ($168.02 in chips)
JACKan_11: posts small blind $1
Tryptamean: posts big blind $3
*** HOLE CARDS ***
JACKan_11: folds
Uncalled bet ($2) returned to Tryptamean
Tryptamean collected $2 from pot
Tryptamean: doesn't show hand
*** SUMMARY ***
Total pot $2 | Rake $0
Seat 5: Tryptamean (big blind) collected ($2)
Seat 6: JACKan_11 (button) (small blind) folded before Flop


PokerStars Hand #154018345587:  Hold'em Limit ($3/$6 USD) - 2016/05/29 16:19:01 ET
Table 'Proserpina III' 6-max Seat #6 is the button
Seat 5: Tryptamean ($202.57 in chips)
Seat 6: JACKan_11 ($152.02 in chips)
JACKan_11: posts small blind $1
Tryptamean: posts big blind $3
*** HOLE CARDS ***
JACKan_11: folds
Uncalled bet ($2) returned to Tryptamean
Tryptamean collected $2 from pot
Tryptamean: doesn't show hand
*** SUMMARY ***
Total pot $2 | Rake $0
Seat 5: Tryptamean (big blind) collected ($2)
Seat 6: JACKan_11 (button) (small blind) folded before Flop


PokerStars Hand #154018315855:  Hold'em Limit ($3/$6 USD) - 2016/05/29 16:18:31 ET
Table 'Proserpina III' 6-max Seat #5 is the button
Seat 5: Tryptamean ($188.07 in chips)
Seat 6: JACKan_11 ($167.02 in chips)
Tryptamean: posts small blind $1
JACKan_11: posts big blind $3
*** HOLE CARDS ***
Tryptamean: raises $3 to $6
JACKan_11: calls $3
*** FLOP *** [3c 8d 9c]
JACKan_11: checks
Tryptamean: bets $3
JACKan_11: calls $3
*** TURN *** [3c 8d 9c] [5h]
JACKan_11: checks
Tryptamean: checks
*** RIVER *** [3c 8d 9c 5h] [9d]
JACKan_11: bets $6
Tryptamean: calls $6
*** SHOW DOWN ***
JACKan_11: shows [Jd 7d] (a pair of Nines)
Tryptamean: shows [As 7h] (a pair of Nines - Ace kicker)
Tryptamean collected $29.50 from pot
*** SUMMARY ***
Total pot $30 | Rake $0.50
Board [3c 8d 9c 5h 9d]
Seat 5: Tryptamean (button) (small blind) showed [As 7h] and won ($29.50) with a pair of Nines
Seat 6: JACKan_11 (big blind) showed [Jd 7d] and lost with a pair of Nines


PokerStars Hand #154018350934:  Hold'em Limit ($3/$6 USD) - 2016/05/29 16:19:07 ET
Table 'Proserpina III' 6-max Seat #5 is the button
Seat 5: Tryptamean ($203.57 in chips)
Seat 6: JACKan_11 ($151.02 in chips)
Tryptamean: posts small blind $1
JACKan_11: posts big blind $3
*** HOLE CARDS ***
Tryptamean: raises $3 to $6
JACKan_11: calls $3
*** FLOP *** [Js 6d 4c]
JACKan_11: bets $3
Tryptamean: calls $3
*** TURN *** [Js 6d 4c] [7d]
JACKan_11: bets $6
Tryptamean: calls $6
*** RIVER *** [Js 6d 4c 7d] [2d]
JACKan_11: checks
Tryptamean: checks
*** SHOW DOWN ***
JACKan_11: shows [Kc 6c] (a pair of Sixes)
Tryptamean: mucks hand
JACKan_11 collected $29.50 from pot
*** SUMMARY ***
Total pot $30 | Rake $0.50
Board [Js 6d 4c 7d 2d]
Seat 5: Tryptamean (button) (small blind) mucked
Seat 6: JACKan_11 (big blind) showed [Kc 6c] and won ($29.50) with a pair of Sixes


PokerStars Hand #154018382473:  Hold'em Limit ($3/$6 USD) - 2016/05/29 16:19:39 ET
Table 'Proserpina III' 6-max Seat #6 is the button
Seat 5: Tryptamean ($188.57 in chips)
Seat 6: JACKan_11 ($165.52 in chips)
JACKan_11: posts small blind $1
Tryptamean: posts big blind $3
*** HOLE CARDS ***
JACKan_11: raises $3 to $6
Tryptamean: calls $3
*** FLOP *** [Qh 9h Qs]
Tryptamean: checks
JACKan_11: checks
*** TURN *** [Qh 9h Qs] [4s]
Tryptamean: bets $6
JACKan_11: calls $6
*** RIVER *** [Qh 9h Qs 4s] [6c]
Tryptamean: bets $6
JACKan_11: calls $6
*** SHOW DOWN ***
Tryptamean: shows [3s 8s] (a pair of Queens)
JACKan_11: shows [Jc Ad] (a pair of Queens - Ace kicker)
JACKan_11 collected $35.50 from pot
*** SUMMARY ***
Total pot $36 | Rake $0.50
Board [Qh 9h Qs 4s 6c]
Seat 5: Tryptamean (big blind) showed [3s 8s] and lost with a pair of Queens
Seat 6: JACKan_11 (button) (small blind) showed [Jc Ad] and won ($35.50) with a pair of Queens


PokerStars Hand #154018412425:  Hold'em Limit ($3/$6 USD) - 2016/05/29 16:20:10 ET
Table 'Proserpina III' 6-max Seat #5 is the button
Seat 5: Tryptamean ($170.57 in chips)
Seat 6: JACKan_11 ($183.02 in chips)
Tryptamean: posts small blind $1
JACKan_11: posts big blind $3
*** HOLE CARDS ***
Tryptamean: raises $3 to $6
JACKan_11: raises $3 to $9
Tryptamean: calls $3
*** FLOP *** [3s 8c Tc]
JACKan_11: bets $3
Tryptamean: calls $3
*** TURN *** [3s 8c Tc] [3d]
JACKan_11: bets $6
Tryptamean: calls $6
*** RIVER *** [3s 8c Tc 3d] [7s]
JACKan_11: bets $6
Tryptamean: folds
Uncalled bet ($6) returned to JACKan_11
JACKan_11 collected $35.50 from pot
*** SUMMARY ***
Total pot $36 | Rake $0.50
Board [3s 8c Tc 3d 7s]
Seat 5: Tryptamean (button) (small blind) folded on the River
Seat 6: JACKan_11 (big blind) collected ($35.50)


PokerStars Hand #154018445515:  Hold'em Limit ($3/$6 USD) - 2016/05/29 16:20:44 ET
Table 'Proserpina III' 6-max Seat #6 is the button
Seat 5: Tryptamean ($152.57 in chips)
Seat 6: JACKan_11 ($200.52 in chips)
JACKan_11: posts small blind $1
Tryptamean: posts big blind $3
*** HOLE CARDS ***
JACKan_11: raises $3 to $6
Tryptamean: raises $3 to $9
JACKan_11: calls $3
*** FLOP *** [5d Ad Qh]
Tryptamean: bets $3
JACKan_11: folds
Uncalled bet ($3) returned to Tryptamean
Tryptamean collected $17.64 from pot
Tryptamean: doesn't show hand
*** SUMMARY ***
Total pot $18 | Rake $0.36
Board [5d Ad Qh]
Seat 5: Tryptamean (big blind) collected ($17.64)
Seat 6: JACKan_11 (button) (small blind) folded on the Flop


PokerStars Hand #154018490838:  Hold'em Limit ($3/$6 USD) - 2016/05/29 16:21:31 ET
Table 'Proserpina III' 6-max Seat #5 is the button
Seat 5: Tryptamean ($153.21 in chips)
Seat 6: JACKan_11 ($199.16 in chips)
Tryptamean: posts small blind $1
JACKan_11: posts big blind $3
*** HOLE CARDS ***
Tryptamean: raises $3 to $6
JACKan_11: folds
Uncalled bet ($3) returned to Tryptamean
Tryptamean collected $6 from pot
Tryptamean: doesn't show hand
*** SUMMARY ***
Total pot $6 | Rake $0
Seat 5: Tryptamean (button) (small blind) collected ($6)
Seat 6: JACKan_11 (big blind) folded before Flop


PokerStars Hand #154018485540:  Hold'em Limit ($3/$6 USD) - 2016/05/29 16:21:25 ET
Table 'Proserpina III' 6-max Seat #6 is the button
Seat 5: Tryptamean ($152.21 in chips)
Seat 6: JACKan_11 ($200.16 in chips)
JACKan_11: posts small blind $1
Tryptamean: posts big blind $3
*** HOLE CARDS ***
JACKan_11: folds
Uncalled bet ($2) returned to Tryptamean
Tryptamean collected $2 from pot
Tryptamean: doesn't show hand
*** SUMMARY ***
Total pot $2 | Rake $0
Seat 5: Tryptamean (big blind) collected ($2)
Seat 6: JACKan_11 (button) (small blind) folded before Flop


PokerStars Hand #154018464335:  Hold'em Limit ($3/$6 USD) - 2016/05/29 16:21:04 ET
Table 'Proserpina III' 6-max Seat #5 is the button
Seat 5: Tryptamean ($161.21 in chips)
Seat 6: JACKan_11 ($191.52 in chips)
Tryptamean: posts small blind $1
JACKan_11: posts big blind $3
*** HOLE CARDS ***
Tryptamean: raises $3 to $6
JACKan_11: calls $3
*** FLOP *** [9c Ah 5d]
JACKan_11: bets $3
Tryptamean: calls $3
*** TURN *** [9c Ah 5d] [3h]
JACKan_11: bets $6
Tryptamean: folds
Uncalled bet ($6) returned to JACKan_11
JACKan_11 collected $17.64 from pot
*** SUMMARY ***
Total pot $18 | Rake $0.36
Board [9c Ah 5d 3h]
Seat 5: Tryptamean (button) (small blind) folded on the Turn
Seat 6: JACKan_11 (big blind) collected ($17.64)


PokerStars Hand #154018581951:  Hold'em Limit ($3/$6 USD) - 2016/05/29 16:23:00 ET
Table 'Proserpina III' 6-max Seat #5 is the button
Seat 5: Tryptamean ($167.71 in chips)
Seat 6: JACKan_11 ($183.66 in chips)
Tryptamean: posts small blind $1
JACKan_11: posts big blind $3
*** HOLE CARDS ***
Tryptamean: raises $3 to $6
JACKan_11: folds
Uncalled bet ($3) returned to Tryptamean
Tryptamean collected $6 from pot
Tryptamean: doesn't show hand
*** SUMMARY ***
Total pot $6 | Rake $0
Seat 5: Tryptamean (button) (small blind) collected ($6)
Seat 6: JACKan_11 (big blind) folded before Flop


PokerStars Hand #154018547276:  Hold'em Limit ($3/$6 USD) - 2016/05/29 16:22:29 ET
Table 'Proserpina III' 6-max Seat #6 is the button
Seat 5: Tryptamean ($141.21 in chips)
Seat 6: JACKan_11 ($210.66 in chips)
JACKan_11: posts small blind $1
Tryptamean: posts big blind $3
*** HOLE CARDS ***
JACKan_11: raises $3 to $6
Tryptamean: calls $3
*** FLOP *** [9d 8s Jc]
Tryptamean: checks
JACKan_11: bets $3
Tryptamean: calls $3
*** TURN *** [9d 8s Jc] [8h]
Tryptamean: checks
JACKan_11: bets $6
Tryptamean: raises $6 to $12
JACKan_11: calls $6
*** RIVER *** [9d 8s Jc 8h] [7c]
Tryptamean: bets $6
JACKan_11: calls $6
*** SHOW DOWN ***
Tryptamean: shows [8c Kd] (three of a kind, Eights)
Zubasa07 joins the table at seat #1
JACKan_11: mucks hand
Tryptamean collected $53.50 from pot
*** SUMMARY ***
Total pot $54 | Rake $0.50
Board [9d 8s Jc 8h 7c]
Seat 5: Tryptamean (big blind) showed [8c Kd] and won ($53.50) with three of a kind, Eights
Seat 6: JACKan_11 (button) (small blind) mucked


PokerStars Hand #154018539145:  Hold'em Limit ($3/$6 USD) - 2016/05/29 16:22:20 ET
Table 'Proserpina III' 6-max Seat #5 is the button
Seat 5: Tryptamean ($138.21 in chips)
Seat 6: JACKan_11 ($213.66 in chips)
Tryptamean: posts small blind $1
JACKan_11: posts big blind $3
*** HOLE CARDS ***
Tryptamean: raises $3 to $6
JACKan_11: folds
Uncalled bet ($3) returned to Tryptamean
Tryptamean collected $6 from pot
Tryptamean: doesn't show hand
*** SUMMARY ***
Total pot $6 | Rake $0
Seat 5: Tryptamean (button) (small blind) collected ($6)
Seat 6: JACKan_11 (big blind) folded before Flop


PokerStars Hand #154018498428:  Hold'em Limit ($3/$6 USD) - 2016/05/29 16:21:39 ET
Table 'Proserpina III' 6-max Seat #6 is the button
Seat 5: Tryptamean ($156.21 in chips)
Seat 6: JACKan_11 ($196.16 in chips)
JACKan_11: posts small blind $1
Tryptamean: posts big blind $3
*** HOLE CARDS ***
JACKan_11: raises $3 to $6
Tryptamean: raises $3 to $9
JACKan_11: calls $3
*** FLOP *** [Ks 5d 3h]
Tryptamean: bets $3
JACKan_11: calls $3
*** TURN *** [Ks 5d 3h] [Ts]
Tryptamean: bets $6
JACKan_11: calls $6
*** RIVER *** [Ks 5d 3h Ts] [4d]
Tryptamean: checks
JACKan_11: checks
*** SHOW DOWN ***
Tryptamean: shows [8h Jh] (high card King)
JACKan_11: shows [Qs Ad] (high card Ace)
JACKan_11 collected $35.50 from pot
*** SUMMARY ***
Total pot $36 | Rake $0.50
Board [Ks 5d 3h Ts 4d]
Seat 5: Tryptamean (big blind) showed [8h Jh] and lost with high card King
Seat 6: JACKan_11 (button) (small blind) showed [Qs Ad] and won ($35.50) with high card Ace


