PokerStars Hand #176791285532:  Hold'em Limit ($3/$6 USD) - 2017/10/11 16:45:10 ET
Table 'Proserpina' 6-max Seat #3 is the button
Seat 1: Robisss3 ($48 in chips)
Seat 3: Ag3r0n ($72 in chips)
Ag3r0n: posts small blind $1
Robisss3: posts big blind $3
*** HOLE CARDS ***
vestimokrec joins the table at seat #2
Ag3r0n: folds
Uncalled bet ($2) returned to Robisss3
Robisss3 collected $2 from pot
Robisss3: doesn't show hand
*** SUMMARY ***
Total pot $2 | Rake $0
Seat 1: Robisss3 (big blind) collected ($2)
Seat 3: Ag3r0n (button) (small blind) folded before Flop


PokerStars Hand #176791269002:  Hold'em Limit ($3/$6 USD) - 2017/10/11 16:44:50 ET
Table 'Proserpina' 6-max Seat #1 is the button
Seat 1: Robisss3 ($45 in chips)
Seat 3: Ag3r0n ($72 in chips)
Robisss3: posts small blind $1
Ag3r0n: posts big blind $3
*** HOLE CARDS ***
Robisss3: raises $3 to $6
Ag3r0n: folds
Uncalled bet ($3) returned to Robisss3
Robisss3 collected $6 from pot
Robisss3: doesn't show hand
*** SUMMARY ***
Total pot $6 | Rake $0
Seat 1: Robisss3 (button) (small blind) collected ($6)
Seat 3: Ag3r0n (big blind) folded before Flop


PokerStars Hand #176791797618:  Hold'em Limit ($3/$6 USD) - 2017/10/11 16:55:48 ET
Table 'Proserpina' 6-max Seat #5 is the button
Seat 3: LouisB ($112.08 in chips)
Seat 5: Ag3r0n ($163 in chips)
andyrr leaves the table
Ag3r0n: posts small blind $1
vestimokrec: is sitting out
LouisB: posts big blind $3
*** HOLE CARDS ***
vestimokrec leaves the table
Ag3r0n: folds
Uncalled bet ($2) returned to LouisB
LouisB collected $2 from pot
LouisB: doesn't show hand
*** SUMMARY ***
Total pot $2 | Rake $0
Seat 3: LouisB (big blind) collected ($2)
Seat 5: Ag3r0n (button) (small blind) folded before Flop


PokerStars Hand #176791844960:  Hold'em Limit ($3/$6 USD) - 2017/10/11 16:56:58 ET
Table 'Proserpina' 6-max Seat #3 is the button
Seat 2: 007buszek ($47.50 in chips)
Seat 3: LouisB ($95.08 in chips)
LouisB: posts small blind $1
007buszek: posts big blind $3
*** HOLE CARDS ***
LouisB: raises $3 to $6
007buszek: calls $3
*** FLOP *** [4s Qh 8d]
007buszek: checks
LouisB: bets $3
007buszek: calls $3
*** TURN *** [4s Qh 8d] [Jc]
007buszek: checks
LouisB: bets $6
007buszek: calls $6
*** RIVER *** [4s Qh 8d Jc] [9h]
vestimokrec joins the table at seat #5
007buszek: bets $6
LouisB: raises $6 to $12
007buszek: raises $6 to $18
LouisB: calls $6
*** SHOW DOWN ***
007buszek: shows [Td Ks] (a straight, Nine to King)
LouisB: mucks hand
007buszek collected $65.50 from pot
*** SUMMARY ***
Total pot $66 | Rake $0.50
Board [4s Qh 8d Jc 9h]
Seat 2: 007buszek (big blind) showed [Td Ks] and won ($65.50) with a straight, Nine to King
Seat 3: LouisB (button) (small blind) mucked


PokerStars Hand #176791855124:  Hold'em Limit ($3/$6 USD) - 2017/10/11 16:57:13 ET
Table 'Proserpina' 6-max Seat #2 is the button
Seat 2: 007buszek ($80 in chips)
Seat 3: LouisB ($62.08 in chips)
007buszek: posts small blind $1
LouisB: posts big blind $3
*** HOLE CARDS ***
007buszek: calls $2
LouisB: checks
*** FLOP *** [Ad 9h Jd]
LouisB: checks
007buszek: checks
*** TURN *** [Ad 9h Jd] [7c]
LouisB: bets $6
007buszek: raises $6 to $12
LouisB: folds
Uncalled bet ($6) returned to 007buszek
007buszek collected $17.64 from pot
007buszek: doesn't show hand
*** SUMMARY ***
Total pot $18 | Rake $0.36
Board [Ad 9h Jd 7c]
Seat 2: 007buszek (button) (small blind) collected ($17.64)
Seat 3: LouisB (big blind) folded on the Turn


PokerStars Hand #176791838996:  Hold'em Limit ($3/$6 USD) - 2017/10/11 16:56:50 ET
Table 'Proserpina' 6-max Seat #2 is the button
Seat 2: 007buszek ($44.50 in chips)
Seat 3: LouisB ($98.08 in chips)
007buszek: posts small blind $1
LouisB: posts big blind $3
*** HOLE CARDS ***
007buszek: raises $3 to $6
LouisB: folds
Uncalled bet ($3) returned to 007buszek
007buszek collected $6 from pot
007buszek: doesn't show hand
*** SUMMARY ***
Total pot $6 | Rake $0
Seat 2: 007buszek (button) (small blind) collected ($6)
Seat 3: LouisB (big blind) folded before Flop


PokerStars Hand #176791825722:  Hold'em Limit ($3/$6 USD) - 2017/10/11 16:56:30 ET
Table 'Proserpina' 6-max Seat #3 is the button
Seat 2: 007buszek ($30 in chips)
Seat 3: LouisB ($113.08 in chips)
LouisB: posts small blind $1
007buszek: posts big blind $3
*** HOLE CARDS ***
LouisB: raises $3 to $6
007buszek: calls $3
*** FLOP *** [Kd Qd 2h]
007buszek: checks
LouisB: bets $3
007buszek: calls $3
*** TURN *** [Kd Qd 2h] [Jc]
007buszek: checks
LouisB: checks
*** RIVER *** [Kd Qd 2h Jc] [3s]
007buszek: bets $6
LouisB: calls $6
*** SHOW DOWN ***
007buszek: shows [5h Ks] (a pair of Kings)
LouisB: mucks hand
007buszek collected $29.50 from pot
*** SUMMARY ***
Total pot $30 | Rake $0.50
Board [Kd Qd 2h Jc 3s]
Seat 2: 007buszek (big blind) showed [5h Ks] and won ($29.50) with a pair of Kings
Seat 3: LouisB (button) (small blind) mucked


PokerStars Hand #176791908261:  Hold'em Limit ($3/$6 USD) - 2017/10/11 16:58:32 ET
Table 'Proserpina' 6-max Seat #2 is the button
Seat 2: 007buszek ($98.62 in chips)
Seat 3: LouisB ($108.08 in chips)
007buszek: posts small blind $1
LouisB: posts big blind $3
*** HOLE CARDS ***
007buszek: raises $3 to $6
LouisB: calls $3
*** FLOP *** [Td 9h Ad]
LouisB: checks
007buszek: bets $3
LouisB: calls $3
*** TURN *** [Td 9h Ad] [9d]
LouisB: checks
007buszek: bets $6
LouisB: raises $6 to $12
007buszek: folds
Uncalled bet ($6) returned to LouisB
LouisB collected $29.50 from pot
LouisB: doesn't show hand
*** SUMMARY ***
Total pot $30 | Rake $0.50
Board [Td 9h Ad 9d]
Seat 2: 007buszek (button) (small blind) folded on the Turn
Seat 3: LouisB (big blind) collected ($29.50)


PokerStars Hand #176791904975:  Hold'em Limit ($3/$6 USD) - 2017/10/11 16:58:28 ET
Table 'Proserpina' 6-max Seat #3 is the button
Seat 2: 007buszek ($97.62 in chips)
Seat 3: LouisB ($109.08 in chips)
LouisB: posts small blind $1
iamchit was removed from the table for failing to post
vestimokrec: is sitting out
007buszek: posts big blind $3
*** HOLE CARDS ***
kusznak joins the table at seat #1
LouisB: folds
Uncalled bet ($2) returned to 007buszek
vestimokrec leaves the table
007buszek collected $2 from pot
007buszek: doesn't show hand
*** SUMMARY ***
Total pot $2 | Rake $0
Seat 2: 007buszek (big blind) collected ($2)
Seat 3: LouisB (button) (small blind) folded before Flop


PokerStars Hand #176792493205:  Hold'em Limit ($3/$6 USD) - 2017/10/11 17:10:55 ET
Table 'Proserpina' 6-max Seat #1 is the button
Seat 1: kusznak ($111.02 in chips)
Seat 5: nedo1414 ($169.76 in chips)
kusznak: posts small blind $1
nedo1414: posts big blind $3
*** HOLE CARDS ***
kusznak: raises $3 to $6
nedo1414: calls $3
*** FLOP *** [Td 6h 8h]
nedo1414: checks
kusznak: bets $3
nedo1414: calls $3
*** TURN *** [Td 6h 8h] [Ac]
nedo1414: checks
kusznak: bets $6
nedo1414: raises $6 to $12
kusznak: raises $6 to $18
nedo1414: calls $6
*** RIVER *** [Td 6h 8h Ac] [3s]
nedo1414: checks
kusznak: bets $6
nedo1414: calls $6
*** SHOW DOWN ***
kusznak: shows [7h 9d] (a straight, Six to Ten)
nedo1414: mucks hand
kusznak collected $65.50 from pot
*** SUMMARY ***
Total pot $66 | Rake $0.50
Board [Td 6h 8h Ac 3s]
Seat 1: kusznak (button) (small blind) showed [7h 9d] and won ($65.50) with a straight, Six to Ten
Seat 5: nedo1414 (big blind) mucked


PokerStars Hand #176792466984:  Hold'em Limit ($3/$6 USD) - 2017/10/11 17:10:22 ET
Table 'Proserpina' 6-max Seat #3 is the button
Seat 1: kusznak ($123.02 in chips)
Seat 3: LouisB ($100.63 in chips)
LouisB: posts small blind $1
Ag3r0n: is sitting out
kusznak: posts big blind $3
*** HOLE CARDS ***
LouisB: raises $3 to $6
Ag3r0n leaves the table
kusznak: raises $3 to $9
LouisB: calls $3
*** FLOP *** [8c Jd 6c]
kusznak: bets $3
LouisB: calls $3
*** TURN *** [8c Jd 6c] [8h]
kusznak: checks
LouisB: bets $6
kusznak: folds
Uncalled bet ($6) returned to LouisB
LouisB collected $23.52 from pot
LouisB: doesn't show hand
*** SUMMARY ***
Total pot $24 | Rake $0.48
Board [8c Jd 6c 8h]
Seat 1: kusznak (big blind) folded on the Turn
Seat 3: LouisB (button) (small blind) collected ($23.52)


PokerStars Hand #176792511500:  Hold'em Limit ($3/$6 USD) - 2017/10/11 17:11:17 ET
Table 'Proserpina' 6-max Seat #5 is the button
Seat 1: kusznak ($143.52 in chips)
Seat 5: nedo1414 ($136.76 in chips)
nedo1414: posts small blind $1
kusznak: posts big blind $3
*** HOLE CARDS ***
nedo1414: raises $3 to $6
kusznak: raises $3 to $9
nedo1414: calls $3
*** FLOP *** [3s 3h 9h]
kusznak: bets $3
nedo1414: calls $3
*** TURN *** [3s 3h 9h] [2h]
kusznak: bets $6
iamchit joins the table at seat #4
nedo1414: raises $6 to $12
kusznak: raises $6 to $18
nedo1414: calls $6
*** RIVER *** [3s 3h 9h 2h] [Jc]
kusznak: bets $6
nedo1414: calls $6
*** SHOW DOWN ***
kusznak: shows [Ks 3c] (three of a kind, Threes)
nedo1414: mucks hand
kusznak collected $71.50 from pot
*** SUMMARY ***
Total pot $72 | Rake $0.50
Board [3s 3h 9h 2h Jc]
Seat 1: kusznak (big blind) showed [Ks 3c] and won ($71.50) with three of a kind, Threes
Seat 5: nedo1414 (button) (small blind) mucked


PokerStars Hand #176793301127:  Hold'em Limit ($3/$6 USD) - 2017/10/11 17:28:06 ET
Table 'Proserpina' 6-max Seat #1 is the button
Seat 1: kusznak ($223.20 in chips)
Seat 2: knas4 ($793.89 in chips)
kusznak: posts small blind $1
knas4: posts big blind $3
*** HOLE CARDS ***
kusznak: folds
Uncalled bet ($2) returned to knas4
knas4 collected $2 from pot
knas4: doesn't show hand
*** SUMMARY ***
Total pot $2 | Rake $0
Seat 1: kusznak (button) (small blind) folded before Flop
Seat 2: knas4 (big blind) collected ($2)


PokerStars Hand #176793291468:  Hold'em Limit ($3/$6 USD) - 2017/10/11 17:27:53 ET
Table 'Proserpina' 6-max Seat #2 is the button
Seat 1: kusznak ($214.56 in chips)
Seat 2: knas4 ($802.89 in chips)
knas4: posts small blind $1
LouisB: is sitting out
kusznak: posts big blind $3
*** HOLE CARDS ***
Toni.A_GR leaves the table
knas4: raises $3 to $6
kusznak: raises $3 to $9
knas4: calls $3
*** FLOP *** [5s Ac Th]
kusznak: bets $3
knas4: folds
Uncalled bet ($3) returned to kusznak
kusznak collected $17.64 from pot
kusznak: doesn't show hand
*** SUMMARY ***
Total pot $18 | Rake $0.36
Board [5s Ac Th]
Seat 1: kusznak (big blind) collected ($17.64)
Seat 2: knas4 (button) (small blind) folded on the Flop


PokerStars Hand #176793274339:  Hold'em Limit ($3/$6 USD) - 2017/10/11 17:27:31 ET
Table 'Proserpina' 6-max Seat #6 is the button
Seat 1: kusznak ($218.56 in chips)
Seat 6: LouisB ($155.88 in chips)
LouisB: posts small blind $1
kusznak: posts big blind $3
*** HOLE CARDS ***
LouisB: raises $3 to $6
kusznak: folds
Uncalled bet ($3) returned to LouisB
LouisB collected $6 from pot
knas4 joins the table at seat #2
LouisB: doesn't show hand
*** SUMMARY ***
Total pot $6 | Rake $0
Seat 1: kusznak (big blind) folded before Flop
Seat 6: LouisB (button) (small blind) collected ($6)


