PokerStars Hand #166376708294:  Hold'em Limit ($3/$6 USD) - 2017/02/17 21:37:48 ET
Table 'Prospero' 6-max Seat #1 is the button
Seat 1: LifeisagameX ($84 in chips)
Seat 4: NuTTyPP ($30 in chips)
LifeisagameX: posts small blind $1
NuTTyPP: posts big blind $3
*** HOLE CARDS ***
LifeisagameX: raises $3 to $6
NuTTyPP: calls $3
*** FLOP *** [5h 5c 2h]
NuTTyPP: checks
LifeisagameX: checks
*** TURN *** [5h 5c 2h] [Ah]
NuTTyPP: bets $6
LifeisagameX: raises $6 to $12
NuTTyPP: calls $6
*** RIVER *** [5h 5c 2h Ah] [Jh]
NuTTyPP: bets $6
LifeisagameX: raises $6 to $12
NuTTyPP: calls $6 and is all-in
*** SHOW DOWN ***
LifeisagameX: shows [Ad Ac] (a full house, Aces full of Fives)
NuTTyPP: shows [3h 7d] (a flush, Ace high)
LifeisagameX collected $59.50 from pot
*** SUMMARY ***
Total pot $60 | Rake $0.50
Board [5h 5c 2h Ah Jh]
Seat 1: LifeisagameX (button) (small blind) showed [Ad Ac] and won ($59.50) with a full house, Aces full of Fives
Seat 4: NuTTyPP (big blind) showed [3h 7d] and lost with a flush, Ace high


PokerStars Hand #166376754208:  Hold'em Limit ($3/$6 USD) - 2017/02/17 21:39:30 ET
Table 'Prospero' 6-max Seat #5 is the button
Seat 1: LifeisagameX ($113.50 in chips)
Seat 5: LotsaBalls12 ($50.25 in chips)
LotsaBalls12: posts small blind $1
LifeisagameX: posts big blind $3
*** HOLE CARDS ***
LotsaBalls12: raises $3 to $6
LifeisagameX: raises $3 to $9
LotsaBalls12: raises $3 to $12
Betting is capped
LifeisagameX: calls $3
*** FLOP *** [5c 8d Kc]
LifeisagameX: checks
LotsaBalls12: bets $3
LifeisagameX: calls $3
*** TURN *** [5c 8d Kc] [6h]
LifeisagameX: checks
LotsaBalls12: bets $6
LifeisagameX: folds
Uncalled bet ($6) returned to LotsaBalls12
LotsaBalls12 collected $29.50 from pot
LotsaBalls12: doesn't show hand
*** SUMMARY ***
Total pot $30 | Rake $0.50
Board [5c 8d Kc 6h]
Seat 1: LifeisagameX (big blind) folded on the Turn
Seat 5: LotsaBalls12 (button) (small blind) collected ($29.50)


PokerStars Hand #166376790446:  Hold'em Limit ($3/$6 USD) - 2017/02/17 21:40:42 ET
Table 'Prospero' 6-max Seat #5 is the button
Seat 1: LifeisagameX ($157.50 in chips)
Seat 5: LotsaBalls12 ($65.75 in chips)
LotsaBalls12: posts small blind $1
LifeisagameX: posts big blind $3
*** HOLE CARDS ***
LotsaBalls12: raises $3 to $6
LifeisagameX: raises $3 to $9
LotsaBalls12: calls $3
*** FLOP *** [Ah 2s 8h]
LifeisagameX: bets $3
LotsaBalls12: calls $3
*** TURN *** [Ah 2s 8h] [Ks]
LifeisagameX: checks
LotsaBalls12: checks
*** RIVER *** [Ah 2s 8h Ks] [Qs]
LifeisagameX: checks
LotsaBalls12: checks
*** SHOW DOWN ***
LifeisagameX: shows [3c 3d] (a pair of Threes)
LotsaBalls12: shows [Qc Js] (a pair of Queens)
LotsaBalls12 collected $23.52 from pot
*** SUMMARY ***
Total pot $24 | Rake $0.48
Board [Ah 2s 8h Ks Qs]
Seat 1: LifeisagameX (big blind) showed [3c 3d] and lost with a pair of Threes
Seat 5: LotsaBalls12 (button) (small blind) showed [Qc Js] and won ($23.52) with a pair of Queens


PokerStars Hand #166376786430:  Hold'em Limit ($3/$6 USD) - 2017/02/17 21:40:33 ET
Table 'Prospero' 6-max Seat #1 is the button
Seat 1: LifeisagameX ($158.50 in chips)
Seat 5: LotsaBalls12 ($64.75 in chips)
LifeisagameX: posts small blind $1
LotsaBalls12: posts big blind $3
*** HOLE CARDS ***
LifeisagameX: folds
Uncalled bet ($2) returned to LotsaBalls12
LotsaBalls12 collected $2 from pot
LotsaBalls12: doesn't show hand
*** SUMMARY ***
Total pot $2 | Rake $0
Seat 1: LifeisagameX (button) (small blind) folded before Flop
Seat 5: LotsaBalls12 (big blind) collected ($2)


PokerStars Hand #166376811761:  Hold'em Limit ($3/$6 USD) - 2017/02/17 21:41:29 ET
Table 'Prospero' 6-max Seat #1 is the button
Seat 1: LifeisagameX ($145.50 in chips)
Seat 5: LotsaBalls12 ($77.27 in chips)
LifeisagameX: posts small blind $1
LotsaBalls12: posts big blind $3
*** HOLE CARDS ***
LifeisagameX: raises $3 to $6
LotsaBalls12: calls $3
*** FLOP *** [3d 2c Qs]
LotsaBalls12: checks
LifeisagameX: bets $3
LotsaBalls12: calls $3
*** TURN *** [3d 2c Qs] [6s]
LotsaBalls12: checks
LifeisagameX: bets $6
LotsaBalls12: calls $6
*** RIVER *** [3d 2c Qs 6s] [Kd]
LotsaBalls12: checks
LifeisagameX: bets $6
LotsaBalls12: folds
Uncalled bet ($6) returned to LifeisagameX
LifeisagameX collected $29.50 from pot
LifeisagameX: doesn't show hand
*** SUMMARY ***
Total pot $30 | Rake $0.50
Board [3d 2c Qs 6s Kd]
Seat 1: LifeisagameX (button) (small blind) collected ($29.50)
Seat 5: LotsaBalls12 (big blind) folded on the River


PokerStars Hand #166376863192:  Hold'em Limit ($3/$6 USD) - 2017/02/17 21:43:25 ET
Table 'Prospero' 6-max Seat #1 is the button
Seat 1: LifeisagameX ($168.64 in chips)
Seat 5: LotsaBalls12 ($53.27 in chips)
LifeisagameX: posts small blind $1
LotsaBalls12: posts big blind $3
*** HOLE CARDS ***
LifeisagameX: raises $3 to $6
LotsaBalls12: calls $3
*** FLOP *** [7d 9s 2d]
LotsaBalls12: checks
LifeisagameX: bets $3
LotsaBalls12: calls $3
*** TURN *** [7d 9s 2d] [5s]
LotsaBalls12: checks
Velbor107 joins the table at seat #6
LifeisagameX: checks
*** RIVER *** [7d 9s 2d 5s] [Jc]
LotsaBalls12: bets $6
LifeisagameX: calls $6
*** SHOW DOWN ***
LotsaBalls12: shows [2s Qd] (a pair of Deuces)
LifeisagameX: mucks hand
LotsaBalls12 collected $29.50 from pot
*** SUMMARY ***
Total pot $30 | Rake $0.50
Board [7d 9s 2d 5s Jc]
Seat 1: LifeisagameX (button) (small blind) mucked
Seat 5: LotsaBalls12 (big blind) showed [2s Qd] and won ($29.50) with a pair of Deuces


PokerStars Hand #166376888600:  Hold'em Limit ($3/$6 USD) - 2017/02/17 21:44:22 ET
Table 'Prospero' 6-max Seat #6 is the button
Seat 1: LifeisagameX ($153.64 in chips)
Seat 6: Velbor107 ($301 in chips)
Velbor107: posts small blind $1
LifeisagameX: posts big blind $3
*** HOLE CARDS ***
Velbor107: raises $3 to $6
LifeisagameX: calls $3
*** FLOP *** [Ad 4h 5h]
LifeisagameX: checks
Velbor107: bets $3
LifeisagameX: calls $3
*** TURN *** [Ad 4h 5h] [8s]
LifeisagameX: checks
Velbor107: bets $6
LifeisagameX: folds
Uncalled bet ($6) returned to Velbor107
Velbor107 collected $17.64 from pot
*** SUMMARY ***
Total pot $18 | Rake $0.36
Board [Ad 4h 5h 8s]
Seat 1: LifeisagameX (big blind) folded on the Turn
Seat 6: Velbor107 (button) (small blind) collected ($17.64)


PokerStars Hand #166376960506:  Hold'em Limit ($3/$6 USD) - 2017/02/17 21:47:05 ET
Table 'Prospero' 6-max Seat #6 is the button
Seat 1: LifeisagameX ($114.64 in chips)
Seat 6: Velbor107 ($339.14 in chips)
Velbor107: posts small blind $1
LifeisagameX: posts big blind $3
*** HOLE CARDS ***
Velbor107: raises $3 to $6
LifeisagameX: folds
Uncalled bet ($3) returned to Velbor107
Velbor107 collected $6 from pot
*** SUMMARY ***
Total pot $6 | Rake $0
Seat 1: LifeisagameX (big blind) folded before Flop
Seat 6: Velbor107 (button) (small blind) collected ($6)


PokerStars Hand #166376913844:  Hold'em Limit ($3/$6 USD) - 2017/02/17 21:45:19 ET
Table 'Prospero' 6-max Seat #1 is the button
Seat 1: LifeisagameX ($144.64 in chips)
Seat 6: Velbor107 ($309.64 in chips)
LifeisagameX: posts small blind $1
Velbor107: posts big blind $3
*** HOLE CARDS ***
LifeisagameX: raises $3 to $6
Velbor107: raises $3 to $9
Brama Br joins the table at seat #4
LifeisagameX: calls $3
*** FLOP *** [Kc 4d 7c]
Velbor107: bets $3
LifeisagameX: calls $3
*** TURN *** [Kc 4d 7c] [Jc]
Velbor107: checks
LifeisagameX: bets $6
Velbor107: raises $6 to $12
LifeisagameX: calls $6
*** RIVER *** [Kc 4d 7c Jc] [8c]
Velbor107: bets $6
LifeisagameX: calls $6
*** SHOW DOWN ***
Velbor107: shows [Ac Kd] (a flush, Ace high)
LifeisagameX: mucks hand
Velbor107 collected $59.50 from pot
*** SUMMARY ***
Total pot $60 | Rake $0.50
Board [Kc 4d 7c Jc 8c]
Seat 1: LifeisagameX (button) (small blind) mucked
Seat 6: Velbor107 (big blind) showed [Ac Kd] and won ($59.50) with a flush, Ace high


PokerStars Hand #166376983118:  Hold'em Limit ($3/$6 USD) - 2017/02/17 21:47:56 ET
Table 'Prospero' 6-max Seat #6 is the button
Seat 4: Brama Br ($124 in chips)
Seat 6: Velbor107 ($339.14 in chips)
Velbor107: posts small blind $1
Brama Br: posts big blind $3
*** HOLE CARDS ***
Velbor107: raises $3 to $6
Brama Br: folds
Uncalled bet ($3) returned to Velbor107
Velbor107 collected $6 from pot
*** SUMMARY ***
Total pot $6 | Rake $0
Seat 4: Brama Br (big blind) folded before Flop
Seat 6: Velbor107 (button) (small blind) collected ($6)


PokerStars Hand #166376979300:  Hold'em Limit ($3/$6 USD) - 2017/02/17 21:47:48 ET
Table 'Prospero' 6-max Seat #4 is the button
Seat 4: Brama Br ($121 in chips)
Seat 6: Velbor107 ($342.14 in chips)
Brama Br: posts small blind $1
Velbor107: posts big blind $3
*** HOLE CARDS ***
Brama Br: raises $3 to $6
Velbor107: folds
Uncalled bet ($3) returned to Brama Br
Brama Br collected $6 from pot
Brama Br: doesn't show hand
*** SUMMARY ***
Total pot $6 | Rake $0
Seat 4: Brama Br (button) (small blind) collected ($6)
Seat 6: Velbor107 (big blind) folded before Flop


PokerStars Hand #166377007000:  Hold'em Limit ($3/$6 USD) - 2017/02/17 21:48:51 ET
Table 'Prospero' 6-max Seat #6 is the button
Seat 4: Brama Br ($144.50 in chips)
Seat 6: Velbor107 ($318.14 in chips)
Velbor107: posts small blind $1
Brama Br: posts big blind $3
*** HOLE CARDS ***
Velbor107: folds
Uncalled bet ($2) returned to Brama Br
Brama Br collected $2 from pot
Brama Br: doesn't show hand
*** SUMMARY ***
Total pot $2 | Rake $0
Seat 4: Brama Br (big blind) collected ($2)
Seat 6: Velbor107 (button) (small blind) folded before Flop


PokerStars Hand #166376988690:  Hold'em Limit ($3/$6 USD) - 2017/02/17 21:48:09 ET
Table 'Prospero' 6-max Seat #4 is the button
Seat 4: Brama Br ($121 in chips)
Seat 6: Velbor107 ($342.14 in chips)
Brama Br: posts small blind $1
Velbor107: posts big blind $3
*** HOLE CARDS ***
Brama Br: raises $3 to $6
Velbor107: calls $3
*** FLOP *** [Qd 7c 3s]
Velbor107: checks
Brama Br: bets $3
Velbor107: raises $3 to $6
Brama Br: calls $3
*** TURN *** [Qd 7c 3s] [5s]
Velbor107: bets $6
Brama Br: calls $6
*** RIVER *** [Qd 7c 3s 5s] [9c]
Velbor107: bets $6
Brama Br: raises $6 to $12
GarryMcCoy joins the table at seat #5
Velbor107: folds
Uncalled bet ($6) returned to Brama Br
Brama Br collected $47.50 from pot
Brama Br: doesn't show hand
*** SUMMARY ***
Total pot $48 | Rake $0.50
Board [Qd 7c 3s 5s 9c]
Seat 4: Brama Br (button) (small blind) collected ($47.50)
Seat 6: Velbor107 (big blind) folded on the River


PokerStars Hand #166377637109:  Hold'em Limit ($3/$6 USD) - 2017/02/17 22:13:59 ET
Table 'Prospero' 6-max Seat #3 is the button
Seat 1: Chessnok ($78.81 in chips)
Seat 3: Actionni13 ($206.49 in chips)
Actionni13: posts small blind $1
GarryMcCoy: is sitting out
Velbor107: is sitting out
Chessnok: posts big blind $3
*** HOLE CARDS ***
Velbor107 leaves the table
Actionni13: folds
Uncalled bet ($2) returned to Chessnok
Chessnok collected $2 from pot
Chessnok: doesn't show hand
*** SUMMARY ***
Total pot $2 | Rake $0
Seat 1: Chessnok (big blind) collected ($2)
Seat 3: Actionni13 (button) (small blind) folded before Flop


