PokerStars Hand #176050716294:  Hold'em Limit ($3/$6 USD) - 2017/09/24 5:50:57 ET
Table 'Prospero' 6-max Seat #3 is the button
Seat 3: FastFunchi ($50 in chips)
Seat 4: VolkovDmitri ($120 in chips)
FastFunchi: posts small blind $1
VolkovDmitri: posts big blind $3
*** HOLE CARDS ***
FastFunchi: raises $3 to $6
VolkovDmitri: calls $3
*** FLOP *** [Ad As 6d]
VolkovDmitri: checks
FastFunchi: bets $3
VolkovDmitri: folds
Uncalled bet ($3) returned to FastFunchi
FastFunchi collected $11.76 from pot
FastFunchi: doesn't show hand
*** SUMMARY ***
Total pot $12 | Rake $0.24
Board [Ad As 6d]
Seat 3: FastFunchi (button) (small blind) collected ($11.76)
Seat 4: VolkovDmitri (big blind) folded on the Flop


PokerStars Hand #176050724679:  Hold'em Limit ($3/$6 USD) - 2017/09/24 5:51:18 ET
Table 'Prospero' 6-max Seat #4 is the button
Seat 3: FastFunchi ($55.76 in chips)
Seat 4: VolkovDmitri ($120 in chips)
VolkovDmitri: posts small blind $1
FastFunchi: posts big blind $3
*** HOLE CARDS ***
VolkovDmitri: raises $3 to $6
FastFunchi: raises $3 to $9
VolkovDmitri: calls $3
*** FLOP *** [2s Kh 7h]
FastFunchi: bets $3
igorkabmw joins the table at seat #5
VolkovDmitri: raises $3 to $6
FastFunchi: raises $3 to $9
VolkovDmitri: folds
Uncalled bet ($3) returned to FastFunchi
FastFunchi collected $29.50 from pot
FastFunchi: doesn't show hand
*** SUMMARY ***
Total pot $30 | Rake $0.50
Board [2s Kh 7h]
Seat 3: FastFunchi (big blind) collected ($29.50)
Seat 4: VolkovDmitri (button) (small blind) folded on the Flop


PokerStars Hand #176050736257:  Hold'em Limit ($3/$6 USD) - 2017/09/24 5:51:48 ET
Table 'Prospero' 6-max Seat #3 is the button
Seat 3: FastFunchi ($70.26 in chips)
Seat 4: VolkovDmitri ($120 in chips)
FastFunchi: posts small blind $1
VolkovDmitri: posts big blind $3
*** HOLE CARDS ***
FastFunchi: raises $3 to $6
VolkovDmitri: raises $3 to $9
FastFunchi: calls $3
*** FLOP *** [3c 8s 7h]
VolkovDmitri: bets $3
FastFunchi: raises $3 to $6
VolkovDmitri: raises $3 to $9
FastFunchi: raises $3 to $12
Betting is capped
VolkovDmitri: calls $3
*** TURN *** [3c 8s 7h] [As]
VolkovDmitri: bets $6
FastFunchi: calls $6
*** RIVER *** [3c 8s 7h As] [Ad]
VolkovDmitri: bets $6
FastFunchi: calls $6
*** SHOW DOWN ***
VolkovDmitri: shows [Qd Qh] (two pair, Aces and Queens)
FastFunchi: mucks hand
VolkovDmitri collected $65.50 from pot
*** SUMMARY ***
Total pot $66 | Rake $0.50
Board [3c 8s 7h As Ad]
Seat 3: FastFunchi (button) (small blind) mucked
Seat 4: VolkovDmitri (big blind) showed [Qd Qh] and won ($65.50) with two pair, Aces and Queens


PokerStars Hand #176050824223:  Hold'em Limit ($3/$6 USD) - 2017/09/24 5:55:35 ET
Table 'Prospero' 6-max Seat #6 is the button
Seat 3: FastFunchi ($23.72 in chips)
Seat 6: samurai.ru ($90.73 in chips)
samurai.ru: posts small blind $1
FastFunchi: posts big blind $3
*** HOLE CARDS ***
samurai.ru: raises $3 to $6
FastFunchi: calls $3
*** FLOP *** [8d 3c 4d]
FastFunchi: checks
samurai.ru: bets $3
FastFunchi: folds
Uncalled bet ($3) returned to samurai.ru
samurai.ru collected $11.76 from pot
samurai.ru: doesn't show hand
*** SUMMARY ***
Total pot $12 | Rake $0.24
Board [8d 3c 4d]
Seat 3: FastFunchi (big blind) folded on the Flop
Seat 6: samurai.ru (button) (small blind) collected ($11.76)


PokerStars Hand #176050817978:  Hold'em Limit ($3/$6 USD) - 2017/09/24 5:55:16 ET
Table 'Prospero' 6-max Seat #3 is the button
Seat 3: FastFunchi ($12.10 in chips)
Seat 6: samurai.ru ($102.83 in chips)
FastFunchi: posts small blind $1
samurai.ru: posts big blind $3
*** HOLE CARDS ***
FastFunchi: raises $3 to $6
samurai.ru: calls $3
*** FLOP *** [8h 9d 3d]
samurai.ru: checks
FastFunchi: bets $3
samurai.ru: calls $3
*** TURN *** [8h 9d 3d] [9c]
samurai.ru: checks
FastFunchi: bets $3.10 and is all-in
samurai.ru: calls $3.10
*** RIVER *** [8h 9d 3d 9c] [Td]
*** SHOW DOWN ***
samurai.ru: shows [Ks 5h] (a pair of Nines)
FastFunchi: shows [Jc Jd] (two pair, Jacks and Nines)
FastFunchi collected $23.72 from pot
*** SUMMARY ***
Total pot $24.20 | Rake $0.48
Board [8h 9d 3d 9c Td]
Seat 3: FastFunchi (button) (small blind) showed [Jc Jd] and won ($23.72) with two pair, Jacks and Nines
Seat 6: samurai.ru (big blind) showed [Ks 5h] and lost with a pair of Nines


PokerStars Hand #176050815832:  Hold'em Limit ($3/$6 USD) - 2017/09/24 5:55:10 ET
Table 'Prospero' 6-max Seat #6 is the button
Seat 3: FastFunchi ($11.10 in chips)
Seat 6: samurai.ru ($103.83 in chips)
VolkovDmitri leaves the table
samurai.ru: posts small blind $1
FastFunchi: posts big blind $3
*** HOLE CARDS ***
samurai.ru: folds
Uncalled bet ($2) returned to FastFunchi
FastFunchi collected $2 from pot
FastFunchi: doesn't show hand
*** SUMMARY ***
Total pot $2 | Rake $0
Seat 3: FastFunchi (big blind) collected ($2)
Seat 6: samurai.ru (button) (small blind) folded before Flop


PokerStars Hand #176050848344:  Hold'em Limit ($3/$6 USD) - 2017/09/24 5:56:43 ET
Table 'Prospero' 6-max Seat #3 is the button
Seat 3: FastFunchi ($41.44 in chips)
Seat 6: samurai.ru ($71.41 in chips)
FastFunchi: posts small blind $1
samurai.ru: posts big blind $3
*** HOLE CARDS ***
FastFunchi: folds
Uncalled bet ($2) returned to samurai.ru
samurai.ru collected $2 from pot
samurai.ru: doesn't show hand
*** SUMMARY ***
Total pot $2 | Rake $0
Seat 3: FastFunchi (button) (small blind) folded before Flop
Seat 6: samurai.ru (big blind) collected ($2)


PokerStars Hand #176050846615:  Hold'em Limit ($3/$6 USD) - 2017/09/24 5:56:38 ET
Table 'Prospero' 6-max Seat #6 is the button
Seat 3: FastFunchi ($40.44 in chips)
Seat 6: samurai.ru ($72.41 in chips)
samurai.ru: posts small blind $1
FastFunchi: posts big blind $3
*** HOLE CARDS ***
samurai.ru: folds
Uncalled bet ($2) returned to FastFunchi
FastFunchi collected $2 from pot
FastFunchi: doesn't show hand
*** SUMMARY ***
Total pot $2 | Rake $0
Seat 3: FastFunchi (big blind) collected ($2)
Seat 6: samurai.ru (button) (small blind) folded before Flop


PokerStars Hand #176050840453:  Hold'em Limit ($3/$6 USD) - 2017/09/24 5:56:21 ET
Table 'Prospero' 6-max Seat #3 is the button
Seat 3: FastFunchi ($49.44 in chips)
Seat 6: samurai.ru ($63.77 in chips)
FastFunchi: posts small blind $1
samurai.ru: posts big blind $3
*** HOLE CARDS ***
FastFunchi: calls $2
samurai.ru: checks
*** FLOP *** [As 5s Qs]
samurai.ru: checks
FastFunchi: checks
*** TURN *** [As 5s Qs] [8h]
samurai.ru: checks
FastFunchi: checks
*** RIVER *** [As 5s Qs 8h] [4h]
samurai.ru: bets $6
FastFunchi: calls $6
*** SHOW DOWN ***
samurai.ru: shows [3c Qd] (a pair of Queens)
FastFunchi: mucks hand
samurai.ru collected $17.64 from pot
*** SUMMARY ***
Total pot $18 | Rake $0.36
Board [As 5s Qs 8h 4h]
Seat 3: FastFunchi (button) (small blind) mucked
Seat 6: samurai.ru (big blind) showed [3c Qd] and won ($17.64) with a pair of Queens


PokerStars Hand #176050835221:  Hold'em Limit ($3/$6 USD) - 2017/09/24 5:56:06 ET
Table 'Prospero' 6-max Seat #6 is the button
Seat 3: FastFunchi ($34.94 in chips)
Seat 6: samurai.ru ($78.77 in chips)
samurai.ru: posts small blind $1
FastFunchi: posts big blind $3
*** HOLE CARDS ***
samurai.ru: raises $3 to $6
FastFunchi: calls $3
*** FLOP *** [Ks 9s 8h]
FastFunchi: checks
samurai.ru: bets $3
FastFunchi: calls $3
*** TURN *** [Ks 9s 8h] [Ac]
FastFunchi: checks
samurai.ru: bets $6
FastFunchi: calls $6
*** RIVER *** [Ks 9s 8h Ac] [5s]
FastFunchi: checks
samurai.ru: checks
*** SHOW DOWN ***
FastFunchi: shows [9d Tc] (a pair of Nines)
samurai.ru: mucks hand
FastFunchi collected $29.50 from pot
*** SUMMARY ***
Total pot $30 | Rake $0.50
Board [Ks 9s 8h Ac 5s]
Seat 3: FastFunchi (big blind) showed [9d Tc] and won ($29.50) with a pair of Nines
Seat 6: samurai.ru (button) (small blind) mucked


PokerStars Hand #176050827770:  Hold'em Limit ($3/$6 USD) - 2017/09/24 5:55:45 ET
Table 'Prospero' 6-max Seat #3 is the button
Seat 3: FastFunchi ($17.72 in chips)
Seat 6: samurai.ru ($96.49 in chips)
FastFunchi: posts small blind $1
samurai.ru: posts big blind $3
*** HOLE CARDS ***
FastFunchi: raises $3 to $6
samurai.ru: calls $3
*** FLOP *** [4s Qd 5h]
samurai.ru: checks
FastFunchi: bets $3
samurai.ru: raises $3 to $6
FastFunchi: raises $3 to $9
samurai.ru: raises $3 to $12
Betting is capped
FastFunchi: calls $2.72 and is all-in
Uncalled bet ($0.28) returned to samurai.ru
*** TURN *** [4s Qd 5h] [7c]
*** RIVER *** [4s Qd 5h 7c] [8c]
*** SHOW DOWN ***
samurai.ru: shows [9s Qc] (a pair of Queens)
FastFunchi: shows [Kc Ks] (a pair of Kings)
FastFunchi collected $34.94 from pot
*** SUMMARY ***
Total pot $35.44 | Rake $0.50
Board [4s Qd 5h 7c 8c]
Seat 3: FastFunchi (button) (small blind) showed [Kc Ks] and won ($34.94) with a pair of Kings
Seat 6: samurai.ru (big blind) showed [9s Qc] and lost with a pair of Queens


PokerStars Hand #176050851915:  Hold'em Limit ($3/$6 USD) - 2017/09/24 5:56:53 ET
Table 'Prospero' 6-max Seat #3 is the button
Seat 3: FastFunchi ($41.44 in chips)
Seat 6: samurai.ru ($71.41 in chips)
FastFunchi: posts small blind $1
samurai.ru: posts big blind $3
*** HOLE CARDS ***
FastFunchi: folds
Uncalled bet ($2) returned to samurai.ru
samurai.ru collected $2 from pot
samurai.ru: doesn't show hand
*** SUMMARY ***
Total pot $2 | Rake $0
Seat 3: FastFunchi (button) (small blind) folded before Flop
Seat 6: samurai.ru (big blind) collected ($2)


PokerStars Hand #176050850109:  Hold'em Limit ($3/$6 USD) - 2017/09/24 5:56:48 ET
Table 'Prospero' 6-max Seat #6 is the button
Seat 3: FastFunchi ($40.44 in chips)
Seat 6: samurai.ru ($72.41 in chips)
samurai.ru: posts small blind $1
FastFunchi: posts big blind $3
*** HOLE CARDS ***
samurai.ru: folds
Uncalled bet ($2) returned to FastFunchi
FastFunchi collected $2 from pot
FastFunchi: doesn't show hand
*** SUMMARY ***
Total pot $2 | Rake $0
Seat 3: FastFunchi (big blind) collected ($2)
Seat 6: samurai.ru (button) (small blind) folded before Flop


PokerStars Hand #176050861865:  Hold'em Limit ($3/$6 USD) - 2017/09/24 5:57:22 ET
Table 'Prospero' 6-max Seat #3 is the button
Seat 3: FastFunchi ($7.44 in chips)
Seat 6: samurai.ru ($104.91 in chips)
FastFunchi: posts small blind $1
samurai.ru: posts big blind $3
*** HOLE CARDS ***
FastFunchi: raises $3 to $6
fishbla joins the table at seat #2
samurai.ru: raises $3 to $9
FastFunchi: calls $1.44 and is all-in
Uncalled bet ($1.56) returned to samurai.ru
*** FLOP *** [Qc Ks Ad]
*** TURN *** [Qc Ks Ad] [9c]
*** RIVER *** [Qc Ks Ad 9c] [Jc]
*** SHOW DOWN ***
samurai.ru: shows [3d 6s] (high card Ace)
FastFunchi: shows [7d Qh] (a pair of Queens)
FastFunchi collected $14.58 from pot
*** SUMMARY ***
Total pot $14.88 | Rake $0.30
Board [Qc Ks Ad 9c Jc]
Seat 3: FastFunchi (button) (small blind) showed [7d Qh] and won ($14.58) with a pair of Queens
Seat 6: samurai.ru (big blind) showed [3d 6s] and lost with high card Ace


PokerStars Hand #176050853485:  Hold'em Limit ($3/$6 USD) - 2017/09/24 5:56:58 ET
Table 'Prospero' 6-max Seat #6 is the button
Seat 3: FastFunchi ($40.44 in chips)
Seat 6: samurai.ru ($72.41 in chips)
samurai.ru: posts small blind $1
FastFunchi: posts big blind $3
*** HOLE CARDS ***
samurai.ru: raises $3 to $6
FastFunchi: raises $3 to $9
samurai.ru: raises $3 to $12
Betting is capped
FastFunchi: calls $3
*** FLOP *** [Ah Qd 8d]
igorkabmw joins the table at seat #1
FastFunchi: bets $3
samurai.ru: calls $3
*** TURN *** [Ah Qd 8d] [5d]
FastFunchi: bets $6
samurai.ru: raises $6 to $12
FastFunchi: calls $6
*** RIVER *** [Ah Qd 8d 5d] [7h]
FastFunchi: checks
samurai.ru: bets $6
FastFunchi: calls $6
*** SHOW DOWN ***
samurai.ru: shows [8c 8s] (three of a kind, Eights)
FastFunchi: mucks hand
samurai.ru collected $65.50 from pot
*** SUMMARY ***
Total pot $66 | Rake $0.50
Board [Ah Qd 8d 5d 7h]
Seat 3: FastFunchi (big blind) mucked
Seat 6: samurai.ru (button) (small blind) showed [8c 8s] and won ($65.50) with three of a kind, Eights


PokerStars Hand #176050935902:  Hold'em Limit ($3/$6 USD) - 2017/09/24 6:00:50 ET
Table 'Prospero' 6-max Seat #4 is the button
Seat 2: fishbla ($85.92 in chips)
Seat 4: xcgxcg2005 ($124.64 in chips)
xcgxcg2005: posts small blind $1
fishbla: posts big blind $3
*** HOLE CARDS ***
xcgxcg2005: folds
Uncalled bet ($2) returned to fishbla
fishbla collected $2 from pot
fishbla: doesn't show hand
*** SUMMARY ***
Total pot $2 | Rake $0
Seat 2: fishbla (big blind) collected ($2)
Seat 4: xcgxcg2005 (button) (small blind) folded before Flop


PokerStars Hand #176050929602:  Hold'em Limit ($3/$6 USD) - 2017/09/24 6:00:33 ET
Table 'Prospero' 6-max Seat #2 is the button
Seat 2: fishbla ($94.92 in chips)
Seat 4: xcgxcg2005 ($116 in chips)
fishbla: posts small blind $1
xcgxcg2005: posts big blind $3
*** HOLE CARDS ***
fishbla: raises $3 to $6
xcgxcg2005: raises $3 to $9
fishbla: calls $3
*** FLOP *** [9d Ad Jc]
xcgxcg2005: bets $3
fishbla: folds
Uncalled bet ($3) returned to xcgxcg2005
xcgxcg2005 collected $17.64 from pot
xcgxcg2005: doesn't show hand
*** SUMMARY ***
Total pot $18 | Rake $0.36
Board [9d Ad Jc]
Seat 2: fishbla (button) (small blind) folded on the Flop
Seat 4: xcgxcg2005 (big blind) collected ($17.64)


PokerStars Hand #176050927512:  Hold'em Limit ($3/$6 USD) - 2017/09/24 6:00:28 ET
Table 'Prospero' 6-max Seat #4 is the button
Seat 2: fishbla ($93.92 in chips)
Seat 4: xcgxcg2005 ($117 in chips)
xcgxcg2005: posts small blind $1
samurai.ru: is sitting out
fishbla: posts big blind $3
*** HOLE CARDS ***
xcgxcg2005: folds
Uncalled bet ($2) returned to fishbla
fishbla collected $2 from pot
fishbla: doesn't show hand
*** SUMMARY ***
Total pot $2 | Rake $0
Seat 2: fishbla (big blind) collected ($2)
Seat 4: xcgxcg2005 (button) (small blind) folded before Flop


PokerStars Hand #176050938080:  Hold'em Limit ($3/$6 USD) - 2017/09/24 6:00:56 ET
Table 'Prospero' 6-max Seat #2 is the button
Seat 2: fishbla ($86.92 in chips)
Seat 4: xcgxcg2005 ($123.64 in chips)
fishbla: posts small blind $1
xcgxcg2005: posts big blind $3
*** HOLE CARDS ***
fishbla: raises $3 to $6
xcgxcg2005: raises $3 to $9
fishbla: calls $3
*** FLOP *** [3d 8c 2s]
xcgxcg2005: bets $3
fishbla: calls $3
*** TURN *** [3d 8c 2s] [4c]
xcgxcg2005: bets $6
fishbla: calls $6
*** RIVER *** [3d 8c 2s 4c] [8h]
xcgxcg2005: bets $6
fishbla: calls $6
*** SHOW DOWN ***
xcgxcg2005: shows [9c 6c] (a pair of Eights)
fishbla: shows [Ah Td] (a pair of Eights - Ace kicker)
fishbla collected $47.50 from pot
*** SUMMARY ***
Total pot $48 | Rake $0.50
Board [3d 8c 2s 4c 8h]
Seat 2: fishbla (button) (small blind) showed [Ah Td] and won ($47.50) with a pair of Eights
Seat 4: xcgxcg2005 (big blind) showed [9c 6c] and lost with a pair of Eights


