PokerStars Hand #144593984195:  Hold'em Limit ($3/$6 USD) - 2015/11/29 22:25:19 ET
Table 'Prospero' 10-max Seat #1 is the button
Seat 1: Masqb ($108 in chips)
Seat 2: ALPEVE85 ($137.28 in chips)
Masqb: posts small blind $1
ALPEVE85: posts big blind $3
*** HOLE CARDS ***
Masqb: folds
Uncalled bet ($2) returned to ALPEVE85
ALPEVE85 collected $2 from pot
ALPEVE85: doesn't show hand
*** SUMMARY ***
Total pot $2 | Rake $0
Seat 1: Masqb (button) (small blind) folded before Flop
Seat 2: ALPEVE85 (big blind) collected ($2)


PokerStars Hand #144593975433:  Hold'em Limit ($3/$6 USD) - 2015/11/29 22:24:53 ET
Table 'Prospero' 10-max Seat #2 is the button
Seat 1: Masqb ($117 in chips)
Seat 2: ALPEVE85 ($128.64 in chips)
ALPEVE85: posts small blind $1
Masqb: posts big blind $3
*** HOLE CARDS ***
ALPEVE85: calls $2
Masqb: raises $3 to $6
ALPEVE85: raises $3 to $9
Masqb: calls $3
*** FLOP *** [9h Tc 5c]
Masqb: checks
ALPEVE85: bets $3
Masqb: folds
Uncalled bet ($3) returned to ALPEVE85
ALPEVE85 collected $17.64 from pot
ALPEVE85: doesn't show hand
*** SUMMARY ***
Total pot $18 | Rake $0.36
Board [9h Tc 5c]
Seat 1: Masqb (big blind) folded on the Flop
Seat 2: ALPEVE85 (button) (small blind) collected ($17.64)


PokerStars Hand #144593966280:  Hold'em Limit ($3/$6 USD) - 2015/11/29 22:24:26 ET
Table 'Prospero' 10-max Seat #1 is the button
Seat 1: Masqb ($126 in chips)
Seat 2: ALPEVE85 ($120 in chips)
Masqb: posts small blind $1
ALPEVE85: posts big blind $3
*** HOLE CARDS ***
Masqb: raises $3 to $6
ALPEVE85: raises $3 to $9
Masqb: calls $3
*** FLOP *** [9d 9s 8s]
ALPEVE85: bets $3
Masqb: folds
Uncalled bet ($3) returned to ALPEVE85
ALPEVE85 collected $17.64 from pot
ALPEVE85: doesn't show hand
*** SUMMARY ***
Total pot $18 | Rake $0.36
Board [9d 9s 8s]
Seat 1: Masqb (button) (small blind) folded on the Flop
Seat 2: ALPEVE85 (big blind) collected ($17.64)


PokerStars Hand #144593998069:  Hold'em Limit ($3/$6 USD) - 2015/11/29 22:26:00 ET
Table 'Prospero' 10-max Seat #1 is the button
Seat 1: Masqb ($92 in chips)
Seat 2: ALPEVE85 ($152.78 in chips)
Masqb: posts small blind $1
ALPEVE85: posts big blind $3
*** HOLE CARDS ***
Masqb: raises $3 to $6
ALPEVE85: folds
Uncalled bet ($3) returned to Masqb
Masqb collected $6 from pot
Masqb: doesn't show hand
*** SUMMARY ***
Total pot $6 | Rake $0
Seat 1: Masqb (button) (small blind) collected ($6)
Seat 2: ALPEVE85 (big blind) folded before Flop


PokerStars Hand #144593985815:  Hold'em Limit ($3/$6 USD) - 2015/11/29 22:25:23 ET
Table 'Prospero' 10-max Seat #2 is the button
Seat 1: Masqb ($107 in chips)
Seat 2: ALPEVE85 ($138.28 in chips)
ALPEVE85: posts small blind $1
Masqb: posts big blind $3
*** HOLE CARDS ***
ALPEVE85: calls $2
Masqb: raises $3 to $6
ALPEVE85: calls $3
*** FLOP *** [6c 8s Ac]
Masqb: bets $3
ALPEVE85: calls $3
*** TURN *** [6c 8s Ac] [Kh]
Masqb: bets $6
ALPEVE85: raises $6 to $12
Masqb: folds
Uncalled bet ($6) returned to ALPEVE85
ALPEVE85 collected $29.50 from pot
ALPEVE85: doesn't show hand
*** SUMMARY ***
Total pot $30 | Rake $0.50
Board [6c 8s Ac Kh]
Seat 1: Masqb (big blind) folded on the Turn
Seat 2: ALPEVE85 (button) (small blind) collected ($29.50)


PokerStars Hand #144594018207:  Hold'em Limit ($3/$6 USD) - 2015/11/29 22:27:00 ET
Table 'Prospero' 10-max Seat #1 is the button
Seat 1: Masqb ($83 in chips)
Seat 2: ALPEVE85 ($161.30 in chips)
Masqb: posts small blind $1
ALPEVE85: posts big blind $3
*** HOLE CARDS ***
Masqb: raises $3 to $6
ALPEVE85: raises $3 to $9
Masqb: calls $3
*** FLOP *** [Ts 3s Qh]
ALPEVE85: bets $3
Masqb: folds
Uncalled bet ($3) returned to ALPEVE85
ALPEVE85 collected $17.64 from pot
ALPEVE85: doesn't show hand
*** SUMMARY ***
Total pot $18 | Rake $0.36
Board [Ts 3s Qh]
Seat 1: Masqb (button) (small blind) folded on the Flop
Seat 2: ALPEVE85 (big blind) collected ($17.64)


PokerStars Hand #144594015533:  Hold'em Limit ($3/$6 USD) - 2015/11/29 22:26:52 ET
Table 'Prospero' 10-max Seat #2 is the button
Seat 1: Masqb ($82 in chips)
Seat 2: ALPEVE85 ($162.30 in chips)
ALPEVE85: posts small blind $1
Masqb: posts big blind $3
*** HOLE CARDS ***
ALPEVE85: folds
Uncalled bet ($2) returned to Masqb
Masqb collected $2 from pot
Masqb: doesn't show hand
*** SUMMARY ***
Total pot $2 | Rake $0
Seat 1: Masqb (big blind) collected ($2)
Seat 2: ALPEVE85 (button) (small blind) folded before Flop


PokerStars Hand #144594013772:  Hold'em Limit ($3/$6 USD) - 2015/11/29 22:26:47 ET
Table 'Prospero' 10-max Seat #1 is the button
Seat 1: Masqb ($83 in chips)
Seat 2: ALPEVE85 ($161.30 in chips)
Masqb: posts small blind $1
ALPEVE85: posts big blind $3
*** HOLE CARDS ***
Masqb: folds
Uncalled bet ($2) returned to ALPEVE85
ALPEVE85 collected $2 from pot
ALPEVE85: doesn't show hand
*** SUMMARY ***
Total pot $2 | Rake $0
Seat 1: Masqb (button) (small blind) folded before Flop
Seat 2: ALPEVE85 (big blind) collected ($2)


PokerStars Hand #144594024315:  Hold'em Limit ($3/$6 USD) - 2015/11/29 22:27:19 ET
Table 'Prospero' 10-max Seat #2 is the button
Seat 1: Masqb ($74 in chips)
Seat 2: ALPEVE85 ($169.94 in chips)
ALPEVE85: posts small blind $1
Masqb: posts big blind $3
*** HOLE CARDS ***
ALPEVE85: calls $2
Masqb: raises $3 to $6
ct-650 joins the table at seat #3
ALPEVE85: raises $3 to $9
Masqb: calls $3
*** FLOP *** [9h 2h 6h]
Masqb: checks
ALPEVE85: bets $3
Masqb: calls $3
*** TURN *** [9h 2h 6h] [Ad]
Masqb: checks
ALPEVE85: bets $6
Masqb: calls $6
*** RIVER *** [9h 2h 6h Ad] [2d]
Masqb: checks
ALPEVE85: bets $6
Masqb: calls $6
*** SHOW DOWN ***
ALPEVE85: shows [Qs Kh] (a pair of Deuces)
Masqb: mucks hand
ALPEVE85 collected $47.50 from pot
*** SUMMARY ***
Total pot $48 | Rake $0.50
Board [9h 2h 6h Ad 2d]
Seat 1: Masqb (big blind) mucked
Seat 2: ALPEVE85 (button) (small blind) showed [Qs Kh] and won ($47.50) with a pair of Deuces


PokerStars Hand #144594045358:  Hold'em Limit ($3/$6 USD) - 2015/11/29 22:28:22 ET
Table 'Prospero' 10-max Seat #1 is the button
Seat 1: Masqb ($126 in chips)
Seat 2: ALPEVE85 ($193.44 in chips)
Masqb: posts small blind $1
ALPEVE85: posts big blind $3
*** HOLE CARDS ***
Masqb: raises $3 to $6
ALPEVE85: raises $3 to $9
Masqb: calls $3
*** FLOP *** [6h Kh 7d]
ALPEVE85: bets $3
Masqb: calls $3
*** TURN *** [6h Kh 7d] [3c]
ALPEVE85: bets $6
Masqb: raises $6 to $12
ALPEVE85: calls $6
*** RIVER *** [6h Kh 7d 3c] [As]
ALPEVE85: checks
Masqb: checks
*** SHOW DOWN ***
ALPEVE85: shows [8h 7h] (a pair of Sevens)
Masqb: mucks hand
ALPEVE85 collected $47.50 from pot
*** SUMMARY ***
Total pot $48 | Rake $0.50
Board [6h Kh 7d 3c As]
Seat 1: Masqb (button) (small blind) mucked
Seat 2: ALPEVE85 (big blind) showed [8h 7h] and won ($47.50) with a pair of Sevens


PokerStars Hand #144594083792:  Hold'em Limit ($3/$6 USD) - 2015/11/29 22:30:19 ET
Table 'Prospero' 10-max Seat #1 is the button
Seat 1: Masqb ($133.11 in chips)
Seat 3: ct-650 ($138 in chips)
ALPEVE85 will be allowed to play after the button
Masqb: posts small blind $1
ct-650: posts big blind $3
*** HOLE CARDS ***
Masqb: raises $3 to $6
ct-650: raises $3 to $9
Masqb: calls $3
*** FLOP *** [9c Kh Qh]
ct-650: bets $3
Masqb: folds
Uncalled bet ($3) returned to ct-650
ct-650 collected $17.64 from pot
*** SUMMARY ***
Total pot $18 | Rake $0.36
Board [9c Kh Qh]
Seat 1: Masqb (button) (small blind) folded on the Flop
Seat 3: ct-650 (big blind) collected ($17.64)


PokerStars Hand #144594320119:  Hold'em Limit ($3/$6 USD) - 2015/11/29 22:42:19 ET
Table 'Prospero' 10-max Seat #6 is the button
Seat 6: ALPEVE85 ($95.85 in chips)
Seat 7: Masqb ($126 in chips)
ALPEVE85: posts small blind $1
Masqb: posts big blind $3
*** HOLE CARDS ***
ALPEVE85: raises $3 to $6
Masqb: raises $3 to $9
ALPEVE85: raises $3 to $12
Betting is capped
Masqb: calls $3
*** FLOP *** [5c 7h Qd]
Masqb: checks
ALPEVE85: bets $3
Masqb: calls $3
*** TURN *** [5c 7h Qd] [Qh]
Masqb: checks
ALPEVE85: bets $6
Masqb: raises $6 to $12
ALPEVE85: calls $6
*** RIVER *** [5c 7h Qd Qh] [3h]
Masqb: bets $6
ALPEVE85: calls $6
*** SHOW DOWN ***
Masqb: shows [7d 7c] (a full house, Sevens full of Queens)
ALPEVE85: mucks hand
Masqb collected $65.50 from pot
*** SUMMARY ***
Total pot $66 | Rake $0.50
Board [5c 7h Qd Qh 3h]
Seat 6: ALPEVE85 (button) (small blind) mucked
Seat 7: Masqb (big blind) showed [7d 7c] and won ($65.50) with a full house, Sevens full of Queens


PokerStars Hand #144594345261:  Hold'em Limit ($3/$6 USD) - 2015/11/29 22:43:37 ET
Table 'Prospero' 10-max Seat #6 is the button
Seat 6: ALPEVE85 ($53.85 in chips)
Seat 7: Masqb ($167.14 in chips)
ALPEVE85: posts small blind $1
Masqb: posts big blind $3
*** HOLE CARDS ***
ALPEVE85: folds
Uncalled bet ($2) returned to Masqb
Masqb collected $2 from pot
Masqb: doesn't show hand
*** SUMMARY ***
Total pot $2 | Rake $0
Seat 6: ALPEVE85 (button) (small blind) folded before Flop
Seat 7: Masqb (big blind) collected ($2)


PokerStars Hand #144594335707:  Hold'em Limit ($3/$6 USD) - 2015/11/29 22:43:08 ET
Table 'Prospero' 10-max Seat #7 is the button
Seat 6: ALPEVE85 ($62.85 in chips)
Seat 7: Masqb ($158.50 in chips)
Masqb: posts small blind $1
ALPEVE85: posts big blind $3
*** HOLE CARDS ***
Masqb: raises $3 to $6
ALPEVE85: calls $3
*** FLOP *** [Ah 9d 3s]
ALPEVE85: checks
Masqb: bets $3
ALPEVE85: calls $3
*** TURN *** [Ah 9d 3s] [Qh]
ALPEVE85: checks
Masqb: bets $6
ALPEVE85: folds
Uncalled bet ($6) returned to Masqb
Masqb collected $17.64 from pot
Masqb: doesn't show hand
*** SUMMARY ***
Total pot $18 | Rake $0.36
Board [Ah 9d 3s Qh]
Seat 6: ALPEVE85 (big blind) folded on the Turn
Seat 7: Masqb (button) (small blind) collected ($17.64)


PokerStars Hand #144594346891:  Hold'em Limit ($3/$6 USD) - 2015/11/29 22:43:42 ET
Table 'Prospero' 10-max Seat #7 is the button
Seat 6: ALPEVE85 ($52.85 in chips)
Seat 7: Masqb ($168.14 in chips)
Masqb: posts small blind $1
ALPEVE85: posts big blind $3
*** HOLE CARDS ***
Masqb: raises $3 to $6
ALPEVE85: folds
Uncalled bet ($3) returned to Masqb
Masqb collected $6 from pot
Masqb: doesn't show hand
*** SUMMARY ***
Total pot $6 | Rake $0
Seat 6: ALPEVE85 (big blind) folded before Flop
Seat 7: Masqb (button) (small blind) collected ($6)


PokerStars Hand #144594360890:  Hold'em Limit ($3/$6 USD) - 2015/11/29 22:44:26 ET
Table 'Prospero' 10-max Seat #7 is the button
Seat 6: ALPEVE85 ($58.49 in chips)
Seat 7: Masqb ($162.14 in chips)
Masqb: posts small blind $1
ALPEVE85: posts big blind $3
*** HOLE CARDS ***
Masqb: raises $3 to $6
ALPEVE85: folds
Uncalled bet ($3) returned to Masqb
Masqb collected $6 from pot
Masqb: doesn't show hand
*** SUMMARY ***
Total pot $6 | Rake $0
Seat 6: ALPEVE85 (big blind) folded before Flop
Seat 7: Masqb (button) (small blind) collected ($6)


PokerStars Hand #144594351496:  Hold'em Limit ($3/$6 USD) - 2015/11/29 22:43:57 ET
Table 'Prospero' 10-max Seat #6 is the button
Seat 6: ALPEVE85 ($49.85 in chips)
Seat 7: Masqb ($171.14 in chips)
ALPEVE85: posts small blind $1
Masqb: posts big blind $3
*** HOLE CARDS ***
ALPEVE85: calls $2
Masqb: raises $3 to $6
ALPEVE85: calls $3
*** FLOP *** [2s Kd Ks]
Masqb: bets $3
ALPEVE85: calls $3
*** TURN *** [2s Kd Ks] [2d]
Masqb: checks
ALPEVE85: bets $6
Masqb: folds
Uncalled bet ($6) returned to ALPEVE85
ALPEVE85 collected $17.64 from pot
ALPEVE85: doesn't show hand
*** SUMMARY ***
Total pot $18 | Rake $0.36
Board [2s Kd Ks 2d]
Seat 6: ALPEVE85 (button) (small blind) collected ($17.64)
Seat 7: Masqb (big blind) folded on the Turn


PokerStars Hand #144594363159:  Hold'em Limit ($3/$6 USD) - 2015/11/29 22:44:33 ET
Table 'Prospero' 10-max Seat #6 is the button
Seat 6: ALPEVE85 ($55.49 in chips)
Seat 7: Masqb ($165.14 in chips)
ALPEVE85: posts small blind $1
Masqb: posts big blind $3
*** HOLE CARDS ***
ALPEVE85: calls $2
Masqb: checks
*** FLOP *** [8d 2h Qs]
Masqb: checks
ALPEVE85: bets $3
Masqb: folds
Uncalled bet ($3) returned to ALPEVE85
ALPEVE85 collected $5.88 from pot
ALPEVE85: doesn't show hand
*** SUMMARY ***
Total pot $6 | Rake $0.12
Board [8d 2h Qs]
Seat 6: ALPEVE85 (button) (small blind) collected ($5.88)
Seat 7: Masqb (big blind) folded on the Flop


PokerStars Hand #144594369031:  Hold'em Limit ($3/$6 USD) - 2015/11/29 22:44:51 ET
Table 'Prospero' 10-max Seat #7 is the button
Seat 6: ALPEVE85 ($58.37 in chips)
Seat 7: Masqb ($162.14 in chips)
Masqb: posts small blind $1
ALPEVE85: posts big blind $3
*** HOLE CARDS ***
Masqb: raises $3 to $6
ALPEVE85: raises $3 to $9
Masqb: calls $3
*** FLOP *** [4c Ac 4s]
ALPEVE85: checks
Masqb: checks
*** TURN *** [4c Ac 4s] [5s]
ALPEVE85: bets $6
Masqb: folds
Uncalled bet ($6) returned to ALPEVE85
ALPEVE85 collected $17.64 from pot
ALPEVE85: doesn't show hand
*** SUMMARY ***
Total pot $18 | Rake $0.36
Board [4c Ac 4s 5s]
Seat 6: ALPEVE85 (big blind) collected ($17.64)
Seat 7: Masqb (button) (small blind) folded on the Turn


PokerStars Hand #144594409029:  Hold'em Limit ($3/$6 USD) - 2015/11/29 22:46:57 ET
Table 'Prospero' 10-max Seat #6 is the button
Seat 6: ALPEVE85 ($63.76 in chips)
Seat 7: Masqb ($155.89 in chips)
ALPEVE85: posts small blind $1
Masqb: posts big blind $3
*** HOLE CARDS ***
ALPEVE85: calls $2
Masqb: raises $3 to $6
ALPEVE85: raises $3 to $9
Masqb: calls $3
*** FLOP *** [Ac 3c 7s]
Masqb: checks
ALPEVE85: bets $3
Masqb: calls $3
*** TURN *** [Ac 3c 7s] [Td]
Masqb: checks
ALPEVE85: bets $6
Masqb: calls $6
*** RIVER *** [Ac 3c 7s Td] [5c]
Masqb: checks
ALPEVE85: bets $6
Masqb: calls $6
*** SHOW DOWN ***
ALPEVE85: shows [Qc Tc] (a flush, Ace high)
Masqb: mucks hand
ALPEVE85 collected $47.50 from pot
*** SUMMARY ***
Total pot $48 | Rake $0.50
Board [Ac 3c 7s Td 5c]
Seat 6: ALPEVE85 (button) (small blind) showed [Qc Tc] and won ($47.50) with a flush, Ace high
Seat 7: Masqb (big blind) mucked


PokerStars Hand #144594406362:  Hold'em Limit ($3/$6 USD) - 2015/11/29 22:46:48 ET
Table 'Prospero' 10-max Seat #7 is the button
Seat 6: ALPEVE85 ($66.76 in chips)
Seat 7: Masqb ($152.89 in chips)
Masqb: posts small blind $1
ALPEVE85: posts big blind $3
*** HOLE CARDS ***
Masqb: raises $3 to $6
ALPEVE85: folds
Uncalled bet ($3) returned to Masqb
Masqb collected $6 from pot
Masqb: doesn't show hand
*** SUMMARY ***
Total pot $6 | Rake $0
Seat 6: ALPEVE85 (big blind) folded before Flop
Seat 7: Masqb (button) (small blind) collected ($6)


PokerStars Hand #144594382464:  Hold'em Limit ($3/$6 USD) - 2015/11/29 22:45:33 ET
Table 'Prospero' 10-max Seat #6 is the button
Seat 6: ALPEVE85 ($67.01 in chips)
Seat 7: Masqb ($153.14 in chips)
ALPEVE85: posts small blind $1
Masqb: posts big blind $3
*** HOLE CARDS ***
ALPEVE85: calls $2
Masqb: checks
*** FLOP *** [Qc Ks Th]
Masqb: checks
ALPEVE85: bets $3
Masqb: raises $3 to $6
ALPEVE85: calls $3
*** TURN *** [Qc Ks Th] [3c]
Masqb: bets $6
ALPEVE85: calls $6
*** RIVER *** [Qc Ks Th 3c] [Ad]
Masqb: bets $6
ALPEVE85: raises $6 to $12
Masqb: raises $6 to $18
ALPEVE85: raises $6 to $24
Betting is capped
Masqb: calls $6
*** SHOW DOWN ***
ALPEVE85: shows [8h Jh] (a straight, Ten to Ace)
Masqb: shows [Jd 4c] (a straight, Ten to Ace)
Masqb collected $38.75 from pot
ALPEVE85 collected $38.75 from pot
*** SUMMARY ***
Total pot $78 | Rake $0.50
Board [Qc Ks Th 3c Ad]
Seat 6: ALPEVE85 (button) (small blind) showed [8h Jh] and won ($38.75) with a straight, Ten to Ace
Seat 7: Masqb (big blind) showed [Jd 4c] and won ($38.75) with a straight, Ten to Ace


PokerStars Hand #144594426964:  Hold'em Limit ($3/$6 USD) - 2015/11/29 22:47:54 ET
Table 'Prospero' 10-max Seat #6 is the button
Seat 6: ALPEVE85 ($84.26 in chips)
Seat 7: Masqb ($134.89 in chips)
ALPEVE85: posts small blind $1
Masqb: posts big blind $3
*** HOLE CARDS ***
ALPEVE85: calls $2
Masqb: raises $3 to $6
ALPEVE85: raises $3 to $9
Masqb: calls $3
*** FLOP *** [2d 7s As]
Masqb: checks
ALPEVE85: bets $3
Masqb: calls $3
*** TURN *** [2d 7s As] [2s]
Masqb: checks
ALPEVE85: bets $6
Masqb: raises $6 to $12
ALPEVE85: calls $6
*** RIVER *** [2d 7s As 2s] [8c]
Masqb: bets $6
ALPEVE85: calls $6
*** SHOW DOWN ***
Masqb: shows [Ac Td] (two pair, Aces and Deuces)
ALPEVE85: shows [Ks Ad] (two pair, Aces and Deuces - King kicker)
ALPEVE85 collected $59.50 from pot
*** SUMMARY ***
Total pot $60 | Rake $0.50
Board [2d 7s As 2s 8c]
Seat 6: ALPEVE85 (button) (small blind) showed [Ks Ad] and won ($59.50) with two pair, Aces and Deuces
Seat 7: Masqb (big blind) showed [Ac Td] and lost with two pair, Aces and Deuces


PokerStars Hand #144594422952:  Hold'em Limit ($3/$6 USD) - 2015/11/29 22:47:41 ET
Table 'Prospero' 10-max Seat #7 is the button
Seat 6: ALPEVE85 ($87.26 in chips)
Seat 7: Masqb ($131.89 in chips)
Masqb: posts small blind $1
ALPEVE85: posts big blind $3
*** HOLE CARDS ***
Masqb: raises $3 to $6
ALPEVE85: folds
Uncalled bet ($3) returned to Masqb
Masqb collected $6 from pot
Masqb: doesn't show hand
*** SUMMARY ***
Total pot $6 | Rake $0
Seat 6: ALPEVE85 (big blind) folded before Flop
Seat 7: Masqb (button) (small blind) collected ($6)


PokerStars Hand #144594456199:  Hold'em Limit ($3/$6 USD) - 2015/11/29 22:49:27 ET
Table 'Prospero' 10-max Seat #7 is the button
Seat 6: ALPEVE85 ($106.76 in chips)
Seat 7: Masqb ($111.65 in chips)
Masqb: posts small blind $1
ALPEVE85: posts big blind $3
*** HOLE CARDS ***
Masqb: raises $3 to $6
ALPEVE85: folds
Uncalled bet ($3) returned to Masqb
Masqb collected $6 from pot
Masqb: doesn't show hand
*** SUMMARY ***
Total pot $6 | Rake $0
Seat 6: ALPEVE85 (big blind) folded before Flop
Seat 7: Masqb (button) (small blind) collected ($6)


PokerStars Hand #144594458602:  Hold'em Limit ($3/$6 USD) - 2015/11/29 22:49:34 ET
Table 'Prospero' 10-max Seat #6 is the button
Seat 6: ALPEVE85 ($103.76 in chips)
Seat 7: Masqb ($114.65 in chips)
ALPEVE85: posts small blind $1
Masqb: posts big blind $3
*** HOLE CARDS ***
ALPEVE85: folds
Uncalled bet ($2) returned to Masqb
Masqb collected $2 from pot
Masqb: doesn't show hand
*** SUMMARY ***
Total pot $2 | Rake $0
Seat 6: ALPEVE85 (button) (small blind) folded before Flop
Seat 7: Masqb (big blind) collected ($2)


PokerStars Hand #144594444296:  Hold'em Limit ($3/$6 USD) - 2015/11/29 22:48:49 ET
Table 'Prospero' 10-max Seat #6 is the button
Seat 6: ALPEVE85 ($114.76 in chips)
Seat 7: Masqb ($103.89 in chips)
ALPEVE85: posts small blind $1
Masqb: posts big blind $3
*** HOLE CARDS ***
ALPEVE85: folds
Uncalled bet ($2) returned to Masqb
Masqb collected $2 from pot
Masqb: doesn't show hand
*** SUMMARY ***
Total pot $2 | Rake $0
Seat 6: ALPEVE85 (button) (small blind) folded before Flop
Seat 7: Masqb (big blind) collected ($2)


PokerStars Hand #144594442241:  Hold'em Limit ($3/$6 USD) - 2015/11/29 22:48:42 ET
Table 'Prospero' 10-max Seat #7 is the button
Seat 6: ALPEVE85 ($113.76 in chips)
Seat 7: Masqb ($104.89 in chips)
Masqb: posts small blind $1
ALPEVE85: posts big blind $3
*** HOLE CARDS ***
Masqb: folds
Uncalled bet ($2) returned to ALPEVE85
ALPEVE85 collected $2 from pot
ALPEVE85: doesn't show hand
*** SUMMARY ***
Total pot $2 | Rake $0
Seat 6: ALPEVE85 (big blind) collected ($2)
Seat 7: Masqb (button) (small blind) folded before Flop


PokerStars Hand #144594460545:  Hold'em Limit ($3/$6 USD) - 2015/11/29 22:49:41 ET
Table 'Prospero' 10-max Seat #7 is the button
Seat 6: ALPEVE85 ($102.76 in chips)
Seat 7: Masqb ($115.65 in chips)
Masqb: posts small blind $1
ALPEVE85: posts big blind $3
*** HOLE CARDS ***
Masqb: raises $3 to $6
ALPEVE85: calls $3
*** FLOP *** [5s Ks Js]
ALPEVE85: bets $3
Masqb: calls $3
*** TURN *** [5s Ks Js] [Kd]
ALPEVE85: bets $6
Masqb: calls $6
*** RIVER *** [5s Ks Js Kd] [Jd]
ALPEVE85: bets $6
Masqb: calls $6
*** SHOW DOWN ***
ALPEVE85: shows [5c 4d] (two pair, Kings and Jacks)
Masqb: shows [9d As] (two pair, Kings and Jacks - Ace kicker)
Masqb collected $41.50 from pot
*** SUMMARY ***
Total pot $42 | Rake $0.50
Board [5s Ks Js Kd Jd]
Seat 6: ALPEVE85 (big blind) showed [5c 4d] and lost with two pair, Kings and Jacks
Seat 7: Masqb (button) (small blind) showed [9d As] and won ($41.50) with two pair, Kings and Jacks


PokerStars Hand #144594474719:  Hold'em Limit ($3/$6 USD) - 2015/11/29 22:50:26 ET
Table 'Prospero' 10-max Seat #6 is the button
Seat 6: ALPEVE85 ($81.76 in chips)
Seat 7: Masqb ($136.15 in chips)
ALPEVE85: posts small blind $1
Masqb: posts big blind $3
*** HOLE CARDS ***
ALPEVE85: folds
Uncalled bet ($2) returned to Masqb
Masqb collected $2 from pot
Masqb: doesn't show hand
*** SUMMARY ***
Total pot $2 | Rake $0
Seat 6: ALPEVE85 (button) (small blind) folded before Flop
Seat 7: Masqb (big blind) collected ($2)


PokerStars Hand #144594476971:  Hold'em Limit ($3/$6 USD) - 2015/11/29 22:50:33 ET
Table 'Prospero' 10-max Seat #7 is the button
Seat 6: ALPEVE85 ($80.76 in chips)
Seat 7: Masqb ($137.15 in chips)
Masqb: posts small blind $1
ALPEVE85: posts big blind $3
*** HOLE CARDS ***
Masqb: raises $3 to $6
ALPEVE85: calls $3
*** FLOP *** [Kd 8s 8d]
ALPEVE85: checks
Masqb: bets $3
ALPEVE85: folds
Uncalled bet ($3) returned to Masqb
Masqb collected $11.76 from pot
Masqb: doesn't show hand
*** SUMMARY ***
Total pot $12 | Rake $0.24
Board [Kd 8s 8d]
Seat 6: ALPEVE85 (big blind) folded on the Flop
Seat 7: Masqb (button) (small blind) collected ($11.76)


PokerStars Hand #144594486487:  Hold'em Limit ($3/$6 USD) - 2015/11/29 22:51:03 ET
Table 'Prospero' 10-max Seat #6 is the button
Seat 6: ALPEVE85 ($74.76 in chips)
Seat 7: Masqb ($142.91 in chips)
ALPEVE85: posts small blind $1
Masqb: posts big blind $3
*** HOLE CARDS ***
ALPEVE85: folds
Uncalled bet ($2) returned to Masqb
Masqb collected $2 from pot
Masqb: doesn't show hand
*** SUMMARY ***
Total pot $2 | Rake $0
Seat 6: ALPEVE85 (button) (small blind) folded before Flop
Seat 7: Masqb (big blind) collected ($2)


PokerStars Hand #144594488300:  Hold'em Limit ($3/$6 USD) - 2015/11/29 22:51:08 ET
Table 'Prospero' 10-max Seat #7 is the button
Seat 6: ALPEVE85 ($73.76 in chips)
Seat 7: Masqb ($143.91 in chips)
Masqb: posts small blind $1
ALPEVE85: posts big blind $3
*** HOLE CARDS ***
Masqb: raises $3 to $6
ALPEVE85: calls $3
*** FLOP *** [Td Ts Js]
ALPEVE85: checks
Masqb: bets $3
ALPEVE85: folds
Uncalled bet ($3) returned to Masqb
Masqb collected $11.76 from pot
Masqb: doesn't show hand
*** SUMMARY ***
Total pot $12 | Rake $0.24
Board [Td Ts Js]
Seat 6: ALPEVE85 (big blind) folded on the Flop
Seat 7: Masqb (button) (small blind) collected ($11.76)


PokerStars Hand #144594493719:  Hold'em Limit ($3/$6 USD) - 2015/11/29 22:51:26 ET
Table 'Prospero' 10-max Seat #6 is the button
Seat 6: ALPEVE85 ($67.76 in chips)
Seat 7: Masqb ($149.67 in chips)
ALPEVE85: posts small blind $1
Masqb: posts big blind $3
*** HOLE CARDS ***
ALPEVE85: folds
Uncalled bet ($2) returned to Masqb
Masqb collected $2 from pot
Masqb: doesn't show hand
*** SUMMARY ***
Total pot $2 | Rake $0
Seat 6: ALPEVE85 (button) (small blind) folded before Flop
Seat 7: Masqb (big blind) collected ($2)


PokerStars Hand #144594495609:  Hold'em Limit ($3/$6 USD) - 2015/11/29 22:51:32 ET
Table 'Prospero' 10-max Seat #7 is the button
Seat 6: ALPEVE85 ($66.76 in chips)
Seat 7: Masqb ($150.67 in chips)
Masqb: posts small blind $1
ALPEVE85: posts big blind $3
*** HOLE CARDS ***
Masqb: folds
Uncalled bet ($2) returned to ALPEVE85
ALPEVE85 collected $2 from pot
ALPEVE85: doesn't show hand
*** SUMMARY ***
Total pot $2 | Rake $0
Seat 6: ALPEVE85 (big blind) collected ($2)
Seat 7: Masqb (button) (small blind) folded before Flop


PokerStars Hand #144594510598:  Hold'em Limit ($3/$6 USD) - 2015/11/29 22:52:20 ET
Table 'Prospero' 10-max Seat #7 is the button
Seat 6: ALPEVE85 ($52.76 in chips)
Seat 7: Masqb ($164.17 in chips)
Masqb: posts small blind $1
ALPEVE85: posts big blind $3
*** HOLE CARDS ***
Masqb: raises $3 to $6
ALPEVE85: folds
Uncalled bet ($3) returned to Masqb
Masqb collected $6 from pot
Masqb: doesn't show hand
*** SUMMARY ***
Total pot $6 | Rake $0
Seat 6: ALPEVE85 (big blind) folded before Flop
Seat 7: Masqb (button) (small blind) collected ($6)


PokerStars Hand #144594497241:  Hold'em Limit ($3/$6 USD) - 2015/11/29 22:51:38 ET
Table 'Prospero' 10-max Seat #6 is the button
Seat 6: ALPEVE85 ($67.76 in chips)
Seat 7: Masqb ($149.67 in chips)
ALPEVE85: posts small blind $1
Masqb: posts big blind $3
*** HOLE CARDS ***
ALPEVE85: calls $2
Masqb: raises $3 to $6
ALPEVE85: raises $3 to $9
Masqb: calls $3
*** FLOP *** [8c Jc 6c]
Masqb: checks
ALPEVE85: bets $3
Masqb: raises $3 to $6
ALPEVE85: calls $3
*** TURN *** [8c Jc 6c] [Ah]
Masqb: checks
ALPEVE85: checks
*** RIVER *** [8c Jc 6c Ah] [5s]
Masqb: checks
ALPEVE85: checks
*** SHOW DOWN ***
Masqb: shows [Kc 8s] (a pair of Eights)
ALPEVE85: mucks hand
Masqb collected $29.50 from pot
*** SUMMARY ***
Total pot $30 | Rake $0.50
Board [8c Jc 6c Ah 5s]
Seat 6: ALPEVE85 (button) (small blind) mucked
Seat 7: Masqb (big blind) showed [Kc 8s] and won ($29.50) with a pair of Eights


PokerStars Hand #144594512860:  Hold'em Limit ($3/$6 USD) - 2015/11/29 22:52:27 ET
Table 'Prospero' 10-max Seat #6 is the button
Seat 6: ALPEVE85 ($49.76 in chips)
Seat 7: Masqb ($167.17 in chips)
ALPEVE85: posts small blind $1
Masqb: posts big blind $3
*** HOLE CARDS ***
ALPEVE85: calls $2
Masqb: raises $3 to $6
ALPEVE85: calls $3
*** FLOP *** [5s Jc 8d]
Masqb: bets $3
ALPEVE85: calls $3
*** TURN *** [5s Jc 8d] [Ah]
Masqb: bets $6
ALPEVE85: calls $6
*** RIVER *** [5s Jc 8d Ah] [Jd]
Masqb: bets $6
ALPEVE85: folds
Uncalled bet ($6) returned to Masqb
Masqb collected $29.50 from pot
Masqb: doesn't show hand
*** SUMMARY ***
Total pot $30 | Rake $0.50
Board [5s Jc 8d Ah Jd]
Seat 6: ALPEVE85 (button) (small blind) folded on the River
Seat 7: Masqb (big blind) collected ($29.50)


PokerStars Hand #144594530048:  Hold'em Limit ($3/$6 USD) - 2015/11/29 22:53:22 ET
Table 'Prospero' 10-max Seat #6 is the button
Seat 6: ALPEVE85 ($31.76 in chips)
Seat 7: Masqb ($184.67 in chips)
ALPEVE85: posts small blind $1
Masqb: posts big blind $3
*** HOLE CARDS ***
ALPEVE85: folds
Uncalled bet ($2) returned to Masqb
ALPEVE85 leaves the table
Masqb collected $2 from pot
Masqb: doesn't show hand
*** SUMMARY ***
Total pot $2 | Rake $0
Seat 6: ALPEVE85 (button) (small blind) folded before Flop
Seat 7: Masqb (big blind) collected ($2)


PokerStars Hand #144594526731:  Hold'em Limit ($3/$6 USD) - 2015/11/29 22:53:12 ET
Table 'Prospero' 10-max Seat #7 is the button
Seat 6: ALPEVE85 ($34.76 in chips)
Seat 7: Masqb ($181.67 in chips)
Masqb: posts small blind $1
ALPEVE85: posts big blind $3
*** HOLE CARDS ***
Masqb: raises $3 to $6
ALPEVE85: folds
Uncalled bet ($3) returned to Masqb
Masqb collected $6 from pot
Masqb: doesn't show hand
*** SUMMARY ***
Total pot $6 | Rake $0
Seat 6: ALPEVE85 (big blind) folded before Flop
Seat 7: Masqb (button) (small blind) collected ($6)


