PokerStars Hand #163749118130:  Hold'em Limit ($3/$6 USD) - 2016/12/29 21:47:22 ET
Table 'Proserpina' 6-max Seat #6 is the button
Seat 4: AzureCaper ($87.50 in chips)
Seat 6: Whitty29 ($380.02 in chips)
Whitty29: posts small blind $1
AzureCaper: posts big blind $3
*** HOLE CARDS ***
Whitty29: folds
Uncalled bet ($2) returned to AzureCaper
AzureCaper collected $2 from pot
AzureCaper: doesn't show hand
*** SUMMARY ***
Total pot $2 | Rake $0
Seat 4: AzureCaper (big blind) collected ($2)
Seat 6: Whitty29 (button) (small blind) folded before Flop


PokerStars Hand #163749108407:  Hold'em Limit ($3/$6 USD) - 2016/12/29 21:47:02 ET
Table 'Proserpina' 6-max Seat #4 is the button
Seat 4: AzureCaper ($73 in chips)
Seat 6: Whitty29 ($395.02 in chips)
AzureCaper: posts small blind $1
Whitty29: posts big blind $3
*** HOLE CARDS ***
AzureCaper: raises $3 to $6
Whitty29: calls $3
*** FLOP *** [8s Td 8d]
Whitty29: checks
AzureCaper: bets $3
Whitty29: calls $3
*** TURN *** [8s Td 8d] [Jc]
Whitty29: checks
AzureCaper: bets $6
Whitty29: calls $6
*** RIVER *** [8s Td 8d Jc] [Qc]
Whitty29: checks
AzureCaper: checks
*** SHOW DOWN ***
Whitty29: shows [5d 6d] (a pair of Eights)
AzureCaper: shows [Th Ah] (two pair, Tens and Eights)
AzureCaper collected $29.50 from pot
*** SUMMARY ***
Total pot $30 | Rake $0.50
Board [8s Td 8d Jc Qc]
Seat 4: AzureCaper (button) (small blind) showed [Th Ah] and won ($29.50) with two pair, Tens and Eights
Seat 6: Whitty29 (big blind) showed [5d 6d] and lost with a pair of Eights


PokerStars Hand #163749121132:  Hold'em Limit ($3/$6 USD) - 2016/12/29 21:47:29 ET
Table 'Proserpina' 6-max Seat #4 is the button
Seat 4: AzureCaper ($88.50 in chips)
Seat 6: Whitty29 ($379.02 in chips)
AzureCaper: posts small blind $1
Whitty29: posts big blind $3
*** HOLE CARDS ***
AzureCaper: raises $3 to $6
Whitty29: folds
Uncalled bet ($3) returned to AzureCaper
AzureCaper collected $6 from pot
AzureCaper: doesn't show hand
*** SUMMARY ***
Total pot $6 | Rake $0
Seat 4: AzureCaper (button) (small blind) collected ($6)
Seat 6: Whitty29 (big blind) folded before Flop


PokerStars Hand #163749124860:  Hold'em Limit ($3/$6 USD) - 2016/12/29 21:47:37 ET
Table 'Proserpina' 6-max Seat #6 is the button
Seat 4: AzureCaper ($91.50 in chips)
Seat 6: Whitty29 ($376.02 in chips)
Whitty29: posts small blind $1
AzureCaper: posts big blind $3
*** HOLE CARDS ***
Whitty29: raises $3 to $6
AzureCaper: folds
Uncalled bet ($3) returned to Whitty29
Whitty29 collected $6 from pot
Whitty29: doesn't show hand
*** SUMMARY ***
Total pot $6 | Rake $0
Seat 4: AzureCaper (big blind) folded before Flop
Seat 6: Whitty29 (button) (small blind) collected ($6)


PokerStars Hand #163749128142:  Hold'em Limit ($3/$6 USD) - 2016/12/29 21:47:43 ET
Table 'Proserpina' 6-max Seat #4 is the button
Seat 4: AzureCaper ($88.50 in chips)
Seat 6: Whitty29 ($379.02 in chips)
AzureCaper: posts small blind $1
Whitty29: posts big blind $3
*** HOLE CARDS ***
AzureCaper: raises $3 to $6
Whitty29: calls $3
*** FLOP *** [Kc 4h 4d]
Whitty29: checks
AzureCaper: bets $3
Whitty29: calls $3
*** TURN *** [Kc 4h 4d] [Ah]
Whitty29: checks
AzureCaper: checks
*** RIVER *** [Kc 4h 4d Ah] [3c]
Whitty29: bets $6
AzureCaper: folds
Uncalled bet ($6) returned to Whitty29
Whitty29 collected $17.64 from pot
Whitty29: doesn't show hand
*** SUMMARY ***
Total pot $18 | Rake $0.36
Board [Kc 4h 4d Ah 3c]
Seat 4: AzureCaper (button) (small blind) folded on the River
Seat 6: Whitty29 (big blind) collected ($17.64)


PokerStars Hand #163749139055:  Hold'em Limit ($3/$6 USD) - 2016/12/29 21:48:07 ET
Table 'Proserpina' 6-max Seat #6 is the button
Seat 4: AzureCaper ($79.50 in chips)
Seat 6: Whitty29 ($387.66 in chips)
Whitty29: posts small blind $1
AzureCaper: posts big blind $3
*** HOLE CARDS ***
Whitty29: raises $3 to $6
AzureCaper: calls $3
*** FLOP *** [9d Ad Ah]
AzureCaper: checks
Whitty29: bets $3
AzureCaper: folds
Uncalled bet ($3) returned to Whitty29
Whitty29 collected $11.76 from pot
Whitty29: doesn't show hand
*** SUMMARY ***
Total pot $12 | Rake $0.24
Board [9d Ad Ah]
Seat 4: AzureCaper (big blind) folded on the Flop
Seat 6: Whitty29 (button) (small blind) collected ($11.76)


PokerStars Hand #163749144755:  Hold'em Limit ($3/$6 USD) - 2016/12/29 21:48:19 ET
Table 'Proserpina' 6-max Seat #4 is the button
Seat 4: AzureCaper ($73.50 in chips)
Seat 6: Whitty29 ($393.42 in chips)
AzureCaper: posts small blind $1
Whitty29: posts big blind $3
*** HOLE CARDS ***
AzureCaper: raises $3 to $6
Whitty29: calls $3
*** FLOP *** [As 8d Ad]
Whitty29: checks
AzureCaper: bets $3
Whitty29: calls $3
*** TURN *** [As 8d Ad] [2h]
Whitty29: checks
AzureCaper: bets $6
Whitty29: calls $6
*** RIVER *** [As 8d Ad 2h] [6c]
Whitty29: checks
AzureCaper: checks
*** SHOW DOWN ***
Whitty29: shows [Kd Jd] (a pair of Aces)
AzureCaper: shows [Ks 6h] (two pair, Aces and Sixes)
AzureCaper collected $29.50 from pot
*** SUMMARY ***
Total pot $30 | Rake $0.50
Board [As 8d Ad 2h 6c]
Seat 4: AzureCaper (button) (small blind) showed [Ks 6h] and won ($29.50) with two pair, Aces and Sixes
Seat 6: Whitty29 (big blind) showed [Kd Jd] and lost with a pair of Aces


PokerStars Hand #163749154664:  Hold'em Limit ($3/$6 USD) - 2016/12/29 21:48:40 ET
Table 'Proserpina' 6-max Seat #6 is the button
Seat 4: AzureCaper ($88 in chips)
Seat 6: Whitty29 ($378.42 in chips)
Whitty29: posts small blind $1
AzureCaper: posts big blind $3
*** HOLE CARDS ***
Whitty29: raises $3 to $6
AzureCaper: folds
Uncalled bet ($3) returned to Whitty29
Whitty29 collected $6 from pot
Whitty29: doesn't show hand
*** SUMMARY ***
Total pot $6 | Rake $0
Seat 4: AzureCaper (big blind) folded before Flop
Seat 6: Whitty29 (button) (small blind) collected ($6)


PokerStars Hand #163749161255:  Hold'em Limit ($3/$6 USD) - 2016/12/29 21:48:53 ET
Table 'Proserpina' 6-max Seat #6 is the button
Seat 4: AzureCaper ($84 in chips)
Seat 6: Whitty29 ($382.42 in chips)
Whitty29: posts small blind $1
AzureCaper: posts big blind $3
*** HOLE CARDS ***
Whitty29: folds
Uncalled bet ($2) returned to AzureCaper
AzureCaper collected $2 from pot
AzureCaper: doesn't show hand
*** SUMMARY ***
Total pot $2 | Rake $0
Seat 4: AzureCaper (big blind) collected ($2)
Seat 6: Whitty29 (button) (small blind) folded before Flop


PokerStars Hand #163749158469:  Hold'em Limit ($3/$6 USD) - 2016/12/29 21:48:48 ET
Table 'Proserpina' 6-max Seat #4 is the button
Seat 4: AzureCaper ($85 in chips)
Seat 6: Whitty29 ($381.42 in chips)
AzureCaper: posts small blind $1
Whitty29: posts big blind $3
*** HOLE CARDS ***
AzureCaper: folds
Uncalled bet ($2) returned to Whitty29
Whitty29 collected $2 from pot
Whitty29: doesn't show hand
*** SUMMARY ***
Total pot $2 | Rake $0
Seat 4: AzureCaper (button) (small blind) folded before Flop
Seat 6: Whitty29 (big blind) collected ($2)


PokerStars Hand #163749163947:  Hold'em Limit ($3/$6 USD) - 2016/12/29 21:48:59 ET
Table 'Proserpina' 6-max Seat #4 is the button
Seat 4: AzureCaper ($85 in chips)
Seat 6: Whitty29 ($381.42 in chips)
AzureCaper: posts small blind $1
Whitty29: posts big blind $3
*** HOLE CARDS ***
AzureCaper: raises $3 to $6
Whitty29: folds
Uncalled bet ($3) returned to AzureCaper
AzureCaper collected $6 from pot
AzureCaper: doesn't show hand
*** SUMMARY ***
Total pot $6 | Rake $0
Seat 4: AzureCaper (button) (small blind) collected ($6)
Seat 6: Whitty29 (big blind) folded before Flop


PokerStars Hand #163749170179:  Hold'em Limit ($3/$6 USD) - 2016/12/29 21:49:13 ET
Table 'Proserpina' 6-max Seat #4 is the button
Seat 4: AzureCaper ($89 in chips)
Seat 6: Whitty29 ($377.42 in chips)
AzureCaper: posts small blind $1
Whitty29: posts big blind $3
*** HOLE CARDS ***
AzureCaper: folds
Uncalled bet ($2) returned to Whitty29
Whitty29 collected $2 from pot
Whitty29: doesn't show hand
*** SUMMARY ***
Total pot $2 | Rake $0
Seat 4: AzureCaper (button) (small blind) folded before Flop
Seat 6: Whitty29 (big blind) collected ($2)


PokerStars Hand #163749167058:  Hold'em Limit ($3/$6 USD) - 2016/12/29 21:49:06 ET
Table 'Proserpina' 6-max Seat #6 is the button
Seat 4: AzureCaper ($88 in chips)
Seat 6: Whitty29 ($378.42 in chips)
Whitty29: posts small blind $1
AzureCaper: posts big blind $3
*** HOLE CARDS ***
Whitty29: folds
Uncalled bet ($2) returned to AzureCaper
AzureCaper collected $2 from pot
AzureCaper: doesn't show hand
*** SUMMARY ***
Total pot $2 | Rake $0
Seat 4: AzureCaper (big blind) collected ($2)
Seat 6: Whitty29 (button) (small blind) folded before Flop


PokerStars Hand #163749172817:  Hold'em Limit ($3/$6 USD) - 2016/12/29 21:49:18 ET
Table 'Proserpina' 6-max Seat #6 is the button
Seat 4: AzureCaper ($88 in chips)
Seat 6: Whitty29 ($378.42 in chips)
Whitty29: posts small blind $1
AzureCaper: posts big blind $3
*** HOLE CARDS ***
Whitty29: raises $3 to $6
AzureCaper: folds
Uncalled bet ($3) returned to Whitty29
Whitty29 collected $6 from pot
Whitty29: doesn't show hand
*** SUMMARY ***
Total pot $6 | Rake $0
Seat 4: AzureCaper (big blind) folded before Flop
Seat 6: Whitty29 (button) (small blind) collected ($6)


PokerStars Hand #163749176023:  Hold'em Limit ($3/$6 USD) - 2016/12/29 21:49:25 ET
Table 'Proserpina' 6-max Seat #4 is the button
Seat 4: AzureCaper ($85 in chips)
Seat 6: Whitty29 ($381.42 in chips)
AzureCaper: posts small blind $1
Whitty29: posts big blind $3
*** HOLE CARDS ***
AzureCaper: raises $3 to $6
Whitty29: calls $3
*** FLOP *** [4s 7h 7d]
Whitty29: checks
AzureCaper: bets $3
Whitty29: calls $3
*** TURN *** [4s 7h 7d] [5d]
Whitty29: checks
AzureCaper: bets $6
Whitty29: calls $6
*** RIVER *** [4s 7h 7d 5d] [Js]
Whitty29: checks
AzureCaper: checks
*** SHOW DOWN ***
Whitty29: shows [Td 9d] (a pair of Sevens)
AzureCaper: shows [9h 4h] (two pair, Sevens and Fours)
AzureCaper collected $29.50 from pot
*** SUMMARY ***
Total pot $30 | Rake $0.50
Board [4s 7h 7d 5d Js]
Seat 4: AzureCaper (button) (small blind) showed [9h 4h] and won ($29.50) with two pair, Sevens and Fours
Seat 6: Whitty29 (big blind) showed [Td 9d] and lost with a pair of Sevens


PokerStars Hand #163749186919:  Hold'em Limit ($3/$6 USD) - 2016/12/29 21:49:48 ET
Table 'Proserpina' 6-max Seat #6 is the button
Seat 4: AzureCaper ($99.50 in chips)
Seat 6: Whitty29 ($366.42 in chips)
Whitty29: posts small blind $1
AzureCaper: posts big blind $3
*** HOLE CARDS ***
Whitty29: raises $3 to $6
AzureCaper: calls $3
*** FLOP *** [Kc Ac 7d]
AzureCaper: checks
Whitty29: bets $3
AzureCaper: folds
Uncalled bet ($3) returned to Whitty29
Whitty29 collected $11.76 from pot
Whitty29: doesn't show hand
*** SUMMARY ***
Total pot $12 | Rake $0.24
Board [Kc Ac 7d]
Seat 4: AzureCaper (big blind) folded on the Flop
Seat 6: Whitty29 (button) (small blind) collected ($11.76)


PokerStars Hand #163749202694:  Hold'em Limit ($3/$6 USD) - 2016/12/29 21:50:21 ET
Table 'Proserpina' 6-max Seat #6 is the button
Seat 4: AzureCaper ($78.50 in chips)
Seat 6: Whitty29 ($386.68 in chips)
Whitty29: posts small blind $1
AzureCaper: posts big blind $3
*** HOLE CARDS ***
Whitty29: folds
Uncalled bet ($2) returned to AzureCaper
AzureCaper collected $2 from pot
AzureCaper: doesn't show hand
*** SUMMARY ***
Total pot $2 | Rake $0
Seat 4: AzureCaper (big blind) collected ($2)
Seat 6: Whitty29 (button) (small blind) folded before Flop


PokerStars Hand #163749192503:  Hold'em Limit ($3/$6 USD) - 2016/12/29 21:49:59 ET
Table 'Proserpina' 6-max Seat #4 is the button
Seat 4: AzureCaper ($93.50 in chips)
Seat 6: Whitty29 ($372.18 in chips)
AzureCaper: posts small blind $1
Whitty29: posts big blind $3
*** HOLE CARDS ***
AzureCaper: raises $3 to $6
Whitty29: calls $3
*** FLOP *** [6h 9h Jd]
Whitty29: checks
AzureCaper: bets $3
Whitty29: calls $3
*** TURN *** [6h 9h Jd] [2c]
Whitty29: checks
AzureCaper: bets $6
Whitty29: calls $6
*** RIVER *** [6h 9h Jd 2c] [7s]
Whitty29: checks
AzureCaper: checks
*** SHOW DOWN ***
Whitty29: shows [Jh 5c] (a pair of Jacks)
AzureCaper: mucks hand
Whitty29 collected $29.50 from pot
*** SUMMARY ***
Total pot $30 | Rake $0.50
Board [6h 9h Jd 2c 7s]
Seat 4: AzureCaper (button) (small blind) mucked
Seat 6: Whitty29 (big blind) showed [Jh 5c] and won ($29.50) with a pair of Jacks


PokerStars Hand #163749205512:  Hold'em Limit ($3/$6 USD) - 2016/12/29 21:50:27 ET
Table 'Proserpina' 6-max Seat #4 is the button
Seat 4: AzureCaper ($79.50 in chips)
Seat 6: Whitty29 ($385.68 in chips)
AzureCaper: posts small blind $1
Whitty29: posts big blind $3
*** HOLE CARDS ***
AzureCaper: raises $3 to $6
Whitty29: calls $3
*** FLOP *** [4c Th Tc]
Whitty29: checks
AzureCaper: bets $3
Whitty29: folds
Uncalled bet ($3) returned to AzureCaper
AzureCaper collected $11.76 from pot
AzureCaper: doesn't show hand
*** SUMMARY ***
Total pot $12 | Rake $0.24
Board [4c Th Tc]
Seat 4: AzureCaper (button) (small blind) collected ($11.76)
Seat 6: Whitty29 (big blind) folded on the Flop


PokerStars Hand #163749210619:  Hold'em Limit ($3/$6 USD) - 2016/12/29 21:50:38 ET
Table 'Proserpina' 6-max Seat #6 is the button
Seat 4: AzureCaper ($85.26 in chips)
Seat 6: Whitty29 ($379.68 in chips)
Whitty29: posts small blind $1
AzureCaper: posts big blind $3
*** HOLE CARDS ***
Whitty29: folds
Uncalled bet ($2) returned to AzureCaper
AzureCaper collected $2 from pot
AzureCaper: doesn't show hand
*** SUMMARY ***
Total pot $2 | Rake $0
Seat 4: AzureCaper (big blind) collected ($2)
Seat 6: Whitty29 (button) (small blind) folded before Flop


PokerStars Hand #163749213516:  Hold'em Limit ($3/$6 USD) - 2016/12/29 21:50:44 ET
Table 'Proserpina' 6-max Seat #4 is the button
Seat 4: AzureCaper ($86.26 in chips)
Seat 6: Whitty29 ($378.68 in chips)
AzureCaper: posts small blind $1
Whitty29: posts big blind $3
*** HOLE CARDS ***
AzureCaper: raises $3 to $6
Whitty29: calls $3
*** FLOP *** [5c 7c 8c]
Whitty29: checks
AzureCaper: bets $3
Whitty29: calls $3
*** TURN *** [5c 7c 8c] [9h]
Whitty29: checks
AzureCaper: checks
*** RIVER *** [5c 7c 8c 9h] [2s]
Whitty29: bets $6
AzureCaper: folds
Uncalled bet ($6) returned to Whitty29
Whitty29 collected $17.64 from pot
Whitty29: doesn't show hand
*** SUMMARY ***
Total pot $18 | Rake $0.36
Board [5c 7c 8c 9h 2s]
Seat 4: AzureCaper (button) (small blind) folded on the River
Seat 6: Whitty29 (big blind) collected ($17.64)


PokerStars Hand #163749231156:  Hold'em Limit ($3/$6 USD) - 2016/12/29 21:51:22 ET
Table 'Proserpina' 6-max Seat #4 is the button
Seat 4: AzureCaper ($88.78 in chips)
Seat 6: Whitty29 ($375.32 in chips)
AzureCaper: posts small blind $1
Whitty29: posts big blind $3
*** HOLE CARDS ***
AzureCaper: raises $3 to $6
Whitty29: calls $3
*** FLOP *** [2s 8d 6h]
Whitty29: checks
AzureCaper: bets $3
Whitty29: raises $3 to $6
AzureCaper: calls $3
*** TURN *** [2s 8d 6h] [Qh]
Whitty29: bets $6
AzureCaper: calls $6
*** RIVER *** [2s 8d 6h Qh] [As]
Whitty29: checks
AzureCaper: checks
*** SHOW DOWN ***
Whitty29: shows [8h 9d] (a pair of Eights)
AzureCaper: mucks hand
Whitty29 collected $35.50 from pot
*** SUMMARY ***
Total pot $36 | Rake $0.50
Board [2s 8d 6h Qh As]
Seat 4: AzureCaper (button) (small blind) mucked
Seat 6: Whitty29 (big blind) showed [8h 9d] and won ($35.50) with a pair of Eights


PokerStars Hand #163749241818:  Hold'em Limit ($3/$6 USD) - 2016/12/29 21:51:44 ET
Table 'Proserpina' 6-max Seat #6 is the button
Seat 4: AzureCaper ($72 in chips)
Seat 6: Whitty29 ($392.82 in chips)
Whitty29: posts small blind $1
AzureCaper: posts big blind $3
*** HOLE CARDS ***
Whitty29: raises $3 to $6
AzureCaper: folds
Uncalled bet ($3) returned to Whitty29
Whitty29 collected $6 from pot
Whitty29: doesn't show hand
*** SUMMARY ***
Total pot $6 | Rake $0
Seat 4: AzureCaper (big blind) folded before Flop
Seat 6: Whitty29 (button) (small blind) collected ($6)


PokerStars Hand #163749222020:  Hold'em Limit ($3/$6 USD) - 2016/12/29 21:51:02 ET
Table 'Proserpina' 6-max Seat #6 is the button
Seat 4: AzureCaper ($77.26 in chips)
Seat 6: Whitty29 ($387.32 in chips)
Whitty29: posts small blind $1
AzureCaper: posts big blind $3
*** HOLE CARDS ***
Whitty29: raises $3 to $6
AzureCaper: calls $3
*** FLOP *** [7h 5h As]
AzureCaper: checks
Whitty29: bets $3
AzureCaper: raises $3 to $6
Whitty29: calls $3
*** TURN *** [7h 5h As] [7d]
AzureCaper: bets $6
Whitty29: folds
Uncalled bet ($6) returned to AzureCaper
AzureCaper collected $23.52 from pot
AzureCaper: doesn't show hand
*** SUMMARY ***
Total pot $24 | Rake $0.48
Board [7h 5h As 7d]
Seat 4: AzureCaper (big blind) collected ($23.52)
Seat 6: Whitty29 (button) (small blind) folded on the Turn


PokerStars Hand #163749287133:  Hold'em Limit ($3/$6 USD) - 2016/12/29 21:53:03 ET
Table 'Proserpina' 6-max Seat #6 is the button
Seat 4: AzureCaper ($95.04 in chips)
Seat 6: Whitty29 ($371.82 in chips)
Whitty29: posts small blind $1
AzureCaper: posts big blind $3
*** HOLE CARDS ***
Whitty29: folds
Uncalled bet ($2) returned to AzureCaper
AzureCaper collected $2 from pot
AzureCaper: doesn't show hand
*** SUMMARY ***
Total pot $2 | Rake $0
Seat 4: AzureCaper (big blind) collected ($2)
Seat 6: Whitty29 (button) (small blind) folded before Flop


PokerStars Hand #163749276923:  Hold'em Limit ($3/$6 USD) - 2016/12/29 21:52:41 ET
Table 'Proserpina' 6-max Seat #4 is the button
Seat 4: AzureCaper ($86.40 in chips)
Seat 6: Whitty29 ($380.82 in chips)
AzureCaper: posts small blind $1
Whitty29: posts big blind $3
*** HOLE CARDS ***
AzureCaper: raises $3 to $6
Whitty29: calls $3
*** FLOP *** [4d Qc 6h]
Whitty29: checks
AzureCaper: bets $3
Whitty29: calls $3
*** TURN *** [4d Qc 6h] [Td]
Whitty29: checks
AzureCaper: bets $6
Whitty29: folds
Uncalled bet ($6) returned to AzureCaper
AzureCaper collected $17.64 from pot
AzureCaper: doesn't show hand
*** SUMMARY ***
Total pot $18 | Rake $0.36
Board [4d Qc 6h Td]
Seat 4: AzureCaper (button) (small blind) collected ($17.64)
Seat 6: Whitty29 (big blind) folded on the Turn


PokerStars Hand #163749259049:  Hold'em Limit ($3/$6 USD) - 2016/12/29 21:52:22 ET
Table 'Proserpina' 6-max Seat #6 is the button
Seat 4: AzureCaper ($80.64 in chips)
Seat 6: Whitty29 ($386.82 in chips)
Whitty29: posts small blind $1
AzureCaper: posts big blind $3
*** HOLE CARDS ***
Whitty29: raises $3 to $6
AzureCaper: calls $3
*** FLOP *** [8h 2c 2d]
AzureCaper: checks
Whitty29: checks
*** TURN *** [8h 2c 2d] [4h]
AzureCaper: checks
Whitty29: checks
*** RIVER *** [8h 2c 2d 4h] [Ks]
AzureCaper: checks
Whitty29: checks
*** SHOW DOWN ***
AzureCaper: shows [7c Qh] (a pair of Deuces)
Whitty29: mucks hand
AzureCaper collected $11.76 from pot
*** SUMMARY ***
Total pot $12 | Rake $0.24
Board [8h 2c 2d 4h Ks]
Seat 4: AzureCaper (big blind) showed [7c Qh] and won ($11.76) with a pair of Deuces
Seat 6: Whitty29 (button) (small blind) mucked


PokerStars Hand #163749247328:  Hold'em Limit ($3/$6 USD) - 2016/12/29 21:51:57 ET
Table 'Proserpina' 6-max Seat #4 is the button
Seat 4: AzureCaper ($72 in chips)
Seat 6: Whitty29 ($395.82 in chips)
AzureCaper: posts small blind $1
Whitty29: posts big blind $3
*** HOLE CARDS ***
AzureCaper: raises $3 to $6
Whitty29: calls $3
*** FLOP *** [2h Jh Ah]
Whitty29: checks
AzureCaper: bets $3
Whitty29: calls $3
*** TURN *** [2h Jh Ah] [Ac]
Whitty29: checks
AzureCaper: bets $6
Whitty29: folds
Uncalled bet ($6) returned to AzureCaper
AzureCaper collected $17.64 from pot
AzureCaper: doesn't show hand
*** SUMMARY ***
Total pot $18 | Rake $0.36
Board [2h Jh Ah Ac]
Seat 4: AzureCaper (button) (small blind) collected ($17.64)
Seat 6: Whitty29 (big blind) folded on the Turn


PokerStars Hand #163749302695:  Hold'em Limit ($3/$6 USD) - 2016/12/29 21:53:37 ET
Table 'Proserpina' 6-max Seat #4 is the button
Seat 4: AzureCaper ($88.04 in chips)
Seat 6: Whitty29 ($378.46 in chips)
AzureCaper: posts small blind $1
Whitty29: posts big blind $3
*** HOLE CARDS ***
AzureCaper: raises $3 to $6
Whitty29: calls $3
*** FLOP *** [3h 5h Qh]
Whitty29: checks
AzureCaper: bets $3
Whitty29: calls $3
*** TURN *** [3h 5h Qh] [7c]
Whitty29: checks
AzureCaper: bets $6
Whitty29: calls $6
*** RIVER *** [3h 5h Qh 7c] [Ks]
Whitty29: checks
karambakilla joins the table at seat #1
AzureCaper: bets $6
Whitty29: calls $6
*** SHOW DOWN ***
AzureCaper: shows [Td Qd] (a pair of Queens)
Whitty29: mucks hand
AzureCaper collected $41.50 from pot
*** SUMMARY ***
Total pot $42 | Rake $0.50
Board [3h 5h Qh 7c Ks]
Seat 4: AzureCaper (button) (small blind) showed [Td Qd] and won ($41.50) with a pair of Queens
Seat 6: Whitty29 (big blind) mucked


PokerStars Hand #163749298610:  Hold'em Limit ($3/$6 USD) - 2016/12/29 21:53:28 ET
Table 'Proserpina' 6-max Seat #6 is the button
Seat 4: AzureCaper ($87.04 in chips)
Seat 6: Whitty29 ($379.46 in chips)
Whitty29: posts small blind $1
AzureCaper: posts big blind $3
*** HOLE CARDS ***
Whitty29: folds
Uncalled bet ($2) returned to AzureCaper
AzureCaper collected $2 from pot
AzureCaper: doesn't show hand
*** SUMMARY ***
Total pot $2 | Rake $0
Seat 4: AzureCaper (big blind) collected ($2)
Seat 6: Whitty29 (button) (small blind) folded before Flop


PokerStars Hand #163749290176:  Hold'em Limit ($3/$6 USD) - 2016/12/29 21:53:10 ET
Table 'Proserpina' 6-max Seat #4 is the button
Seat 4: AzureCaper ($96.04 in chips)
Seat 6: Whitty29 ($370.82 in chips)
AzureCaper: posts small blind $1
Whitty29: posts big blind $3
*** HOLE CARDS ***
AzureCaper: raises $3 to $6
Whitty29: calls $3
*** FLOP *** [9d Js 4d]
Whitty29: checks
AzureCaper: bets $3
Whitty29: calls $3
*** TURN *** [9d Js 4d] [Jd]
Whitty29: checks
AzureCaper: checks
*** RIVER *** [9d Js 4d Jd] [8h]
Whitty29: bets $6
AzureCaper: folds
Uncalled bet ($6) returned to Whitty29
Whitty29 collected $17.64 from pot
Whitty29: doesn't show hand
*** SUMMARY ***
Total pot $18 | Rake $0.36
Board [9d Js 4d Jd 8h]
Seat 4: AzureCaper (button) (small blind) folded on the River
Seat 6: Whitty29 (big blind) collected ($17.64)


