PokerStars Hand #155140136295:  Hold'em Limit ($3/$6 USD) - 2016/06/24 11:13:17 ET
Table 'Prospero II' 10-max Seat #6 is the button
Seat 6: ehavai ($108.53 in chips)
Seat 7: B_loJkl ($156.76 in chips)
ehavai: posts small blind $1
B_loJkl: posts big blind $3
*** HOLE CARDS ***
ehavai: raises $3 to $6
B_loJkl: folds
Uncalled bet ($3) returned to ehavai
ehavai collected $6 from pot
ehavai: doesn't show hand
*** SUMMARY ***
Total pot $6 | Rake $0
Seat 6: ehavai (button) (small blind) collected ($6)
Seat 7: B_loJkl (big blind) folded before Flop


PokerStars Hand #155140127165:  Hold'em Limit ($3/$6 USD) - 2016/06/24 11:13:01 ET
Table 'Prospero II' 10-max Seat #7 is the button
Seat 6: ehavai ($114.53 in chips)
Seat 7: B_loJkl ($151 in chips)
B_loJkl: posts small blind $1
ehavai: posts big blind $3
*** HOLE CARDS ***
B_loJkl: raises $3 to $6
ehavai: calls $3
*** FLOP *** [8s 7c As]
ehavai: checks
B_loJkl: bets $3
ehavai: folds
Uncalled bet ($3) returned to B_loJkl
B_loJkl collected $11.76 from pot
B_loJkl: doesn't show hand
*** SUMMARY ***
Total pot $12 | Rake $0.24
Board [8s 7c As]
Seat 6: ehavai (big blind) folded on the Flop
Seat 7: B_loJkl (button) (small blind) collected ($11.76)


PokerStars Hand #155140164692:  Hold'em Limit ($3/$6 USD) - 2016/06/24 11:14:09 ET
Table 'Prospero II' 10-max Seat #6 is the button
Seat 6: ehavai ($90.53 in chips)
Seat 7: B_loJkl ($174.26 in chips)
ehavai: posts small blind $1
B_loJkl: posts big blind $3
*** HOLE CARDS ***
ehavai: raises $3 to $6
B_loJkl: calls $3
*** FLOP *** [3s 9d Qc]
B_loJkl: checks
ehavai: bets $3
B_loJkl: folds
Uncalled bet ($3) returned to ehavai
ehavai collected $11.76 from pot
ehavai: doesn't show hand
*** SUMMARY ***
Total pot $12 | Rake $0.24
Board [3s 9d Qc]
Seat 6: ehavai (button) (small blind) collected ($11.76)
Seat 7: B_loJkl (big blind) folded on the Flop


PokerStars Hand #155140143674:  Hold'em Limit ($3/$6 USD) - 2016/06/24 11:13:31 ET
Table 'Prospero II' 10-max Seat #7 is the button
Seat 6: ehavai ($111.53 in chips)
Seat 7: B_loJkl ($153.76 in chips)
B_loJkl: posts small blind $1
ehavai: posts big blind $3
*** HOLE CARDS ***
B_loJkl: raises $3 to $6
ehavai: calls $3
*** FLOP *** [Tc Js Kc]
ehavai: checks
B_loJkl: bets $3
ehavai: calls $3
*** TURN *** [Tc Js Kc] [3c]
ehavai: checks
B_loJkl: bets $6
ehavai: calls $6
*** RIVER *** [Tc Js Kc 3c] [2d]
ehavai: checks
B_loJkl: bets $6
ehavai: calls $6
*** SHOW DOWN ***
B_loJkl: shows [Jc Jd] (three of a kind, Jacks)
ehavai: mucks hand
B_loJkl collected $41.50 from pot
*** SUMMARY ***
Total pot $42 | Rake $0.50
Board [Tc Js Kc 3c 2d]
Seat 6: ehavai (big blind) mucked
Seat 7: B_loJkl (button) (small blind) showed [Jc Jd] and won ($41.50) with three of a kind, Jacks


PokerStars Hand #155140216923:  Hold'em Limit ($3/$6 USD) - 2016/06/24 11:15:44 ET
Table 'Prospero II' 10-max Seat #7 is the button
Seat 6: ehavai ($55.93 in chips)
Seat 7: B_loJkl ($207.26 in chips)
B_loJkl: posts small blind $1
ehavai: posts big blind $3
*** HOLE CARDS ***
B_loJkl: raises $3 to $6
ehavai said, "pretty nice lucker uear"
ehavai: calls $3
*** FLOP *** [Ks Ad 2c]
ehavai: checks
B_loJkl: bets $3
ehavai: folds
Uncalled bet ($3) returned to B_loJkl
B_loJkl collected $11.76 from pot
B_loJkl: doesn't show hand
*** SUMMARY ***
Total pot $12 | Rake $0.24
Board [Ks Ad 2c]
Seat 6: ehavai (big blind) folded on the Flop
Seat 7: B_loJkl (button) (small blind) collected ($11.76)


PokerStars Hand #155140204015:  Hold'em Limit ($3/$6 USD) - 2016/06/24 11:15:20 ET
Table 'Prospero II' 10-max Seat #6 is the button
Seat 6: ehavai ($82.93 in chips)
Seat 7: B_loJkl ($180.76 in chips)
ehavai: posts small blind $1
B_loJkl: posts big blind $3
*** HOLE CARDS ***
ehavai: raises $3 to $6
B_loJkl: calls $3
*** FLOP *** [Kd 7c As]
B_loJkl: checks
ehavai: bets $3
B_loJkl: calls $3
*** TURN *** [Kd 7c As] [4s]
B_loJkl: checks
ehavai: bets $6
B_loJkl: raises $6 to $12
ehavai: calls $6
*** RIVER *** [Kd 7c As 4s] [Jd]
B_loJkl: bets $6
ehavai: calls $6
*** SHOW DOWN ***
B_loJkl: shows [Ah 4h] (two pair, Aces and Fours)
ehavai: mucks hand
B_loJkl collected $53.50 from pot
*** SUMMARY ***
Total pot $54 | Rake $0.50
Board [Kd 7c As 4s Jd]
Seat 6: ehavai (button) (small blind) mucked
Seat 7: B_loJkl (big blind) showed [Ah 4h] and won ($53.50) with two pair, Aces and Fours


PokerStars Hand #155140236616:  Hold'em Limit ($3/$6 USD) - 2016/06/24 11:16:20 ET
Table 'Prospero II' 10-max Seat #7 is the button
Seat 6: ehavai ($55.69 in chips)
Seat 7: B_loJkl ($207.02 in chips)
B_loJkl: posts small blind $1
ehavai: posts big blind $3
*** HOLE CARDS ***
B_loJkl: raises $3 to $6
ehavai: calls $3
*** FLOP *** [9h 9d Jd]
ehavai: checks
B_loJkl: bets $3
ehavai: calls $3
*** TURN *** [9h 9d Jd] [Qh]
ehavai: checks
B_loJkl: bets $6
ehavai: raises $6 to $12
B_loJkl: folds
Uncalled bet ($6) returned to ehavai
ehavai collected $29.50 from pot
ehavai: doesn't show hand
*** SUMMARY ***
Total pot $30 | Rake $0.50
Board [9h 9d Jd Qh]
Seat 6: ehavai (big blind) collected ($29.50)
Seat 7: B_loJkl (button) (small blind) folded on the Turn


PokerStars Hand #155140227542:  Hold'em Limit ($3/$6 USD) - 2016/06/24 11:16:03 ET
Table 'Prospero II' 10-max Seat #6 is the button
Seat 6: ehavai ($49.93 in chips)
Seat 7: B_loJkl ($213.02 in chips)
ehavai: posts small blind $1
B_loJkl: posts big blind $3
*** HOLE CARDS ***
ehavai: raises $3 to $6
B_loJkl: calls $3
*** FLOP *** [Kd Kh 5d]
B_loJkl: checks
ehavai: bets $3
B_loJkl: folds
Uncalled bet ($3) returned to ehavai
ehavai collected $11.76 from pot
ehavai: doesn't show hand
*** SUMMARY ***
Total pot $12 | Rake $0.24
Board [Kd Kh 5d]
Seat 6: ehavai (button) (small blind) collected ($11.76)
Seat 7: B_loJkl (big blind) folded on the Flop


PokerStars Hand #155140174646:  Hold'em Limit ($3/$6 USD) - 2016/06/24 11:14:27 ET
Table 'Prospero II' 10-max Seat #7 is the button
Seat 6: ehavai ($96.29 in chips)
Seat 7: B_loJkl ($168.26 in chips)
B_loJkl: posts small blind $1
ehavai: posts big blind $3
*** HOLE CARDS ***
B_loJkl: raises $3 to $6
ehavai: calls $3
*** FLOP *** [4h Ah Qh]
ehavai: checks
B_loJkl: bets $3
ehavai: calls $3
*** TURN *** [4h Ah Qh] [7h]
ehavai: checks
B_loJkl: bets $6
ehavai: calls $6
*** RIVER *** [4h Ah Qh 7h] [4d]
ehavai: bets $6
B_loJkl: calls $6
*** SHOW DOWN ***
ehavai: shows [5d As] (two pair, Aces and Fours)
B_loJkl: shows [Qc 6h] (a flush, Ace high)
B_loJkl collected $41.50 from pot
*** SUMMARY ***
Total pot $42 | Rake $0.50
Board [4h Ah Qh 7h 4d]
Seat 6: ehavai (big blind) showed [5d As] and lost with two pair, Aces and Fours
Seat 7: B_loJkl (button) (small blind) showed [Qc 6h] and won ($41.50) with a flush, Ace high


PokerStars Hand #155140190948:  Hold'em Limit ($3/$6 USD) - 2016/06/24 11:14:56 ET
Table 'Prospero II' 10-max Seat #6 is the button
Seat 6: ehavai ($75.29 in chips)
Seat 7: B_loJkl ($188.76 in chips)
ehavai: posts small blind $1
B_loJkl: posts big blind $3
*** HOLE CARDS ***
ehavai: folds
Uncalled bet ($2) returned to B_loJkl
B_loJkl collected $2 from pot
B_loJkl: doesn't show hand
*** SUMMARY ***
Total pot $2 | Rake $0
Seat 6: ehavai (button) (small blind) folded before Flop
Seat 7: B_loJkl (big blind) collected ($2)


PokerStars Hand #155140267333:  Hold'em Limit ($3/$6 USD) - 2016/06/24 11:17:15 ET
Table 'Prospero II' 10-max Seat #7 is the button
Seat 6: ehavai ($75.95 in chips)
Seat 7: B_loJkl ($186.02 in chips)
B_loJkl: posts small blind $1
ehavai: posts big blind $3
*** HOLE CARDS ***
B_loJkl: raises $3 to $6
ehavai: calls $3
*** FLOP *** [8c Ts Qs]
ehavai: checks
B_loJkl: bets $3
ehavai: calls $3
*** TURN *** [8c Ts Qs] [3d]
ehavai: checks
B_loJkl: bets $6
ehavai: raises $6 to $12
B_loJkl: calls $6
*** RIVER *** [8c Ts Qs 3d] [Jc]
ehavai: bets $6
B_loJkl: raises $6 to $12
ehavai: calls $6
*** SHOW DOWN ***
B_loJkl: shows [Td 9h] (a straight, Eight to Queen)
ehavai: mucks hand
B_loJkl collected $65.50 from pot
*** SUMMARY ***
Total pot $66 | Rake $0.50
Board [8c Ts Qs 3d Jc]
Seat 6: ehavai (big blind) mucked
Seat 7: B_loJkl (button) (small blind) showed [Td 9h] and won ($65.50) with a straight, Eight to Queen


PokerStars Hand #155140250921:  Hold'em Limit ($3/$6 USD) - 2016/06/24 11:16:46 ET
Table 'Prospero II' 10-max Seat #6 is the button
Seat 6: ehavai ($70.19 in chips)
Seat 7: B_loJkl ($192.02 in chips)
ehavai: posts small blind $1
B_loJkl: posts big blind $3
*** HOLE CARDS ***
ehavai: raises $3 to $6
B_loJkl: calls $3
*** FLOP *** [Ks 9s Jc]
B_loJkl: checks
ehavai: bets $3
B_loJkl: folds
Uncalled bet ($3) returned to ehavai
ehavai collected $11.76 from pot
ehavai: doesn't show hand
*** SUMMARY ***
Total pot $12 | Rake $0.24
Board [Ks 9s Jc]
Seat 6: ehavai (button) (small blind) collected ($11.76)
Seat 7: B_loJkl (big blind) folded on the Flop


PokerStars Hand #155140286970:  Hold'em Limit ($3/$6 USD) - 2016/06/24 11:17:51 ET
Table 'Prospero II' 10-max Seat #6 is the button
Seat 6: ehavai ($42.95 in chips)
Seat 7: B_loJkl ($218.52 in chips)
ehavai: posts small blind $1
B_loJkl: posts big blind $3
*** HOLE CARDS ***
ehavai said, "u such a lucker"
ehavai: raises $3 to $6
B_loJkl: raises $3 to $9
ehavai: calls $3
*** FLOP *** [Ts 7c 3h]
B_loJkl: bets $3
ehavai: raises $3 to $6
B_loJkl: calls $3
*** TURN *** [Ts 7c 3h] [Kc]
B_loJkl: bets $6
ehavai: raises $6 to $12
B_loJkl: calls $6
*** RIVER *** [Ts 7c 3h Kc] [5c]
B_loJkl: checks
ehavai: bets $6
B_loJkl: calls $6
*** SHOW DOWN ***
ehavai: shows [7d Ks] (two pair, Kings and Sevens)
B_loJkl: mucks hand
ehavai collected $65.50 from pot
*** SUMMARY ***
Total pot $66 | Rake $0.50
Board [Ts 7c 3h Kc 5c]
Seat 6: ehavai (button) (small blind) showed [7d Ks] and won ($65.50) with two pair, Kings and Sevens
Seat 7: B_loJkl (big blind) mucked


PokerStars Hand #155140324486:  Hold'em Limit ($3/$6 USD) - 2016/06/24 11:18:59 ET
Table 'Prospero II' 10-max Seat #6 is the button
Seat 6: ehavai ($84.09 in chips)
Seat 7: B_loJkl ($176.52 in chips)
ehavai: posts small blind $1
B_loJkl: posts big blind $3
*** HOLE CARDS ***
ehavai: raises $3 to $6
B_loJkl: calls $3
*** FLOP *** [2d 4h 8c]
B_loJkl: checks
ehavai: bets $3
B_loJkl: calls $3
*** TURN *** [2d 4h 8c] [7c]
B_loJkl: checks
ehavai: bets $6
B_loJkl: folds
Uncalled bet ($6) returned to ehavai
ehavai collected $17.64 from pot
ehavai: doesn't show hand
*** SUMMARY ***
Total pot $18 | Rake $0.36
Board [2d 4h 8c 7c]
Seat 6: ehavai (button) (small blind) collected ($17.64)
Seat 7: B_loJkl (big blind) folded on the Turn


PokerStars Hand #155140306969:  Hold'em Limit ($3/$6 USD) - 2016/06/24 11:18:27 ET
Table 'Prospero II' 10-max Seat #7 is the button
Seat 6: ehavai ($75.45 in chips)
Seat 7: B_loJkl ($185.52 in chips)
B_loJkl: posts small blind $1
ehavai: posts big blind $3
*** HOLE CARDS ***
B_loJkl: raises $3 to $6
ehavai: calls $3
*** FLOP *** [3d Kd 2s]
ehavai: checks
B_loJkl: bets $3
ehavai: calls $3
*** TURN *** [3d Kd 2s] [Kh]
ehavai: checks
TinaTurner72 joins the table at seat #8
B_loJkl: checks
*** RIVER *** [3d Kd 2s Kh] [4h]
ehavai: bets $6
B_loJkl: folds
Uncalled bet ($6) returned to ehavai
ehavai collected $17.64 from pot
ehavai: doesn't show hand
*** SUMMARY ***
Total pot $18 | Rake $0.36
Board [3d Kd 2s Kh 4h]
Seat 6: ehavai (big blind) collected ($17.64)
Seat 7: B_loJkl (button) (small blind) folded on the River


PokerStars Hand #155140478603:  Hold'em Limit ($3/$6 USD) - 2016/06/24 11:23:35 ET
Table 'Prospero II' 10-max Seat #6 is the button
Seat 6: ehavai ($53.11 in chips)
Seat 7: B_loJkl ($113.52 in chips)
ehavai: posts small blind $1
B_loJkl: posts big blind $3
*** HOLE CARDS ***
ehavai: folds
Uncalled bet ($2) returned to B_loJkl
B_loJkl collected $2 from pot
B_loJkl: doesn't show hand
*** SUMMARY ***
Total pot $2 | Rake $0
Seat 6: ehavai (button) (small blind) folded before Flop
Seat 7: B_loJkl (big blind) collected ($2)


PokerStars Hand #155140456863:  Hold'em Limit ($3/$6 USD) - 2016/06/24 11:22:56 ET
Table 'Prospero II' 10-max Seat #7 is the button
Seat 6: ehavai ($44.47 in chips)
Seat 7: B_loJkl ($122.52 in chips)
B_loJkl: posts small blind $1
TinaTurner72: is sitting out
ehavai: posts big blind $3
*** HOLE CARDS ***
B_loJkl: raises $3 to $6
TinaTurner72 leaves the table
ehavai: calls $3
*** FLOP *** [9c 5s 6c]
ehavai: checks
B_loJkl: bets $3
ehavai: calls $3
*** TURN *** [9c 5s 6c] [Ks]
ehavai: checks
B_loJkl: checks
*** RIVER *** [9c 5s 6c Ks] [5c]
ehavai: bets $6
B_loJkl: folds
Uncalled bet ($6) returned to ehavai
ehavai collected $17.64 from pot
ehavai: doesn't show hand
*** SUMMARY ***
Total pot $18 | Rake $0.36
Board [9c 5s 6c Ks 5c]
Seat 6: ehavai (big blind) collected ($17.64)
Seat 7: B_loJkl (button) (small blind) folded on the River


PokerStars Hand #155140505387:  Hold'em Limit ($3/$6 USD) - 2016/06/24 11:24:24 ET
Table 'Prospero II' 10-max Seat #7 is the button
Seat 6: ehavai ($39.75 in chips)
Seat 7: B_loJkl ($126.02 in chips)
B_loJkl: posts small blind $1
ehavai: posts big blind $3
*** HOLE CARDS ***
B_loJkl: raises $3 to $6
ehavai: calls $3
*** FLOP *** [8s 7c Jh]
ehavai: checks
B_loJkl: bets $3
ehavai: calls $3
*** TURN *** [8s 7c Jh] [7s]
ehavai: checks
B_loJkl: bets $6
ehavai: calls $6
*** RIVER *** [8s 7c Jh 7s] [Ad]
ehavai: checks
B_loJkl: bets $6
ehavai: calls $6
*** SHOW DOWN ***
B_loJkl: shows [Ts 9s] (a straight, Seven to Jack)
ehavai: mucks hand
B_loJkl collected $41.50 from pot
*** SUMMARY ***
Total pot $42 | Rake $0.50
Board [8s 7c Jh 7s Ad]
Seat 6: ehavai (big blind) mucked
Seat 7: B_loJkl (button) (small blind) showed [Ts 9s] and won ($41.50) with a straight, Seven to Jack


PokerStars Hand #155140491014:  Hold'em Limit ($3/$6 USD) - 2016/06/24 11:23:58 ET
Table 'Prospero II' 10-max Seat #6 is the button
Seat 6: ehavai ($31.11 in chips)
Seat 7: B_loJkl ($135.02 in chips)
ehavai: posts small blind $1
B_loJkl: posts big blind $3
*** HOLE CARDS ***
ehavai: raises $3 to $6
ehavai said, "nice Q#"
B_loJkl: calls $3
*** FLOP *** [5c Qd Tc]
B_loJkl: checks
ehavai: bets $3
B_loJkl: calls $3
*** TURN *** [5c Qd Tc] [8h]
B_loJkl: checks
ehavai: bets $6
B_loJkl: folds
Uncalled bet ($6) returned to ehavai
ehavai collected $17.64 from pot
ehavai: doesn't show hand
*** SUMMARY ***
Total pot $18 | Rake $0.36
Board [5c Qd Tc 8h]
Seat 6: ehavai (button) (small blind) collected ($17.64)
Seat 7: B_loJkl (big blind) folded on the Turn


PokerStars Hand #155140481156:  Hold'em Limit ($3/$6 USD) - 2016/06/24 11:23:40 ET
Table 'Prospero II' 10-max Seat #7 is the button
Seat 6: ehavai ($52.11 in chips)
Seat 7: B_loJkl ($114.52 in chips)
B_loJkl: posts small blind $1
ehavai: posts big blind $3
*** HOLE CARDS ***
B_loJkl: raises $3 to $6
ehavai: calls $3
*** FLOP *** [Qd 5c 8d]
ehavai: checks
B_loJkl: bets $3
ehavai: calls $3
*** TURN *** [Qd 5c 8d] [2c]
ehavai: checks
B_loJkl: bets $6
ehavai: calls $6
*** RIVER *** [Qd 5c 8d 2c] [3c]
ehavai: checks
B_loJkl: bets $6
ehavai: calls $6
*** SHOW DOWN ***
B_loJkl: shows [Qs 3s] (two pair, Queens and Threes)
ehavai: mucks hand
B_loJkl collected $41.50 from pot
*** SUMMARY ***
Total pot $42 | Rake $0.50
Board [Qd 5c 8d 2c 3c]
Seat 6: ehavai (big blind) mucked
Seat 7: B_loJkl (button) (small blind) showed [Qs 3s] and won ($41.50) with two pair, Queens and Threes


PokerStars Hand #155140535755:  Hold'em Limit ($3/$6 USD) - 2016/06/24 11:25:19 ET
Table 'Prospero II' 10-max Seat #6 is the button
Seat 6: ehavai ($38 in chips)
Seat 7: B_loJkl ($126.77 in chips)
ehavai: posts small blind $1
B_loJkl: posts big blind $3
*** HOLE CARDS ***
ehavai: raises $3 to $6
B_loJkl: calls $3
*** FLOP *** [2h 5c Qd]
B_loJkl: checks
ehavai: bets $3
B_loJkl: calls $3
*** TURN *** [2h 5c Qd] [6d]
B_loJkl: checks
ehavai: bets $6
B_loJkl: calls $6
*** RIVER *** [2h 5c Qd 6d] [9s]
B_loJkl: checks
ehavai: bets $6
B_loJkl: calls $6
*** SHOW DOWN ***
ehavai: shows [Ts Tc] (a pair of Tens)
B_loJkl: mucks hand
ehavai collected $41.50 from pot
*** SUMMARY ***
Total pot $42 | Rake $0.50
Board [2h 5c Qd 6d 9s]
Seat 6: ehavai (button) (small blind) showed [Ts Tc] and won ($41.50) with a pair of Tens
Seat 7: B_loJkl (big blind) mucked


PokerStars Hand #155140533227:  Hold'em Limit ($3/$6 USD) - 2016/06/24 11:25:14 ET
Table 'Prospero II' 10-max Seat #7 is the button
Seat 6: ehavai ($37 in chips)
Seat 7: B_loJkl ($127.77 in chips)
B_loJkl: posts small blind $1
ehavai: posts big blind $3
*** HOLE CARDS ***
B_loJkl: folds
Uncalled bet ($2) returned to ehavai
ehavai collected $2 from pot
ehavai: doesn't show hand
*** SUMMARY ***
Total pot $2 | Rake $0
Seat 6: ehavai (big blind) collected ($2)
Seat 7: B_loJkl (button) (small blind) folded before Flop


PokerStars Hand #155140519426:  Hold'em Limit ($3/$6 USD) - 2016/06/24 11:24:50 ET
Table 'Prospero II' 10-max Seat #6 is the button
Seat 6: ehavai ($18.75 in chips)
Seat 7: B_loJkl ($146.52 in chips)
ehavai: posts small blind $1
B_loJkl: posts big blind $3
*** HOLE CARDS ***
ehavai: raises $3 to $6
B_loJkl: calls $3
*** FLOP *** [3s Ac 6h]
ehavai said, "how the **** u hit all the time?"
B_loJkl: checks
ehavai: bets $3
B_loJkl: calls $3
*** TURN *** [3s Ac 6h] [4c]
B_loJkl: checks
ehavai: bets $6
B_loJkl: raises $6 to $12
ehavai: calls $3.75 and is all-in
Uncalled bet ($2.25) returned to B_loJkl
*** RIVER *** [3s Ac 6h 4c] [Kc]
*** SHOW DOWN ***
B_loJkl: shows [2h Kd] (a pair of Kings)
ehavai: shows [4s 4h] (three of a kind, Fours)
ehavai collected $37 from pot
*** SUMMARY ***
Total pot $37.50 | Rake $0.50
Board [3s Ac 6h 4c Kc]
Seat 6: ehavai (button) (small blind) showed [4s 4h] and won ($37) with three of a kind, Fours
Seat 7: B_loJkl (big blind) showed [2h Kd] and lost with a pair of Kings


PokerStars Hand #155140565248:  Hold'em Limit ($3/$6 USD) - 2016/06/24 11:26:13 ET
Table 'Prospero II' 10-max Seat #6 is the button
Seat 6: ehavai ($67.14 in chips)
Seat 7: B_loJkl ($96.77 in chips)
ehavai: posts small blind $1
B_loJkl: posts big blind $3
*** HOLE CARDS ***
ehavai: raises $3 to $6
B_loJkl: calls $3
*** FLOP *** [Kd Qc 4c]
B_loJkl: checks
ehavai: bets $3
B_loJkl: calls $3
*** TURN *** [Kd Qc 4c] [9s]
B_loJkl: checks
ehavai: bets $6
B_loJkl: calls $6
*** RIVER *** [Kd Qc 4c 9s] [7s]
B_loJkl: checks
ehavai: bets $6
B_loJkl: folds
Uncalled bet ($6) returned to ehavai
ehavai collected $29.50 from pot
ehavai: doesn't show hand
*** SUMMARY ***
Total pot $30 | Rake $0.50
Board [Kd Qc 4c 9s 7s]
Seat 6: ehavai (button) (small blind) collected ($29.50)
Seat 7: B_loJkl (big blind) folded on the River


PokerStars Hand #155140553518:  Hold'em Limit ($3/$6 USD) - 2016/06/24 11:25:51 ET
Table 'Prospero II' 10-max Seat #7 is the button
Seat 6: ehavai ($58.50 in chips)
Seat 7: B_loJkl ($105.77 in chips)
B_loJkl: posts small blind $1
ehavai: posts big blind $3
*** HOLE CARDS ***
B_loJkl: raises $3 to $6
ehavai: calls $3
*** FLOP *** [7c Ac 8h]
ehavai: checks
B_loJkl: bets $3
ehavai: calls $3
*** TURN *** [7c Ac 8h] [3s]
ehavai: checks
B_loJkl: checks
*** RIVER *** [7c Ac 8h 3s] [Ad]
ehavai: bets $6
B_loJkl: folds
Uncalled bet ($6) returned to ehavai
ehavai collected $17.64 from pot
ehavai: doesn't show hand
*** SUMMARY ***
Total pot $18 | Rake $0.36
Board [7c Ac 8h 3s Ad]
Seat 6: ehavai (big blind) collected ($17.64)
Seat 7: B_loJkl (button) (small blind) folded on the River


PokerStars Hand #155140601982:  Hold'em Limit ($3/$6 USD) - 2016/06/24 11:27:20 ET
Table 'Prospero II' 10-max Seat #7 is the button
Seat 6: ehavai ($66.40 in chips)
Seat 7: B_loJkl ($96.27 in chips)
B_loJkl: posts small blind $1
ehavai: posts big blind $3
*** HOLE CARDS ***
B_loJkl: raises $3 to $6
ehavai: calls $3
*** FLOP *** [Qh 9d 7d]
ehavai: checks
B_loJkl: checks
*** TURN *** [Qh 9d 7d] [Ad]
ehavai: checks
B_loJkl: checks
*** RIVER *** [Qh 9d 7d Ad] [7s]
ehavai: checks
B_loJkl: checks
*** SHOW DOWN ***
ehavai: shows [Jh 5s] (a pair of Sevens)
B_loJkl: mucks hand
ehavai collected $11.76 from pot
*** SUMMARY ***
Total pot $12 | Rake $0.24
Board [Qh 9d 7d Ad 7s]
Seat 6: ehavai (big blind) showed [Jh 5s] and won ($11.76) with a pair of Sevens
Seat 7: B_loJkl (button) (small blind) mucked


PokerStars Hand #155140595882:  Hold'em Limit ($3/$6 USD) - 2016/06/24 11:27:08 ET
Table 'Prospero II' 10-max Seat #6 is the button
Seat 6: ehavai ($60.64 in chips)
Seat 7: B_loJkl ($102.27 in chips)
ehavai: posts small blind $1
B_loJkl: posts big blind $3
*** HOLE CARDS ***
ehavai: raises $3 to $6
B_loJkl: calls $3
*** FLOP *** [5c 2h Qc]
B_loJkl: checks
ehavai: bets $3
B_loJkl: folds
Uncalled bet ($3) returned to ehavai
ehavai collected $11.76 from pot
ehavai: doesn't show hand
*** SUMMARY ***
Total pot $12 | Rake $0.24
Board [5c 2h Qc]
Seat 6: ehavai (button) (small blind) collected ($11.76)
Seat 7: B_loJkl (big blind) folded on the Flop


PokerStars Hand #155140582072:  Hold'em Limit ($3/$6 USD) - 2016/06/24 11:26:43 ET
Table 'Prospero II' 10-max Seat #7 is the button
Seat 6: ehavai ($81.64 in chips)
Seat 7: B_loJkl ($81.77 in chips)
B_loJkl: posts small blind $1
ehavai: posts big blind $3
*** HOLE CARDS ***
B_loJkl: raises $3 to $6
ehavai: calls $3
*** FLOP *** [4s 9c Ts]
ehavai: checks
B_loJkl: bets $3
ehavai: calls $3
*** TURN *** [4s 9c Ts] [Qs]
ehavai: checks
B_loJkl: bets $6
ehavai: calls $6
*** RIVER *** [4s 9c Ts Qs] [Kh]
ehavai: checks
B_loJkl: bets $6
ehavai: calls $6
*** SHOW DOWN ***
B_loJkl: shows [Jd Th] (a straight, Nine to King)
ehavai: mucks hand
B_loJkl collected $41.50 from pot
*** SUMMARY ***
Total pot $42 | Rake $0.50
Board [4s 9c Ts Qs Kh]
Seat 6: ehavai (big blind) mucked
Seat 7: B_loJkl (button) (small blind) showed [Jd Th] and won ($41.50) with a straight, Nine to King


PokerStars Hand #155140610008:  Hold'em Limit ($3/$6 USD) - 2016/06/24 11:27:34 ET
Table 'Prospero II' 10-max Seat #6 is the button
Seat 6: ehavai ($72.16 in chips)
Seat 7: B_loJkl ($90.27 in chips)
ehavai: posts small blind $1
B_loJkl: posts big blind $3
*** HOLE CARDS ***
ehavai: raises $3 to $6
B_loJkl: calls $3
*** FLOP *** [8h 5h 4s]
B_loJkl: checks
ehavai: bets $3
B_loJkl: raises $3 to $6
ehavai: calls $3
*** TURN *** [8h 5h 4s] [6s]
B_loJkl: bets $6
ehavai: calls $6
*** RIVER *** [8h 5h 4s 6s] [Ts]
B_loJkl: bets $6
ehavai: calls $6
*** SHOW DOWN ***
B_loJkl: shows [7d 5s] (a straight, Four to Eight)
ehavai: mucks hand
B_loJkl collected $47.50 from pot
*** SUMMARY ***
Total pot $48 | Rake $0.50
Board [8h 5h 4s 6s Ts]
Seat 6: ehavai (button) (small blind) mucked
Seat 7: B_loJkl (big blind) showed [7d 5s] and won ($47.50) with a straight, Four to Eight


PokerStars Hand #155140634912:  Hold'em Limit ($3/$6 USD) - 2016/06/24 11:28:08 ET
Table 'Prospero II' 10-max Seat #6 is the button
Seat 6: ehavai ($42.16 in chips)
Seat 7: B_loJkl ($119.53 in chips)
ehavai: posts small blind $1
B_loJkl: posts big blind $3
*** HOLE CARDS ***
ehavai: raises $3 to $6
B_loJkl: folds
Uncalled bet ($3) returned to ehavai
ehavai collected $6 from pot
ehavai: doesn't show hand
*** SUMMARY ***
Total pot $6 | Rake $0
Seat 6: ehavai (button) (small blind) collected ($6)
Seat 7: B_loJkl (big blind) folded before Flop


PokerStars Hand #155140624933:  Hold'em Limit ($3/$6 USD) - 2016/06/24 11:27:50 ET
Table 'Prospero II' 10-max Seat #7 is the button
Seat 6: ehavai ($48.16 in chips)
Seat 7: B_loJkl ($113.77 in chips)
B_loJkl: posts small blind $1
ehavai: posts big blind $3
*** HOLE CARDS ***
B_loJkl: raises $3 to $6
ehavai: calls $3
*** FLOP *** [Jh 6h 6c]
ehavai: checks
B_loJkl: bets $3
ehavai said, "unbelive luck"
ehavai: folds
Uncalled bet ($3) returned to B_loJkl
B_loJkl collected $11.76 from pot
B_loJkl: doesn't show hand
*** SUMMARY ***
Total pot $12 | Rake $0.24
Board [Jh 6h 6c]
Seat 6: ehavai (big blind) folded on the Flop
Seat 7: B_loJkl (button) (small blind) collected ($11.76)


PokerStars Hand #155140638355:  Hold'em Limit ($3/$6 USD) - 2016/06/24 11:28:15 ET
Table 'Prospero II' 10-max Seat #7 is the button
Seat 6: ehavai ($45.16 in chips)
Seat 7: B_loJkl ($116.53 in chips)
B_loJkl: posts small blind $1
ehavai: posts big blind $3
*** HOLE CARDS ***
B_loJkl: raises $3 to $6
ehavai: calls $3
*** FLOP *** [Jh 4d Kc]
ehavai: checks
B_loJkl: bets $3
ehavai: calls $3
*** TURN *** [Jh 4d Kc] [8s]
ehavai: checks
B_loJkl: bets $6
ehavai: calls $6
*** RIVER *** [Jh 4d Kc 8s] [Jd]
ehavai: checks
B_loJkl: checks
*** SHOW DOWN ***
ehavai: shows [As 4c] (two pair, Jacks and Fours)
B_loJkl: mucks hand
ehavai collected $29.50 from pot
*** SUMMARY ***
Total pot $30 | Rake $0.50
Board [Jh 4d Kc 8s Jd]
Seat 6: ehavai (big blind) showed [As 4c] and won ($29.50) with two pair, Jacks and Fours
Seat 7: B_loJkl (button) (small blind) mucked


PokerStars Hand #155140646822:  Hold'em Limit ($3/$6 USD) - 2016/06/24 11:28:30 ET
Table 'Prospero II' 10-max Seat #6 is the button
Seat 6: ehavai ($59.66 in chips)
Seat 7: B_loJkl ($101.53 in chips)
ehavai: posts small blind $1
B_loJkl: posts big blind $3
*** HOLE CARDS ***
ehavai: raises $3 to $6
B_loJkl: calls $3
*** FLOP *** [As 9h Qh]
B_loJkl: checks
ehavai: bets $3
B_loJkl: calls $3
*** TURN *** [As 9h Qh] [Qc]
B_loJkl: checks
ehavai: bets $6
B_loJkl: calls $6
*** RIVER *** [As 9h Qh Qc] [Qs]
B_loJkl: checks
ehavai: bets $6
B_loJkl: calls $6
*** SHOW DOWN ***
ehavai: shows [Ac 6d] (a full house, Queens full of Aces)
B_loJkl: mucks hand
ehavai collected $41.50 from pot
*** SUMMARY ***
Total pot $42 | Rake $0.50
Board [As 9h Qh Qc Qs]
Seat 6: ehavai (button) (small blind) showed [Ac 6d] and won ($41.50) with a full house, Queens full of Aces
Seat 7: B_loJkl (big blind) mucked


PokerStars Hand #155140669054:  Hold'em Limit ($3/$6 USD) - 2016/06/24 11:29:11 ET
Table 'Prospero II' 10-max Seat #6 is the button
Seat 6: ehavai ($65.16 in chips)
Seat 7: B_loJkl ($95.03 in chips)
ehavai: posts small blind $1
B_loJkl: posts big blind $3
*** HOLE CARDS ***
ehavai: folds
Uncalled bet ($2) returned to B_loJkl
B_loJkl collected $2 from pot
B_loJkl: doesn't show hand
*** SUMMARY ***
Total pot $2 | Rake $0
Seat 6: ehavai (button) (small blind) folded before Flop
Seat 7: B_loJkl (big blind) collected ($2)


PokerStars Hand #155140660040:  Hold'em Limit ($3/$6 USD) - 2016/06/24 11:28:54 ET
Table 'Prospero II' 10-max Seat #7 is the button
Seat 6: ehavai ($80.16 in chips)
Seat 7: B_loJkl ($80.53 in chips)
B_loJkl: posts small blind $1
ehavai: posts big blind $3
*** HOLE CARDS ***
B_loJkl: raises $3 to $6
ehavai: calls $3
*** FLOP *** [As 6c 6s]
ehavai: checks
B_loJkl: bets $3
ehavai: calls $3
*** TURN *** [As 6c 6s] [5d]
ehavai: checks
B_loJkl: bets $6
ehavai: calls $6
*** RIVER *** [As 6c 6s 5d] [4d]
ehavai: checks
B_loJkl: checks
*** SHOW DOWN ***
ehavai: shows [7s 2s] (a pair of Sixes)
B_loJkl: shows [Qd 7c] (a pair of Sixes - Ace+Queen kicker)
B_loJkl collected $29.50 from pot
*** SUMMARY ***
Total pot $30 | Rake $0.50
Board [As 6c 6s 5d 4d]
Seat 6: ehavai (big blind) showed [7s 2s] and lost with a pair of Sixes
Seat 7: B_loJkl (button) (small blind) showed [Qd 7c] and won ($29.50) with a pair of Sixes


PokerStars Hand #155140671439:  Hold'em Limit ($3/$6 USD) - 2016/06/24 11:29:15 ET
Table 'Prospero II' 10-max Seat #7 is the button
Seat 6: ehavai ($64.16 in chips)
Seat 7: B_loJkl ($96.03 in chips)
B_loJkl: posts small blind $1
ehavai: posts big blind $3
*** HOLE CARDS ***
B_loJkl: raises $3 to $6
ehavai: raises $3 to $9
B_loJkl: calls $3
*** FLOP *** [Tc Td Ad]
ehavai: checks
B_loJkl: bets $3
ehavai: calls $3
*** TURN *** [Tc Td Ad] [3c]
ehavai: checks
B_loJkl: bets $6
ehavai: raises $6 to $12
B_loJkl: folds
Uncalled bet ($6) returned to ehavai
ehavai collected $35.50 from pot
ehavai: doesn't show hand
*** SUMMARY ***
Total pot $36 | Rake $0.50
Board [Tc Td Ad 3c]
Seat 6: ehavai (big blind) collected ($35.50)
Seat 7: B_loJkl (button) (small blind) folded on the Turn


PokerStars Hand #155140689820:  Hold'em Limit ($3/$6 USD) - 2016/06/24 11:29:48 ET
Table 'Prospero II' 10-max Seat #6 is the button
Seat 6: ehavai ($81.66 in chips)
Seat 7: B_loJkl ($78.03 in chips)
ehavai: posts small blind $1
B_loJkl: posts big blind $3
*** HOLE CARDS ***
ehavai: folds
Uncalled bet ($2) returned to B_loJkl
B_loJkl collected $2 from pot
B_loJkl: doesn't show hand
*** SUMMARY ***
Total pot $2 | Rake $0
Seat 6: ehavai (button) (small blind) folded before Flop
Seat 7: B_loJkl (big blind) collected ($2)


PokerStars Hand #155140701283:  Hold'em Limit ($3/$6 USD) - 2016/06/24 11:30:07 ET
Table 'Prospero II' 10-max Seat #6 is the button
Seat 6: ehavai ($74.66 in chips)
Seat 7: B_loJkl ($84.79 in chips)
ehavai: posts small blind $1
B_loJkl: posts big blind $3
*** HOLE CARDS ***
ehavai: folds
Uncalled bet ($2) returned to B_loJkl
B_loJkl collected $2 from pot
B_loJkl: doesn't show hand
*** SUMMARY ***
Total pot $2 | Rake $0
Seat 6: ehavai (button) (small blind) folded before Flop
Seat 7: B_loJkl (big blind) collected ($2)


PokerStars Hand #155140703801:  Hold'em Limit ($3/$6 USD) - 2016/06/24 11:30:11 ET
Table 'Prospero II' 10-max Seat #7 is the button
Seat 6: ehavai ($73.66 in chips)
Seat 7: B_loJkl ($85.79 in chips)
B_loJkl: posts small blind $1
ehavai: posts big blind $3
*** HOLE CARDS ***
B_loJkl: raises $3 to $6
ehavai: calls $3
*** FLOP *** [Ts 7c 9h]
ehavai: checks
B_loJkl: bets $3
ehavai: calls $3
*** TURN *** [Ts 7c 9h] [Ah]
ehavai: checks
B_loJkl: checks
*** RIVER *** [Ts 7c 9h Ah] [Js]
ehavai: checks
B_loJkl: checks
*** SHOW DOWN ***
ehavai: shows [Qh 4c] (high card Ace)
B_loJkl: shows [6c 7h] (a pair of Sevens)
B_loJkl collected $17.64 from pot
*** SUMMARY ***
Total pot $18 | Rake $0.36
Board [Ts 7c 9h Ah Js]
Seat 6: ehavai (big blind) showed [Qh 4c] and lost with high card Ace
Seat 7: B_loJkl (button) (small blind) showed [6c 7h] and won ($17.64) with a pair of Sevens


PokerStars Hand #155140722863:  Hold'em Limit ($3/$6 USD) - 2016/06/24 11:30:45 ET
Table 'Prospero II' 10-max Seat #6 is the button
Seat 6: ehavai ($64.66 in chips)
Seat 7: B_loJkl ($94.43 in chips)
ehavai: posts small blind $1
B_loJkl: posts big blind $3
*** HOLE CARDS ***
ehavai: raises $3 to $6
B_loJkl: calls $3
*** FLOP *** [Qd Kh 5d]
B_loJkl: checks
ehavai: bets $3
B_loJkl: calls $3
*** TURN *** [Qd Kh 5d] [3s]
B_loJkl: checks
ehavai: bets $6
B_loJkl: calls $6
*** RIVER *** [Qd Kh 5d 3s] [9c]
B_loJkl: checks
ehavai: bets $6
B_loJkl: raises $6 to $12
ehavai: folds
Uncalled bet ($6) returned to B_loJkl
B_loJkl collected $41.50 from pot
B_loJkl: doesn't show hand
UnTwisteR joins the table at seat #5
*** SUMMARY ***
Total pot $42 | Rake $0.50
Board [Qd Kh 5d 3s 9c]
Seat 6: ehavai (button) (small blind) folded on the River
Seat 7: B_loJkl (big blind) collected ($41.50)


