PokerStars Hand #154089721718:  Hold'em Limit ($3/$6 USD) - 2016/05/31 8:17:49 ET
Table 'Protogeneia II' 10-max Seat #10 is the button
Seat 1: Airbag999 ($208.11 in chips)
Seat 10: Matholi ($104.47 in chips)
Matholi: posts small blind $1
Airbag999: posts big blind $3
*** HOLE CARDS ***
Matholi: raises $3 to $6
Airbag999: calls $3
*** FLOP *** [Qh 7h 6h]
Airbag999: checks
Matholi: checks
*** TURN *** [Qh 7h 6h] [4d]
Airbag999: bets $6
Matholi: calls $6
*** RIVER *** [Qh 7h 6h 4d] [Js]
Airbag999: bets $6
Matholi: calls $6
*** SHOW DOWN ***
Airbag999: shows [4s Qs] (two pair, Queens and Fours)
Matholi: mucks hand
Airbag999 collected $35.50 from pot
*** SUMMARY ***
Total pot $36 | Rake $0.50
Board [Qh 7h 6h 4d Js]
Seat 1: Airbag999 (big blind) showed [4s Qs] and won ($35.50) with two pair, Queens and Fours
Seat 10: Matholi (button) (small blind) mucked


PokerStars Hand #154089739813:  Hold'em Limit ($3/$6 USD) - 2016/05/31 8:18:25 ET
Table 'Protogeneia II' 10-max Seat #1 is the button
Seat 1: Airbag999 ($225.61 in chips)
Seat 10: Matholi ($86.47 in chips)
Airbag999: posts small blind $1
Matholi: posts big blind $3
*** HOLE CARDS ***
Airbag999: raises $3 to $6
Matholi: folds
Uncalled bet ($3) returned to Airbag999
Airbag999 collected $6 from pot
Airbag999: doesn't show hand
*** SUMMARY ***
Total pot $6 | Rake $0
Seat 1: Airbag999 (button) (small blind) collected ($6)
Seat 10: Matholi (big blind) folded before Flop


PokerStars Hand #154089710037:  Hold'em Limit ($3/$6 USD) - 2016/05/31 8:17:25 ET
Table 'Protogeneia II' 10-max Seat #1 is the button
Seat 1: Airbag999 ($199.47 in chips)
Seat 10: Matholi ($113.47 in chips)
Airbag999: posts small blind $1
B_loJkl: is sitting out
Matholi: posts big blind $3
*** HOLE CARDS ***
Airbag999: raises $3 to $6
Matholi: calls $3
*** FLOP *** [Ac 2c Ad]
Matholi: checks
Airbag999: bets $3
Matholi: calls $3
*** TURN *** [Ac 2c Ad] [7d]
Matholi: checks
Airbag999: checks
*** RIVER *** [Ac 2c Ad 7d] [As]
Matholi: checks
Airbag999: checks
*** SHOW DOWN ***
Matholi: shows [5h Qd] (three of a kind, Aces)
Airbag999: shows [9d Ks] (three of a kind, Aces - King kicker)
Airbag999 collected $17.64 from pot
*** SUMMARY ***
Total pot $18 | Rake $0.36
Board [Ac 2c Ad 7d As]
Seat 1: Airbag999 (button) (small blind) showed [9d Ks] and won ($17.64) with three of a kind, Aces
Seat 10: Matholi (big blind) showed [5h Qd] and lost with three of a kind, Aces


PokerStars Hand #154089745606:  Hold'em Limit ($3/$6 USD) - 2016/05/31 8:18:36 ET
Table 'Protogeneia II' 10-max Seat #10 is the button
Seat 1: Airbag999 ($228.61 in chips)
Seat 10: Matholi ($83.47 in chips)
Matholi: posts small blind $1
Airbag999: posts big blind $3
*** HOLE CARDS ***
Matholi: raises $3 to $6
Airbag999: calls $3
*** FLOP *** [Qs Td Ac]
Airbag999: checks
Matholi: bets $3
Airbag999: folds
Uncalled bet ($3) returned to Matholi
Matholi collected $11.76 from pot
*** SUMMARY ***
Total pot $12 | Rake $0.24
Board [Qs Td Ac]
Seat 1: Airbag999 (big blind) folded on the Flop
Seat 10: Matholi (button) (small blind) collected ($11.76)


PokerStars Hand #154089757207:  Hold'em Limit ($3/$6 USD) - 2016/05/31 8:19:00 ET
Table 'Protogeneia II' 10-max Seat #1 is the button
Seat 1: Airbag999 ($222.61 in chips)
Seat 10: Matholi ($89.23 in chips)
Airbag999: posts small blind $1
Matholi: posts big blind $3
*** HOLE CARDS ***
Airbag999: raises $3 to $6
Matholi: calls $3
*** FLOP *** [2s 6h Qc]
Matholi: checks
Airbag999: bets $3
Matholi: calls $3
*** TURN *** [2s 6h Qc] [8s]
Matholi: checks
Airbag999: bets $6
Matholi: calls $6
*** RIVER *** [2s 6h Qc 8s] [Jd]
Matholi: checks
Airbag999: checks
*** SHOW DOWN ***
Matholi: shows [Td 8d] (a pair of Eights)
Airbag999: mucks hand
Matholi collected $29.50 from pot
*** SUMMARY ***
Total pot $30 | Rake $0.50
Board [2s 6h Qc 8s Jd]
Seat 1: Airbag999 (button) (small blind) mucked
Seat 10: Matholi (big blind) showed [Td 8d] and won ($29.50) with a pair of Eights


PokerStars Hand #154089771623:  Hold'em Limit ($3/$6 USD) - 2016/05/31 8:19:29 ET
Table 'Protogeneia II' 10-max Seat #10 is the button
Seat 1: Airbag999 ($207.61 in chips)
Seat 10: Matholi ($103.73 in chips)
Matholi: posts small blind $1
Airbag999: posts big blind $3
*** HOLE CARDS ***
Matholi: raises $3 to $6
Airbag999: raises $3 to $9
Matholi: calls $3
*** FLOP *** [6d 8s Jh]
Airbag999: bets $3
Matholi: raises $3 to $6
Airbag999: calls $3
*** TURN *** [6d 8s Jh] [Ts]
Airbag999: checks
Matholi: bets $6
Airbag999: calls $6
*** RIVER *** [6d 8s Jh Ts] [Ah]
Airbag999: checks
Matholi: checks
*** SHOW DOWN ***
Airbag999: shows [7h 7s] (a pair of Sevens)
Matholi: shows [Jc 3s] (a pair of Jacks)
Matholi collected $41.50 from pot
*** SUMMARY ***
Total pot $42 | Rake $0.50
Board [6d 8s Jh Ts Ah]
Seat 1: Airbag999 (big blind) showed [7h 7s] and lost with a pair of Sevens
Seat 10: Matholi (button) (small blind) showed [Jc 3s] and won ($41.50) with a pair of Jacks


PokerStars Hand #154089788048:  Hold'em Limit ($3/$6 USD) - 2016/05/31 8:20:01 ET
Table 'Protogeneia II' 10-max Seat #1 is the button
Seat 1: Airbag999 ($186.61 in chips)
Seat 10: Matholi ($124.23 in chips)
Airbag999: posts small blind $1
Matholi: posts big blind $3
*** HOLE CARDS ***
Airbag999: raises $3 to $6
Matholi: calls $3
*** FLOP *** [8d Jh 4d]
Matholi: checks
Airbag999: bets $3
Matholi: raises $3 to $6
Airbag999: calls $3
*** TURN *** [8d Jh 4d] [9c]
Matholi: bets $6
Airbag999: calls $6
*** RIVER *** [8d Jh 4d 9c] [3h]
Matholi: checks
Airbag999: checks
*** SHOW DOWN ***
Matholi: shows [4s 7d] (a pair of Fours)
Punkyfee joins the table at seat #3
Airbag999: mucks hand
Matholi collected $35.50 from pot
*** SUMMARY ***
Total pot $36 | Rake $0.50
Board [8d Jh 4d 9c 3h]
Seat 1: Airbag999 (button) (small blind) mucked
Seat 10: Matholi (big blind) showed [4s 7d] and won ($35.50) with a pair of Fours


PokerStars Hand #154089804070:  Hold'em Limit ($3/$6 USD) - 2016/05/31 8:20:33 ET
Table 'Protogeneia II' 10-max Seat #10 is the button
Seat 1: Airbag999 ($168.61 in chips)
Seat 10: Matholi ($141.73 in chips)
Matholi: posts small blind $1
Airbag999: posts big blind $3
*** HOLE CARDS ***
Matholi: raises $3 to $6
Airbag999: calls $3
*** FLOP *** [3h 8h 4h]
Airbag999: checks
Matholi: checks
*** TURN *** [3h 8h 4h] [8c]
Airbag999: bets $6
Matholi: folds
Uncalled bet ($6) returned to Airbag999
Airbag999 collected $11.76 from pot
Airbag999: doesn't show hand
*** SUMMARY ***
Total pot $12 | Rake $0.24
Board [3h 8h 4h 8c]
Seat 1: Airbag999 (big blind) collected ($11.76)
Seat 10: Matholi (button) (small blind) folded on the Turn


PokerStars Hand #154089814015:  Hold'em Limit ($3/$6 USD) - 2016/05/31 8:20:54 ET
Table 'Protogeneia II' 10-max Seat #1 is the button
Seat 1: Airbag999 ($174.37 in chips)
Seat 10: Matholi ($135.73 in chips)
Airbag999: posts small blind $1
Matholi: posts big blind $3
*** HOLE CARDS ***
Airbag999: raises $3 to $6
Matholi: calls $3
*** FLOP *** [Jd 3c Kd]
Matholi: checks
Airbag999: bets $3
Matholi: folds
Uncalled bet ($3) returned to Airbag999
Airbag999 collected $11.76 from pot
Airbag999: doesn't show hand
*** SUMMARY ***
Total pot $12 | Rake $0.24
Board [Jd 3c Kd]
Seat 1: Airbag999 (button) (small blind) collected ($11.76)
Seat 10: Matholi (big blind) folded on the Flop


PokerStars Hand #154089820842:  Hold'em Limit ($3/$6 USD) - 2016/05/31 8:21:07 ET
Table 'Protogeneia II' 10-max Seat #10 is the button
Seat 1: Airbag999 ($180.13 in chips)
Seat 10: Matholi ($129.73 in chips)
Matholi: posts small blind $1
Airbag999: posts big blind $3
*** HOLE CARDS ***
Matholi: raises $3 to $6
Airbag999: folds
Uncalled bet ($3) returned to Matholi
Matholi collected $6 from pot
*** SUMMARY ***
Total pot $6 | Rake $0
Seat 1: Airbag999 (big blind) folded before Flop
Seat 10: Matholi (button) (small blind) collected ($6)


