PokerStars Hand #146421132017:  Hold'em Limit ($3/$6 USD) - 2016/01/03 18:09:48 ET
Table 'Proteus' 6-max Seat #4 is the button
Seat 3: Dubris144 ($176.91 in chips)
Seat 4: tritratru ($171.96 in chips)
tritratru: posts small blind $1
Dubris144: posts big blind $3
*** HOLE CARDS ***
tritratru: raises $3 to $6
Dubris144: calls $3
*** FLOP *** [Ks 3s Kd]
parnishka11 leaves the table
Dubris144: checks
tritratru: bets $3
Dubris144: calls $3
*** TURN *** [Ks 3s Kd] [3h]
Dubris144: checks
tritratru: checks
*** RIVER *** [Ks 3s Kd 3h] [4d]
Dubris144: checks
tritratru: checks
*** SHOW DOWN ***
Dubris144: shows [8s 7s] (two pair, Kings and Threes)
tritratru: shows [Tc 5c] (two pair, Kings and Threes - Ten kicker)
tritratru collected $17.64 from pot
*** SUMMARY ***
Total pot $18 | Rake $0.36
Board [Ks 3s Kd 3h 4d]
Seat 3: Dubris144 (big blind) showed [8s 7s] and lost with two pair, Kings and Threes
Seat 4: tritratru (button) (small blind) showed [Tc 5c] and won ($17.64) with two pair, Kings and Threes


PokerStars Hand #146421152875:  Hold'em Limit ($3/$6 USD) - 2016/01/03 18:10:09 ET
Table 'Proteus' 6-max Seat #3 is the button
Seat 3: Dubris144 ($167.91 in chips)
Seat 4: tritratru ($180.60 in chips)
Dubris144: posts small blind $1
tritratru: posts big blind $3
*** HOLE CARDS ***
Dubris144: raises $3 to $6
tritratru: calls $3
*** FLOP *** [Jc 3s 2h]
tritratru: checks
Dubris144: bets $3
tritratru: raises $3 to $6
Dubris144: calls $3
*** TURN *** [Jc 3s 2h] [7h]
tritratru: bets $6
Dubris144: calls $6
*** RIVER *** [Jc 3s 2h 7h] [Qc]
tritratru: bets $6
Dubris144: calls $6
*** SHOW DOWN ***
tritratru: shows [2c 3c] (two pair, Threes and Deuces)
Dubris144: mucks hand
tritratru collected $47.50 from pot
*** SUMMARY ***
Total pot $48 | Rake $0.50
Board [Jc 3s 2h 7h Qc]
Seat 3: Dubris144 (button) (small blind) mucked
Seat 4: tritratru (big blind) showed [2c 3c] and won ($47.50) with two pair, Threes and Deuces


PokerStars Hand #146421175696:  Hold'em Limit ($3/$6 USD) - 2016/01/03 18:10:31 ET
Table 'Proteus' 6-max Seat #4 is the button
Seat 3: Dubris144 ($143.91 in chips)
Seat 4: tritratru ($204.10 in chips)
tritratru: posts small blind $1
Dubris144: posts big blind $3
*** HOLE CARDS ***
tritratru: folds
Uncalled bet ($2) returned to Dubris144
Dubris144 collected $2 from pot
Dubris144: doesn't show hand
*** SUMMARY ***
Total pot $2 | Rake $0
Seat 3: Dubris144 (big blind) collected ($2)
Seat 4: tritratru (button) (small blind) folded before Flop


PokerStars Hand #146421191037:  Hold'em Limit ($3/$6 USD) - 2016/01/03 18:10:46 ET
Table 'Proteus' 6-max Seat #3 is the button
Seat 3: Dubris144 ($144.91 in chips)
Seat 4: tritratru ($203.10 in chips)
Dubris144: posts small blind $1
tritratru: posts big blind $3
*** HOLE CARDS ***
Dubris144: raises $3 to $6
tritratru: raises $3 to $9
Dubris144: calls $3
*** FLOP *** [2c 9d Jc]
tritratru: bets $3
Dubris144: raises $3 to $6
tritratru: calls $3
*** TURN *** [2c 9d Jc] [6d]
tritratru: checks
Dubris144: bets $6
tritratru: folds
Uncalled bet ($6) returned to Dubris144
Dubris144 collected $29.50 from pot
Dubris144: doesn't show hand
*** SUMMARY ***
Total pot $30 | Rake $0.50
Board [2c 9d Jc 6d]
Seat 3: Dubris144 (button) (small blind) collected ($29.50)
Seat 4: tritratru (big blind) folded on the Turn


PokerStars Hand #146421211502:  Hold'em Limit ($3/$6 USD) - 2016/01/03 18:11:07 ET
Table 'Proteus' 6-max Seat #4 is the button
Seat 3: Dubris144 ($159.41 in chips)
Seat 4: tritratru ($188.10 in chips)
tritratru: posts small blind $1
Dubris144: posts big blind $3
*** HOLE CARDS ***
tritratru: raises $3 to $6
Dubris144: calls $3
*** FLOP *** [7s 4c Jc]
Dubris144: checks
tritratru: bets $3
Dubris144: calls $3
*** TURN *** [7s 4c Jc] [8s]
Dubris144: checks
tritratru: checks
*** RIVER *** [7s 4c Jc 8s] [5h]
Dubris144: checks
tritratru: checks
*** SHOW DOWN ***
Dubris144: shows [3h 4h] (a pair of Fours)
tritratru: mucks hand
Dubris144 collected $17.64 from pot
*** SUMMARY ***
Total pot $18 | Rake $0.36
Board [7s 4c Jc 8s 5h]
Seat 3: Dubris144 (big blind) showed [3h 4h] and won ($17.64) with a pair of Fours
Seat 4: tritratru (button) (small blind) mucked


PokerStars Hand #146421235311:  Hold'em Limit ($3/$6 USD) - 2016/01/03 18:11:31 ET
Table 'Proteus' 6-max Seat #3 is the button
Seat 3: Dubris144 ($168.05 in chips)
Seat 4: tritratru ($179.10 in chips)
Dubris144: posts small blind $1
tritratru: posts big blind $3
*** HOLE CARDS ***
Dubris144: raises $3 to $6
tritratru: folds
Uncalled bet ($3) returned to Dubris144
Dubris144 collected $6 from pot
Dubris144: doesn't show hand
*** SUMMARY ***
Total pot $6 | Rake $0
Seat 3: Dubris144 (button) (small blind) collected ($6)
Seat 4: tritratru (big blind) folded before Flop


PokerStars Hand #146421242564:  Hold'em Limit ($3/$6 USD) - 2016/01/03 18:11:38 ET
Table 'Proteus' 6-max Seat #4 is the button
Seat 3: Dubris144 ($171.05 in chips)
Seat 4: tritratru ($176.10 in chips)
tritratru: posts small blind $1
Dubris144: posts big blind $3
*** HOLE CARDS ***
tritratru: raises $3 to $6
Dubris144: raises $3 to $9
tritratru: calls $3
*** FLOP *** [Ad 4s Tc]
Dubris144: bets $3
tritratru: raises $3 to $6
Dubris144: calls $3
*** TURN *** [Ad 4s Tc] [3c]
Dubris144: checks
tritratru: checks
*** RIVER *** [Ad 4s Tc 3c] [8c]
Dubris144: bets $6
tritratru: calls $6
*** SHOW DOWN ***
Dubris144: shows [6s Ah] (a pair of Aces)
tritratru: mucks hand
Dubris144 collected $41.50 from pot
*** SUMMARY ***
Total pot $42 | Rake $0.50
Board [Ad 4s Tc 3c 8c]
Seat 3: Dubris144 (big blind) showed [6s Ah] and won ($41.50) with a pair of Aces
Seat 4: tritratru (button) (small blind) mucked


PokerStars Hand #146421277518:  Hold'em Limit ($3/$6 USD) - 2016/01/03 18:12:13 ET
Table 'Proteus' 6-max Seat #4 is the button
Seat 3: Dubris144 ($182.55 in chips)
Seat 4: tritratru ($163.74 in chips)
tritratru: posts small blind $1
Dubris144: posts big blind $3
*** HOLE CARDS ***
tritratru: raises $3 to $6
Dubris144: calls $3
*** FLOP *** [Qc 5s 5c]
Dubris144: checks
tritratru: bets $3
Dubris144: calls $3
*** TURN *** [Qc 5s 5c] [As]
Dubris144: checks
tritratru: checks
*** RIVER *** [Qc 5s 5c As] [5d]
Dubris144: bets $6
tritratru: raises $6 to $12
Dubris144: calls $6
*** SHOW DOWN ***
tritratru: shows [Qs 9c] (a full house, Fives full of Queens)
Dubris144: shows [7h Ac] (a full house, Fives full of Aces)
Dubris144 collected $41.50 from pot
*** SUMMARY ***
Total pot $42 | Rake $0.50
Board [Qc 5s 5c As 5d]
Seat 3: Dubris144 (big blind) showed [7h Ac] and won ($41.50) with a full house, Fives full of Aces
Seat 4: tritratru (button) (small blind) showed [Qs 9c] and lost with a full house, Fives full of Queens


PokerStars Hand #146421309350:  Hold'em Limit ($3/$6 USD) - 2016/01/03 18:12:45 ET
Table 'Proteus' 6-max Seat #4 is the button
Seat 3: Dubris144 ($220.55 in chips)
Seat 4: tritratru ($124.74 in chips)
tritratru: posts small blind $1
Dubris144: posts big blind $3
*** HOLE CARDS ***
tritratru: raises $3 to $6
Dubris144: folds
Uncalled bet ($3) returned to tritratru
tritratru collected $6 from pot
*** SUMMARY ***
Total pot $6 | Rake $0
Seat 3: Dubris144 (big blind) folded before Flop
Seat 4: tritratru (button) (small blind) collected ($6)


PokerStars Hand #146421292924:  Hold'em Limit ($3/$6 USD) - 2016/01/03 18:12:29 ET
Table 'Proteus' 6-max Seat #3 is the button
Seat 3: Dubris144 ($203.05 in chips)
Seat 4: tritratru ($142.74 in chips)
Dubris144: posts small blind $1
tritratru: posts big blind $3
*** HOLE CARDS ***
Dubris144: raises $3 to $6
tritratru: raises $3 to $9
Dubris144: calls $3
*** FLOP *** [9h Ad 7c]
tritratru: bets $3
Dubris144: calls $3
*** TURN *** [9h Ad 7c] [Kc]
tritratru: bets $6
Dubris144: calls $6
*** RIVER *** [9h Ad 7c Kc] [Ah]
tritratru: checks
Dubris144: bets $6
tritratru: folds
Uncalled bet ($6) returned to Dubris144
Dubris144 collected $35.50 from pot
Dubris144: doesn't show hand
*** SUMMARY ***
Total pot $36 | Rake $0.50
Board [9h Ad 7c Kc Ah]
Seat 3: Dubris144 (button) (small blind) collected ($35.50)
Seat 4: tritratru (big blind) folded on the River


PokerStars Hand #146421315214:  Hold'em Limit ($3/$6 USD) - 2016/01/03 18:12:51 ET
Table 'Proteus' 6-max Seat #3 is the button
Seat 3: Dubris144 ($217.55 in chips)
Seat 4: tritratru ($127.74 in chips)
Dubris144: posts small blind $1
tritratru: posts big blind $3
*** HOLE CARDS ***
Dubris144: folds
Uncalled bet ($2) returned to tritratru
tritratru collected $2 from pot
*** SUMMARY ***
Total pot $2 | Rake $0
Seat 3: Dubris144 (button) (small blind) folded before Flop
Seat 4: tritratru (big blind) collected ($2)


PokerStars Hand #146421319646:  Hold'em Limit ($3/$6 USD) - 2016/01/03 18:12:56 ET
Table 'Proteus' 6-max Seat #4 is the button
Seat 3: Dubris144 ($216.55 in chips)
Seat 4: tritratru ($128.74 in chips)
tritratru: posts small blind $1
Dubris144: posts big blind $3
*** HOLE CARDS ***
tritratru: raises $3 to $6
Dubris144: calls $3
*** FLOP *** [Kh As Qd]
Dubris144: checks
tritratru: bets $3
Dubris144: calls $3
*** TURN *** [Kh As Qd] [3d]
Dubris144: checks
tritratru: checks
*** RIVER *** [Kh As Qd 3d] [Td]
Dubris144: bets $6
tritratru: calls $6
*** SHOW DOWN ***
Dubris144: shows [Kc Jc] (a straight, Ten to Ace)
tritratru: mucks hand
Dubris144 collected $29.50 from pot
*** SUMMARY ***
Total pot $30 | Rake $0.50
Board [Kh As Qd 3d Td]
Seat 3: Dubris144 (big blind) showed [Kc Jc] and won ($29.50) with a straight, Ten to Ace
Seat 4: tritratru (button) (small blind) mucked


PokerStars Hand #146421335817:  Hold'em Limit ($3/$6 USD) - 2016/01/03 18:13:12 ET
Table 'Proteus' 6-max Seat #3 is the button
Seat 3: Dubris144 ($231.05 in chips)
Seat 4: tritratru ($113.74 in chips)
Dubris144: posts small blind $1
tritratru: posts big blind $3
*** HOLE CARDS ***
Dubris144: folds
Uncalled bet ($2) returned to tritratru
tritratru collected $2 from pot
*** SUMMARY ***
Total pot $2 | Rake $0
Seat 3: Dubris144 (button) (small blind) folded before Flop
Seat 4: tritratru (big blind) collected ($2)


PokerStars Hand #146421340333:  Hold'em Limit ($3/$6 USD) - 2016/01/03 18:13:17 ET
Table 'Proteus' 6-max Seat #4 is the button
Seat 3: Dubris144 ($230.05 in chips)
Seat 4: tritratru ($114.74 in chips)
tritratru: posts small blind $1
Dubris144: posts big blind $3
*** HOLE CARDS ***
tritratru: raises $3 to $6
Dubris144: calls $3
*** FLOP *** [5d Th Ts]
Dubris144: checks
tritratru: bets $3
Dubris144: raises $3 to $6
tritratru: folds
Uncalled bet ($3) returned to Dubris144
tritratru leaves the table
Dubris144 collected $17.64 from pot
Dubris144: doesn't show hand
*** SUMMARY ***
Total pot $18 | Rake $0.36
Board [5d Th Ts]
Seat 3: Dubris144 (big blind) collected ($17.64)
Seat 4: tritratru (button) (small blind) folded on the Flop


