PokerStars Hand #163057830398:  Hold'em Limit ($3/$6 USD) - 2016/12/16 19:07:28 ET
Table 'Protogeneia' 6-max Seat #1 is the button
Seat 1: GoliafUa ($120 in chips)
Seat 6: ovidius2009 ($42 in chips)
GoliafUa: posts small blind $1
LifeisagameX: is sitting out
LifeisagameX leaves the table
ovidius2009: posts big blind $3
*** HOLE CARDS ***
GoliafUa: raises $3 to $6
ovidius2009: calls $3
*** FLOP *** [9d Tc 3c]
ovidius2009: checks
GoliafUa: bets $3
ovidius2009: calls $3
*** TURN *** [9d Tc 3c] [Qh]
ovidius2009: checks
GoliafUa: checks
*** RIVER *** [9d Tc 3c Qh] [3s]
ovidius2009: checks
GoliafUa: checks
*** SHOW DOWN ***
ovidius2009: shows [4c 4d] (two pair, Fours and Threes)
GoliafUa: mucks hand
ovidius2009 collected $17.64 from pot
*** SUMMARY ***
Total pot $18 | Rake $0.36
Board [9d Tc 3c Qh 3s]
Seat 1: GoliafUa (button) (small blind) mucked
Seat 6: ovidius2009 (big blind) showed [4c 4d] and won ($17.64) with two pair, Fours and Threes


PokerStars Hand #163057876733:  Hold'em Limit ($3/$6 USD) - 2016/12/16 19:08:35 ET
Table 'Protogeneia' 6-max Seat #6 is the button
Seat 1: GoliafUa ($116.15 in chips)
Seat 6: ovidius2009 ($44.03 in chips)
ovidius2009: posts small blind $1
GoliafUa: posts big blind $3
*** HOLE CARDS ***
ovidius2009: calls $2
GoliafUa: checks
*** FLOP *** [5c 3d Th]
GoliafUa: checks
ovidius2009: checks
*** TURN *** [5c 3d Th] [7d]
GoliafUa: bets $6
ovidius2009: calls $6
*** RIVER *** [5c 3d Th 7d] [6d]
GoliafUa: bets $6
ovidius2009: raises $6 to $12
ToDaFelt joins the table at seat #2
GoliafUa: calls $6
*** SHOW DOWN ***
ovidius2009: shows [9d Qd] (a flush, Queen high)
GoliafUa: mucks hand
ovidius2009 collected $41.50 from pot
*** SUMMARY ***
Total pot $42 | Rake $0.50
Board [5c 3d Th 7d 6d]
Seat 1: GoliafUa (big blind) mucked
Seat 6: ovidius2009 (button) (small blind) showed [9d Qd] and won ($41.50) with a flush, Queen high


PokerStars Hand #163057867366:  Hold'em Limit ($3/$6 USD) - 2016/12/16 19:08:21 ET
Table 'Protogeneia' 6-max Seat #1 is the button
Seat 1: GoliafUa ($125.15 in chips)
Seat 6: ovidius2009 ($35.39 in chips)
GoliafUa: posts small blind $1
ovidius2009: posts big blind $3
*** HOLE CARDS ***
GoliafUa: raises $3 to $6
ovidius2009: calls $3
*** FLOP *** [5d 8c Ts]
ovidius2009: checks
GoliafUa: bets $3
ovidius2009: calls $3
*** TURN *** [5d 8c Ts] [8h]
ovidius2009: checks
GoliafUa: checks
*** RIVER *** [5d 8c Ts 8h] [Ks]
ovidius2009: bets $6
GoliafUa: folds
Uncalled bet ($6) returned to ovidius2009
ovidius2009 collected $17.64 from pot
ovidius2009: doesn't show hand
*** SUMMARY ***
Total pot $18 | Rake $0.36
Board [5d 8c Ts 8h Ks]
Seat 1: GoliafUa (button) (small blind) folded on the River
Seat 6: ovidius2009 (big blind) collected ($17.64)


PokerStars Hand #163057861404:  Hold'em Limit ($3/$6 USD) - 2016/12/16 19:08:13 ET
Table 'Protogeneia' 6-max Seat #6 is the button
Seat 1: GoliafUa ($119.39 in chips)
Seat 6: ovidius2009 ($41.39 in chips)
ovidius2009: posts small blind $1
GoliafUa: posts big blind $3
*** HOLE CARDS ***
ovidius2009: calls $2
GoliafUa: raises $3 to $6
ovidius2009: calls $3
*** FLOP *** [Ah 5d 5h]
GoliafUa: bets $3
ovidius2009: folds
Uncalled bet ($3) returned to GoliafUa
GoliafUa collected $11.76 from pot
GoliafUa: doesn't show hand
*** SUMMARY ***
Total pot $12 | Rake $0.24
Board [Ah 5d 5h]
Seat 1: GoliafUa (big blind) collected ($11.76)
Seat 6: ovidius2009 (button) (small blind) folded on the Flop


PokerStars Hand #163057852066:  Hold'em Limit ($3/$6 USD) - 2016/12/16 19:07:59 ET
Table 'Protogeneia' 6-max Seat #1 is the button
Seat 1: GoliafUa ($110.75 in chips)
Seat 6: ovidius2009 ($50.39 in chips)
GoliafUa: posts small blind $1
ovidius2009: posts big blind $3
*** HOLE CARDS ***
GoliafUa: raises $3 to $6
ovidius2009: calls $3
*** FLOP *** [Ah 4c Kd]
ovidius2009: checks
GoliafUa: bets $3
ovidius2009: calls $3
*** TURN *** [Ah 4c Kd] [Ks]
ovidius2009: checks
GoliafUa: bets $6
ovidius2009: folds
Uncalled bet ($6) returned to GoliafUa
GoliafUa collected $17.64 from pot
GoliafUa: doesn't show hand
*** SUMMARY ***
Total pot $18 | Rake $0.36
Board [Ah 4c Kd Ks]
Seat 1: GoliafUa (button) (small blind) collected ($17.64)
Seat 6: ovidius2009 (big blind) folded on the Turn


PokerStars Hand #163057843994:  Hold'em Limit ($3/$6 USD) - 2016/12/16 19:07:48 ET
Table 'Protogeneia' 6-max Seat #6 is the button
Seat 1: GoliafUa ($111 in chips)
Seat 6: ovidius2009 ($50.64 in chips)
ovidius2009: posts small blind $1
GoliafUa: posts big blind $3
*** HOLE CARDS ***
ovidius2009: calls $2
GoliafUa: raises $3 to $6
ovidius2009: calls $3
*** FLOP *** [4c 5d 3h]
GoliafUa: bets $3
ovidius2009: calls $3
*** TURN *** [4c 5d 3h] [As]
GoliafUa: bets $6
ovidius2009: calls $6
*** RIVER *** [4c 5d 3h As] [2d]
GoliafUa: bets $6
ovidius2009: calls $6
*** SHOW DOWN ***
GoliafUa: shows [Ac 8h] (a straight, Ace to Five)
ovidius2009: shows [Jh 3c] (a straight, Ace to Five)
GoliafUa collected $20.75 from pot
ovidius2009 collected $20.75 from pot
*** SUMMARY ***
Total pot $42 | Rake $0.50
Board [4c 5d 3h As 2d]
Seat 1: GoliafUa (big blind) showed [Ac 8h] and won ($20.75) with a straight, Ace to Five
Seat 6: ovidius2009 (button) (small blind) showed [Jh 3c] and won ($20.75) with a straight, Ace to Five


PokerStars Hand #163058086288:  Hold'em Limit ($3/$6 USD) - 2016/12/16 19:13:37 ET
Table 'Protogeneia' 6-max Seat #2 is the button
Seat 1: GoliafUa ($108.97 in chips)
Seat 2: ToDaFelt ($92.61 in chips)
ToDaFelt: posts small blind $1
GoliafUa: posts big blind $3
*** HOLE CARDS ***
ToDaFelt: raises $3 to $6
GoliafUa: calls $3
*** FLOP *** [5h 9h Ah]
ovidius2009 leaves the table
GoliafUa: checks
ToDaFelt: bets $3
GoliafUa: folds
Uncalled bet ($3) returned to ToDaFelt
ToDaFelt collected $11.76 from pot
ToDaFelt: doesn't show hand
*** SUMMARY ***
Total pot $12 | Rake $0.24
Board [5h 9h Ah]
Seat 1: GoliafUa (big blind) folded on the Flop
Seat 2: ToDaFelt (button) (small blind) collected ($11.76)


