PokerStars Hand #145644068441:  Hold'em Limit ($3/$6 USD) - 2015/12/20 13:09:48 ET
Table 'Prothoon' 2-max Seat #2 is the button
Seat 1: cepzorr ($47 in chips)
Seat 2: Desktop775 ($101.50 in chips)
Desktop775: posts small blind $1
cepzorr: posts big blind $3
*** HOLE CARDS ***
Desktop775: folds
Uncalled bet ($2) returned to cepzorr
cepzorr collected $2 from pot
cepzorr: doesn't show hand
*** SUMMARY ***
Total pot $2 | Rake $0
Seat 1: cepzorr (big blind) collected ($2)
Seat 2: Desktop775 (button) (small blind) folded before Flop


PokerStars Hand #145644063636:  Hold'em Limit ($3/$6 USD) - 2015/12/20 13:09:43 ET
Table 'Prothoon' 2-max Seat #1 is the button
Seat 1: cepzorr ($48 in chips)
Seat 2: Desktop775 ($100.50 in chips)
cepzorr: posts small blind $1
Desktop775: posts big blind $3
*** HOLE CARDS ***
cepzorr: folds
Uncalled bet ($2) returned to Desktop775
Desktop775 collected $2 from pot
Desktop775: doesn't show hand
*** SUMMARY ***
Total pot $2 | Rake $0
Seat 1: cepzorr (button) (small blind) folded before Flop
Seat 2: Desktop775 (big blind) collected ($2)


PokerStars Hand #145644057068:  Hold'em Limit ($3/$6 USD) - 2015/12/20 13:09:37 ET
Table 'Prothoon' 2-max Seat #2 is the button
Seat 1: cepzorr ($47 in chips)
Seat 2: Desktop775 ($101.50 in chips)
Desktop775: posts small blind $1
cepzorr: posts big blind $3
*** HOLE CARDS ***
Desktop775: folds
Uncalled bet ($2) returned to cepzorr
cepzorr collected $2 from pot
cepzorr: doesn't show hand
*** SUMMARY ***
Total pot $2 | Rake $0
Seat 1: cepzorr (big blind) collected ($2)
Seat 2: Desktop775 (button) (small blind) folded before Flop


PokerStars Hand #145644052542:  Hold'em Limit ($3/$6 USD) - 2015/12/20 13:09:32 ET
Table 'Prothoon' 2-max Seat #1 is the button
Seat 1: cepzorr ($48 in chips)
Seat 2: Desktop775 ($100.50 in chips)
cepzorr: posts small blind $1
Desktop775: posts big blind $3
*** HOLE CARDS ***
cepzorr: folds
Uncalled bet ($2) returned to Desktop775
Desktop775 collected $2 from pot
Desktop775: doesn't show hand
*** SUMMARY ***
Total pot $2 | Rake $0
Seat 1: cepzorr (button) (small blind) folded before Flop
Seat 2: Desktop775 (big blind) collected ($2)


PokerStars Hand #145644026331:  Hold'em Limit ($3/$6 USD) - 2015/12/20 13:09:07 ET
Table 'Prothoon' 2-max Seat #2 is the button
Seat 1: cepzorr ($72 in chips)
Seat 2: Desktop775 ($77 in chips)
Desktop775: posts small blind $1
cepzorr: posts big blind $3
*** HOLE CARDS ***
Desktop775: raises $3 to $6
cepzorr: raises $3 to $9
Desktop775: calls $3
*** FLOP *** [2d 2c Jc]
cepzorr: bets $3
Desktop775: calls $3
*** TURN *** [2d 2c Jc] [5d]
cepzorr: bets $6
Desktop775: calls $6
*** RIVER *** [2d 2c Jc 5d] [8s]
cepzorr: bets $6
Desktop775: calls $6
*** SHOW DOWN ***
cepzorr: shows [Kh Qc] (a pair of Deuces)
Desktop775: shows [5s Qd] (two pair, Fives and Deuces)
Desktop775 collected $47.50 from pot
*** SUMMARY ***
Total pot $48 | Rake $0.50
Board [2d 2c Jc 5d 8s]
Seat 1: cepzorr (big blind) showed [Kh Qc] and lost with a pair of Deuces
Seat 2: Desktop775 (button) (small blind) showed [5s Qd] and won ($47.50) with two pair, Fives and Deuces


PokerStars Hand #145643998321:  Hold'em Limit ($3/$6 USD) - 2015/12/20 13:08:39 ET
Table 'Prothoon' 2-max Seat #1 is the button
Seat 1: cepzorr ($51.50 in chips)
Seat 2: Desktop775 ($98 in chips)
cepzorr: posts small blind $1
Desktop775: posts big blind $3
*** HOLE CARDS ***
cepzorr: raises $3 to $6
Desktop775: calls $3
*** FLOP *** [8d Ah 4s]
Desktop775: checks
cepzorr: bets $3
Desktop775: calls $3
*** TURN *** [8d Ah 4s] [6s]
Desktop775: checks
cepzorr: bets $6
Desktop775: calls $6
*** RIVER *** [8d Ah 4s 6s] [2s]
Desktop775: checks
cepzorr: bets $6
Desktop775: calls $6
*** SHOW DOWN ***
cepzorr: shows [2h Ac] (two pair, Aces and Deuces)
Desktop775: mucks hand
cepzorr collected $41.50 from pot
*** SUMMARY ***
Total pot $42 | Rake $0.50
Board [8d Ah 4s 6s 2s]
Seat 1: cepzorr (button) (small blind) showed [2h Ac] and won ($41.50) with two pair, Aces and Deuces
Seat 2: Desktop775 (big blind) mucked


PokerStars Hand #145644124104:  Hold'em Limit ($3/$6 USD) - 2015/12/20 13:10:43 ET
Table 'Prothoon' 2-max Seat #2 is the button
Seat 1: cepzorr ($77.50 in chips)
Seat 2: Desktop775 ($120 in chips)
Desktop775: posts small blind $1
cepzorr: posts big blind $3
*** HOLE CARDS ***
Desktop775: raises $3 to $6
cepzorr: raises $3 to $9
Desktop775: calls $3
*** FLOP *** [Ah 8d 6h]
cepzorr: bets $3
Desktop775: calls $3
*** TURN *** [Ah 8d 6h] [Td]
cepzorr: bets $6
Desktop775: folds
Uncalled bet ($6) returned to cepzorr
cepzorr collected $23.52 from pot
cepzorr: doesn't show hand
*** SUMMARY ***
Total pot $24 | Rake $0.48
Board [Ah 8d 6h Td]
Seat 1: cepzorr (big blind) collected ($23.52)
Seat 2: Desktop775 (button) (small blind) folded on the Turn


PokerStars Hand #145644073578:  Hold'em Limit ($3/$6 USD) - 2015/12/20 13:09:53 ET
Table 'Prothoon' 2-max Seat #1 is the button
Seat 1: cepzorr ($48 in chips)
Seat 2: Desktop775 ($100.50 in chips)
cepzorr: posts small blind $1
Desktop775: posts big blind $3
*** HOLE CARDS ***
cepzorr: raises $3 to $6
Desktop775: raises $3 to $9
cepzorr: raises $3 to $12
Betting is capped
Desktop775: calls $3
*** FLOP *** [7c As 3h]
Desktop775: checks
cepzorr: bets $3
Desktop775: raises $3 to $6
cepzorr: calls $3
*** TURN *** [7c As 3h] [Kd]
Desktop775: checks
cepzorr: bets $6
Desktop775: calls $6
*** RIVER *** [7c As 3h Kd] [9c]
Desktop775: checks
cepzorr: bets $6
Desktop775: calls $6
*** SHOW DOWN ***
cepzorr: shows [Ks 7s] (two pair, Kings and Sevens)
Desktop775: mucks hand
cepzorr collected $59.50 from pot
*** SUMMARY ***
Total pot $60 | Rake $0.50
Board [7c As 3h Kd 9c]
Seat 1: cepzorr (button) (small blind) showed [Ks 7s] and won ($59.50) with two pair, Kings and Sevens
Seat 2: Desktop775 (big blind) mucked


PokerStars Hand #145644156692:  Hold'em Limit ($3/$6 USD) - 2015/12/20 13:11:15 ET
Table 'Prothoon' 2-max Seat #1 is the button
Seat 1: cepzorr ($93.02 in chips)
Seat 2: Desktop775 ($104 in chips)
cepzorr: posts small blind $1
Desktop775: posts big blind $3
*** HOLE CARDS ***
cepzorr: raises $3 to $6
Desktop775: raises $3 to $9
cepzorr: calls $3
*** FLOP *** [3d 8h Kd]
Desktop775: bets $3
cepzorr: calls $3
*** TURN *** [3d 8h Kd] [As]
Desktop775: bets $6
cepzorr: raises $6 to $12
Desktop775: folds
Uncalled bet ($6) returned to cepzorr
cepzorr collected $35.50 from pot
cepzorr: doesn't show hand
*** SUMMARY ***
Total pot $36 | Rake $0.50
Board [3d 8h Kd As]
Seat 1: cepzorr (button) (small blind) collected ($35.50)
Seat 2: Desktop775 (big blind) folded on the Turn


PokerStars Hand #145644150815:  Hold'em Limit ($3/$6 USD) - 2015/12/20 13:11:10 ET
Table 'Prothoon' 2-max Seat #2 is the button
Seat 1: cepzorr ($92.02 in chips)
Seat 2: Desktop775 ($105 in chips)
Desktop775: posts small blind $1
cepzorr: posts big blind $3
*** HOLE CARDS ***
Desktop775: folds
Uncalled bet ($2) returned to cepzorr
cepzorr collected $2 from pot
cepzorr: doesn't show hand
*** SUMMARY ***
Total pot $2 | Rake $0
Seat 1: cepzorr (big blind) collected ($2)
Seat 2: Desktop775 (button) (small blind) folded before Flop


PokerStars Hand #145644144085:  Hold'em Limit ($3/$6 USD) - 2015/12/20 13:11:03 ET
Table 'Prothoon' 2-max Seat #1 is the button
Seat 1: cepzorr ($89.02 in chips)
Seat 2: Desktop775 ($108 in chips)
cepzorr: posts small blind $1
Desktop775: posts big blind $3
*** HOLE CARDS ***
cepzorr: raises $3 to $6
Desktop775: folds
Uncalled bet ($3) returned to cepzorr
cepzorr collected $6 from pot
cepzorr: doesn't show hand
*** SUMMARY ***
Total pot $6 | Rake $0
Seat 1: cepzorr (button) (small blind) collected ($6)
Seat 2: Desktop775 (big blind) folded before Flop


PokerStars Hand #145644226700:  Hold'em Limit ($3/$6 USD) - 2015/12/20 13:12:25 ET
Table 'Prothoon' 2-max Seat #2 is the button
Seat 1: cepzorr ($84.52 in chips)
Seat 2: Desktop775 ($111.50 in chips)
Desktop775: posts small blind $1
cepzorr: posts big blind $3
*** HOLE CARDS ***
Desktop775: raises $3 to $6
cepzorr: calls $3
*** FLOP *** [5c 9s 7c]
cepzorr: bets $3
Desktop775: raises $3 to $6
cepzorr: raises $3 to $9
Desktop775: calls $3
*** TURN *** [5c 9s 7c] [Tc]
cepzorr: bets $6
Desktop775: calls $6
*** RIVER *** [5c 9s 7c Tc] [2c]
cepzorr: bets $6
Desktop775: folds
Uncalled bet ($6) returned to cepzorr
cepzorr collected $41.50 from pot
cepzorr: doesn't show hand
*** SUMMARY ***
Total pot $42 | Rake $0.50
Board [5c 9s 7c Tc 2c]
Seat 1: cepzorr (big blind) collected ($41.50)
Seat 2: Desktop775 (button) (small blind) folded on the River


PokerStars Hand #145644185667:  Hold'em Limit ($3/$6 USD) - 2015/12/20 13:11:44 ET
Table 'Prothoon' 2-max Seat #1 is the button
Seat 1: cepzorr ($111.52 in chips)
Seat 2: Desktop775 ($85 in chips)
cepzorr: posts small blind $1
Desktop775: posts big blind $3
*** HOLE CARDS ***
cepzorr: raises $3 to $6
Desktop775: calls $3
*** FLOP *** [Jc 9h Ks]
Desktop775: checks
cepzorr: bets $3
Desktop775: calls $3
*** TURN *** [Jc 9h Ks] [2c]
Desktop775: checks
cepzorr: bets $6
Desktop775: raises $6 to $12
cepzorr: calls $6
*** RIVER *** [Jc 9h Ks 2c] [8d]
Desktop775: bets $6
cepzorr: calls $6
*** SHOW DOWN ***
Desktop775: shows [Tc Js] (a pair of Jacks)
cepzorr: mucks hand
Desktop775 collected $53.50 from pot
*** SUMMARY ***
Total pot $54 | Rake $0.50
Board [Jc 9h Ks 2c 8d]
Seat 1: cepzorr (button) (small blind) mucked
Seat 2: Desktop775 (big blind) showed [Tc Js] and won ($53.50) with a pair of Jacks


PokerStars Hand #145644323302:  Hold'em Limit ($3/$6 USD) - 2015/12/20 13:14:00 ET
Table 'Prothoon' 2-max Seat #2 is the button
Seat 1: cepzorr ($105.52 in chips)
Seat 2: Desktop775 ($88.52 in chips)
Desktop775: posts small blind $1
cepzorr: posts big blind $3
*** HOLE CARDS ***
Desktop775: folds
Uncalled bet ($2) returned to cepzorr
cepzorr collected $2 from pot
cepzorr: doesn't show hand
*** SUMMARY ***
Total pot $2 | Rake $0
Seat 1: cepzorr (big blind) collected ($2)
Seat 2: Desktop775 (button) (small blind) folded before Flop


PokerStars Hand #145644317680:  Hold'em Limit ($3/$6 USD) - 2015/12/20 13:13:55 ET
Table 'Prothoon' 2-max Seat #1 is the button
Seat 1: cepzorr ($106.52 in chips)
Seat 2: Desktop775 ($87.52 in chips)
cepzorr: posts small blind $1
Desktop775: posts big blind $3
*** HOLE CARDS ***
cepzorr: folds
Uncalled bet ($2) returned to Desktop775
Desktop775 collected $2 from pot
Desktop775: doesn't show hand
*** SUMMARY ***
Total pot $2 | Rake $0
Seat 1: cepzorr (button) (small blind) folded before Flop
Seat 2: Desktop775 (big blind) collected ($2)


PokerStars Hand #145644301517:  Hold'em Limit ($3/$6 USD) - 2015/12/20 13:13:39 ET
Table 'Prothoon' 2-max Seat #2 is the button
Seat 1: cepzorr ($121.52 in chips)
Seat 2: Desktop775 ($73.02 in chips)
Desktop775: posts small blind $1
cepzorr: posts big blind $3
*** HOLE CARDS ***
Desktop775: raises $3 to $6
cepzorr: calls $3
*** FLOP *** [Qh Th 8s]
cepzorr: bets $3
Desktop775: calls $3
*** TURN *** [Qh Th 8s] [Kd]
cepzorr: bets $6
Desktop775: raises $6 to $12
cepzorr: folds
Uncalled bet ($6) returned to Desktop775
Desktop775 collected $29.50 from pot
Desktop775: doesn't show hand
*** SUMMARY ***
Total pot $30 | Rake $0.50
Board [Qh Th 8s Kd]
Seat 1: cepzorr (big blind) folded on the Turn
Seat 2: Desktop775 (button) (small blind) collected ($29.50)


PokerStars Hand #145644296772:  Hold'em Limit ($3/$6 USD) - 2015/12/20 13:13:34 ET
Table 'Prothoon' 2-max Seat #1 is the button
Seat 1: cepzorr ($122.52 in chips)
Seat 2: Desktop775 ($72.02 in chips)
cepzorr: posts small blind $1
Desktop775: posts big blind $3
*** HOLE CARDS ***
cepzorr: folds
Uncalled bet ($2) returned to Desktop775
Desktop775 collected $2 from pot
Desktop775: doesn't show hand
*** SUMMARY ***
Total pot $2 | Rake $0
Seat 1: cepzorr (button) (small blind) folded before Flop
Seat 2: Desktop775 (big blind) collected ($2)


PokerStars Hand #145644272225:  Hold'em Limit ($3/$6 USD) - 2015/12/20 13:13:10 ET
Table 'Prothoon' 2-max Seat #2 is the button
Seat 1: cepzorr ($93.02 in chips)
Seat 2: Desktop775 ($102.02 in chips)
Desktop775: posts small blind $1
cepzorr: posts big blind $3
*** HOLE CARDS ***
Desktop775: raises $3 to $6
cepzorr: calls $3
*** FLOP *** [9s Ts 4c]
cepzorr: bets $3
Desktop775: raises $3 to $6
cepzorr: calls $3
*** TURN *** [9s Ts 4c] [3s]
cepzorr: bets $6
Desktop775: raises $6 to $12
cepzorr: calls $6
*** RIVER *** [9s Ts 4c 3s] [Jc]
cepzorr: bets $6
Desktop775: calls $6
*** SHOW DOWN ***
cepzorr: shows [4s 8s] (a flush, Ten high)
Desktop775: mucks hand
cepzorr collected $59.50 from pot
*** SUMMARY ***
Total pot $60 | Rake $0.50
Board [9s Ts 4c 3s Jc]
Seat 1: cepzorr (big blind) showed [4s 8s] and won ($59.50) with a flush, Ten high
Seat 2: Desktop775 (button) (small blind) mucked


PokerStars Hand #145644254598:  Hold'em Limit ($3/$6 USD) - 2015/12/20 13:12:52 ET
Table 'Prothoon' 2-max Seat #1 is the button
Seat 1: cepzorr ($105.02 in chips)
Seat 2: Desktop775 ($90.50 in chips)
cepzorr: posts small blind $1
Desktop775: posts big blind $3
*** HOLE CARDS ***
cepzorr: raises $3 to $6
Desktop775: raises $3 to $9
cepzorr: calls $3
*** FLOP *** [4h 4d Js]
Desktop775: bets $3
cepzorr: calls $3
*** TURN *** [4h 4d Js] [5d]
Desktop775: bets $6
cepzorr: folds
Uncalled bet ($6) returned to Desktop775
Desktop775 collected $23.52 from pot
Desktop775: doesn't show hand
*** SUMMARY ***
Total pot $24 | Rake $0.48
Board [4h 4d Js 5d]
Seat 1: cepzorr (button) (small blind) folded on the Turn
Seat 2: Desktop775 (big blind) collected ($23.52)


PokerStars Hand #145644329024:  Hold'em Limit ($3/$6 USD) - 2015/12/20 13:14:06 ET
Table 'Prothoon' 2-max Seat #1 is the button
Seat 1: cepzorr ($106.52 in chips)
Seat 2: Desktop775 ($87.52 in chips)
cepzorr: posts small blind $1
Desktop775: posts big blind $3
*** HOLE CARDS ***
cepzorr: raises $3 to $6
Desktop775: folds
Uncalled bet ($3) returned to cepzorr
cepzorr collected $6 from pot
cepzorr: doesn't show hand
*** SUMMARY ***
Total pot $6 | Rake $0
Seat 1: cepzorr (button) (small blind) collected ($6)
Seat 2: Desktop775 (big blind) folded before Flop


PokerStars Hand #145644335433:  Hold'em Limit ($3/$6 USD) - 2015/12/20 13:14:12 ET
Table 'Prothoon' 2-max Seat #2 is the button
Seat 1: cepzorr ($109.52 in chips)
Seat 2: Desktop775 ($84.52 in chips)
Desktop775: posts small blind $1
cepzorr: posts big blind $3
*** HOLE CARDS ***
Desktop775: raises $3 to $6
cepzorr: folds
Uncalled bet ($3) returned to Desktop775
Desktop775 collected $6 from pot
Desktop775: doesn't show hand
*** SUMMARY ***
Total pot $6 | Rake $0
Seat 1: cepzorr (big blind) folded before Flop
Seat 2: Desktop775 (button) (small blind) collected ($6)


PokerStars Hand #145644341137:  Hold'em Limit ($3/$6 USD) - 2015/12/20 13:14:18 ET
Table 'Prothoon' 2-max Seat #1 is the button
Seat 1: cepzorr ($106.52 in chips)
Seat 2: Desktop775 ($87.52 in chips)
cepzorr: posts small blind $1
Desktop775: posts big blind $3
*** HOLE CARDS ***
cepzorr: raises $3 to $6
Desktop775: calls $3
*** FLOP *** [5s 7d 6s]
Desktop775: checks
cepzorr: bets $3
Desktop775: calls $3
*** TURN *** [5s 7d 6s] [9s]
Desktop775: checks
cepzorr: bets $6
Desktop775: raises $6 to $12
cepzorr: calls $6
*** RIVER *** [5s 7d 6s 9s] [5d]
Desktop775: checks
cepzorr: checks
*** SHOW DOWN ***
Desktop775: shows [9h 5h] (a full house, Fives full of Nines)
cepzorr: mucks hand
Desktop775 collected $41.50 from pot
*** SUMMARY ***
Total pot $42 | Rake $0.50
Board [5s 7d 6s 9s 5d]
Seat 1: cepzorr (button) (small blind) mucked
Seat 2: Desktop775 (big blind) showed [9h 5h] and won ($41.50) with a full house, Fives full of Nines


PokerStars Hand #145644364876:  Hold'em Limit ($3/$6 USD) - 2015/12/20 13:14:42 ET
Table 'Prothoon' 2-max Seat #2 is the button
Seat 1: cepzorr ($85.52 in chips)
Seat 2: Desktop775 ($108.02 in chips)
Desktop775: posts small blind $1
cepzorr: posts big blind $3
*** HOLE CARDS ***
Desktop775: raises $3 to $6
cepzorr: raises $3 to $9
Desktop775: calls $3
*** FLOP *** [5c 7s Jd]
cepzorr: bets $3
Desktop775: calls $3
*** TURN *** [5c 7s Jd] [Qd]
cepzorr: bets $6
Desktop775: calls $6
*** RIVER *** [5c 7s Jd Qd] [3h]
cepzorr: bets $6
Desktop775: calls $6
*** SHOW DOWN ***
cepzorr: shows [Qs Jh] (two pair, Queens and Jacks)
Desktop775: mucks hand
cepzorr collected $47.50 from pot
*** SUMMARY ***
Total pot $48 | Rake $0.50
Board [5c 7s Jd Qd 3h]
Seat 1: cepzorr (big blind) showed [Qs Jh] and won ($47.50) with two pair, Queens and Jacks
Seat 2: Desktop775 (button) (small blind) mucked


PokerStars Hand #145644388682:  Hold'em Limit ($3/$6 USD) - 2015/12/20 13:15:06 ET
Table 'Prothoon' 2-max Seat #1 is the button
Seat 1: cepzorr ($109.02 in chips)
Seat 2: Desktop775 ($84.02 in chips)
cepzorr: posts small blind $1
Desktop775: posts big blind $3
*** HOLE CARDS ***
cepzorr: raises $3 to $6
Desktop775: calls $3
*** FLOP *** [Kd 8c As]
Desktop775: checks
cepzorr: checks
*** TURN *** [Kd 8c As] [Js]
Desktop775: checks
cepzorr: checks
*** RIVER *** [Kd 8c As Js] [Ac]
Desktop775: checks
cepzorr: checks
*** SHOW DOWN ***
Desktop775: shows [6s Th] (a pair of Aces)
cepzorr: mucks hand
Desktop775 collected $11.76 from pot
*** SUMMARY ***
Total pot $12 | Rake $0.24
Board [Kd 8c As Js Ac]
Seat 1: cepzorr (button) (small blind) mucked
Seat 2: Desktop775 (big blind) showed [6s Th] and won ($11.76) with a pair of Aces


PokerStars Hand #145644406743:  Hold'em Limit ($3/$6 USD) - 2015/12/20 13:15:24 ET
Table 'Prothoon' 2-max Seat #2 is the button
Seat 1: cepzorr ($103.02 in chips)
Seat 2: Desktop775 ($89.78 in chips)
Desktop775: posts small blind $1
cepzorr: posts big blind $3
*** HOLE CARDS ***
Desktop775: raises $3 to $6
cepzorr: raises $3 to $9
Desktop775: calls $3
*** FLOP *** [4d 6s 5h]
cepzorr: bets $3
Desktop775: calls $3
*** TURN *** [4d 6s 5h] [4s]
cepzorr: bets $6
Desktop775: raises $6 to $12
cepzorr: folds
Uncalled bet ($6) returned to Desktop775
Desktop775 collected $35.50 from pot
Desktop775: doesn't show hand
*** SUMMARY ***
Total pot $36 | Rake $0.50
Board [4d 6s 5h 4s]
Seat 1: cepzorr (big blind) folded on the Turn
Seat 2: Desktop775 (button) (small blind) collected ($35.50)


PokerStars Hand #145644424460:  Hold'em Limit ($3/$6 USD) - 2015/12/20 13:15:43 ET
Table 'Prothoon' 2-max Seat #1 is the button
Seat 1: cepzorr ($85.02 in chips)
Seat 2: Desktop775 ($107.28 in chips)
cepzorr: posts small blind $1
Desktop775: posts big blind $3
*** HOLE CARDS ***
cepzorr: folds
Uncalled bet ($2) returned to Desktop775
Desktop775 collected $2 from pot
Desktop775: doesn't show hand
*** SUMMARY ***
Total pot $2 | Rake $0
Seat 1: cepzorr (button) (small blind) folded before Flop
Seat 2: Desktop775 (big blind) collected ($2)


PokerStars Hand #145644428900:  Hold'em Limit ($3/$6 USD) - 2015/12/20 13:15:48 ET
Table 'Prothoon' 2-max Seat #2 is the button
Seat 1: cepzorr ($84.02 in chips)
Seat 2: Desktop775 ($108.28 in chips)
Desktop775: posts small blind $1
cepzorr: posts big blind $3
*** HOLE CARDS ***
Desktop775: raises $3 to $6
cepzorr: calls $3
*** FLOP *** [9c Js 2d]
cepzorr: checks
Desktop775: bets $3
cepzorr: folds
Uncalled bet ($3) returned to Desktop775
Desktop775 collected $11.76 from pot
Desktop775: doesn't show hand
*** SUMMARY ***
Total pot $12 | Rake $0.24
Board [9c Js 2d]
Seat 1: cepzorr (big blind) folded on the Flop
Seat 2: Desktop775 (button) (small blind) collected ($11.76)


PokerStars Hand #145644468834:  Hold'em Limit ($3/$6 USD) - 2015/12/20 13:16:27 ET
Table 'Prothoon' 2-max Seat #2 is the button
Seat 1: cepzorr ($51.02 in chips)
Seat 2: Desktop775 ($140.54 in chips)
Desktop775: posts small blind $1
cepzorr: posts big blind $3
*** HOLE CARDS ***
Desktop775: raises $3 to $6
cepzorr: folds
Uncalled bet ($3) returned to Desktop775
cepzorr leaves the table
Desktop775 collected $6 from pot
Desktop775: doesn't show hand
*** SUMMARY ***
Total pot $6 | Rake $0
Seat 1: cepzorr (big blind) folded before Flop
Seat 2: Desktop775 (button) (small blind) collected ($6)


PokerStars Hand #145644440536:  Hold'em Limit ($3/$6 USD) - 2015/12/20 13:16:00 ET
Table 'Prothoon' 2-max Seat #1 is the button
Seat 1: cepzorr ($78.02 in chips)
Seat 2: Desktop775 ($114.04 in chips)
cepzorr: posts small blind $1
Desktop775: posts big blind $3
*** HOLE CARDS ***
cepzorr: raises $3 to $6
Desktop775: raises $3 to $9
cepzorr: raises $3 to $12
Betting is capped
Desktop775: calls $3
*** FLOP *** [Jd Td 6s]
Desktop775: checks
cepzorr: bets $3
Desktop775: calls $3
*** TURN *** [Jd Td 6s] [4d]
Desktop775: checks
cepzorr: bets $6
Desktop775: calls $6
*** RIVER *** [Jd Td 6s 4d] [Js]
Desktop775: checks
cepzorr: bets $6
Desktop775: calls $6
*** SHOW DOWN ***
cepzorr: shows [Kc Qh] (a pair of Jacks)
Desktop775: shows [Ks Ad] (a pair of Jacks - Ace kicker)
Desktop775 collected $53.50 from pot
*** SUMMARY ***
Total pot $54 | Rake $0.50
Board [Jd Td 6s 4d Js]
Seat 1: cepzorr (button) (small blind) showed [Kc Qh] and lost with a pair of Jacks
Seat 2: Desktop775 (big blind) showed [Ks Ad] and won ($53.50) with a pair of Jacks


