PokerStars Hand #152467789666:  Hold'em Limit ($3/$6 USD) - 2016/04/26 8:34:44 ET
Table 'Protogeneia III' 6-max Seat #6 is the button
Seat 4: Agrotait ($72 in chips)
Seat 6: HAOYUN88888 ($60 in chips)
HAOYUN88888: posts small blind $1
Agrotait: posts big blind $3
*** HOLE CARDS ***
HAOYUN88888: raises $3 to $6
Agrotait: calls $3
*** FLOP *** [6c 6h 5h]
GoliafUa joins the table at seat #1
Agrotait: checks
HAOYUN88888: bets $3
Agrotait: raises $3 to $6
HAOYUN88888: calls $3
*** TURN *** [6c 6h 5h] [9s]
Agrotait: checks
HAOYUN88888: checks
*** RIVER *** [6c 6h 5h 9s] [Kc]
Agrotait: bets $6
HAOYUN88888: folds
Uncalled bet ($6) returned to Agrotait
Agrotait collected $23.52 from pot
Agrotait: doesn't show hand
*** SUMMARY ***
Total pot $24 | Rake $0.48
Board [6c 6h 5h 9s Kc]
Seat 4: Agrotait (big blind) collected ($23.52)
Seat 6: HAOYUN88888 (button) (small blind) folded on the River


PokerStars Hand #152467815462:  Hold'em Limit ($3/$6 USD) - 2016/04/26 8:35:31 ET
Table 'Protogeneia III' 6-max Seat #4 is the button
Seat 4: Agrotait ($83.52 in chips)
Seat 6: HAOYUN88888 ($48 in chips)
Agrotait: posts small blind $1
HAOYUN88888: posts big blind $3
*** HOLE CARDS ***
Agrotait: folds
Uncalled bet ($2) returned to HAOYUN88888
HAOYUN88888 collected $2 from pot
HAOYUN88888: doesn't show hand
*** SUMMARY ***
Total pot $2 | Rake $0
Seat 4: Agrotait (button) (small blind) folded before Flop
Seat 6: HAOYUN88888 (big blind) collected ($2)


PokerStars Hand #152467818636:  Hold'em Limit ($3/$6 USD) - 2016/04/26 8:35:36 ET
Table 'Protogeneia III' 6-max Seat #6 is the button
Seat 4: Agrotait ($82.52 in chips)
Seat 6: HAOYUN88888 ($49 in chips)
HAOYUN88888: posts small blind $1
Agrotait: posts big blind $3
*** HOLE CARDS ***
HAOYUN88888: folds
Uncalled bet ($2) returned to Agrotait
Agrotait collected $2 from pot
Agrotait: doesn't show hand
*** SUMMARY ***
Total pot $2 | Rake $0
Seat 4: Agrotait (big blind) collected ($2)
Seat 6: HAOYUN88888 (button) (small blind) folded before Flop


PokerStars Hand #152467821930:  Hold'em Limit ($3/$6 USD) - 2016/04/26 8:35:42 ET
Table 'Protogeneia III' 6-max Seat #4 is the button
Seat 4: Agrotait ($83.52 in chips)
Seat 6: HAOYUN88888 ($48 in chips)
BábaPapa joins the table at seat #3
Agrotait: posts small blind $1
HAOYUN88888: posts big blind $3
*** HOLE CARDS ***
Agrotait: raises $3 to $6
HAOYUN88888: calls $3
*** FLOP *** [Kc 4d 7h]
HAOYUN88888: checks
Agrotait: bets $3
HAOYUN88888: raises $3 to $6
Agrotait: calls $3
*** TURN *** [Kc 4d 7h] [6d]
HAOYUN88888: bets $6
Agrotait: raises $6 to $12
HAOYUN88888: raises $6 to $18
Agrotait: calls $6
*** RIVER *** [Kc 4d 7h 6d] [9h]
HAOYUN88888: checks
Agrotait: bets $6
HAOYUN88888: folds
Uncalled bet ($6) returned to Agrotait
Agrotait collected $59.50 from pot
Agrotait: doesn't show hand
*** SUMMARY ***
Total pot $60 | Rake $0.50
Board [Kc 4d 7h 6d 9h]
Seat 4: Agrotait (button) (small blind) collected ($59.50)
Seat 6: HAOYUN88888 (big blind) folded on the River


