PokerStars Hand #144260075152:  Hold'em Limit ($3/$6 USD) - 2015/11/23 8:48:19 ET
Table 'Protogeneia II' 6-max Seat #5 is the button
Seat 1: pokkermon ($159.22 in chips)
Seat 5: schnizm ($213.20 in chips)
schnizm: posts small blind $1
pokkermon: posts big blind $3
*** HOLE CARDS ***
schnizm: raises $3 to $6
pokkermon: folds
Uncalled bet ($3) returned to schnizm
schnizm collected $6 from pot
schnizm: doesn't show hand
*** SUMMARY ***
Total pot $6 | Rake $0
Seat 1: pokkermon (big blind) folded before Flop
Seat 5: schnizm (button) (small blind) collected ($6)


PokerStars Hand #144260067673:  Hold'em Limit ($3/$6 USD) - 2015/11/23 8:48:06 ET
Table 'Protogeneia II' 6-max Seat #1 is the button
Seat 1: pokkermon ($153.46 in chips)
Seat 5: schnizm ($219.20 in chips)
pokkermon: posts small blind $1
Actionni13: is sitting out
schnizm: posts big blind $3
*** HOLE CARDS ***
pokkermon: raises $3 to $6
schnizm: calls $3
*** FLOP *** [4d 4h 4s]
schnizm: checks
pokkermon: bets $3
schnizm: folds
Uncalled bet ($3) returned to pokkermon
pokkermon collected $11.76 from pot
pokkermon: doesn't show hand
*** SUMMARY ***
Total pot $12 | Rake $0.24
Board [4d 4h 4s]
Seat 1: pokkermon (button) (small blind) collected ($11.76)
Seat 5: schnizm (big blind) folded on the Flop


PokerStars Hand #144260101166:  Hold'em Limit ($3/$6 USD) - 2015/11/23 8:49:02 ET
Table 'Protogeneia II' 6-max Seat #4 is the button
Seat 1: pokkermon ($155.22 in chips)
Seat 4: Actionni13 ($155.47 in chips)
Actionni13: posts small blind $1
schnizm: is sitting out
pokkermon: posts big blind $3
*** HOLE CARDS ***
Actionni13: raises $3 to $6
pokkermon: folds
Uncalled bet ($3) returned to Actionni13
Actionni13 collected $6 from pot
Actionni13: doesn't show hand
*** SUMMARY ***
Total pot $6 | Rake $0
Seat 1: pokkermon (big blind) folded before Flop
Seat 4: Actionni13 (button) (small blind) collected ($6)


