PokerStars Hand #171534455151:  Hold'em Limit ($3/$6 USD) - 2017/06/08 22:49:32 ET
Table 'Protogeneia II' 10-max Seat #10 is the button
Seat 9: shushlo ($72 in chips)
Seat 10: LifeisagameX ($84 in chips)
LifeisagameX: posts small blind $1
shushlo: posts big blind $3
*** HOLE CARDS ***
LifeisagameX: raises $3 to $6
shushlo: raises $3 to $9
LifeisagameX: calls $3
*** FLOP *** [As 6d Jc]
shushlo: bets $3
LifeisagameX: raises $3 to $6
shushlo: calls $3
*** TURN *** [As 6d Jc] [Tc]
shushlo: checks
LifeisagameX: checks
*** RIVER *** [As 6d Jc Tc] [2s]
shushlo: bets $6
LifeisagameX: folds
Uncalled bet ($6) returned to shushlo
shushlo collected $29.50 from pot
shushlo: doesn't show hand
*** SUMMARY ***
Total pot $30 | Rake $0.50
Board [As 6d Jc Tc 2s]
Seat 9: shushlo (big blind) collected ($29.50)
Seat 10: LifeisagameX (button) (small blind) folded on the River


PokerStars Hand #171534472634:  Hold'em Limit ($3/$6 USD) - 2017/06/08 22:50:25 ET
Table 'Protogeneia II' 10-max Seat #9 is the button
Seat 9: shushlo ($86.50 in chips)
Seat 10: LifeisagameX ($84 in chips)
shushlo: posts small blind $1
LifeisagameX: posts big blind $3
*** HOLE CARDS ***
shushlo: raises $3 to $6
LifeisagameX: calls $3
*** FLOP *** [6h Kc 7h]
LifeisagameX: checks
shushlo: bets $3
LifeisagameX: calls $3
*** TURN *** [6h Kc 7h] [3h]
LifeisagameX: bets $6
shushlo: folds
Uncalled bet ($6) returned to LifeisagameX
LifeisagameX collected $17.64 from pot
LifeisagameX: doesn't show hand
*** SUMMARY ***
Total pot $18 | Rake $0.36
Board [6h Kc 7h 3h]
Seat 9: shushlo (button) (small blind) folded on the Turn
Seat 10: LifeisagameX (big blind) collected ($17.64)


