PokerStars Hand #147267803131:  Hold'em Limit ($3/$6 USD) - 2016/01/18 14:35:39 ET
Table 'Prudentia' 6-max Seat #4 is the button
Seat 4: olavike ($82.56 in chips)
Seat 6: Chessnok ($112 in chips)
chiangkwang will be allowed to play after the button
olavike: posts small blind $1
veterankwu: is sitting out
Chessnok: posts big blind $3
*** HOLE CARDS ***
SashaYuvelir joins the table at seat #2
olavike: folds
Uncalled bet ($2) returned to Chessnok
Chessnok collected $2 from pot
Chessnok: doesn't show hand
*** SUMMARY ***
Total pot $2 | Rake $0
Seat 4: olavike (button) (small blind) folded before Flop
Seat 6: Chessnok (big blind) collected ($2)


PokerStars Hand #147267966029:  Hold'em Limit ($3/$6 USD) - 2016/01/18 14:38:06 ET
Table 'Prudentia' 6-max Seat #4 is the button
Seat 4: olavike ($98.56 in chips)
Seat 6: Chessnok ($81.50 in chips)
olavike: posts small blind $1
Chessnok: posts big blind $3
*** HOLE CARDS ***
olavike: raises $3 to $6
Chessnok: raises $3 to $9
olavike: calls $3
*** FLOP *** [3s 9h 9c]
Chessnok: bets $3
olavike: calls $3
*** TURN *** [3s 9h 9c] [3d]
Chessnok: bets $6
olavike: calls $6
*** RIVER *** [3s 9h 9c 3d] [Ac]
chiangkwang leaves the table
Chessnok: bets $6
olavike: calls $6
*** SHOW DOWN ***
Chessnok: shows [Td Ah] (two pair, Aces and Nines)
olavike: mucks hand
Chessnok collected $47.50 from pot
*** SUMMARY ***
Total pot $48 | Rake $0.50
Board [3s 9h 9c 3d Ac]
Seat 4: olavike (button) (small blind) mucked
Seat 6: Chessnok (big blind) showed [Td Ah] and won ($47.50) with two pair, Aces and Nines


PokerStars Hand #147267945132:  Hold'em Limit ($3/$6 USD) - 2016/01/18 14:37:48 ET
Table 'Prudentia' 6-max Seat #6 is the button
Seat 4: olavike ($119.56 in chips)
Seat 6: Chessnok ($61 in chips)
Chessnok: posts small blind $1
olavike: posts big blind $3
*** HOLE CARDS ***
Chessnok: raises $3 to $6
olavike: calls $3
*** FLOP *** [6s 5c Qh]
olavike: checks
Chessnok: bets $3
olavike: calls $3
*** TURN *** [6s 5c Qh] [Jc]
olavike: checks
Chessnok: bets $6
olavike: calls $6
*** RIVER *** [6s 5c Qh Jc] [5d]
olavike: checks
Chessnok: bets $6
olavike: calls $6
*** SHOW DOWN ***
Chessnok: shows [Tc 5h] (three of a kind, Fives)
olavike: mucks hand
Chessnok collected $41.50 from pot
*** SUMMARY ***
Total pot $42 | Rake $0.50
Board [6s 5c Qh Jc 5d]
Seat 4: olavike (big blind) mucked
Seat 6: Chessnok (button) (small blind) showed [Tc 5h] and won ($41.50) with three of a kind, Fives


