PokerStars Hand #161483365448:  Hold'em Limit ($3/$6 USD) - 2016/11/16 7:41:51 ET
Table 'Prudentia II' 6-max Seat #4 is the button
Seat 1: Kevytmaito ($143.67 in chips)
Seat 4: Agrotait ($69 in chips)
Agrotait: posts small blind $1
Kevytmaito: posts big blind $3
*** HOLE CARDS ***
Agrotait: raises $3 to $6
Kevytmaito: calls $3
*** FLOP *** [Tc 4s 8c]
B_loJkl joins the table at seat #2
Kevytmaito: checks
Agrotait: bets $3
Kevytmaito: calls $3
*** TURN *** [Tc 4s 8c] [Jh]
Kevytmaito: checks
Agrotait: checks
*** RIVER *** [Tc 4s 8c Jh] [4d]
Kevytmaito: bets $6
Agrotait: calls $6
*** SHOW DOWN ***
Kevytmaito: shows [8s 3s] (two pair, Eights and Fours)
Agrotait: shows [7d 8d] (two pair, Eights and Fours)
Kevytmaito collected $14.75 from pot
Agrotait collected $14.75 from pot
*** SUMMARY ***
Total pot $30 | Rake $0.50
Board [Tc 4s 8c Jh 4d]
Seat 1: Kevytmaito (big blind) showed [8s 3s] and won ($14.75) with two pair, Eights and Fours
Seat 4: Agrotait (button) (small blind) showed [7d 8d] and won ($14.75) with two pair, Eights and Fours


PokerStars Hand #161483726963:  Hold'em Limit ($3/$6 USD) - 2016/11/16 7:54:01 ET
Table 'Prudentia II' 6-max Seat #6 is the button
Seat 2: B_loJkl ($196.26 in chips)
Seat 6: Alexsandr.NT ($74.73 in chips)
Alexsandr.NT: posts small blind $1
B_loJkl: posts big blind $3
*** HOLE CARDS ***
Alexsandr.NT: raises $3 to $6
B_loJkl: calls $3
*** FLOP *** [2d 7s 2s]
B_loJkl: checks
Alexsandr.NT: bets $3
B_loJkl: folds
Uncalled bet ($3) returned to Alexsandr.NT
Alexsandr.NT collected $11.76 from pot
Alexsandr.NT: doesn't show hand
*** SUMMARY ***
Total pot $12 | Rake $0.24
Board [2d 7s 2s]
Seat 2: B_loJkl (big blind) folded on the Flop
Seat 6: Alexsandr.NT (button) (small blind) collected ($11.76)


PokerStars Hand #161483720718:  Hold'em Limit ($3/$6 USD) - 2016/11/16 7:53:49 ET
Table 'Prudentia II' 6-max Seat #2 is the button
Seat 2: B_loJkl ($193.26 in chips)
Seat 6: Alexsandr.NT ($77.73 in chips)
B_loJkl: posts small blind $1
ABATAPP: is sitting out
Alexsandr.NT: posts big blind $3
*** HOLE CARDS ***
B_loJkl: raises $3 to $6
Alexsandr.NT: folds
Uncalled bet ($3) returned to B_loJkl
B_loJkl collected $6 from pot
B_loJkl: doesn't show hand
*** SUMMARY ***
Total pot $6 | Rake $0
Seat 2: B_loJkl (button) (small blind) collected ($6)
Seat 6: Alexsandr.NT (big blind) folded before Flop


PokerStars Hand #161483743315:  Hold'em Limit ($3/$6 USD) - 2016/11/16 7:54:34 ET
Table 'Prudentia II' 6-max Seat #2 is the button
Seat 2: B_loJkl ($190.26 in chips)
Seat 6: Alexsandr.NT ($80.49 in chips)
B_loJkl: posts small blind $1
Alexsandr.NT: posts big blind $3
*** HOLE CARDS ***
B_loJkl: raises $3 to $6
ABATAPP leaves the table
Alexsandr.NT: folds
Uncalled bet ($3) returned to B_loJkl
B_loJkl collected $6 from pot
B_loJkl: doesn't show hand
*** SUMMARY ***
Total pot $6 | Rake $0
Seat 2: B_loJkl (button) (small blind) collected ($6)
Seat 6: Alexsandr.NT (big blind) folded before Flop


PokerStars Hand #161483788901:  Hold'em Limit ($3/$6 USD) - 2016/11/16 7:56:13 ET
Table 'Prudentia II' 6-max Seat #2 is the button
Seat 2: B_loJkl ($196.78 in chips)
Seat 6: Alexsandr.NT ($73.13 in chips)
B_loJkl: posts small blind $1
Alexsandr.NT: posts big blind $3
*** HOLE CARDS ***
B_loJkl: folds
Uncalled bet ($2) returned to Alexsandr.NT
Alexsandr.NT collected $2 from pot
Alexsandr.NT: doesn't show hand
*** SUMMARY ***
Total pot $2 | Rake $0
Seat 2: B_loJkl (button) (small blind) folded before Flop
Seat 6: Alexsandr.NT (big blind) collected ($2)


PokerStars Hand #161483785887:  Hold'em Limit ($3/$6 USD) - 2016/11/16 7:56:06 ET
Table 'Prudentia II' 6-max Seat #6 is the button
Seat 2: B_loJkl ($195.78 in chips)
Seat 6: Alexsandr.NT ($74.13 in chips)
Alexsandr.NT: posts small blind $1
B_loJkl: posts big blind $3
*** HOLE CARDS ***
Alexsandr.NT: folds
Uncalled bet ($2) returned to B_loJkl
B_loJkl collected $2 from pot
B_loJkl: doesn't show hand
*** SUMMARY ***
Total pot $2 | Rake $0
Seat 2: B_loJkl (big blind) collected ($2)
Seat 6: Alexsandr.NT (button) (small blind) folded before Flop


PokerStars Hand #161483774706:  Hold'em Limit ($3/$6 USD) - 2016/11/16 7:55:41 ET
Table 'Prudentia II' 6-max Seat #2 is the button
Seat 2: B_loJkl ($204.78 in chips)
Seat 6: Alexsandr.NT ($65.49 in chips)
B_loJkl: posts small blind $1
Alexsandr.NT: posts big blind $3
*** HOLE CARDS ***
B_loJkl: raises $3 to $6
Alexsandr.NT: calls $3
*** FLOP *** [9c 9d 5h]
Alexsandr.NT: checks
B_loJkl: bets $3
Alexsandr.NT: raises $3 to $6
B_loJkl: folds
Uncalled bet ($3) returned to Alexsandr.NT
Alexsandr.NT collected $17.64 from pot
Alexsandr.NT: doesn't show hand
*** SUMMARY ***
Total pot $18 | Rake $0.36
Board [9c 9d 5h]
Seat 2: B_loJkl (button) (small blind) folded on the Flop
Seat 6: Alexsandr.NT (big blind) collected ($17.64)


PokerStars Hand #161483753830:  Hold'em Limit ($3/$6 USD) - 2016/11/16 7:54:55 ET
Table 'Prudentia II' 6-max Seat #6 is the button
Seat 2: B_loJkl ($193.26 in chips)
Seat 6: Alexsandr.NT ($77.49 in chips)
Alexsandr.NT: posts small blind $1
B_loJkl: posts big blind $3
*** HOLE CARDS ***
Alexsandr.NT: raises $3 to $6
B_loJkl: calls $3
*** FLOP *** [8h 5s 7c]
B_loJkl: checks
Alexsandr.NT: bets $3
B_loJkl: raises $3 to $6
Alexsandr.NT: calls $3
*** TURN *** [8h 5s 7c] [Kd]
B_loJkl: bets $6
Alexsandr.NT: folds
Uncalled bet ($6) returned to B_loJkl
B_loJkl collected $23.52 from pot
B_loJkl: doesn't show hand
*** SUMMARY ***
Total pot $24 | Rake $0.48
Board [8h 5s 7c Kd]
Seat 2: B_loJkl (big blind) collected ($23.52)
Seat 6: Alexsandr.NT (button) (small blind) folded on the Turn


PokerStars Hand #161483791343:  Hold'em Limit ($3/$6 USD) - 2016/11/16 7:56:19 ET
Table 'Prudentia II' 6-max Seat #6 is the button
Seat 2: B_loJkl ($195.78 in chips)
Seat 6: Alexsandr.NT ($74.13 in chips)
Alexsandr.NT: posts small blind $1
B_loJkl: posts big blind $3
*** HOLE CARDS ***
Alexsandr.NT: raises $3 to $6
B_loJkl: folds
Uncalled bet ($3) returned to Alexsandr.NT
Alexsandr.NT collected $6 from pot
Alexsandr.NT: doesn't show hand
*** SUMMARY ***
Total pot $6 | Rake $0
Seat 2: B_loJkl (big blind) folded before Flop
Seat 6: Alexsandr.NT (button) (small blind) collected ($6)


PokerStars Hand #161483794953:  Hold'em Limit ($3/$6 USD) - 2016/11/16 7:56:26 ET
Table 'Prudentia II' 6-max Seat #2 is the button
Seat 2: B_loJkl ($192.78 in chips)
Seat 6: Alexsandr.NT ($77.13 in chips)
B_loJkl: posts small blind $1
Alexsandr.NT: posts big blind $3
*** HOLE CARDS ***
B_loJkl: raises $3 to $6
Alexsandr.NT: raises $3 to $9
B_loJkl: calls $3
*** FLOP *** [2s 5d 5s]
Alexsandr.NT: bets $3
B_loJkl: folds
Uncalled bet ($3) returned to Alexsandr.NT
Alexsandr.NT collected $17.64 from pot
Alexsandr.NT: doesn't show hand
*** SUMMARY ***
Total pot $18 | Rake $0.36
Board [2s 5d 5s]
Seat 2: B_loJkl (button) (small blind) folded on the Flop
Seat 6: Alexsandr.NT (big blind) collected ($17.64)


PokerStars Hand #161483830265:  Hold'em Limit ($3/$6 USD) - 2016/11/16 7:57:45 ET
Table 'Prudentia II' 6-max Seat #2 is the button
Seat 2: B_loJkl ($177.78 in chips)
Seat 6: Alexsandr.NT ($91.53 in chips)
B_loJkl: posts small blind $1
Alexsandr.NT: posts big blind $3
*** HOLE CARDS ***
B_loJkl: raises $3 to $6
Alexsandr.NT: calls $3
*** FLOP *** [Qc 6s 5c]
Alexsandr.NT: checks
B_loJkl: bets $3
Alexsandr.NT: calls $3
*** TURN *** [Qc 6s 5c] [Qs]
Alexsandr.NT: checks
B_loJkl: checks
*** RIVER *** [Qc 6s 5c Qs] [Ah]
Alexsandr.NT: checks
B_loJkl: checks
*** SHOW DOWN ***
Alexsandr.NT: shows [Td 6c] (two pair, Queens and Sixes)
B_loJkl: mucks hand
Alexsandr.NT collected $17.64 from pot
*** SUMMARY ***
Total pot $18 | Rake $0.36
Board [Qc 6s 5c Qs Ah]
Seat 2: B_loJkl (button) (small blind) mucked
Seat 6: Alexsandr.NT (big blind) showed [Td 6c] and won ($17.64) with two pair, Queens and Sixes


PokerStars Hand #161483809922:  Hold'em Limit ($3/$6 USD) - 2016/11/16 7:57:00 ET
Table 'Prudentia II' 6-max Seat #6 is the button
Seat 2: B_loJkl ($183.78 in chips)
Seat 6: Alexsandr.NT ($85.77 in chips)
Alexsandr.NT: posts small blind $1
B_loJkl: posts big blind $3
*** HOLE CARDS ***
Alexsandr.NT: raises $3 to $6
B_loJkl: calls $3
*** FLOP *** [7c 4h 7h]
B_loJkl: checks
Alexsandr.NT: checks
*** TURN *** [7c 4h 7h] [2s]
B_loJkl: checks
Alexsandr.NT: bets $6
B_loJkl: folds
Uncalled bet ($6) returned to Alexsandr.NT
Alexsandr.NT collected $11.76 from pot
Alexsandr.NT: doesn't show hand
*** SUMMARY ***
Total pot $12 | Rake $0.24
Board [7c 4h 7h 2s]
Seat 2: B_loJkl (big blind) folded on the Turn
Seat 6: Alexsandr.NT (button) (small blind) collected ($11.76)


PokerStars Hand #161483866193:  Hold'em Limit ($3/$6 USD) - 2016/11/16 7:59:07 ET
Table 'Prudentia II' 6-max Seat #2 is the button
Seat 2: B_loJkl ($177.42 in chips)
Seat 6: Alexsandr.NT ($91.17 in chips)
B_loJkl: posts small blind $1
Alexsandr.NT: posts big blind $3
*** HOLE CARDS ***
B_loJkl: raises $3 to $6
Alexsandr.NT: raises $3 to $9
B_loJkl: calls $3
*** FLOP *** [2h Qh Qs]
Alexsandr.NT: bets $3
B_loJkl: folds
Uncalled bet ($3) returned to Alexsandr.NT
Alexsandr.NT collected $17.64 from pot
Alexsandr.NT: doesn't show hand
*** SUMMARY ***
Total pot $18 | Rake $0.36
Board [2h Qh Qs]
Seat 2: B_loJkl (button) (small blind) folded on the Flop
Seat 6: Alexsandr.NT (big blind) collected ($17.64)


PokerStars Hand #161483844435:  Hold'em Limit ($3/$6 USD) - 2016/11/16 7:58:17 ET
Table 'Prudentia II' 6-max Seat #6 is the button
Seat 2: B_loJkl ($168.78 in chips)
Seat 6: Alexsandr.NT ($100.17 in chips)
Alexsandr.NT: posts small blind $1
B_loJkl: posts big blind $3
*** HOLE CARDS ***
Alexsandr.NT: raises $3 to $6
B_loJkl: calls $3
*** FLOP *** [8d Th 3d]
B_loJkl: checks
Alexsandr.NT: bets $3
B_loJkl: calls $3
*** TURN *** [8d Th 3d] [9s]
B_loJkl: checks
Alexsandr.NT: checks
*** RIVER *** [8d Th 3d 9s] [Ac]
B_loJkl: bets $6
Alexsandr.NT: folds
Uncalled bet ($6) returned to B_loJkl
B_loJkl collected $17.64 from pot
B_loJkl: doesn't show hand
*** SUMMARY ***
Total pot $18 | Rake $0.36
Board [8d Th 3d 9s Ac]
Seat 2: B_loJkl (big blind) collected ($17.64)
Seat 6: Alexsandr.NT (button) (small blind) folded on the River


PokerStars Hand #161483882684:  Hold'em Limit ($3/$6 USD) - 2016/11/16 7:59:44 ET
Table 'Prudentia II' 6-max Seat #2 is the button
Seat 2: B_loJkl ($165.42 in chips)
Seat 6: Alexsandr.NT ($102.81 in chips)
B_loJkl: posts small blind $1
Alexsandr.NT: posts big blind $3
*** HOLE CARDS ***
B_loJkl: folds
Uncalled bet ($2) returned to Alexsandr.NT
Alexsandr.NT collected $2 from pot
Alexsandr.NT: doesn't show hand
*** SUMMARY ***
Total pot $2 | Rake $0
Seat 2: B_loJkl (button) (small blind) folded before Flop
Seat 6: Alexsandr.NT (big blind) collected ($2)


PokerStars Hand #161483876895:  Hold'em Limit ($3/$6 USD) - 2016/11/16 7:59:31 ET
Table 'Prudentia II' 6-max Seat #6 is the button
Seat 2: B_loJkl ($168.42 in chips)
Seat 6: Alexsandr.NT ($99.81 in chips)
Alexsandr.NT: posts small blind $1
B_loJkl: posts big blind $3
*** HOLE CARDS ***
Alexsandr.NT: raises $3 to $6
B_loJkl: folds
Uncalled bet ($3) returned to Alexsandr.NT
Alexsandr.NT collected $6 from pot
Alexsandr.NT: doesn't show hand
*** SUMMARY ***
Total pot $6 | Rake $0
Seat 2: B_loJkl (big blind) folded before Flop
Seat 6: Alexsandr.NT (button) (small blind) collected ($6)


PokerStars Hand #161483885144:  Hold'em Limit ($3/$6 USD) - 2016/11/16 7:59:49 ET
Table 'Prudentia II' 6-max Seat #6 is the button
Seat 2: B_loJkl ($164.42 in chips)
Seat 6: Alexsandr.NT ($103.81 in chips)
Alexsandr.NT: posts small blind $1
B_loJkl: posts big blind $3
*** HOLE CARDS ***
Alexsandr.NT: raises $3 to $6
B_loJkl: calls $3
*** FLOP *** [Qh Tc 5s]
B_loJkl: checks
Alexsandr.NT: bets $3
B_loJkl: folds
Uncalled bet ($3) returned to Alexsandr.NT
Alexsandr.NT collected $11.76 from pot
Alexsandr.NT: doesn't show hand
*** SUMMARY ***
Total pot $12 | Rake $0.24
Board [Qh Tc 5s]
Seat 2: B_loJkl (big blind) folded on the Flop
Seat 6: Alexsandr.NT (button) (small blind) collected ($11.76)


PokerStars Hand #161483914598:  Hold'em Limit ($3/$6 USD) - 2016/11/16 8:00:52 ET
Table 'Prudentia II' 6-max Seat #6 is the button
Seat 2: B_loJkl ($140.42 in chips)
Seat 6: Alexsandr.NT ($127.07 in chips)
Alexsandr.NT: posts small blind $1
B_loJkl: posts big blind $3
*** HOLE CARDS ***
Alexsandr.NT: folds
Uncalled bet ($2) returned to B_loJkl
B_loJkl collected $2 from pot
B_loJkl: doesn't show hand
*** SUMMARY ***
Total pot $2 | Rake $0
Seat 2: B_loJkl (big blind) collected ($2)
Seat 6: Alexsandr.NT (button) (small blind) folded before Flop


PokerStars Hand #161483893081:  Hold'em Limit ($3/$6 USD) - 2016/11/16 8:00:07 ET
Table 'Prudentia II' 6-max Seat #2 is the button
Seat 2: B_loJkl ($158.42 in chips)
Seat 6: Alexsandr.NT ($109.57 in chips)
B_loJkl: posts small blind $1
Alexsandr.NT: posts big blind $3
*** HOLE CARDS ***
B_loJkl: raises $3 to $6
Alexsandr.NT: calls $3
*** FLOP *** [Tc 2d 5s]
Alexsandr.NT: checks
B_loJkl: checks
*** TURN *** [Tc 2d 5s] [7d]
Alexsandr.NT: bets $6
B_loJkl: calls $6
*** RIVER *** [Tc 2d 5s 7d] [Td]
Alexsandr.NT: checks
B_loJkl: bets $6
Alexsandr.NT: calls $6
*** SHOW DOWN ***
B_loJkl: shows [7h Jh] (two pair, Tens and Sevens)
Alexsandr.NT: shows [7s Kd] (two pair, Tens and Sevens - King kicker)
Alexsandr.NT collected $35.50 from pot
*** SUMMARY ***
Total pot $36 | Rake $0.50
Board [Tc 2d 5s 7d Td]
Seat 2: B_loJkl (button) (small blind) showed [7h Jh] and lost with two pair, Tens and Sevens
Seat 6: Alexsandr.NT (big blind) showed [7s Kd] and won ($35.50) with two pair, Tens and Sevens


