PokerStars Hand #154964984808:  Hold'em Limit ($3/$6 USD) - 2016/06/20 1:13:23 ET
Table 'Prudentia' 6-max Seat #2 is the button
Seat 1: LifeisagameX ($59 in chips)
Seat 2: mowinmo ($69 in chips)
mowinmo: posts small blind $1
LifeisagameX: posts big blind $3
*** HOLE CARDS ***
mowinmo: raises $3 to $6
LifeisagameX: calls $3
*** FLOP *** [4s 4h Ks]
LifeisagameX: checks
mowinmo: bets $3
LifeisagameX: folds
Uncalled bet ($3) returned to mowinmo
mowinmo collected $11.76 from pot
mowinmo: doesn't show hand
*** SUMMARY ***
Total pot $12 | Rake $0.24
Board [4s 4h Ks]
Seat 1: LifeisagameX (big blind) folded on the Flop
Seat 2: mowinmo (button) (small blind) collected ($11.76)


PokerStars Hand #154964980288:  Hold'em Limit ($3/$6 USD) - 2016/06/20 1:13:02 ET
Table 'Prudentia' 6-max Seat #1 is the button
Seat 1: LifeisagameX ($60 in chips)
Seat 2: mowinmo ($68 in chips)
LifeisagameX: posts small blind $1
mowinmo: posts big blind $3
*** HOLE CARDS ***
LifeisagameX: folds
Uncalled bet ($2) returned to mowinmo
mowinmo collected $2 from pot
mowinmo: doesn't show hand
*** SUMMARY ***
Total pot $2 | Rake $0
Seat 1: LifeisagameX (button) (small blind) folded before Flop
Seat 2: mowinmo (big blind) collected ($2)


PokerStars Hand #154964991616:  Hold'em Limit ($3/$6 USD) - 2016/06/20 1:13:53 ET
Table 'Prudentia' 6-max Seat #2 is the button
Seat 1: LifeisagameX ($56 in chips)
Seat 2: mowinmo ($71.76 in chips)
mowinmo: posts small blind $1
LifeisagameX: posts big blind $3
*** HOLE CARDS ***
mowinmo: folds
Uncalled bet ($2) returned to LifeisagameX
LifeisagameX collected $2 from pot
LifeisagameX: doesn't show hand
*** SUMMARY ***
Total pot $2 | Rake $0
Seat 1: LifeisagameX (big blind) collected ($2)
Seat 2: mowinmo (button) (small blind) folded before Flop


PokerStars Hand #154964989526:  Hold'em Limit ($3/$6 USD) - 2016/06/20 1:13:44 ET
Table 'Prudentia' 6-max Seat #1 is the button
Seat 1: LifeisagameX ($53 in chips)
Seat 2: mowinmo ($74.76 in chips)
LifeisagameX: posts small blind $1
mowinmo: posts big blind $3
*** HOLE CARDS ***
LifeisagameX: raises $3 to $6
mowinmo: folds
Uncalled bet ($3) returned to LifeisagameX
LifeisagameX collected $6 from pot
LifeisagameX: doesn't show hand
*** SUMMARY ***
Total pot $6 | Rake $0
Seat 1: LifeisagameX (button) (small blind) collected ($6)
Seat 2: mowinmo (big blind) folded before Flop


PokerStars Hand #154964993062:  Hold'em Limit ($3/$6 USD) - 2016/06/20 1:14:00 ET
Table 'Prudentia' 6-max Seat #1 is the button
Seat 1: LifeisagameX ($57 in chips)
Seat 2: mowinmo ($70.76 in chips)
LifeisagameX: posts small blind $1
mowinmo: posts big blind $3
*** HOLE CARDS ***
LifeisagameX: raises $3 to $6
mowinmo: calls $3
*** FLOP *** [3c 9s 3h]
mowinmo: checks
LifeisagameX: bets $3
mowinmo: calls $3
*** TURN *** [3c 9s 3h] [Ah]
mowinmo: checks
LifeisagameX: bets $6
mowinmo: calls $6
*** RIVER *** [3c 9s 3h Ah] [Kh]
mowinmo: bets $6
LifeisagameX: raises $6 to $12
mowinmo: calls $6
*** SHOW DOWN ***
LifeisagameX: shows [9c Ac] (two pair, Aces and Nines)
mowinmo: mucks hand
LifeisagameX collected $53.50 from pot
*** SUMMARY ***
Total pot $54 | Rake $0.50
Board [3c 9s 3h Ah Kh]
Seat 1: LifeisagameX (button) (small blind) showed [9c Ac] and won ($53.50) with two pair, Aces and Nines
Seat 2: mowinmo (big blind) mucked


PokerStars Hand #154965001859:  Hold'em Limit ($3/$6 USD) - 2016/06/20 1:14:39 ET
Table 'Prudentia' 6-max Seat #2 is the button
Seat 1: LifeisagameX ($83.50 in chips)
Seat 2: mowinmo ($43.76 in chips)
mowinmo: posts small blind $1
LifeisagameX: posts big blind $3
*** HOLE CARDS ***
mowinmo: raises $3 to $6
LifeisagameX: folds
Uncalled bet ($3) returned to mowinmo
mowinmo collected $6 from pot
mowinmo: doesn't show hand
*** SUMMARY ***
Total pot $6 | Rake $0
Seat 1: LifeisagameX (big blind) folded before Flop
Seat 2: mowinmo (button) (small blind) collected ($6)


PokerStars Hand #154965010322:  Hold'em Limit ($3/$6 USD) - 2016/06/20 1:15:17 ET
Table 'Prudentia' 6-max Seat #2 is the button
Seat 1: LifeisagameX ($86.26 in chips)
Seat 2: mowinmo ($44.72 in chips)
mowinmo: posts small blind $1
LifeisagameX: posts big blind $3
*** HOLE CARDS ***
mowinmo: raises $3 to $6
LifeisagameX: raises $3 to $9
mowinmo: calls $3
*** FLOP *** [Qh 8c 8s]
LifeisagameX: bets $3
mowinmo: raises $3 to $6
LifeisagameX: calls $3
*** TURN *** [Qh 8c 8s] [5d]
LifeisagameX: checks
mowinmo: bets $6
LifeisagameX: calls $6
*** RIVER *** [Qh 8c 8s 5d] [2h]
LifeisagameX: checks
mowinmo: checks
*** SHOW DOWN ***
LifeisagameX: shows [4s 4h] (two pair, Eights and Fours)
mowinmo: mucks hand
LifeisagameX collected $41.50 from pot
*** SUMMARY ***
Total pot $42 | Rake $0.50
Board [Qh 8c 8s 5d 2h]
Seat 1: LifeisagameX (big blind) showed [4s 4h] and won ($41.50) with two pair, Eights and Fours
Seat 2: mowinmo (button) (small blind) mucked


PokerStars Hand #154965005292:  Hold'em Limit ($3/$6 USD) - 2016/06/20 1:14:55 ET
Table 'Prudentia' 6-max Seat #1 is the button
Seat 1: LifeisagameX ($80.50 in chips)
Seat 2: mowinmo ($50.72 in chips)
LifeisagameX: posts small blind $1
mowinmo: posts big blind $3
*** HOLE CARDS ***
LifeisagameX: raises $3 to $6
mowinmo: calls $3
*** FLOP *** [9s Ah 4d]
mowinmo: checks
LifeisagameX: bets $3
mowinmo: folds
Uncalled bet ($3) returned to LifeisagameX
LifeisagameX collected $11.76 from pot
LifeisagameX: doesn't show hand
*** SUMMARY ***
Total pot $12 | Rake $0.24
Board [9s Ah 4d]
Seat 1: LifeisagameX (button) (small blind) collected ($11.76)
Seat 2: mowinmo (big blind) folded on the Flop


PokerStars Hand #154965025292:  Hold'em Limit ($3/$6 USD) - 2016/06/20 1:16:24 ET
Table 'Prudentia' 6-max Seat #2 is the button
Seat 1: LifeisagameX ($91.76 in chips)
Seat 2: mowinmo ($38.22 in chips)
mowinmo: posts small blind $1
LifeisagameX: posts big blind $3
*** HOLE CARDS ***
mowinmo: raises $3 to $6
LifeisagameX: calls $3
*** FLOP *** [2s Td Ah]
LifeisagameX: checks
mowinmo: bets $3
LifeisagameX: folds
Uncalled bet ($3) returned to mowinmo
mowinmo collected $11.76 from pot
mowinmo: doesn't show hand
*** SUMMARY ***
Total pot $12 | Rake $0.24
Board [2s Td Ah]
Seat 1: LifeisagameX (big blind) folded on the Flop
Seat 2: mowinmo (button) (small blind) collected ($11.76)


PokerStars Hand #154965028660:  Hold'em Limit ($3/$6 USD) - 2016/06/20 1:16:39 ET
Table 'Prudentia' 6-max Seat #1 is the button
Seat 1: LifeisagameX ($85.76 in chips)
Seat 2: mowinmo ($43.98 in chips)
LifeisagameX: posts small blind $1
mowinmo: posts big blind $3
*** HOLE CARDS ***
LifeisagameX: raises $3 to $6
mowinmo: calls $3
*** FLOP *** [3s 9s 2c]
mowinmo: checks
LifeisagameX: bets $3
mowinmo: calls $3
*** TURN *** [3s 9s 2c] [Js]
mowinmo: checks
LifeisagameX: bets $6
mowinmo: raises $6 to $12
LifeisagameX: folds
Uncalled bet ($6) returned to mowinmo
mowinmo collected $29.50 from pot
mowinmo: doesn't show hand
*** SUMMARY ***
Total pot $30 | Rake $0.50
Board [3s 9s 2c Js]
Seat 1: LifeisagameX (button) (small blind) folded on the Turn
Seat 2: mowinmo (big blind) collected ($29.50)


PokerStars Hand #154965019769:  Hold'em Limit ($3/$6 USD) - 2016/06/20 1:16:00 ET
Table 'Prudentia' 6-max Seat #1 is the button
Seat 1: LifeisagameX ($106.76 in chips)
Seat 2: mowinmo ($23.72 in chips)
LifeisagameX: posts small blind $1
mowinmo: posts big blind $3
*** HOLE CARDS ***
LifeisagameX: raises $3 to $6
mowinmo: calls $3
*** FLOP *** [2c 5h 8h]
mowinmo: checks
LifeisagameX: bets $3
mowinmo: calls $3
*** TURN *** [2c 5h 8h] [2d]
mowinmo: checks
LifeisagameX: checks
*** RIVER *** [2c 5h 8h 2d] [Qs]
mowinmo: bets $6
LifeisagameX: calls $6
*** SHOW DOWN ***
mowinmo: shows [Qc 4h] (two pair, Queens and Deuces)
LifeisagameX: mucks hand
mowinmo collected $29.50 from pot
*** SUMMARY ***
Total pot $30 | Rake $0.50
Board [2c 5h 8h 2d Qs]
Seat 1: LifeisagameX (button) (small blind) mucked
Seat 2: mowinmo (big blind) showed [Qc 4h] and won ($29.50) with two pair, Queens and Deuces


PokerStars Hand #154965045304:  Hold'em Limit ($3/$6 USD) - 2016/06/20 1:17:54 ET
Table 'Prudentia' 6-max Seat #1 is the button
Seat 1: LifeisagameX ($46.76 in chips)
Seat 2: mowinmo ($81.98 in chips)
LifeisagameX: posts small blind $1
mowinmo: posts big blind $3
*** HOLE CARDS ***
LifeisagameX: raises $3 to $6
mowinmo: folds
Uncalled bet ($3) returned to LifeisagameX
LifeisagameX collected $6 from pot
LifeisagameX: doesn't show hand
*** SUMMARY ***
Total pot $6 | Rake $0
Seat 1: LifeisagameX (button) (small blind) collected ($6)
Seat 2: mowinmo (big blind) folded before Flop


PokerStars Hand #154965043834:  Hold'em Limit ($3/$6 USD) - 2016/06/20 1:17:48 ET
Table 'Prudentia' 6-max Seat #2 is the button
Seat 1: LifeisagameX ($45.76 in chips)
Seat 2: mowinmo ($82.98 in chips)
mowinmo: posts small blind $1
LifeisagameX: posts big blind $3
*** HOLE CARDS ***
mowinmo: folds
Uncalled bet ($2) returned to LifeisagameX
LifeisagameX collected $2 from pot
LifeisagameX: doesn't show hand
*** SUMMARY ***
Total pot $2 | Rake $0
Seat 1: LifeisagameX (big blind) collected ($2)
Seat 2: mowinmo (button) (small blind) folded before Flop


PokerStars Hand #154965033919:  Hold'em Limit ($3/$6 USD) - 2016/06/20 1:17:03 ET
Table 'Prudentia' 6-max Seat #2 is the button
Seat 1: LifeisagameX ($70.76 in chips)
Seat 2: mowinmo ($58.48 in chips)
mowinmo: posts small blind $1
LifeisagameX: posts big blind $3
*** HOLE CARDS ***
mowinmo: raises $3 to $6
LifeisagameX: calls $3
*** FLOP *** [Ah 3d 6c]
LifeisagameX: checks
mowinmo: checks
*** TURN *** [Ah 3d 6c] [Td]
LifeisagameX: bets $6
mowinmo: calls $6
*** RIVER *** [Ah 3d 6c Td] [Jh]
LifeisagameX: bets $6
mowinmo: raises $6 to $12
LifeisagameX: calls $6
*** SHOW DOWN ***
mowinmo: shows [Kc Qs] (a straight, Ten to Ace)
LifeisagameX: mucks hand
mowinmo collected $47.50 from pot
*** SUMMARY ***
Total pot $48 | Rake $0.50
Board [Ah 3d 6c Td Jh]
Seat 1: LifeisagameX (big blind) mucked
Seat 2: mowinmo (button) (small blind) showed [Kc Qs] and won ($47.50) with a straight, Ten to Ace


PokerStars Hand #154965041612:  Hold'em Limit ($3/$6 USD) - 2016/06/20 1:17:38 ET
Table 'Prudentia' 6-max Seat #1 is the button
Seat 1: LifeisagameX ($46.76 in chips)
Seat 2: mowinmo ($81.98 in chips)
LifeisagameX: posts small blind $1
mowinmo: posts big blind $3
*** HOLE CARDS ***
LifeisagameX: folds
Uncalled bet ($2) returned to mowinmo
mowinmo collected $2 from pot
mowinmo: doesn't show hand
*** SUMMARY ***
Total pot $2 | Rake $0
Seat 1: LifeisagameX (button) (small blind) folded before Flop
Seat 2: mowinmo (big blind) collected ($2)


PokerStars Hand #154965047538:  Hold'em Limit ($3/$6 USD) - 2016/06/20 1:18:05 ET
Table 'Prudentia' 6-max Seat #2 is the button
Seat 1: LifeisagameX ($49.76 in chips)
Seat 2: mowinmo ($78.98 in chips)
mowinmo: posts small blind $1
LifeisagameX: posts big blind $3
*** HOLE CARDS ***
mowinmo: raises $3 to $6
LifeisagameX: calls $3
*** FLOP *** [Ks Qs 9h]
LifeisagameX: checks
mowinmo: bets $3
LifeisagameX: calls $3
*** TURN *** [Ks Qs 9h] [Td]
LifeisagameX: checks
mowinmo: checks
*** RIVER *** [Ks Qs 9h Td] [2s]
LifeisagameX: checks
mowinmo: bets $6
LifeisagameX: calls $6
*** SHOW DOWN ***
mowinmo: shows [Qc 7c] (a pair of Queens)
LifeisagameX: mucks hand
mowinmo collected $29.50 from pot
*** SUMMARY ***
Total pot $30 | Rake $0.50
Board [Ks Qs 9h Td 2s]
Seat 1: LifeisagameX (big blind) mucked
Seat 2: mowinmo (button) (small blind) showed [Qc 7c] and won ($29.50) with a pair of Queens


PokerStars Hand #154965066507:  Hold'em Limit ($3/$6 USD) - 2016/06/20 1:19:33 ET
Table 'Prudentia' 6-max Seat #2 is the button
Seat 1: LifeisagameX ($40.52 in chips)
Seat 2: mowinmo ($87.48 in chips)
mowinmo: posts small blind $1
LifeisagameX: posts big blind $3
*** HOLE CARDS ***
mowinmo: calls $2
LifeisagameX: checks
*** FLOP *** [Js Td 7s]
LifeisagameX: checks
mowinmo: bets $3
LifeisagameX: folds
Uncalled bet ($3) returned to mowinmo
mowinmo collected $5.88 from pot
mowinmo: doesn't show hand
*** SUMMARY ***
Total pot $6 | Rake $0.12
Board [Js Td 7s]
Seat 1: LifeisagameX (big blind) folded on the Flop
Seat 2: mowinmo (button) (small blind) collected ($5.88)


PokerStars Hand #154965056512:  Hold'em Limit ($3/$6 USD) - 2016/06/20 1:18:47 ET
Table 'Prudentia' 6-max Seat #1 is the button
Seat 1: LifeisagameX ($34.76 in chips)
Seat 2: mowinmo ($93.48 in chips)
LifeisagameX: posts small blind $1
mowinmo: posts big blind $3
*** HOLE CARDS ***
LifeisagameX: raises $3 to $6
mowinmo: calls $3
*** FLOP *** [4s 2h Qd]
mowinmo: checks
LifeisagameX: checks
*** TURN *** [4s 2h Qd] [3h]
mowinmo: checks
LifeisagameX: checks
*** RIVER *** [4s 2h Qd 3h] [Qs]
mowinmo: checks
LifeisagameX: checks
*** SHOW DOWN ***
mowinmo: shows [Jc 6d] (a pair of Queens)
LifeisagameX: shows [6h As] (a pair of Queens - Ace kicker)
LifeisagameX collected $11.76 from pot
*** SUMMARY ***
Total pot $12 | Rake $0.24
Board [4s 2h Qd 3h Qs]
Seat 1: LifeisagameX (button) (small blind) showed [6h As] and won ($11.76) with a pair of Queens
Seat 2: mowinmo (big blind) showed [Jc 6d] and lost with a pair of Queens


PokerStars Hand #154965076809:  Hold'em Limit ($3/$6 USD) - 2016/06/20 1:20:20 ET
Table 'Prudentia' 6-max Seat #1 is the button
Seat 1: LifeisagameX ($47.16 in chips)
Seat 2: mowinmo ($80.36 in chips)
LifeisagameX: posts small blind $1
mowinmo: posts big blind $3
*** HOLE CARDS ***
LifeisagameX: raises $3 to $6
mowinmo: calls $3
*** FLOP *** [As Ac Js]
mowinmo: checks
LifeisagameX: bets $3
mowinmo: folds
Uncalled bet ($3) returned to LifeisagameX
LifeisagameX collected $11.76 from pot
LifeisagameX: doesn't show hand
*** SUMMARY ***
Total pot $12 | Rake $0.24
Board [As Ac Js]
Seat 1: LifeisagameX (button) (small blind) collected ($11.76)
Seat 2: mowinmo (big blind) folded on the Flop


PokerStars Hand #154965075294:  Hold'em Limit ($3/$6 USD) - 2016/06/20 1:20:13 ET
Table 'Prudentia' 6-max Seat #2 is the button
Seat 1: LifeisagameX ($46.16 in chips)
Seat 2: mowinmo ($81.36 in chips)
mowinmo: posts small blind $1
LifeisagameX: posts big blind $3
*** HOLE CARDS ***
mowinmo: folds
Uncalled bet ($2) returned to LifeisagameX
LifeisagameX collected $2 from pot
LifeisagameX: doesn't show hand
*** SUMMARY ***
Total pot $2 | Rake $0
Seat 1: LifeisagameX (big blind) collected ($2)
Seat 2: mowinmo (button) (small blind) folded before Flop


PokerStars Hand #154965070110:  Hold'em Limit ($3/$6 USD) - 2016/06/20 1:19:49 ET
Table 'Prudentia' 6-max Seat #1 is the button
Seat 1: LifeisagameX ($37.52 in chips)
Seat 2: mowinmo ($90.36 in chips)
LifeisagameX: posts small blind $1
mowinmo: posts big blind $3
*** HOLE CARDS ***
LifeisagameX: raises $3 to $6
mowinmo: calls $3
*** FLOP *** [Kc 4h 5s]
mowinmo: checks
LifeisagameX: bets $3
mowinmo: calls $3
*** TURN *** [Kc 4h 5s] [Jd]
mowinmo: checks
LifeisagameX: bets $6
mowinmo: folds
Uncalled bet ($6) returned to LifeisagameX
LifeisagameX collected $17.64 from pot
LifeisagameX: doesn't show hand
*** SUMMARY ***
Total pot $18 | Rake $0.36
Board [Kc 4h 5s Jd]
Seat 1: LifeisagameX (button) (small blind) collected ($17.64)
Seat 2: mowinmo (big blind) folded on the Turn


PokerStars Hand #154965094403:  Hold'em Limit ($3/$6 USD) - 2016/06/20 1:21:41 ET
Table 'Prudentia' 6-max Seat #2 is the button
Seat 1: LifeisagameX ($19.92 in chips)
Seat 2: mowinmo ($106.36 in chips)
mowinmo: posts small blind $1
LifeisagameX: posts big blind $3
*** HOLE CARDS ***
mowinmo: calls $2
LifeisagameX: raises $3 to $6
mowinmo: calls $3
*** FLOP *** [5s 6h Qd]
LifeisagameX: bets $3
mowinmo: folds
Uncalled bet ($3) returned to LifeisagameX
LifeisagameX collected $11.76 from pot
LifeisagameX: doesn't show hand
*** SUMMARY ***
Total pot $12 | Rake $0.24
Board [5s 6h Qd]
Seat 1: LifeisagameX (big blind) collected ($11.76)
Seat 2: mowinmo (button) (small blind) folded on the Flop


PokerStars Hand #154965087619:  Hold'em Limit ($3/$6 USD) - 2016/06/20 1:21:10 ET
Table 'Prudentia' 6-max Seat #1 is the button
Seat 1: LifeisagameX ($34.92 in chips)
Seat 2: mowinmo ($91.86 in chips)
LifeisagameX: posts small blind $1
mowinmo: posts big blind $3
*** HOLE CARDS ***
LifeisagameX: raises $3 to $6
mowinmo: calls $3
*** FLOP *** [6d Th 9s]
mowinmo: checks
LifeisagameX: bets $3
mowinmo: calls $3
*** TURN *** [6d Th 9s] [2s]
mowinmo: checks
LifeisagameX: bets $6
mowinmo: calls $6
*** RIVER *** [6d Th 9s 2s] [Ks]
mowinmo: bets $6
LifeisagameX: folds
Uncalled bet ($6) returned to mowinmo
mowinmo collected $29.50 from pot
mowinmo: doesn't show hand
*** SUMMARY ***
Total pot $30 | Rake $0.50
Board [6d Th 9s 2s Ks]
Seat 1: LifeisagameX (button) (small blind) folded on the River
Seat 2: mowinmo (big blind) collected ($29.50)


PokerStars Hand #154965099560:  Hold'em Limit ($3/$6 USD) - 2016/06/20 1:22:04 ET
Table 'Prudentia' 6-max Seat #1 is the button
Seat 1: LifeisagameX ($85.68 in chips)
Seat 2: mowinmo ($100.36 in chips)
LifeisagameX: posts small blind $1
mowinmo: posts big blind $3
*** HOLE CARDS ***
LifeisagameX: raises $3 to $6
mowinmo: calls $3
*** FLOP *** [Qs Ts Td]
mowinmo: checks
LifeisagameX: bets $3
mowinmo: folds
Uncalled bet ($3) returned to LifeisagameX
LifeisagameX collected $11.76 from pot
LifeisagameX: doesn't show hand
*** SUMMARY ***
Total pot $12 | Rake $0.24
Board [Qs Ts Td]
Seat 1: LifeisagameX (button) (small blind) collected ($11.76)
Seat 2: mowinmo (big blind) folded on the Flop


PokerStars Hand #154965105494:  Hold'em Limit ($3/$6 USD) - 2016/06/20 1:22:31 ET
Table 'Prudentia' 6-max Seat #2 is the button
Seat 1: LifeisagameX ($91.44 in chips)
Seat 2: mowinmo ($94.36 in chips)
mowinmo: posts small blind $1
LifeisagameX: posts big blind $3
*** HOLE CARDS ***
mowinmo: folds
Uncalled bet ($2) returned to LifeisagameX
LifeisagameX collected $2 from pot
LifeisagameX: doesn't show hand
*** SUMMARY ***
Total pot $2 | Rake $0
Seat 1: LifeisagameX (big blind) collected ($2)
Seat 2: mowinmo (button) (small blind) folded before Flop


PokerStars Hand #154965110154:  Hold'em Limit ($3/$6 USD) - 2016/06/20 1:22:53 ET
Table 'Prudentia' 6-max Seat #2 is the button
Seat 1: LifeisagameX ($95.44 in chips)
Seat 2: mowinmo ($90.36 in chips)
mowinmo: posts small blind $1
LifeisagameX: posts big blind $3
*** HOLE CARDS ***
mowinmo: folds
Uncalled bet ($2) returned to LifeisagameX
LifeisagameX collected $2 from pot
LifeisagameX: doesn't show hand
*** SUMMARY ***
Total pot $2 | Rake $0
Seat 1: LifeisagameX (big blind) collected ($2)
Seat 2: mowinmo (button) (small blind) folded before Flop


PokerStars Hand #154965107524:  Hold'em Limit ($3/$6 USD) - 2016/06/20 1:22:41 ET
Table 'Prudentia' 6-max Seat #1 is the button
Seat 1: LifeisagameX ($92.44 in chips)
Seat 2: mowinmo ($93.36 in chips)
LifeisagameX: posts small blind $1
mowinmo: posts big blind $3
*** HOLE CARDS ***
LifeisagameX: raises $3 to $6
mowinmo: folds
Uncalled bet ($3) returned to LifeisagameX
LifeisagameX collected $6 from pot
LifeisagameX: doesn't show hand
*** SUMMARY ***
Total pot $6 | Rake $0
Seat 1: LifeisagameX (button) (small blind) collected ($6)
Seat 2: mowinmo (big blind) folded before Flop


PokerStars Hand #154965118377:  Hold'em Limit ($3/$6 USD) - 2016/06/20 1:23:30 ET
Table 'Prudentia' 6-max Seat #2 is the button
Seat 1: LifeisagameX ($84.44 in chips)
Seat 2: mowinmo ($100.88 in chips)
mowinmo: posts small blind $1
LifeisagameX: posts big blind $3
*** HOLE CARDS ***
mowinmo: calls $2
LifeisagameX: checks
*** FLOP *** [5c 2d 8s]
LifeisagameX: checks
mowinmo: checks
*** TURN *** [5c 2d 8s] [Qd]
LifeisagameX: bets $6
mowinmo: folds
Uncalled bet ($6) returned to LifeisagameX
LifeisagameX collected $5.88 from pot
LifeisagameX: doesn't show hand
*** SUMMARY ***
Total pot $6 | Rake $0.12
Board [5c 2d 8s Qd]
Seat 1: LifeisagameX (big blind) collected ($5.88)
Seat 2: mowinmo (button) (small blind) folded on the Turn


PokerStars Hand #154965111511:  Hold'em Limit ($3/$6 USD) - 2016/06/20 1:22:58 ET
Table 'Prudentia' 6-max Seat #1 is the button
Seat 1: LifeisagameX ($96.44 in chips)
Seat 2: mowinmo ($89.36 in chips)
LifeisagameX: posts small blind $1
mowinmo: posts big blind $3
*** HOLE CARDS ***
LifeisagameX: raises $3 to $6
mowinmo: calls $3
*** FLOP *** [8s 2s 4c]
mowinmo: checks
LifeisagameX: checks
*** TURN *** [8s 2s 4c] [7d]
mowinmo: bets $6
LifeisagameX: calls $6
*** RIVER *** [8s 2s 4c 7d] [Js]
mowinmo: bets $6
LifeisagameX: folds
Uncalled bet ($6) returned to mowinmo
mowinmo collected $23.52 from pot
mowinmo: doesn't show hand
*** SUMMARY ***
Total pot $24 | Rake $0.48
Board [8s 2s 4c 7d Js]
Seat 1: LifeisagameX (button) (small blind) folded on the River
Seat 2: mowinmo (big blind) collected ($23.52)


PokerStars Hand #154965125002:  Hold'em Limit ($3/$6 USD) - 2016/06/20 1:24:00 ET
Table 'Prudentia' 6-max Seat #1 is the button
Seat 1: LifeisagameX ($87.32 in chips)
Seat 2: mowinmo ($97.88 in chips)
LifeisagameX: posts small blind $1
mowinmo: posts big blind $3
*** HOLE CARDS ***
LifeisagameX: raises $3 to $6
mowinmo: calls $3
*** FLOP *** [As 7s 4s]
mowinmo: checks
LifeisagameX: bets $3
mowinmo: calls $3
*** TURN *** [As 7s 4s] [2h]
mowinmo: checks
LifeisagameX: bets $6
mowinmo: calls $6
*** RIVER *** [As 7s 4s 2h] [5h]
mowinmo: checks
LifeisagameX: bets $6
mowinmo: calls $6
*** SHOW DOWN ***
LifeisagameX: shows [6d Ad] (a pair of Aces)
mowinmo: mucks hand
LifeisagameX collected $41.50 from pot
*** SUMMARY ***
Total pot $42 | Rake $0.50
Board [As 7s 4s 2h 5h]
Seat 1: LifeisagameX (button) (small blind) showed [6d Ad] and won ($41.50) with a pair of Aces
Seat 2: mowinmo (big blind) mucked


PokerStars Hand #154965142532:  Hold'em Limit ($3/$6 USD) - 2016/06/20 1:25:21 ET
Table 'Prudentia' 6-max Seat #1 is the button
Seat 1: LifeisagameX ($116.46 in chips)
Seat 2: mowinmo ($67.88 in chips)
LifeisagameX: posts small blind $1
mowinmo: posts big blind $3
*** HOLE CARDS ***
LifeisagameX: raises $3 to $6
mowinmo: calls $3
*** FLOP *** [Tc Ac 6s]
mowinmo: checks
LifeisagameX: bets $3
mowinmo: folds
Uncalled bet ($3) returned to LifeisagameX
LifeisagameX collected $11.76 from pot
LifeisagameX: doesn't show hand
*** SUMMARY ***
Total pot $12 | Rake $0.24
Board [Tc Ac 6s]
Seat 1: LifeisagameX (button) (small blind) collected ($11.76)
Seat 2: mowinmo (big blind) folded on the Flop


PokerStars Hand #154965136150:  Hold'em Limit ($3/$6 USD) - 2016/06/20 1:24:51 ET
Table 'Prudentia' 6-max Seat #2 is the button
Seat 1: LifeisagameX ($107.82 in chips)
Seat 2: mowinmo ($76.88 in chips)
mowinmo: posts small blind $1
LifeisagameX: posts big blind $3
*** HOLE CARDS ***
mowinmo: raises $3 to $6
LifeisagameX: calls $3
*** FLOP *** [8c As 4h]
LifeisagameX: checks
mowinmo: bets $3
LifeisagameX: raises $3 to $6
mowinmo: folds
Uncalled bet ($3) returned to LifeisagameX
LifeisagameX collected $17.64 from pot
LifeisagameX: doesn't show hand
*** SUMMARY ***
Total pot $18 | Rake $0.36
Board [8c As 4h]
Seat 1: LifeisagameX (big blind) collected ($17.64)
Seat 2: mowinmo (button) (small blind) folded on the Flop


PokerStars Hand #154965149677:  Hold'em Limit ($3/$6 USD) - 2016/06/20 1:25:53 ET
Table 'Prudentia' 6-max Seat #2 is the button
Seat 1: LifeisagameX ($122.22 in chips)
Seat 2: mowinmo ($61.88 in chips)
mowinmo: posts small blind $1
LifeisagameX: posts big blind $3
*** HOLE CARDS ***
mowinmo: raises $3 to $6
LifeisagameX: calls $3
*** FLOP *** [Qs 3c 5c]
LifeisagameX: checks
mowinmo: bets $3
LifeisagameX: raises $3 to $6
mowinmo: calls $3
*** TURN *** [Qs 3c 5c] [Kh]
LifeisagameX: bets $6
mowinmo: calls $6
*** RIVER *** [Qs 3c 5c Kh] [Ts]
LifeisagameX: bets $6
mowinmo: folds
Uncalled bet ($6) returned to LifeisagameX
LifeisagameX collected $35.50 from pot
LifeisagameX: doesn't show hand
*** SUMMARY ***
Total pot $36 | Rake $0.50
Board [Qs 3c 5c Kh Ts]
Seat 1: LifeisagameX (big blind) collected ($35.50)
Seat 2: mowinmo (button) (small blind) folded on the River


PokerStars Hand #154965162372:  Hold'em Limit ($3/$6 USD) - 2016/06/20 1:26:34 ET
Table 'Prudentia' 6-max Seat #1 is the button
Seat 1: LifeisagameX ($139.72 in chips)
Seat 2: mowinmo ($43.88 in chips)
LifeisagameX: posts small blind $1
mowinmo: posts big blind $3
*** HOLE CARDS ***
LifeisagameX: folds
Uncalled bet ($2) returned to mowinmo
mowinmo collected $2 from pot
mowinmo: doesn't show hand
*** SUMMARY ***
Total pot $2 | Rake $0
Seat 1: LifeisagameX (button) (small blind) folded before Flop
Seat 2: mowinmo (big blind) collected ($2)


PokerStars Hand #154965165963:  Hold'em Limit ($3/$6 USD) - 2016/06/20 1:26:50 ET
Table 'Prudentia' 6-max Seat #2 is the button
Seat 1: LifeisagameX ($138.72 in chips)
Seat 2: mowinmo ($44.88 in chips)
mowinmo: posts small blind $1
LifeisagameX: posts big blind $3
*** HOLE CARDS ***
mowinmo: raises $3 to $6
LifeisagameX: calls $3
*** FLOP *** [9h Qd 2s]
LifeisagameX: checks
mowinmo: bets $3
LifeisagameX: folds
Uncalled bet ($3) returned to mowinmo
mowinmo collected $11.76 from pot
mowinmo: doesn't show hand
*** SUMMARY ***
Total pot $12 | Rake $0.24
Board [9h Qd 2s]
Seat 1: LifeisagameX (big blind) folded on the Flop
Seat 2: mowinmo (button) (small blind) collected ($11.76)


PokerStars Hand #154965174061:  Hold'em Limit ($3/$6 USD) - 2016/06/20 1:27:28 ET
Table 'Prudentia' 6-max Seat #1 is the button
Seat 1: LifeisagameX ($132.72 in chips)
Seat 2: mowinmo ($50.64 in chips)
LifeisagameX: posts small blind $1
mowinmo: posts big blind $3
*** HOLE CARDS ***
LifeisagameX: raises $3 to $6
mowinmo: calls $3
*** FLOP *** [7d Qh Kd]
mowinmo: checks
LifeisagameX: checks
*** TURN *** [7d Qh Kd] [9d]
mowinmo: bets $6
LifeisagameX: calls $6
*** RIVER *** [7d Qh Kd 9d] [Ac]
mowinmo: bets $6
LifeisagameX: calls $6
*** SHOW DOWN ***
mowinmo: shows [Kh 3s] (a pair of Kings)
LifeisagameX: mucks hand
mowinmo collected $35.50 from pot
*** SUMMARY ***
Total pot $36 | Rake $0.50
Board [7d Qh Kd 9d Ac]
Seat 1: LifeisagameX (button) (small blind) mucked
Seat 2: mowinmo (big blind) showed [Kh 3s] and won ($35.50) with a pair of Kings


PokerStars Hand #154965179716:  Hold'em Limit ($3/$6 USD) - 2016/06/20 1:27:55 ET
Table 'Prudentia' 6-max Seat #2 is the button
Seat 1: LifeisagameX ($114.72 in chips)
Seat 2: mowinmo ($68.14 in chips)
mowinmo: posts small blind $1
LifeisagameX: posts big blind $3
*** HOLE CARDS ***
mowinmo: folds
Uncalled bet ($2) returned to LifeisagameX
LifeisagameX collected $2 from pot
LifeisagameX: doesn't show hand
*** SUMMARY ***
Total pot $2 | Rake $0
Seat 1: LifeisagameX (big blind) collected ($2)
Seat 2: mowinmo (button) (small blind) folded before Flop


PokerStars Hand #154965183456:  Hold'em Limit ($3/$6 USD) - 2016/06/20 1:28:12 ET
Table 'Prudentia' 6-max Seat #2 is the button
Seat 1: LifeisagameX ($118.72 in chips)
Seat 2: mowinmo ($64.14 in chips)
mowinmo: posts small blind $1
LifeisagameX: posts big blind $3
*** HOLE CARDS ***
mowinmo: calls $2
LifeisagameX: checks
*** FLOP *** [Ac Kc 2d]
LifeisagameX: checks
mowinmo: checks
*** TURN *** [Ac Kc 2d] [Jh]
NathsApril joins the table at seat #3
LifeisagameX: checks
mowinmo: bets $6
play4uron joins the table at seat #5
LifeisagameX: folds
Uncalled bet ($6) returned to mowinmo
mowinmo collected $5.88 from pot
mowinmo: doesn't show hand
*** SUMMARY ***
Total pot $6 | Rake $0.12
Board [Ac Kc 2d Jh]
Seat 1: LifeisagameX (big blind) folded on the Turn
Seat 2: mowinmo (button) (small blind) collected ($5.88)


PokerStars Hand #154965189186:  Hold'em Limit ($3/$6 USD) - 2016/06/20 1:28:39 ET
Table 'Prudentia' 6-max Seat #1 is the button
Seat 1: LifeisagameX ($115.72 in chips)
Seat 2: mowinmo ($67.02 in chips)
LifeisagameX: posts small blind $1
mowinmo: posts big blind $3
*** HOLE CARDS ***
LifeisagameX: raises $3 to $6
mowinmo: raises $3 to $9
LifeisagameX: calls $3
*** FLOP *** [Ts 8s 3c]
mowinmo: bets $3
LifeisagameX: calls $3
*** TURN *** [Ts 8s 3c] [8d]
mowinmo: bets $6
LifeisagameX: calls $6
*** RIVER *** [Ts 8s 3c 8d] [Qd]
mowinmo: bets $6
LifeisagameX: calls $6
*** SHOW DOWN ***
mowinmo: shows [Qs 8h] (a full house, Eights full of Queens)
LifeisagameX: mucks hand
mowinmo collected $47.50 from pot
*** SUMMARY ***
Total pot $48 | Rake $0.50
Board [Ts 8s 3c 8d Qd]
Seat 1: LifeisagameX (button) (small blind) mucked
Seat 2: mowinmo (big blind) showed [Qs 8h] and won ($47.50) with a full house, Eights full of Queens


PokerStars Hand #154965181205:  Hold'em Limit ($3/$6 USD) - 2016/06/20 1:28:01 ET
Table 'Prudentia' 6-max Seat #1 is the button
Seat 1: LifeisagameX ($115.72 in chips)
Seat 2: mowinmo ($67.14 in chips)
LifeisagameX: posts small blind $1
mowinmo: posts big blind $3
*** HOLE CARDS ***
LifeisagameX: raises $3 to $6
mowinmo: folds
Uncalled bet ($3) returned to LifeisagameX
LifeisagameX collected $6 from pot
LifeisagameX: doesn't show hand
*** SUMMARY ***
Total pot $6 | Rake $0
Seat 1: LifeisagameX (button) (small blind) collected ($6)
Seat 2: mowinmo (big blind) folded before Flop


PokerStars Hand #154965278368:  Hold'em Limit ($3/$6 USD) - 2016/06/20 1:35:39 ET
Table 'Prudentia' 6-max Seat #5 is the button
Seat 3: NathsApril ($119.92 in chips)
Seat 5: play4uron ($145.65 in chips)
play4uron: posts small blind $1
NathsApril: posts big blind $3
*** HOLE CARDS ***
mowinmo leaves the table
play4uron: raises $3 to $6
NathsApril: calls $3
*** FLOP *** [4d 8h Ad]
NathsApril: checks
play4uron: bets $3
NathsApril: calls $3
*** TURN *** [4d 8h Ad] [Tc]
NathsApril: checks
play4uron: bets $6
NathsApril: raises $6 to $12
play4uron: folds
Uncalled bet ($6) returned to NathsApril
NathsApril collected $29.50 from pot
*** SUMMARY ***
Total pot $30 | Rake $0.50
Board [4d 8h Ad Tc]
Seat 3: NathsApril (big blind) collected ($29.50)
Seat 5: play4uron (button) (small blind) folded on the Turn


