PokerStars Hand #170558678195:  Hold'em Limit ($3/$6 USD) - 2017/05/17 18:06:19 ET
Table 'Prudentia III' 10-max Seat #1 is the button
Seat 1: Allegro75 ($72 in chips)
Seat 2: Auge72 ($120 in chips)
Allegro75: posts small blind $1
Auge72: posts big blind $3
*** HOLE CARDS ***
Allegro75: folds
Uncalled bet ($2) returned to Auge72
Auge72 collected $2 from pot
*** SUMMARY ***
Total pot $2 | Rake $0
Seat 1: Allegro75 (button) (small blind) folded before Flop
Seat 2: Auge72 (big blind) collected ($2)


PokerStars Hand #170558709713:  Hold'em Limit ($3/$6 USD) - 2017/05/17 18:07:02 ET
Table 'Prudentia III' 10-max Seat #1 is the button
Seat 1: Allegro75 ($72 in chips)
Seat 2: Auge72 ($144.50 in chips)
Allegro75: posts small blind $1
Auge72: posts big blind $3
*** HOLE CARDS ***
Allegro75: raises $3 to $6
Auge72: folds
Uncalled bet ($3) returned to Allegro75
Allegro75 collected $6 from pot
Allegro75: doesn't show hand
masterblstr8 joins the table at seat #3
*** SUMMARY ***
Total pot $6 | Rake $0
Seat 1: Allegro75 (button) (small blind) collected ($6)
Seat 2: Auge72 (big blind) folded before Flop


PokerStars Hand #170558740983:  Hold'em Limit ($3/$6 USD) - 2017/05/17 18:07:44 ET
Table 'Prudentia III' 10-max Seat #3 is the button
Seat 2: Auge72 ($131.50 in chips)
Seat 3: masterblstr8 ($133.37 in chips)
masterblstr8: posts small blind $1
Allegro75: is sitting out
Auge72: posts big blind $3
*** HOLE CARDS ***
masterblstr8: raises $3 to $6
Auge72: folds
Uncalled bet ($3) returned to masterblstr8
masterblstr8 collected $6 from pot
masterblstr8: doesn't show hand
*** SUMMARY ***
Total pot $6 | Rake $0
Seat 2: Auge72 (big blind) folded before Flop
Seat 3: masterblstr8 (button) (small blind) collected ($6)


