PokerStars Hand #166191193091:  Hold'em Limit ($3/$6 USD) - 2017/02/14 6:05:20 ET
Table 'Prudentia II' 6-max Seat #4 is the button
Seat 3: nordschrott ($29 in chips)
Seat 4: MTails ($121 in chips)
MTails: posts small blind $1
nordschrott: posts big blind $3
*** HOLE CARDS ***
MTails: raises $3 to $6
nordschrott: calls $3
*** FLOP *** [6d 6c Tc]
nordschrott: checks
MTails: bets $3
nordschrott: folds
Uncalled bet ($3) returned to MTails
MTails collected $11.76 from pot
MTails: doesn't show hand
*** SUMMARY ***
Total pot $12 | Rake $0.24
Board [6d 6c Tc]
Seat 3: nordschrott (big blind) folded on the Flop
Seat 4: MTails (button) (small blind) collected ($11.76)


PokerStars Hand #166191189476:  Hold'em Limit ($3/$6 USD) - 2017/02/14 6:05:12 ET
Table 'Prudentia II' 6-max Seat #3 is the button
Seat 3: nordschrott ($30 in chips)
Seat 4: MTails ($120 in chips)
nordschrott: posts small blind $1
MTails: posts big blind $3
*** HOLE CARDS ***
nordschrott: folds
Uncalled bet ($2) returned to MTails
MTails collected $2 from pot
*** SUMMARY ***
Total pot $2 | Rake $0
Seat 3: nordschrott (button) (small blind) folded before Flop
Seat 4: MTails (big blind) collected ($2)


PokerStars Hand #166191205514:  Hold'em Limit ($3/$6 USD) - 2017/02/14 6:05:48 ET
Table 'Prudentia II' 6-max Seat #4 is the button
Seat 3: nordschrott ($28.76 in chips)
Seat 4: MTails ($120.76 in chips)
MTails: posts small blind $1
nordschrott: posts big blind $3
*** HOLE CARDS ***
MTails: raises $3 to $6
nordschrott: calls $3
*** FLOP *** [Jc Qc Td]
nordschrott: checks
MTails: bets $3
nordschrott: calls $3
*** TURN *** [Jc Qc Td] [2d]
Pfuenph joins the table at seat #5
nordschrott: checks
MTails: checks
*** RIVER *** [Jc Qc Td 2d] [7d]
nordschrott: bets $6
MTails: calls $6
*** SHOW DOWN ***
nordschrott: shows [Qd 3d] (a flush, Queen high)
MTails: mucks hand
nordschrott collected $29.50 from pot
*** SUMMARY ***
Total pot $30 | Rake $0.50
Board [Jc Qc Td 2d 7d]
Seat 3: nordschrott (big blind) showed [Qd 3d] and won ($29.50) with a flush, Queen high
Seat 4: MTails (button) (small blind) mucked


PokerStars Hand #166191212807:  Hold'em Limit ($3/$6 USD) - 2017/02/14 6:06:04 ET
Table 'Prudentia II' 6-max Seat #3 is the button
Seat 3: nordschrott ($43.26 in chips)
Seat 4: MTails ($105.76 in chips)
nordschrott: posts small blind $1
MTails: posts big blind $3
*** HOLE CARDS ***
nordschrott: calls $2
MTails: raises $3 to $6
nordschrott: calls $3
*** FLOP *** [Ks 2d 4c]
MTails: bets $3
nordschrott: folds
Uncalled bet ($3) returned to MTails
MTails collected $11.76 from pot
*** SUMMARY ***
Total pot $12 | Rake $0.24
Board [Ks 2d 4c]
Seat 3: nordschrott (button) (small blind) folded on the Flop
Seat 4: MTails (big blind) collected ($11.76)


PokerStars Hand #166191198276:  Hold'em Limit ($3/$6 USD) - 2017/02/14 6:05:32 ET
Table 'Prudentia II' 6-max Seat #3 is the button
Seat 3: nordschrott ($23 in chips)
Seat 4: MTails ($126.76 in chips)
nordschrott: posts small blind $1
MTails: posts big blind $3
*** HOLE CARDS ***
nordschrott: calls $2
MTails: checks
*** FLOP *** [4d 7h 8h]
MTails: checks
nordschrott: bets $3
MTails: calls $3
*** TURN *** [4d 7h 8h] [4c]
MTails: checks
nordschrott: bets $6
MTails: folds
Uncalled bet ($6) returned to nordschrott
nordschrott collected $11.76 from pot
*** SUMMARY ***
Total pot $12 | Rake $0.24
Board [4d 7h 8h 4c]
Seat 3: nordschrott (button) (small blind) collected ($11.76)
Seat 4: MTails (big blind) folded on the Turn


