PokerStars Hand #146553516373:  Hold'em Limit ($3/$6 USD) - 2016/01/06 4:15:01 ET
Table 'Prylis II' 2-max Seat #2 is the button
Seat 1: jl45259071 ($167 in chips)
Seat 2: josch2001 ($147 in chips)
josch2001: posts small blind $1
jl45259071: posts big blind $3
*** HOLE CARDS ***
josch2001: raises $3 to $6
jl45259071: calls $3
*** FLOP *** [Td 6h 5d]
jl45259071: checks
josch2001: bets $3
jl45259071: calls $3
*** TURN *** [Td 6h 5d] [Th]
jl45259071: checks
josch2001: bets $6
jl45259071: calls $6
*** RIVER *** [Td 6h 5d Th] [4c]
jl45259071: checks
josch2001: checks
*** SHOW DOWN ***
jl45259071: shows [3s Kd] (a pair of Tens)
josch2001: shows [5h 6s] (two pair, Tens and Sixes)
josch2001 collected $29.50 from pot
*** SUMMARY ***
Total pot $30 | Rake $0.50
Board [Td 6h 5d Th 4c]
Seat 1: jl45259071 (big blind) showed [3s Kd] and lost with a pair of Tens
Seat 2: josch2001 (button) (small blind) showed [5h 6s] and won ($29.50) with two pair, Tens and Sixes


PokerStars Hand #146553544287:  Hold'em Limit ($3/$6 USD) - 2016/01/06 4:16:11 ET
Table 'Prylis II' 2-max Seat #2 is the button
Seat 1: jl45259071 ($132 in chips)
Seat 2: josch2001 ($180.76 in chips)
josch2001: posts small blind $1
jl45259071: posts big blind $3
*** HOLE CARDS ***
josch2001: raises $3 to $6
jl45259071: raises $3 to $9
josch2001: calls $3
*** FLOP *** [Ts 5c 6s]
jl45259071: bets $3
josch2001: raises $3 to $6
jl45259071: calls $3
*** TURN *** [Ts 5c 6s] [8c]
jl45259071: checks
josch2001: checks
*** RIVER *** [Ts 5c 6s 8c] [Js]
jl45259071: checks
josch2001: bets $6
jl45259071: folds
Uncalled bet ($6) returned to josch2001
josch2001 collected $29.50 from pot
josch2001: doesn't show hand
*** SUMMARY ***
Total pot $30 | Rake $0.50
Board [Ts 5c 6s 8c Js]
Seat 1: jl45259071 (big blind) folded on the River
Seat 2: josch2001 (button) (small blind) collected ($29.50)


PokerStars Hand #146553538778:  Hold'em Limit ($3/$6 USD) - 2016/01/06 4:15:58 ET
Table 'Prylis II' 2-max Seat #1 is the button
Seat 1: jl45259071 ($138 in chips)
Seat 2: josch2001 ($175 in chips)
jl45259071: posts small blind $1
josch2001: posts big blind $3
*** HOLE CARDS ***
jl45259071: calls $2
josch2001: checks
*** FLOP *** [Js 8c 5c]
josch2001: bets $3
jl45259071: calls $3
*** TURN *** [Js 8c 5c] [Jh]
josch2001: bets $6
jl45259071: folds
Uncalled bet ($6) returned to josch2001
josch2001 collected $11.76 from pot
josch2001: doesn't show hand
*** SUMMARY ***
Total pot $12 | Rake $0.24
Board [Js 8c 5c Jh]
Seat 1: jl45259071 (button) (small blind) folded on the Turn
Seat 2: josch2001 (big blind) collected ($11.76)


PokerStars Hand #146553527501:  Hold'em Limit ($3/$6 USD) - 2016/01/06 4:15:29 ET
Table 'Prylis II' 2-max Seat #1 is the button
Seat 1: jl45259071 ($152 in chips)
Seat 2: josch2001 ($161.50 in chips)
jl45259071: posts small blind $1
josch2001: posts big blind $3
*** HOLE CARDS ***
jl45259071: raises $3 to $6
josch2001: calls $3
*** FLOP *** [7d 2c 9c]
josch2001: checks
jl45259071: bets $3
josch2001: calls $3
*** TURN *** [7d 2c 9c] [8s]
josch2001: checks
jl45259071: checks
*** RIVER *** [7d 2c 9c 8s] [Kd]
josch2001: checks
jl45259071: bets $6
josch2001: calls $6
*** SHOW DOWN ***
jl45259071: shows [Js 6h] (high card King)
josch2001: shows [8h 5c] (a pair of Eights)
josch2001 collected $29.50 from pot
*** SUMMARY ***
Total pot $30 | Rake $0.50
Board [7d 2c 9c 8s Kd]
Seat 1: jl45259071 (button) (small blind) showed [Js 6h] and lost with high card King
Seat 2: josch2001 (big blind) showed [8h 5c] and won ($29.50) with a pair of Eights


PokerStars Hand #146553536590:  Hold'em Limit ($3/$6 USD) - 2016/01/06 4:15:52 ET
Table 'Prylis II' 2-max Seat #2 is the button
Seat 1: jl45259071 ($137 in chips)
Seat 2: josch2001 ($176 in chips)
josch2001: posts small blind $1
jl45259071: posts big blind $3
*** HOLE CARDS ***
josch2001: folds
Uncalled bet ($2) returned to jl45259071
jl45259071 collected $2 from pot
*** SUMMARY ***
Total pot $2 | Rake $0
Seat 1: jl45259071 (big blind) collected ($2)
Seat 2: josch2001 (button) (small blind) folded before Flop


PokerStars Hand #146553559115:  Hold'em Limit ($3/$6 USD) - 2016/01/06 4:16:48 ET
Table 'Prylis II' 2-max Seat #2 is the button
Seat 1: jl45259071 ($111 in chips)
Seat 2: josch2001 ($201.02 in chips)
josch2001: posts small blind $1
jl45259071: posts big blind $3
*** HOLE CARDS ***
josch2001: raises $3 to $6
jl45259071: raises $3 to $9
josch2001: calls $3
*** FLOP *** [6c Js Jc]
jl45259071: bets $3
josch2001: calls $3
*** TURN *** [6c Js Jc] [9s]
jl45259071: bets $6
josch2001: calls $6
*** RIVER *** [6c Js Jc 9s] [9h]
jl45259071: bets $6
josch2001: calls $6
*** SHOW DOWN ***
jl45259071: shows [Ac Qs] (two pair, Jacks and Nines)
josch2001: shows [As Tc] (two pair, Jacks and Nines)
jl45259071 collected $23.75 from pot
josch2001 collected $23.75 from pot
*** SUMMARY ***
Total pot $48 | Rake $0.50
Board [6c Js Jc 9s 9h]
Seat 1: jl45259071 (big blind) showed [Ac Qs] and won ($23.75) with two pair, Jacks and Nines
Seat 2: josch2001 (button) (small blind) showed [As Tc] and won ($23.75) with two pair, Jacks and Nines


PokerStars Hand #146553566500:  Hold'em Limit ($3/$6 USD) - 2016/01/06 4:17:07 ET
Table 'Prylis II' 2-max Seat #1 is the button
Seat 1: jl45259071 ($110.75 in chips)
Seat 2: josch2001 ($200.77 in chips)
jl45259071: posts small blind $1
josch2001: posts big blind $3
*** HOLE CARDS ***
jl45259071: calls $2
josch2001: raises $3 to $6
jl45259071: calls $3
*** FLOP *** [7d Qd 8d]
josch2001: bets $3
jl45259071: raises $3 to $6
josch2001: calls $3
*** TURN *** [7d Qd 8d] [Ts]
josch2001: checks
jl45259071: bets $6
josch2001: folds
Uncalled bet ($6) returned to jl45259071
jl45259071 collected $23.52 from pot
*** SUMMARY ***
Total pot $24 | Rake $0.48
Board [7d Qd 8d Ts]
Seat 1: jl45259071 (button) (small blind) collected ($23.52)
Seat 2: josch2001 (big blind) folded on the Turn


PokerStars Hand #146553573095:  Hold'em Limit ($3/$6 USD) - 2016/01/06 4:17:24 ET
Table 'Prylis II' 2-max Seat #2 is the button
Seat 1: jl45259071 ($122.27 in chips)
Seat 2: josch2001 ($188.77 in chips)
josch2001: posts small blind $1
jl45259071: posts big blind $3
*** HOLE CARDS ***
josch2001: raises $3 to $6
jl45259071: calls $3
*** FLOP *** [Td 5h Ts]
jl45259071: checks
josch2001: bets $3
jl45259071: raises $3 to $6
josch2001: folds
Uncalled bet ($3) returned to jl45259071
jl45259071 collected $17.64 from pot
*** SUMMARY ***
Total pot $18 | Rake $0.36
Board [Td 5h Ts]
Seat 1: jl45259071 (big blind) collected ($17.64)
Seat 2: josch2001 (button) (small blind) folded on the Flop


PokerStars Hand #146553553585:  Hold'em Limit ($3/$6 USD) - 2016/01/06 4:16:35 ET
Table 'Prylis II' 2-max Seat #1 is the button
Seat 1: jl45259071 ($117 in chips)
Seat 2: josch2001 ($195.26 in chips)
jl45259071: posts small blind $1
josch2001: posts big blind $3
*** HOLE CARDS ***
jl45259071: raises $3 to $6
josch2001: calls $3
*** FLOP *** [6d 3h 9d]
josch2001: checks
jl45259071: checks
*** TURN *** [6d 3h 9d] [2d]
josch2001: bets $6
jl45259071: folds
Uncalled bet ($6) returned to josch2001
josch2001 collected $11.76 from pot
josch2001: doesn't show hand
*** SUMMARY ***
Total pot $12 | Rake $0.24
Board [6d 3h 9d 2d]
Seat 1: jl45259071 (button) (small blind) folded on the Turn
Seat 2: josch2001 (big blind) collected ($11.76)


PokerStars Hand #146553577769:  Hold'em Limit ($3/$6 USD) - 2016/01/06 4:17:35 ET
Table 'Prylis II' 2-max Seat #1 is the button
Seat 1: jl45259071 ($130.91 in chips)
Seat 2: josch2001 ($179.77 in chips)
jl45259071: posts small blind $1
josch2001: posts big blind $3
*** HOLE CARDS ***
jl45259071: calls $2
josch2001: raises $3 to $6
jl45259071: calls $3
*** FLOP *** [Kd 3c Td]
josch2001: bets $3
jl45259071: calls $3
*** TURN *** [Kd 3c Td] [4s]
josch2001: checks
jl45259071: checks
*** RIVER *** [Kd 3c Td 4s] [6s]
josch2001: bets $6
jl45259071: calls $6
*** SHOW DOWN ***
josch2001: shows [Kc Ah] (a pair of Kings)
jl45259071: mucks hand
josch2001 collected $29.50 from pot
*** SUMMARY ***
Total pot $30 | Rake $0.50
Board [Kd 3c Td 4s 6s]
Seat 1: jl45259071 (button) (small blind) mucked
Seat 2: josch2001 (big blind) showed [Kc Ah] and won ($29.50) with a pair of Kings


PokerStars Hand #146553585573:  Hold'em Limit ($3/$6 USD) - 2016/01/06 4:17:55 ET
Table 'Prylis II' 2-max Seat #2 is the button
Seat 1: jl45259071 ($115.91 in chips)
Seat 2: josch2001 ($194.27 in chips)
josch2001: posts small blind $1
jl45259071: posts big blind $3
*** HOLE CARDS ***
josch2001: raises $3 to $6
jl45259071: calls $3
*** FLOP *** [Ks 9h 2c]
jl45259071: checks
josch2001: bets $3
jl45259071: raises $3 to $6
josch2001: calls $3
*** TURN *** [Ks 9h 2c] [Td]
jl45259071: bets $6
josch2001: folds
Uncalled bet ($6) returned to jl45259071
jl45259071 collected $23.52 from pot
*** SUMMARY ***
Total pot $24 | Rake $0.48
Board [Ks 9h 2c Td]
Seat 1: jl45259071 (big blind) collected ($23.52)
Seat 2: josch2001 (button) (small blind) folded on the Turn


PokerStars Hand #146553594688:  Hold'em Limit ($3/$6 USD) - 2016/01/06 4:18:17 ET
Table 'Prylis II' 2-max Seat #1 is the button
Seat 1: jl45259071 ($127.43 in chips)
Seat 2: josch2001 ($182.27 in chips)
jl45259071: posts small blind $1
josch2001: posts big blind $3
*** HOLE CARDS ***
jl45259071: calls $2
josch2001: raises $3 to $6
jl45259071: calls $3
*** FLOP *** [8s 5d 3d]
josch2001: bets $3
jl45259071: calls $3
*** TURN *** [8s 5d 3d] [6h]
josch2001: checks
jl45259071: checks
*** RIVER *** [8s 5d 3d 6h] [As]
josch2001: bets $6
jl45259071: folds
Uncalled bet ($6) returned to josch2001
josch2001 collected $17.64 from pot
josch2001: doesn't show hand
*** SUMMARY ***
Total pot $18 | Rake $0.36
Board [8s 5d 3d 6h As]
Seat 1: jl45259071 (button) (small blind) folded on the River
Seat 2: josch2001 (big blind) collected ($17.64)


PokerStars Hand #146553601056:  Hold'em Limit ($3/$6 USD) - 2016/01/06 4:18:33 ET
Table 'Prylis II' 2-max Seat #2 is the button
Seat 1: jl45259071 ($118.43 in chips)
Seat 2: josch2001 ($190.91 in chips)
josch2001: posts small blind $1
jl45259071: posts big blind $3
*** HOLE CARDS ***
josch2001: raises $3 to $6
jl45259071: calls $3
*** FLOP *** [3d 7c Kc]
jl45259071: checks
josch2001: bets $3
jl45259071: calls $3
*** TURN *** [3d 7c Kc] [Ks]
jl45259071: checks
josch2001: bets $6
jl45259071: calls $6
*** RIVER *** [3d 7c Kc Ks] [Td]
jl45259071: checks
josch2001: checks
*** SHOW DOWN ***
jl45259071: shows [3h 9d] (two pair, Kings and Threes)
josch2001: mucks hand
jl45259071 collected $29.50 from pot
*** SUMMARY ***
Total pot $30 | Rake $0.50
Board [3d 7c Kc Ks Td]
Seat 1: jl45259071 (big blind) showed [3h 9d] and won ($29.50) with two pair, Kings and Threes
Seat 2: josch2001 (button) (small blind) mucked


PokerStars Hand #146553607406:  Hold'em Limit ($3/$6 USD) - 2016/01/06 4:18:49 ET
Table 'Prylis II' 2-max Seat #1 is the button
Seat 1: jl45259071 ($132.93 in chips)
Seat 2: josch2001 ($175.91 in chips)
jl45259071: posts small blind $1
josch2001: posts big blind $3
*** HOLE CARDS ***
jl45259071: calls $2
josch2001: checks
*** FLOP *** [Jc Ts 4d]
josch2001: checks
jl45259071: bets $3
josch2001: folds
Uncalled bet ($3) returned to jl45259071
jl45259071 collected $5.88 from pot
*** SUMMARY ***
Total pot $6 | Rake $0.12
Board [Jc Ts 4d]
Seat 1: jl45259071 (button) (small blind) collected ($5.88)
Seat 2: josch2001 (big blind) folded on the Flop


PokerStars Hand #146553611508:  Hold'em Limit ($3/$6 USD) - 2016/01/06 4:18:59 ET
Table 'Prylis II' 2-max Seat #2 is the button
Seat 1: jl45259071 ($135.81 in chips)
Seat 2: josch2001 ($172.91 in chips)
josch2001: posts small blind $1
jl45259071: posts big blind $3
*** HOLE CARDS ***
josch2001: raises $3 to $6
jl45259071: calls $3
*** FLOP *** [Qd 4s Qc]
jl45259071: checks
josch2001: bets $3
jl45259071: calls $3
*** TURN *** [Qd 4s Qc] [Tc]
jl45259071: checks
josch2001: bets $6
jl45259071: folds
Uncalled bet ($6) returned to josch2001
josch2001 collected $17.64 from pot
josch2001: doesn't show hand
*** SUMMARY ***
Total pot $18 | Rake $0.36
Board [Qd 4s Qc Tc]
Seat 1: jl45259071 (big blind) folded on the Turn
Seat 2: josch2001 (button) (small blind) collected ($17.64)


PokerStars Hand #146553617424:  Hold'em Limit ($3/$6 USD) - 2016/01/06 4:19:13 ET
Table 'Prylis II' 2-max Seat #1 is the button
Seat 1: jl45259071 ($126.81 in chips)
Seat 2: josch2001 ($181.55 in chips)
jl45259071: posts small blind $1
josch2001: posts big blind $3
*** HOLE CARDS ***
jl45259071: calls $2
josch2001: checks
*** FLOP *** [8d 4c Jc]
josch2001: checks
jl45259071: checks
*** TURN *** [8d 4c Jc] [8s]
josch2001: bets $6
jl45259071: calls $6
*** RIVER *** [8d 4c Jc 8s] [2c]
josch2001: checks
jl45259071: checks
*** SHOW DOWN ***
josch2001: shows [5d 3c] (a pair of Eights)
jl45259071: shows [5h Ks] (a pair of Eights - King kicker)
jl45259071 collected $17.64 from pot
*** SUMMARY ***
Total pot $18 | Rake $0.36
Board [8d 4c Jc 8s 2c]
Seat 1: jl45259071 (button) (small blind) showed [5h Ks] and won ($17.64) with a pair of Eights
Seat 2: josch2001 (big blind) showed [5d 3c] and lost with a pair of Eights


PokerStars Hand #146553623170:  Hold'em Limit ($3/$6 USD) - 2016/01/06 4:19:28 ET
Table 'Prylis II' 2-max Seat #2 is the button
Seat 1: jl45259071 ($135.45 in chips)
Seat 2: josch2001 ($172.55 in chips)
josch2001: posts small blind $1
jl45259071: posts big blind $3
*** HOLE CARDS ***
josch2001: raises $3 to $6
jl45259071: raises $3 to $9
josch2001: calls $3
*** FLOP *** [5s 3h 8h]
jl45259071: bets $3
josch2001: calls $3
*** TURN *** [5s 3h 8h] [Jh]
jl45259071: bets $6
josch2001: raises $6 to $12
jl45259071: calls $6
*** RIVER *** [5s 3h 8h Jh] [4s]
jl45259071: checks
josch2001: bets $6
jl45259071: calls $6
*** SHOW DOWN ***
josch2001: shows [8d 5h] (two pair, Eights and Fives)
jl45259071: mucks hand
josch2001 collected $59.50 from pot
*** SUMMARY ***
Total pot $60 | Rake $0.50
Board [5s 3h 8h Jh 4s]
Seat 1: jl45259071 (big blind) mucked
Seat 2: josch2001 (button) (small blind) showed [8d 5h] and won ($59.50) with two pair, Eights and Fives


PokerStars Hand #146553631931:  Hold'em Limit ($3/$6 USD) - 2016/01/06 4:19:49 ET
Table 'Prylis II' 2-max Seat #1 is the button
Seat 1: jl45259071 ($105.45 in chips)
Seat 2: josch2001 ($202.05 in chips)
jl45259071: posts small blind $1
josch2001: posts big blind $3
*** HOLE CARDS ***
jl45259071: raises $3 to $6
josch2001: calls $3
*** FLOP *** [5h Jd Kc]
josch2001: checks
jl45259071: bets $3
josch2001: calls $3
*** TURN *** [5h Jd Kc] [Tc]
josch2001: checks
jl45259071: bets $6
josch2001: calls $6
*** RIVER *** [5h Jd Kc Tc] [3h]
josch2001: checks
jl45259071: bets $6
josch2001: calls $6
*** SHOW DOWN ***
jl45259071: shows [Qh Qd] (a pair of Queens)
josch2001: mucks hand
jl45259071 collected $41.50 from pot
*** SUMMARY ***
Total pot $42 | Rake $0.50
Board [5h Jd Kc Tc 3h]
Seat 1: jl45259071 (button) (small blind) showed [Qh Qd] and won ($41.50) with a pair of Queens
Seat 2: josch2001 (big blind) mucked


PokerStars Hand #146553638342:  Hold'em Limit ($3/$6 USD) - 2016/01/06 4:20:05 ET
Table 'Prylis II' 2-max Seat #2 is the button
Seat 1: jl45259071 ($125.95 in chips)
Seat 2: josch2001 ($181.05 in chips)
josch2001: posts small blind $1
jl45259071: posts big blind $3
*** HOLE CARDS ***
josch2001: raises $3 to $6
jl45259071: calls $3
*** FLOP *** [9h 9s 6c]
jl45259071: checks
josch2001: bets $3
jl45259071: calls $3
*** TURN *** [9h 9s 6c] [9c]
jl45259071: checks
josch2001: bets $6
jl45259071: calls $6
*** RIVER *** [9h 9s 6c 9c] [Jh]
jl45259071: checks
josch2001: bets $6
jl45259071: folds
Uncalled bet ($6) returned to josch2001
josch2001 collected $29.50 from pot
josch2001: doesn't show hand
*** SUMMARY ***
Total pot $30 | Rake $0.50
Board [9h 9s 6c 9c Jh]
Seat 1: jl45259071 (big blind) folded on the River
Seat 2: josch2001 (button) (small blind) collected ($29.50)


PokerStars Hand #146553663194:  Hold'em Limit ($3/$6 USD) - 2016/01/06 4:21:06 ET
Table 'Prylis II' 2-max Seat #2 is the button
Seat 1: jl45259071 ($83.59 in chips)
Seat 2: josch2001 ($221.55 in chips)
josch2001: posts small blind $1
jl45259071: posts big blind $3
*** HOLE CARDS ***
josch2001: raises $3 to $6
jl45259071: raises $3 to $9
josch2001: calls $3
*** FLOP *** [6c Ks 3h]
jl45259071: bets $3
josch2001: raises $3 to $6
jl45259071: calls $3
*** TURN *** [6c Ks 3h] [5d]
jl45259071: checks
josch2001: bets $6
jl45259071: calls $6
*** RIVER *** [6c Ks 3h 5d] [Qc]
jl45259071: checks
josch2001: bets $6
jl45259071: folds
Uncalled bet ($6) returned to josch2001
josch2001 collected $41.50 from pot
josch2001: doesn't show hand
*** SUMMARY ***
Total pot $42 | Rake $0.50
Board [6c Ks 3h 5d Qc]
Seat 1: jl45259071 (big blind) folded on the River
Seat 2: josch2001 (button) (small blind) collected ($41.50)


PokerStars Hand #146553645881:  Hold'em Limit ($3/$6 USD) - 2016/01/06 4:20:24 ET
Table 'Prylis II' 2-max Seat #1 is the button
Seat 1: jl45259071 ($110.95 in chips)
Seat 2: josch2001 ($195.55 in chips)
jl45259071: posts small blind $1
josch2001: posts big blind $3
*** HOLE CARDS ***
jl45259071: calls $2
josch2001: raises $3 to $6
jl45259071: calls $3
*** FLOP *** [8s Td 3s]
josch2001: bets $3
jl45259071: raises $3 to $6
josch2001: calls $3
*** TURN *** [8s Td 3s] [4d]
josch2001: checks
jl45259071: checks
*** RIVER *** [8s Td 3s 4d] [Ts]
josch2001: checks
jl45259071: bets $6
josch2001: calls $6
*** SHOW DOWN ***
jl45259071: shows [9s 7d] (a pair of Tens)
josch2001: shows [Ks Jh] (a pair of Tens - King kicker)
josch2001 collected $35.50 from pot
*** SUMMARY ***
Total pot $36 | Rake $0.50
Board [8s Td 3s 4d Ts]
Seat 1: jl45259071 (button) (small blind) showed [9s 7d] and lost with a pair of Tens
Seat 2: josch2001 (big blind) showed [Ks Jh] and won ($35.50) with a pair of Tens


PokerStars Hand #146553653033:  Hold'em Limit ($3/$6 USD) - 2016/01/06 4:20:41 ET
Table 'Prylis II' 2-max Seat #2 is the button
Seat 1: jl45259071 ($92.95 in chips)
Seat 2: josch2001 ($213.05 in chips)
josch2001: posts small blind $1
jl45259071: posts big blind $3
*** HOLE CARDS ***
josch2001: raises $3 to $6
jl45259071: raises $3 to $9
josch2001: calls $3
*** FLOP *** [Qc 7h 4s]
jl45259071: bets $3
josch2001: folds
Uncalled bet ($3) returned to jl45259071
jl45259071 collected $17.64 from pot
*** SUMMARY ***
Total pot $18 | Rake $0.36
Board [Qc 7h 4s]
Seat 1: jl45259071 (big blind) collected ($17.64)
Seat 2: josch2001 (button) (small blind) folded on the Flop


PokerStars Hand #146553656611:  Hold'em Limit ($3/$6 USD) - 2016/01/06 4:20:50 ET
Table 'Prylis II' 2-max Seat #1 is the button
Seat 1: jl45259071 ($101.59 in chips)
Seat 2: josch2001 ($204.05 in chips)
jl45259071: posts small blind $1
josch2001: posts big blind $3
*** HOLE CARDS ***
jl45259071: raises $3 to $6
josch2001: calls $3
*** FLOP *** [Kc 2c 6h]
josch2001: checks
jl45259071: bets $3
josch2001: raises $3 to $6
jl45259071: calls $3
*** TURN *** [Kc 2c 6h] [Qd]
josch2001: bets $6
jl45259071: calls $6
*** RIVER *** [Kc 2c 6h Qd] [Qc]
josch2001: bets $6
jl45259071: folds
Uncalled bet ($6) returned to josch2001
josch2001 collected $35.50 from pot
josch2001: doesn't show hand
*** SUMMARY ***
Total pot $36 | Rake $0.50
Board [Kc 2c 6h Qd Qc]
Seat 1: jl45259071 (button) (small blind) folded on the River
Seat 2: josch2001 (big blind) collected ($35.50)


PokerStars Hand #146553683768:  Hold'em Limit ($3/$6 USD) - 2016/01/06 4:21:56 ET
Table 'Prylis II' 2-max Seat #1 is the button
Seat 1: jl45259071 ($38.59 in chips)
Seat 2: josch2001 ($265.19 in chips)
jl45259071: posts small blind $1
josch2001: posts big blind $3
*** HOLE CARDS ***
jl45259071: raises $3 to $6
josch2001: calls $3
*** FLOP *** [5c As Tc]
josch2001: checks
jl45259071: bets $3
josch2001: folds
Uncalled bet ($3) returned to jl45259071
jl45259071 collected $11.76 from pot
*** SUMMARY ***
Total pot $12 | Rake $0.24
Board [5c As Tc]
Seat 1: jl45259071 (button) (small blind) collected ($11.76)
Seat 2: josch2001 (big blind) folded on the Flop


PokerStars Hand #146553670833:  Hold'em Limit ($3/$6 USD) - 2016/01/06 4:21:25 ET
Table 'Prylis II' 2-max Seat #1 is the button
Seat 1: jl45259071 ($62.59 in chips)
Seat 2: josch2001 ($242.05 in chips)
jl45259071: posts small blind $1
josch2001: posts big blind $3
*** HOLE CARDS ***
jl45259071: raises $3 to $6
josch2001: calls $3
*** FLOP *** [Td 9d 5s]
josch2001: checks
jl45259071: bets $3
josch2001: calls $3
*** TURN *** [Td 9d 5s] [4h]
josch2001: checks
jl45259071: checks
*** RIVER *** [Td 9d 5s 4h] [7c]
josch2001: bets $6
jl45259071: calls $6
*** SHOW DOWN ***
josch2001: shows [6s 8s] (a straight, Six to Ten)
jl45259071: mucks hand
josch2001 collected $29.50 from pot
*** SUMMARY ***
Total pot $30 | Rake $0.50
Board [Td 9d 5s 4h 7c]
Seat 1: jl45259071 (button) (small blind) mucked
Seat 2: josch2001 (big blind) showed [6s 8s] and won ($29.50) with a straight, Six to Ten


PokerStars Hand #146553678170:  Hold'em Limit ($3/$6 USD) - 2016/01/06 4:21:43 ET
Table 'Prylis II' 2-max Seat #2 is the button
Seat 1: jl45259071 ($47.59 in chips)
Seat 2: josch2001 ($256.55 in chips)
josch2001: posts small blind $1
jl45259071: posts big blind $3
*** HOLE CARDS ***
josch2001: raises $3 to $6
jl45259071: calls $3
*** FLOP *** [9c Th Qc]
jl45259071: bets $3
josch2001: raises $3 to $6
jl45259071: folds
Uncalled bet ($3) returned to josch2001
josch2001 collected $17.64 from pot
josch2001: doesn't show hand
*** SUMMARY ***
Total pot $18 | Rake $0.36
Board [9c Th Qc]
Seat 1: jl45259071 (big blind) folded on the Flop
Seat 2: josch2001 (button) (small blind) collected ($17.64)


PokerStars Hand #146553687716:  Hold'em Limit ($3/$6 USD) - 2016/01/06 4:22:06 ET
Table 'Prylis II' 2-max Seat #2 is the button
Seat 1: jl45259071 ($44.35 in chips)
Seat 2: josch2001 ($259.19 in chips)
josch2001: posts small blind $1
jl45259071: posts big blind $3
*** HOLE CARDS ***
josch2001: raises $3 to $6
jl45259071: calls $3
*** FLOP *** [As 3d 2d]
jl45259071: checks
josch2001: bets $3
jl45259071: calls $3
*** TURN *** [As 3d 2d] [Kh]
jl45259071: checks
josch2001: bets $6
jl45259071: raises $6 to $12
josch2001: folds
Uncalled bet ($6) returned to jl45259071
jl45259071 collected $29.50 from pot
*** SUMMARY ***
Total pot $30 | Rake $0.50
Board [As 3d 2d Kh]
Seat 1: jl45259071 (big blind) collected ($29.50)
Seat 2: josch2001 (button) (small blind) folded on the Turn


PokerStars Hand #146553693541:  Hold'em Limit ($3/$6 USD) - 2016/01/06 4:22:20 ET
Table 'Prylis II' 2-max Seat #1 is the button
Seat 1: jl45259071 ($58.85 in chips)
Seat 2: josch2001 ($244.19 in chips)
jl45259071: posts small blind $1
josch2001: posts big blind $3
*** HOLE CARDS ***
jl45259071: calls $2
josch2001: raises $3 to $6
jl45259071: calls $3
*** FLOP *** [6d 2h Tc]
josch2001: bets $3
jl45259071: folds
Uncalled bet ($3) returned to josch2001
josch2001 collected $11.76 from pot
josch2001: doesn't show hand
*** SUMMARY ***
Total pot $12 | Rake $0.24
Board [6d 2h Tc]
Seat 1: jl45259071 (button) (small blind) folded on the Flop
Seat 2: josch2001 (big blind) collected ($11.76)


PokerStars Hand #146553698207:  Hold'em Limit ($3/$6 USD) - 2016/01/06 4:22:32 ET
Table 'Prylis II' 2-max Seat #2 is the button
Seat 1: jl45259071 ($52.85 in chips)
Seat 2: josch2001 ($249.95 in chips)
josch2001: posts small blind $1
jl45259071: posts big blind $3
*** HOLE CARDS ***
josch2001: raises $3 to $6
jl45259071: calls $3
*** FLOP *** [5d 7c 7d]
jl45259071: checks
josch2001: bets $3
jl45259071: calls $3
*** TURN *** [5d 7c 7d] [Qc]
jl45259071: checks
josch2001: bets $6
jl45259071: calls $6
*** RIVER *** [5d 7c 7d Qc] [Jh]
jl45259071: checks
josch2001: bets $6
jl45259071: folds
Uncalled bet ($6) returned to josch2001
josch2001 collected $29.50 from pot
josch2001: doesn't show hand
*** SUMMARY ***
Total pot $30 | Rake $0.50
Board [5d 7c 7d Qc Jh]
Seat 1: jl45259071 (big blind) folded on the River
Seat 2: josch2001 (button) (small blind) collected ($29.50)


PokerStars Hand #146553705378:  Hold'em Limit ($3/$6 USD) - 2016/01/06 4:22:49 ET
Table 'Prylis II' 2-max Seat #1 is the button
Seat 1: jl45259071 ($37.85 in chips)
Seat 2: josch2001 ($264.45 in chips)
jl45259071: posts small blind $1
josch2001: posts big blind $3
*** HOLE CARDS ***
jl45259071: raises $3 to $6
josch2001: calls $3
*** FLOP *** [5s Qd 6h]
josch2001: checks
jl45259071: checks
*** TURN *** [5s Qd 6h] [7h]
josch2001: bets $6
jl45259071: calls $6
*** RIVER *** [5s Qd 6h 7h] [7c]
josch2001: bets $6
jl45259071: calls $6
*** SHOW DOWN ***
josch2001: shows [7d 7s] (four of a kind, Sevens)
jl45259071: mucks hand
josch2001 collected $35.50 from pot
*** SUMMARY ***
Total pot $36 | Rake $0.50
Board [5s Qd 6h 7h 7c]
Seat 1: jl45259071 (button) (small blind) mucked
Seat 2: josch2001 (big blind) showed [7d 7s] and won ($35.50) with four of a kind, Sevens


PokerStars Hand #146553712590:  Hold'em Limit ($3/$6 USD) - 2016/01/06 4:23:07 ET
Table 'Prylis II' 2-max Seat #2 is the button
Seat 1: jl45259071 ($19.85 in chips)
Seat 2: josch2001 ($281.95 in chips)
josch2001: posts small blind $1
jl45259071: posts big blind $3
*** HOLE CARDS ***
josch2001: raises $3 to $6
jl45259071: raises $3 to $9
josch2001: calls $3
*** FLOP *** [8s Qh Kc]
jl45259071: bets $3
josch2001: folds
Uncalled bet ($3) returned to jl45259071
jl45259071 collected $17.64 from pot
*** SUMMARY ***
Total pot $18 | Rake $0.36
Board [8s Qh Kc]
Seat 1: jl45259071 (big blind) collected ($17.64)
Seat 2: josch2001 (button) (small blind) folded on the Flop


PokerStars Hand #146553716428:  Hold'em Limit ($3/$6 USD) - 2016/01/06 4:23:16 ET
Table 'Prylis II' 2-max Seat #1 is the button
Seat 1: jl45259071 ($28.49 in chips)
Seat 2: josch2001 ($272.95 in chips)
jl45259071: posts small blind $1
josch2001: posts big blind $3
*** HOLE CARDS ***
jl45259071: calls $2
josch2001: checks
*** FLOP *** [Ah 6h Ac]
josch2001: bets $3
jl45259071: folds
Uncalled bet ($3) returned to josch2001
josch2001 collected $5.88 from pot
josch2001: doesn't show hand
*** SUMMARY ***
Total pot $6 | Rake $0.12
Board [Ah 6h Ac]
Seat 1: jl45259071 (button) (small blind) folded on the Flop
Seat 2: josch2001 (big blind) collected ($5.88)


PokerStars Hand #146553731662:  Hold'em Limit ($3/$6 USD) - 2016/01/06 4:23:53 ET
Table 'Prylis II' 2-max Seat #2 is the button
Seat 1: jl45259071 ($4.49 in chips)
Seat 2: josch2001 ($296.09 in chips)
josch2001: posts small blind $1
jl45259071: posts big blind $3
*** HOLE CARDS ***
josch2001: folds
Uncalled bet ($2) returned to jl45259071
jl45259071 collected $2 from pot
*** SUMMARY ***
Total pot $2 | Rake $0
Seat 1: jl45259071 (big blind) collected ($2)
Seat 2: josch2001 (button) (small blind) folded before Flop


PokerStars Hand #146553726086:  Hold'em Limit ($3/$6 USD) - 2016/01/06 4:23:40 ET
Table 'Prylis II' 2-max Seat #1 is the button
Seat 1: jl45259071 ($10.49 in chips)
Seat 2: josch2001 ($290.33 in chips)
jl45259071: posts small blind $1
josch2001: posts big blind $3
*** HOLE CARDS ***
jl45259071: raises $3 to $6
josch2001: calls $3
*** FLOP *** [Jd 2c Td]
josch2001: checks
jl45259071: checks
*** TURN *** [Jd 2c Td] [As]
josch2001: checks
jl45259071: checks
*** RIVER *** [Jd 2c Td As] [7d]
josch2001: bets $6
jl45259071: folds
Uncalled bet ($6) returned to josch2001
josch2001 collected $11.76 from pot
josch2001: doesn't show hand
*** SUMMARY ***
Total pot $12 | Rake $0.24
Board [Jd 2c Td As 7d]
Seat 1: jl45259071 (button) (small blind) folded on the River
Seat 2: josch2001 (big blind) collected ($11.76)


PokerStars Hand #146553720497:  Hold'em Limit ($3/$6 USD) - 2016/01/06 4:23:26 ET
Table 'Prylis II' 2-max Seat #2 is the button
Seat 1: jl45259071 ($25.49 in chips)
Seat 2: josch2001 ($275.83 in chips)
josch2001: posts small blind $1
jl45259071: posts big blind $3
*** HOLE CARDS ***
josch2001: raises $3 to $6
jl45259071: calls $3
*** FLOP *** [5c 7d 8h]
jl45259071: checks
josch2001: bets $3
jl45259071: calls $3
*** TURN *** [5c 7d 8h] [9c]
jl45259071: checks
josch2001: checks
*** RIVER *** [5c 7d 8h 9c] [5d]
jl45259071: bets $6
josch2001: calls $6
*** SHOW DOWN ***
jl45259071: shows [Jc 9h] (two pair, Nines and Fives)
josch2001: shows [Qd 5h] (three of a kind, Fives)
josch2001 collected $29.50 from pot
*** SUMMARY ***
Total pot $30 | Rake $0.50
Board [5c 7d 8h 9c 5d]
Seat 1: jl45259071 (big blind) showed [Jc 9h] and lost with two pair, Nines and Fives
Seat 2: josch2001 (button) (small blind) showed [Qd 5h] and won ($29.50) with three of a kind, Fives


PokerStars Hand #146553733715:  Hold'em Limit ($3/$6 USD) - 2016/01/06 4:23:58 ET
Table 'Prylis II' 2-max Seat #1 is the button
Seat 1: jl45259071 ($5.49 in chips)
Seat 2: josch2001 ($295.09 in chips)
jl45259071: posts small blind $1
josch2001: posts big blind $3
*** HOLE CARDS ***
jl45259071: raises $2.49 to $5.49 and is all-in
josch2001: calls $2.49
*** FLOP *** [Js 4h 5s]
*** TURN *** [Js 4h 5s] [5h]
*** RIVER *** [Js 4h 5s 5h] [Kh]
*** SHOW DOWN ***
josch2001: shows [Qc Jd] (two pair, Jacks and Fives)
jl45259071: shows [As 3d] (a pair of Fives)
josch2001 collected $10.76 from pot
jl45259071 leaves the table
*** SUMMARY ***
Total pot $10.98 | Rake $0.22
Board [Js 4h 5s 5h Kh]
Seat 1: jl45259071 (button) (small blind) showed [As 3d] and lost with a pair of Fives
Seat 2: josch2001 (big blind) showed [Qc Jd] and won ($10.76) with two pair, Jacks and Fives


