PokerStars Hand #173568768424:  Hold'em Limit ($3/$6 USD) - 2017/07/27 7:06:55 ET
Table 'Prylis II' 6-max Seat #2 is the button
Seat 1: nedo1414 ($113 in chips)
Seat 2: B_loJkl ($156.76 in chips)
B_loJkl: posts small blind $1
nedo1414: posts big blind $3
*** HOLE CARDS ***
B_loJkl: folds
Uncalled bet ($2) returned to nedo1414
nedo1414 collected $2 from pot
nedo1414: doesn't show hand
*** SUMMARY ***
Total pot $2 | Rake $0
Seat 1: nedo1414 (big blind) collected ($2)
Seat 2: B_loJkl (button) (small blind) folded before Flop


PokerStars Hand #173568772674:  Hold'em Limit ($3/$6 USD) - 2017/07/27 7:07:06 ET
Table 'Prylis II' 6-max Seat #1 is the button
Seat 1: nedo1414 ($114 in chips)
Seat 2: B_loJkl ($155.76 in chips)
nedo1414: posts small blind $1
B_loJkl: posts big blind $3
*** HOLE CARDS ***
nedo1414: raises $3 to $6
B_loJkl: calls $3
*** FLOP *** [Tc As Th]
B_loJkl: checks
nedo1414: bets $3
B_loJkl: folds
Uncalled bet ($3) returned to nedo1414
nedo1414 collected $11.76 from pot
nedo1414: doesn't show hand
*** SUMMARY ***
Total pot $12 | Rake $0.24
Board [Tc As Th]
Seat 1: nedo1414 (button) (small blind) collected ($11.76)
Seat 2: B_loJkl (big blind) folded on the Flop


PokerStars Hand #173568766588:  Hold'em Limit ($3/$6 USD) - 2017/07/27 7:06:51 ET
Table 'Prylis II' 6-max Seat #1 is the button
Seat 1: nedo1414 ($114 in chips)
Seat 2: B_loJkl ($155.76 in chips)
nedo1414: posts small blind $1
B_loJkl: posts big blind $3
*** HOLE CARDS ***
nedo1414: folds
Uncalled bet ($2) returned to B_loJkl
B_loJkl collected $2 from pot
B_loJkl: doesn't show hand
*** SUMMARY ***
Total pot $2 | Rake $0
Seat 1: nedo1414 (button) (small blind) folded before Flop
Seat 2: B_loJkl (big blind) collected ($2)


PokerStars Hand #173568757802:  Hold'em Limit ($3/$6 USD) - 2017/07/27 7:06:29 ET
Table 'Prylis II' 6-max Seat #2 is the button
Seat 1: nedo1414 ($120 in chips)
Seat 2: B_loJkl ($150 in chips)
B_loJkl: posts small blind $1
TbIP-TbIP 88: is sitting out
TbIP-TbIP 88 leaves the table
nedo1414: posts big blind $3
*** HOLE CARDS ***
B_loJkl: raises $3 to $6
nedo1414: calls $3
*** FLOP *** [6c Kc 3h]
nedo1414: checks
B_loJkl: bets $3
nedo1414: folds
Uncalled bet ($3) returned to B_loJkl
B_loJkl collected $11.76 from pot
B_loJkl: doesn't show hand
*** SUMMARY ***
Total pot $12 | Rake $0.24
Board [6c Kc 3h]
Seat 1: nedo1414 (big blind) folded on the Flop
Seat 2: B_loJkl (button) (small blind) collected ($11.76)


PokerStars Hand #173568780152:  Hold'em Limit ($3/$6 USD) - 2017/07/27 7:07:24 ET
Table 'Prylis II' 6-max Seat #2 is the button
Seat 1: nedo1414 ($119.76 in chips)
Seat 2: B_loJkl ($149.76 in chips)
B_loJkl: posts small blind $1
nedo1414: posts big blind $3
*** HOLE CARDS ***
B_loJkl: raises $3 to $6
nedo1414: calls $3
*** FLOP *** [Qc 6c Kh]
nedo1414: checks
B_loJkl: checks
*** TURN *** [Qc 6c Kh] [2d]
nedo1414: bets $6
B_loJkl: calls $6
*** RIVER *** [Qc 6c Kh 2d] [5h]
nedo1414: bets $6
B_loJkl: calls $6
*** SHOW DOWN ***
nedo1414: shows [Ks 6d] (two pair, Kings and Sixes)
B_loJkl: mucks hand
nedo1414 collected $35.50 from pot
*** SUMMARY ***
Total pot $36 | Rake $0.50
Board [Qc 6c Kh 2d 5h]
Seat 1: nedo1414 (big blind) showed [Ks 6d] and won ($35.50) with two pair, Kings and Sixes
Seat 2: B_loJkl (button) (small blind) mucked


PokerStars Hand #173568787933:  Hold'em Limit ($3/$6 USD) - 2017/07/27 7:07:44 ET
Table 'Prylis II' 6-max Seat #1 is the button
Seat 1: nedo1414 ($137.26 in chips)
Seat 2: B_loJkl ($131.76 in chips)
nedo1414: posts small blind $1
B_loJkl: posts big blind $3
*** HOLE CARDS ***
nedo1414: raises $3 to $6
B_loJkl: calls $3
*** FLOP *** [As 9d 9h]
B_loJkl: checks
nedo1414: bets $3
B_loJkl: calls $3
*** TURN *** [As 9d 9h] [4d]
B_loJkl: checks
nedo1414: bets $6
B_loJkl: folds
Uncalled bet ($6) returned to nedo1414
nedo1414 collected $17.64 from pot
nedo1414: doesn't show hand
*** SUMMARY ***
Total pot $18 | Rake $0.36
Board [As 9d 9h 4d]
Seat 1: nedo1414 (button) (small blind) collected ($17.64)
Seat 2: B_loJkl (big blind) folded on the Turn


PokerStars Hand #173570089448:  Hold'em Limit ($3/$6 USD) - 2017/07/27 7:59:33 ET
Table 'Prylis II' 6-max Seat #1 is the button
Seat 1: cola26licht ($52.71 in chips)
Seat 2: B_loJkl ($125.76 in chips)
cola26licht: posts small blind $1
B_loJkl: posts big blind $3
*** HOLE CARDS ***
cola26licht: raises $3 to $6
B_loJkl: folds
Uncalled bet ($3) returned to cola26licht
cola26licht collected $6 from pot
*** SUMMARY ***
Total pot $6 | Rake $0
Seat 1: cola26licht (button) (small blind) collected ($6)
Seat 2: B_loJkl (big blind) folded before Flop


PokerStars Hand #173570082521:  Hold'em Limit ($3/$6 USD) - 2017/07/27 7:59:15 ET
Table 'Prylis II' 6-max Seat #2 is the button
Seat 1: cola26licht ($55.71 in chips)
Seat 2: B_loJkl ($122.76 in chips)
B_loJkl: posts small blind $1
Anchig joins the table at seat #3
cola26licht: posts big blind $3
*** HOLE CARDS ***
B_loJkl: raises $3 to $6
cola26licht: folds
Uncalled bet ($3) returned to B_loJkl
B_loJkl collected $6 from pot
B_loJkl: doesn't show hand
*** SUMMARY ***
Total pot $6 | Rake $0
Seat 1: cola26licht (big blind) folded before Flop
Seat 2: B_loJkl (button) (small blind) collected ($6)


PokerStars Hand #173570323308:  Hold'em Limit ($3/$6 USD) - 2017/07/27 8:08:37 ET
Table 'Prylis II' 6-max Seat #4 is the button
Seat 3: CONSTANCY555 ($120 in chips)
Seat 4: Iseethelight ($120 in chips)
Iseethelight: posts small blind $1
CONSTANCY555: posts big blind $3
*** HOLE CARDS ***
ionellu joins the table at seat #1
Iseethelight: folds
Uncalled bet ($2) returned to CONSTANCY555
CONSTANCY555 collected $2 from pot
*** SUMMARY ***
Total pot $2 | Rake $0
Seat 3: CONSTANCY555 (big blind) collected ($2)
Seat 4: Iseethelight (button) (small blind) folded before Flop


PokerStars Hand #173570325679:  Hold'em Limit ($3/$6 USD) - 2017/07/27 8:08:42 ET
Table 'Prylis II' 6-max Seat #3 is the button
Seat 3: CONSTANCY555 ($121 in chips)
Seat 4: Iseethelight ($120 in chips)
CONSTANCY555: posts small blind $1
Iseethelight: posts big blind $3
*** HOLE CARDS ***
CONSTANCY555: calls $2
Anchig joins the table at seat #5
Iseethelight: checks
*** FLOP *** [9c Kd 2c]
Iseethelight: checks
CONSTANCY555: bets $3
Iseethelight: raises $3 to $6
CONSTANCY555: calls $3
*** TURN *** [9c Kd 2c] [6d]
Iseethelight: bets $6
CONSTANCY555: calls $6
*** RIVER *** [9c Kd 2c 6d] [7s]
Iseethelight: bets $6
CONSTANCY555: calls $6
*** SHOW DOWN ***
Iseethelight: shows [3s 2h] (a pair of Deuces)
CONSTANCY555: shows [Kc 8d] (a pair of Kings)
CONSTANCY555 collected $41.50 from pot
*** SUMMARY ***
Total pot $42 | Rake $0.50
Board [9c Kd 2c 6d 7s]
Seat 3: CONSTANCY555 (button) (small blind) showed [Kc 8d] and won ($41.50) with a pair of Kings
Seat 4: Iseethelight (big blind) showed [3s 2h] and lost with a pair of Deuces


