PokerStars Hand #147002632150:  Hold'em Limit ($3/$6 USD) - 2016/01/13 21:07:07 ET
Table 'Prylis' 6-max Seat #4 is the button
Seat 3: Nijadperest ($340.48 in chips)
Seat 4: AzureCaper ($72 in chips)
AzureCaper: posts small blind $1
Nijadperest: posts big blind $3
*** HOLE CARDS ***
AzureCaper: raises $3 to $6
Nijadperest: calls $3
*** FLOP *** [2c 4h Ah]
Nijadperest: checks
AzureCaper: bets $3
Nijadperest: folds
Uncalled bet ($3) returned to AzureCaper
AzureCaper collected $11.76 from pot
AzureCaper: doesn't show hand
*** SUMMARY ***
Total pot $12 | Rake $0.24
Board [2c 4h Ah]
Seat 3: Nijadperest (big blind) folded on the Flop
Seat 4: AzureCaper (button) (small blind) collected ($11.76)


PokerStars Hand #147002628841:  Hold'em Limit ($3/$6 USD) - 2016/01/13 21:07:00 ET
Table 'Prylis' 6-max Seat #3 is the button
Seat 3: Nijadperest ($337.48 in chips)
Seat 4: AzureCaper ($72 in chips)
Nijadperest: posts small blind $1
AzureCaper: posts big blind $3
*** HOLE CARDS ***
Nijadperest: raises $3 to $6
AzureCaper: folds
Uncalled bet ($3) returned to Nijadperest
Nijadperest collected $6 from pot
Nijadperest: doesn't show hand
*** SUMMARY ***
Total pot $6 | Rake $0
Seat 3: Nijadperest (button) (small blind) collected ($6)
Seat 4: AzureCaper (big blind) folded before Flop


PokerStars Hand #147002653684:  Hold'em Limit ($3/$6 USD) - 2016/01/13 21:07:50 ET
Table 'Prylis' 6-max Seat #4 is the button
Seat 3: Nijadperest ($320.48 in chips)
Seat 4: AzureCaper ($91.26 in chips)
AzureCaper: posts small blind $1
Nijadperest: posts big blind $3
*** HOLE CARDS ***
AzureCaper: raises $3 to $6
Nijadperest: calls $3
*** FLOP *** [9c Qd 8s]
Nijadperest: checks
AzureCaper: bets $3
Nijadperest: raises $3 to $6
AzureCaper: folds
Uncalled bet ($3) returned to Nijadperest
Nijadperest collected $17.64 from pot
Nijadperest: doesn't show hand
*** SUMMARY ***
Total pot $18 | Rake $0.36
Board [9c Qd 8s]
Seat 3: Nijadperest (big blind) collected ($17.64)
Seat 4: AzureCaper (button) (small blind) folded on the Flop


PokerStars Hand #147002650449:  Hold'em Limit ($3/$6 USD) - 2016/01/13 21:07:44 ET
Table 'Prylis' 6-max Seat #3 is the button
Seat 3: Nijadperest ($317.48 in chips)
Seat 4: AzureCaper ($94.26 in chips)
Nijadperest: posts small blind $1
AzureCaper: posts big blind $3
*** HOLE CARDS ***
Nijadperest: raises $3 to $6
AzureCaper: folds
Uncalled bet ($3) returned to Nijadperest
Nijadperest collected $6 from pot
Nijadperest: doesn't show hand
*** SUMMARY ***
Total pot $6 | Rake $0
Seat 3: Nijadperest (button) (small blind) collected ($6)
Seat 4: AzureCaper (big blind) folded before Flop


PokerStars Hand #147002648051:  Hold'em Limit ($3/$6 USD) - 2016/01/13 21:07:39 ET
Table 'Prylis' 6-max Seat #4 is the button
Seat 3: Nijadperest ($316.48 in chips)
Seat 4: AzureCaper ($95.26 in chips)
AzureCaper: posts small blind $1
Nijadperest: posts big blind $3
*** HOLE CARDS ***
AzureCaper: folds
Uncalled bet ($2) returned to Nijadperest
Nijadperest collected $2 from pot
Nijadperest: doesn't show hand
*** SUMMARY ***
Total pot $2 | Rake $0
Seat 3: Nijadperest (big blind) collected ($2)
Seat 4: AzureCaper (button) (small blind) folded before Flop


PokerStars Hand #147002637373:  Hold'em Limit ($3/$6 USD) - 2016/01/13 21:07:17 ET
Table 'Prylis' 6-max Seat #3 is the button
Seat 3: Nijadperest ($334.48 in chips)
Seat 4: AzureCaper ($77.76 in chips)
Nijadperest: posts small blind $1
AzureCaper: posts big blind $3
*** HOLE CARDS ***
Nijadperest: raises $3 to $6
AzureCaper: calls $3
*** FLOP *** [3h Th Qh]
AzureCaper: checks
Nijadperest: bets $3
AzureCaper: raises $3 to $6
Nijadperest: calls $3
*** TURN *** [3h Th Qh] [As]
AzureCaper: checks
Nijadperest: bets $6
AzureCaper: calls $6
*** RIVER *** [3h Th Qh As] [8s]
AzureCaper: checks
Nijadperest: checks
*** SHOW DOWN ***
AzureCaper: shows [9h Td] (a pair of Tens)
Nijadperest: mucks hand
AzureCaper collected $35.50 from pot
*** SUMMARY ***
Total pot $36 | Rake $0.50
Board [3h Th Qh As 8s]
Seat 3: Nijadperest (button) (small blind) mucked
Seat 4: AzureCaper (big blind) showed [9h Td] and won ($35.50) with a pair of Tens


