PokerStars Hand #146939236770:  Hold'em Limit ($3/$6 USD) - 2016/01/12 17:46:15 ET
Table 'Prymno III' 2-max Seat #1 is the button
Seat 1: Looosersulze ($61.39 in chips)
Seat 2: krytalex ($111.75 in chips)
Looosersulze: posts small blind $1
krytalex: posts big blind $3
*** HOLE CARDS ***
Looosersulze: raises $3 to $6
krytalex: folds
Uncalled bet ($3) returned to Looosersulze
Looosersulze collected $6 from pot
Looosersulze: doesn't show hand
*** SUMMARY ***
Total pot $6 | Rake $0
Seat 1: Looosersulze (button) (small blind) collected ($6)
Seat 2: krytalex (big blind) folded before Flop


PokerStars Hand #146939204446:  Hold'em Limit ($3/$6 USD) - 2016/01/12 17:45:42 ET
Table 'Prymno III' 2-max Seat #2 is the button
Seat 1: Looosersulze ($61.64 in chips)
Seat 2: krytalex ($112 in chips)
krytalex: posts small blind $1
Looosersulze: posts big blind $3
*** HOLE CARDS ***
krytalex: raises $3 to $6
Looosersulze: raises $3 to $9
krytalex: calls $3
*** FLOP *** [8d Ad 8h]
Looosersulze: bets $3
krytalex: calls $3
*** TURN *** [8d Ad 8h] [Ah]
Looosersulze: bets $6
krytalex: raises $6 to $12
Looosersulze: raises $6 to $18
krytalex: raises $6 to $24
Betting is capped
Looosersulze: calls $6
*** RIVER *** [8d Ad 8h Ah] [Td]
Looosersulze: bets $6
krytalex: calls $6
*** SHOW DOWN ***
Looosersulze: shows [Ac Jc] (a full house, Aces full of Eights)
krytalex: shows [Qd As] (a full house, Aces full of Eights)
Looosersulze collected $41.75 from pot
krytalex collected $41.75 from pot
*** SUMMARY ***
Total pot $84 | Rake $0.50
Board [8d Ad 8h Ah Td]
Seat 1: Looosersulze (big blind) showed [Ac Jc] and won ($41.75) with a full house, Aces full of Eights
Seat 2: krytalex (button) (small blind) showed [Qd As] and won ($41.75) with a full house, Aces full of Eights


PokerStars Hand #146939295873:  Hold'em Limit ($3/$6 USD) - 2016/01/12 17:47:16 ET
Table 'Prymno III' 2-max Seat #1 is the button
Seat 1: Looosersulze ($78.89 in chips)
Seat 2: krytalex ($93.75 in chips)
Looosersulze: posts small blind $1
krytalex: posts big blind $3
*** HOLE CARDS ***
Looosersulze: folds
Uncalled bet ($2) returned to krytalex
krytalex collected $2 from pot
*** SUMMARY ***
Total pot $2 | Rake $0
Seat 1: Looosersulze (button) (small blind) folded before Flop
Seat 2: krytalex (big blind) collected ($2)


PokerStars Hand #146939244855:  Hold'em Limit ($3/$6 USD) - 2016/01/12 17:46:23 ET
Table 'Prymno III' 2-max Seat #2 is the button
Seat 1: Looosersulze ($64.39 in chips)
Seat 2: krytalex ($108.75 in chips)
krytalex: posts small blind $1
Looosersulze: posts big blind $3
*** HOLE CARDS ***
krytalex: raises $3 to $6
Looosersulze: calls $3
*** FLOP *** [5h Ks 5c]
Looosersulze: checks
krytalex: bets $3
Looosersulze: calls $3
*** TURN *** [5h Ks 5c] [2d]
Looosersulze: checks
krytalex: checks
*** RIVER *** [5h Ks 5c 2d] [Td]
Looosersulze: bets $6
krytalex: calls $6
*** SHOW DOWN ***
Looosersulze: shows [5d 8s] (three of a kind, Fives)
krytalex: mucks hand
Looosersulze collected $29.50 from pot
*** SUMMARY ***
Total pot $30 | Rake $0.50
Board [5h Ks 5c 2d Td]
Seat 1: Looosersulze (big blind) showed [5d 8s] and won ($29.50) with three of a kind, Fives
Seat 2: krytalex (button) (small blind) mucked


PokerStars Hand #146939302116:  Hold'em Limit ($3/$6 USD) - 2016/01/12 17:47:22 ET
Table 'Prymno III' 2-max Seat #2 is the button
Seat 1: Looosersulze ($77.89 in chips)
Seat 2: krytalex ($94.75 in chips)
krytalex: posts small blind $1
Looosersulze: posts big blind $3
*** HOLE CARDS ***
krytalex: raises $3 to $6
Looosersulze: raises $3 to $9
krytalex: calls $3
*** FLOP *** [Ts 5h 8h]
Looosersulze: bets $3
krytalex: calls $3
*** TURN *** [Ts 5h 8h] [2c]
Looosersulze: bets $6
krytalex: calls $6
*** RIVER *** [Ts 5h 8h 2c] [5s]
Looosersulze: bets $6
krytalex: calls $6
*** SHOW DOWN ***
Looosersulze: shows [Ah Jc] (a pair of Fives)
krytalex: shows [Jh Ad] (a pair of Fives)
Looosersulze collected $23.75 from pot
krytalex collected $23.75 from pot
*** SUMMARY ***
Total pot $48 | Rake $0.50
Board [Ts 5h 8h 2c 5s]
Seat 1: Looosersulze (big blind) showed [Ah Jc] and won ($23.75) with a pair of Fives
Seat 2: krytalex (button) (small blind) showed [Jh Ad] and won ($23.75) with a pair of Fives


PokerStars Hand #146939393988:  Hold'em Limit ($3/$6 USD) - 2016/01/12 17:48:57 ET
Table 'Prymno III' 2-max Seat #2 is the button
Seat 1: Looosersulze ($90.28 in chips)
Seat 2: krytalex ($81.50 in chips)
krytalex: posts small blind $1
Looosersulze: posts big blind $3
*** HOLE CARDS ***
krytalex: folds
Uncalled bet ($2) returned to Looosersulze
Looosersulze collected $2 from pot
Looosersulze: doesn't show hand
*** SUMMARY ***
Total pot $2 | Rake $0
Seat 1: Looosersulze (big blind) collected ($2)
Seat 2: krytalex (button) (small blind) folded before Flop


PokerStars Hand #146939373428:  Hold'em Limit ($3/$6 USD) - 2016/01/12 17:48:36 ET
Table 'Prymno III' 2-max Seat #1 is the button
Seat 1: Looosersulze ($81.64 in chips)
Seat 2: krytalex ($90.50 in chips)
Looosersulze: posts small blind $1
krytalex: posts big blind $3
*** HOLE CARDS ***
Looosersulze: raises $3 to $6
krytalex: calls $3
*** FLOP *** [Js Qs 3h]
krytalex: checks
Looosersulze: bets $3
krytalex: calls $3
*** TURN *** [Js Qs 3h] [Ah]
krytalex: checks
Looosersulze: bets $6
krytalex: folds
Uncalled bet ($6) returned to Looosersulze
Looosersulze collected $17.64 from pot
Looosersulze: doesn't show hand
*** SUMMARY ***
Total pot $18 | Rake $0.36
Board [Js Qs 3h Ah]
Seat 1: Looosersulze (button) (small blind) collected ($17.64)
Seat 2: krytalex (big blind) folded on the Turn


PokerStars Hand #146939360817:  Hold'em Limit ($3/$6 USD) - 2016/01/12 17:48:23 ET
Table 'Prymno III' 2-max Seat #2 is the button
Seat 1: Looosersulze ($80.64 in chips)
Seat 2: krytalex ($91.50 in chips)
krytalex: posts small blind $1
Looosersulze: posts big blind $3
*** HOLE CARDS ***
krytalex: folds
Uncalled bet ($2) returned to Looosersulze
Looosersulze collected $2 from pot
Looosersulze: doesn't show hand
*** SUMMARY ***
Total pot $2 | Rake $0
Seat 1: Looosersulze (big blind) collected ($2)
Seat 2: krytalex (button) (small blind) folded before Flop


PokerStars Hand #146939347460:  Hold'em Limit ($3/$6 USD) - 2016/01/12 17:48:09 ET
Table 'Prymno III' 2-max Seat #1 is the button
Seat 1: Looosersulze ($77.64 in chips)
Seat 2: krytalex ($94.50 in chips)
Looosersulze: posts small blind $1
krytalex: posts big blind $3
*** HOLE CARDS ***
Looosersulze: raises $3 to $6
krytalex: folds
Uncalled bet ($3) returned to Looosersulze
Looosersulze collected $6 from pot
Looosersulze: doesn't show hand
*** SUMMARY ***
Total pot $6 | Rake $0
Seat 1: Looosersulze (button) (small blind) collected ($6)
Seat 2: krytalex (big blind) folded before Flop


PokerStars Hand #146939399199:  Hold'em Limit ($3/$6 USD) - 2016/01/12 17:49:02 ET
Table 'Prymno III' 2-max Seat #1 is the button
Seat 1: Looosersulze ($91.28 in chips)
Seat 2: krytalex ($80.50 in chips)
Looosersulze: posts small blind $1
krytalex: posts big blind $3
*** HOLE CARDS ***
Looosersulze: raises $3 to $6
krytalex: raises $3 to $9
Looosersulze: calls $3
*** FLOP *** [5h 5s 3d]
krytalex: bets $3
Looosersulze: calls $3
*** TURN *** [5h 5s 3d] [Jh]
krytalex: bets $6
Looosersulze: calls $6
*** RIVER *** [5h 5s 3d Jh] [Ac]
krytalex: checks
Looosersulze: bets $6
krytalex: calls $6
*** SHOW DOWN ***
Looosersulze: shows [Qd 8h] (a pair of Fives)
krytalex: shows [9s 9d] (two pair, Nines and Fives)
krytalex collected $47.50 from pot
*** SUMMARY ***
Total pot $48 | Rake $0.50
Board [5h 5s 3d Jh Ac]
Seat 1: Looosersulze (button) (small blind) showed [Qd 8h] and lost with a pair of Fives
Seat 2: krytalex (big blind) showed [9s 9d] and won ($47.50) with two pair, Nines and Fives


PokerStars Hand #146939432824:  Hold'em Limit ($3/$6 USD) - 2016/01/12 17:49:38 ET
Table 'Prymno III' 2-max Seat #1 is the button
Seat 1: Looosersulze ($61.28 in chips)
Seat 2: krytalex ($109.76 in chips)
Looosersulze: posts small blind $1
krytalex: posts big blind $3
*** HOLE CARDS ***
Looosersulze: folds
Uncalled bet ($2) returned to krytalex
krytalex collected $2 from pot
*** SUMMARY ***
Total pot $2 | Rake $0
Seat 1: Looosersulze (button) (small blind) folded before Flop
Seat 2: krytalex (big blind) collected ($2)


PokerStars Hand #146939417771:  Hold'em Limit ($3/$6 USD) - 2016/01/12 17:49:22 ET
Table 'Prymno III' 2-max Seat #2 is the button
Seat 1: Looosersulze ($67.28 in chips)
Seat 2: krytalex ($104 in chips)
krytalex: posts small blind $1
Looosersulze: posts big blind $3
*** HOLE CARDS ***
krytalex: raises $3 to $6
Looosersulze: calls $3
*** FLOP *** [Th 8h 3c]
Looosersulze: checks
krytalex: bets $3
Looosersulze: folds
Uncalled bet ($3) returned to krytalex
krytalex collected $11.76 from pot
*** SUMMARY ***
Total pot $12 | Rake $0.24
Board [Th 8h 3c]
Seat 1: Looosersulze (big blind) folded on the Flop
Seat 2: krytalex (button) (small blind) collected ($11.76)


PokerStars Hand #146939473142:  Hold'em Limit ($3/$6 USD) - 2016/01/12 17:50:21 ET
Table 'Prymno III' 2-max Seat #2 is the button
Seat 1: Looosersulze ($32.28 in chips)
Seat 2: krytalex ($138.26 in chips)
krytalex: posts small blind $1
Looosersulze: posts big blind $3
*** HOLE CARDS ***
krytalex: raises $3 to $6
Looosersulze: raises $3 to $9
krytalex: calls $3
*** FLOP *** [Ad Ks 5h]
Looosersulze: bets $3
krytalex: calls $3
*** TURN *** [Ad Ks 5h] [7d]
Looosersulze: bets $6
krytalex: raises $6 to $12
Looosersulze: calls $6
*** RIVER *** [Ad Ks 5h 7d] [Jd]
Looosersulze: checks
krytalex: bets $6
Looosersulze: calls $6
*** SHOW DOWN ***
krytalex: shows [5s 7h] (two pair, Sevens and Fives)
Looosersulze: mucks hand
krytalex collected $59.50 from pot
*** SUMMARY ***
Total pot $60 | Rake $0.50
Board [Ad Ks 5h 7d Jd]
Seat 1: Looosersulze (big blind) mucked
Seat 2: krytalex (button) (small blind) showed [5s 7h] and won ($59.50) with two pair, Sevens and Fives


PokerStars Hand #146939467171:  Hold'em Limit ($3/$6 USD) - 2016/01/12 17:50:15 ET
Table 'Prymno III' 2-max Seat #1 is the button
Seat 1: Looosersulze ($33.28 in chips)
Seat 2: krytalex ($137.26 in chips)
Looosersulze: posts small blind $1
krytalex: posts big blind $3
*** HOLE CARDS ***
Looosersulze: folds
Uncalled bet ($2) returned to krytalex
krytalex collected $2 from pot
*** SUMMARY ***
Total pot $2 | Rake $0
Seat 1: Looosersulze (button) (small blind) folded before Flop
Seat 2: krytalex (big blind) collected ($2)


PokerStars Hand #146939439547:  Hold'em Limit ($3/$6 USD) - 2016/01/12 17:49:45 ET
Table 'Prymno III' 2-max Seat #2 is the button
Seat 1: Looosersulze ($60.28 in chips)
Seat 2: krytalex ($110.76 in chips)
krytalex: posts small blind $1
Looosersulze: posts big blind $3
*** HOLE CARDS ***
krytalex: raises $3 to $6
Looosersulze: raises $3 to $9
krytalex: calls $3
*** FLOP *** [Qs Jh Td]
Looosersulze: bets $3
krytalex: raises $3 to $6
Looosersulze: calls $3
*** TURN *** [Qs Jh Td] [4s]
Looosersulze: checks
krytalex: bets $6
Looosersulze: calls $6
*** RIVER *** [Qs Jh Td 4s] [5c]
Looosersulze: checks
krytalex: bets $6
Looosersulze: calls $6
*** SHOW DOWN ***
krytalex: shows [Kh Ad] (a straight, Ten to Ace)
Looosersulze: mucks hand
krytalex collected $53.50 from pot
*** SUMMARY ***
Total pot $54 | Rake $0.50
Board [Qs Jh Td 4s 5c]
Seat 1: Looosersulze (big blind) mucked
Seat 2: krytalex (button) (small blind) showed [Kh Ad] and won ($53.50) with a straight, Ten to Ace


PokerStars Hand #146939558004:  Hold'em Limit ($3/$6 USD) - 2016/01/12 17:51:51 ET
Table 'Prymno III' 2-max Seat #2 is the button
Seat 1: Looosersulze ($47.28 in chips)
Seat 2: krytalex ($176.40 in chips)
krytalex: posts small blind $1
Looosersulze: posts big blind $3
*** HOLE CARDS ***
krytalex: raises $3 to $6
Looosersulze: calls $3
*** FLOP *** [Jc 6c Qd]
Looosersulze: checks
krytalex: bets $3
Looosersulze: folds
Uncalled bet ($3) returned to krytalex
krytalex collected $11.76 from pot
*** SUMMARY ***
Total pot $12 | Rake $0.24
Board [Jc 6c Qd]
Seat 1: Looosersulze (big blind) folded on the Flop
Seat 2: krytalex (button) (small blind) collected ($11.76)


PokerStars Hand #146939530322:  Hold'em Limit ($3/$6 USD) - 2016/01/12 17:51:22 ET
Table 'Prymno III' 2-max Seat #1 is the button
Seat 1: Looosersulze ($56.28 in chips)
Seat 2: krytalex ($167.76 in chips)
Looosersulze: posts small blind $1
krytalex: posts big blind $3
*** HOLE CARDS ***
Looosersulze: raises $3 to $6
krytalex: calls $3
*** FLOP *** [9c 6h Jc]
krytalex: checks
Looosersulze: bets $3
krytalex: calls $3
*** TURN *** [9c 6h Jc] [8s]
krytalex: checks
Looosersulze: checks
*** RIVER *** [9c 6h Jc 8s] [5d]
krytalex: bets $6
Looosersulze: folds
Uncalled bet ($6) returned to krytalex
krytalex collected $17.64 from pot
*** SUMMARY ***
Total pot $18 | Rake $0.36
Board [9c 6h Jc 8s 5d]
Seat 1: Looosersulze (button) (small blind) folded on the River
Seat 2: krytalex (big blind) collected ($17.64)


PokerStars Hand #146939570325:  Hold'em Limit ($3/$6 USD) - 2016/01/12 17:52:04 ET
Table 'Prymno III' 2-max Seat #1 is the button
Seat 1: Looosersulze ($41.28 in chips)
Seat 2: krytalex ($182.16 in chips)
Looosersulze: posts small blind $1
krytalex: posts big blind $3
*** HOLE CARDS ***
Looosersulze: raises $3 to $6
krytalex: calls $3
*** FLOP *** [6d Th 6s]
krytalex: checks
Looosersulze: bets $3
krytalex: calls $3
*** TURN *** [6d Th 6s] [Qs]
krytalex: checks
Looosersulze: bets $6
krytalex: raises $6 to $12
Looosersulze: calls $6
*** RIVER *** [6d Th 6s Qs] [3d]
krytalex: bets $6
Looosersulze: raises $6 to $12
krytalex: calls $6
*** SHOW DOWN ***
Looosersulze: shows [3h 3s] (a full house, Threes full of Sixes)
krytalex: mucks hand
Looosersulze collected $65.50 from pot
*** SUMMARY ***
Total pot $66 | Rake $0.50
Board [6d Th 6s Qs 3d]
Seat 1: Looosersulze (button) (small blind) showed [3h 3s] and won ($65.50) with a full house, Threes full of Sixes
Seat 2: krytalex (big blind) mucked


PokerStars Hand #146939643853:  Hold'em Limit ($3/$6 USD) - 2016/01/12 17:53:22 ET
Table 'Prymno III' 2-max Seat #1 is the button
Seat 1: Looosersulze ($52.78 in chips)
Seat 2: krytalex ($169.66 in chips)
Looosersulze: posts small blind $1
krytalex: posts big blind $3
*** HOLE CARDS ***
Looosersulze: raises $3 to $6
krytalex: calls $3
*** FLOP *** [Kd 6h 8d]
krytalex: checks
Looosersulze: checks
*** TURN *** [Kd 6h 8d] [2c]
krytalex: bets $6
Looosersulze: calls $6
*** RIVER *** [Kd 6h 8d 2c] [7d]
krytalex: bets $6
Looosersulze: raises $6 to $12
krytalex: folds
Uncalled bet ($6) returned to Looosersulze
Looosersulze collected $35.50 from pot
Looosersulze: doesn't show hand
*** SUMMARY ***
Total pot $36 | Rake $0.50
Board [Kd 6h 8d 2c 7d]
Seat 1: Looosersulze (button) (small blind) collected ($35.50)
Seat 2: krytalex (big blind) folded on the River


PokerStars Hand #146939600778:  Hold'em Limit ($3/$6 USD) - 2016/01/12 17:52:37 ET
Table 'Prymno III' 2-max Seat #2 is the button
Seat 1: Looosersulze ($73.78 in chips)
Seat 2: krytalex ($149.16 in chips)
krytalex: posts small blind $1
Looosersulze: posts big blind $3
*** HOLE CARDS ***
krytalex said, "LOOOOOOOOOOOOOOOOOOOOOOOOOOOOOOOOOOOOOOOOLO"
krytalex: raises $3 to $6
Looosersulze: calls $3
*** FLOP *** [7s 5c 8h]
Looosersulze: checks
krytalex: bets $3
Looosersulze: calls $3
*** TURN *** [7s 5c 8h] [3d]
Looosersulze: checks
krytalex: bets $6
Looosersulze: calls $6
*** RIVER *** [7s 5c 8h 3d] [7h]
Looosersulze: checks
krytalex: bets $6
Looosersulze: calls $6
*** SHOW DOWN ***
krytalex: shows [8d 5d] (two pair, Eights and Sevens)
Looosersulze: mucks hand
krytalex collected $41.50 from pot
*** SUMMARY ***
Total pot $42 | Rake $0.50
Board [7s 5c 8h 3d 7h]
Seat 1: Looosersulze (big blind) mucked
Seat 2: krytalex (button) (small blind) showed [8d 5d] and won ($41.50) with two pair, Eights and Sevens


PokerStars Hand #146939669262:  Hold'em Limit ($3/$6 USD) - 2016/01/12 17:53:49 ET
Table 'Prymno III' 2-max Seat #2 is the button
Seat 1: Looosersulze ($70.28 in chips)
Seat 2: krytalex ($151.66 in chips)
krytalex: posts small blind $1
Looosersulze: posts big blind $3
*** HOLE CARDS ***
krytalex: raises $3 to $6
Looosersulze: calls $3
*** FLOP *** [Ah Kc 8c]
Looosersulze: bets $3
krytalex: calls $3
*** TURN *** [Ah Kc 8c] [Qh]
Looosersulze: checks
krytalex: bets $6
Looosersulze: calls $6
*** RIVER *** [Ah Kc 8c Qh] [6c]
Looosersulze: checks
krytalex: checks
*** SHOW DOWN ***
Looosersulze: shows [8d 7h] (a pair of Eights)
krytalex: shows [5h Kd] (a pair of Kings)
krytalex collected $29.50 from pot
*** SUMMARY ***
Total pot $30 | Rake $0.50
Board [Ah Kc 8c Qh 6c]
Seat 1: Looosersulze (big blind) showed [8d 7h] and lost with a pair of Eights
Seat 2: krytalex (button) (small blind) showed [5h Kd] and won ($29.50) with a pair of Kings


PokerStars Hand #146939708715:  Hold'em Limit ($3/$6 USD) - 2016/01/12 17:54:31 ET
Table 'Prymno III' 2-max Seat #1 is the button
Seat 1: Looosersulze ($55.28 in chips)
Seat 2: krytalex ($166.16 in chips)
Looosersulze: posts small blind $1
krytalex: posts big blind $3
*** HOLE CARDS ***
Looosersulze: raises $3 to $6
krytalex: calls $3
*** FLOP *** [Ah Qh 2s]
krytalex: checks
Looosersulze: checks
*** TURN *** [Ah Qh 2s] [Ad]
krytalex: checks
Looosersulze: checks
*** RIVER *** [Ah Qh 2s Ad] [Kc]
krytalex: bets $6
Looosersulze: folds
Uncalled bet ($6) returned to krytalex
krytalex collected $11.76 from pot
*** SUMMARY ***
Total pot $12 | Rake $0.24
Board [Ah Qh 2s Ad Kc]
Seat 1: Looosersulze (button) (small blind) folded on the River
Seat 2: krytalex (big blind) collected ($11.76)


PokerStars Hand #146939737902:  Hold'em Limit ($3/$6 USD) - 2016/01/12 17:55:02 ET
Table 'Prymno III' 2-max Seat #2 is the button
Seat 1: Looosersulze ($49.28 in chips)
Seat 2: krytalex ($171.92 in chips)
krytalex: posts small blind $1
Looosersulze: posts big blind $3
*** HOLE CARDS ***
krytalex: raises $3 to $6
Looosersulze: raises $3 to $9
krytalex: calls $3
*** FLOP *** [9s 4d 9h]
Looosersulze: bets $3
krytalex: calls $3
*** TURN *** [9s 4d 9h] [Ad]
Looosersulze: bets $6
krytalex: calls $6
*** RIVER *** [9s 4d 9h Ad] [3h]
Looosersulze: bets $6
krytalex: raises $6 to $12
Looosersulze: calls $6
*** SHOW DOWN ***
krytalex: shows [Js Ac] (two pair, Aces and Nines)
Looosersulze: mucks hand
krytalex collected $59.50 from pot
*** SUMMARY ***
Total pot $60 | Rake $0.50
Board [9s 4d 9h Ad 3h]
Seat 1: Looosersulze (big blind) mucked
Seat 2: krytalex (button) (small blind) showed [Js Ac] and won ($59.50) with two pair, Aces and Nines


PokerStars Hand #146939780546:  Hold'em Limit ($3/$6 USD) - 2016/01/12 17:55:57 ET
Table 'Prymno III' 2-max Seat #2 is the button
Seat 1: Looosersulze ($38.06 in chips)
Seat 2: krytalex ($182.14 in chips)
krytalex: posts small blind $1
Looosersulze: posts big blind $3
*** HOLE CARDS ***
krytalex: folds
Uncalled bet ($2) returned to Looosersulze
Looosersulze collected $2 from pot
Looosersulze: doesn't show hand
*** SUMMARY ***
Total pot $2 | Rake $0
Seat 1: Looosersulze (big blind) collected ($2)
Seat 2: krytalex (button) (small blind) folded before Flop


PokerStars Hand #146939763568:  Hold'em Limit ($3/$6 USD) - 2016/01/12 17:55:34 ET
Table 'Prymno III' 2-max Seat #1 is the button
Seat 1: Looosersulze ($19.28 in chips)
Seat 2: krytalex ($201.42 in chips)
Looosersulze: posts small blind $1
krytalex: posts big blind $3
*** HOLE CARDS ***
Looosersulze: raises $3 to $6
krytalex: calls $3
*** FLOP *** [8c Jd 5h]
krytalex: checks
Looosersulze: bets $3
krytalex: calls $3
*** TURN *** [8c Jd 5h] [6h]
krytalex: checks
Looosersulze: bets $6
krytalex: calls $6
*** RIVER *** [8c Jd 5h 6h] [5d]
krytalex: checks
Looosersulze: bets $4.28 and is all-in
krytalex: calls $4.28
*** SHOW DOWN ***
Looosersulze: shows [7c 7d] (two pair, Sevens and Fives)
krytalex: shows [7h 6c] (two pair, Sixes and Fives)
Looosersulze collected $38.06 from pot
*** SUMMARY ***
Total pot $38.56 | Rake $0.50
Board [8c Jd 5h 6h 5d]
Seat 1: Looosersulze (button) (small blind) showed [7c 7d] and won ($38.06) with two pair, Sevens and Fives
Seat 2: krytalex (big blind) showed [7h 6c] and lost with two pair, Sixes and Fives


PokerStars Hand #146939800229:  Hold'em Limit ($3/$6 USD) - 2016/01/12 17:56:22 ET
Table 'Prymno III' 2-max Seat #2 is the button
Seat 1: Looosersulze ($47.70 in chips)
Seat 2: krytalex ($172.14 in chips)
krytalex: posts small blind $1
Looosersulze: posts big blind $3
*** HOLE CARDS ***
krytalex: folds
Uncalled bet ($2) returned to Looosersulze
Looosersulze collected $2 from pot
Looosersulze: doesn't show hand
*** SUMMARY ***
Total pot $2 | Rake $0
Seat 1: Looosersulze (big blind) collected ($2)
Seat 2: krytalex (button) (small blind) folded before Flop


PokerStars Hand #146939803750:  Hold'em Limit ($3/$6 USD) - 2016/01/12 17:56:27 ET
Table 'Prymno III' 2-max Seat #1 is the button
Seat 1: Looosersulze ($48.70 in chips)
Seat 2: krytalex ($171.14 in chips)
Looosersulze: posts small blind $1
krytalex: posts big blind $3
*** HOLE CARDS ***
Looosersulze: raises $3 to $6
krytalex: calls $3
*** FLOP *** [Jc Qc Td]
krytalex: checks
Looosersulze: bets $3
krytalex: calls $3
*** TURN *** [Jc Qc Td] [8c]
krytalex: checks
Looosersulze: bets $6
krytalex: calls $6
*** RIVER *** [Jc Qc Td 8c] [Js]
krytalex: checks
Looosersulze: bets $6
krytalex: folds
Uncalled bet ($6) returned to Looosersulze
Looosersulze collected $29.50 from pot
Looosersulze: doesn't show hand
*** SUMMARY ***
Total pot $30 | Rake $0.50
Board [Jc Qc Td 8c Js]
Seat 1: Looosersulze (button) (small blind) collected ($29.50)
Seat 2: krytalex (big blind) folded on the River


PokerStars Hand #146939784003:  Hold'em Limit ($3/$6 USD) - 2016/01/12 17:56:02 ET
Table 'Prymno III' 2-max Seat #1 is the button
Seat 1: Looosersulze ($39.06 in chips)
Seat 2: krytalex ($181.14 in chips)
Looosersulze: posts small blind $1
krytalex: posts big blind $3
*** HOLE CARDS ***
Looosersulze: raises $3 to $6
krytalex: calls $3
*** FLOP *** [Kc 2h Kh]
krytalex: checks
Looosersulze: bets $3
krytalex: calls $3
*** TURN *** [Kc 2h Kh] [Ts]
krytalex: checks
Looosersulze: bets $6
krytalex: folds
Uncalled bet ($6) returned to Looosersulze
Looosersulze collected $17.64 from pot
Looosersulze: doesn't show hand
*** SUMMARY ***
Total pot $18 | Rake $0.36
Board [Kc 2h Kh Ts]
Seat 1: Looosersulze (button) (small blind) collected ($17.64)
Seat 2: krytalex (big blind) folded on the Turn


PokerStars Hand #146939846913:  Hold'em Limit ($3/$6 USD) - 2016/01/12 17:57:24 ET
Table 'Prymno III' 2-max Seat #1 is the button
Seat 1: Looosersulze ($80.70 in chips)
Seat 2: krytalex ($138.14 in chips)
Looosersulze: posts small blind $1
krytalex: posts big blind $3
*** HOLE CARDS ***
Looosersulze: raises $3 to $6
krytalex: calls $3
*** FLOP *** [4h 2d 6s]
krytalex: checks
Looosersulze: bets $3
krytalex: calls $3
*** TURN *** [4h 2d 6s] [9h]
krytalex: checks
Looosersulze: bets $6
krytalex: folds
Uncalled bet ($6) returned to Looosersulze
Looosersulze collected $17.64 from pot
Looosersulze: doesn't show hand
*** SUMMARY ***
Total pot $18 | Rake $0.36
Board [4h 2d 6s 9h]
Seat 1: Looosersulze (button) (small blind) collected ($17.64)
Seat 2: krytalex (big blind) folded on the Turn


PokerStars Hand #146939871602:  Hold'em Limit ($3/$6 USD) - 2016/01/12 17:57:56 ET
Table 'Prymno III' 2-max Seat #1 is the button
Seat 1: Looosersulze ($83.34 in chips)
Seat 2: krytalex ($134.90 in chips)
Looosersulze: posts small blind $1
krytalex: posts big blind $3
*** HOLE CARDS ***
Looosersulze: folds
Uncalled bet ($2) returned to krytalex
krytalex collected $2 from pot
*** SUMMARY ***
Total pot $2 | Rake $0
Seat 1: Looosersulze (button) (small blind) folded before Flop
Seat 2: krytalex (big blind) collected ($2)


PokerStars Hand #146939859825:  Hold'em Limit ($3/$6 USD) - 2016/01/12 17:57:41 ET
Table 'Prymno III' 2-max Seat #2 is the button
Seat 1: Looosersulze ($89.34 in chips)
Seat 2: krytalex ($129.14 in chips)
krytalex: posts small blind $1
Looosersulze: posts big blind $3
*** HOLE CARDS ***
krytalex: raises $3 to $6
Looosersulze: calls $3
*** FLOP *** [5h Ah 5s]
Looosersulze: checks
krytalex: bets $3
Looosersulze: folds
Uncalled bet ($3) returned to krytalex
krytalex collected $11.76 from pot
*** SUMMARY ***
Total pot $12 | Rake $0.24
Board [5h Ah 5s]
Seat 1: Looosersulze (big blind) folded on the Flop
Seat 2: krytalex (button) (small blind) collected ($11.76)


PokerStars Hand #146939828866:  Hold'em Limit ($3/$6 USD) - 2016/01/12 17:57:00 ET
Table 'Prymno III' 2-max Seat #2 is the button
Seat 1: Looosersulze ($63.20 in chips)
Seat 2: krytalex ($156.14 in chips)
krytalex: posts small blind $1
Looosersulze: posts big blind $3
*** HOLE CARDS ***
krytalex: raises $3 to $6
Looosersulze: raises $3 to $9
krytalex: calls $3
*** FLOP *** [Ts 7d 4d]
Looosersulze: bets $3
krytalex: calls $3
*** TURN *** [Ts 7d 4d] [9d]
Looosersulze: bets $6
krytalex: calls $6
*** RIVER *** [Ts 7d 4d 9d] [2s]
Looosersulze: bets $6
krytalex: folds
Uncalled bet ($6) returned to Looosersulze
Looosersulze collected $35.50 from pot
Looosersulze: doesn't show hand
*** SUMMARY ***
Total pot $36 | Rake $0.50
Board [Ts 7d 4d 9d 2s]
Seat 1: Looosersulze (big blind) collected ($35.50)
Seat 2: krytalex (button) (small blind) folded on the River


PokerStars Hand #146939882649:  Hold'em Limit ($3/$6 USD) - 2016/01/12 17:58:05 ET
Table 'Prymno III' 2-max Seat #2 is the button
Seat 1: Looosersulze ($82.34 in chips)
Seat 2: krytalex ($135.90 in chips)
krytalex: posts small blind $1
Looosersulze: posts big blind $3
*** HOLE CARDS ***
krytalex: raises $3 to $6
Looosersulze: raises $3 to $9
krytalex: calls $3
*** FLOP *** [3d 6c Ks]
Looosersulze: bets $3
krytalex: calls $3
*** TURN *** [3d 6c Ks] [Qc]
Looosersulze: bets $6
krytalex: calls $6
*** RIVER *** [3d 6c Ks Qc] [8h]
Looosersulze: bets $6
krytalex: folds
Uncalled bet ($6) returned to Looosersulze
Looosersulze collected $35.50 from pot
Looosersulze: doesn't show hand
*** SUMMARY ***
Total pot $36 | Rake $0.50
Board [3d 6c Ks Qc 8h]
Seat 1: Looosersulze (big blind) collected ($35.50)
Seat 2: krytalex (button) (small blind) folded on the River


PokerStars Hand #146939952745:  Hold'em Limit ($3/$6 USD) - 2016/01/12 17:59:27 ET
Table 'Prymno III' 2-max Seat #2 is the button
Seat 1: Looosersulze ($117.34 in chips)
Seat 2: krytalex ($99.90 in chips)
krytalex: posts small blind $1
Looosersulze: posts big blind $3
*** HOLE CARDS ***
krytalex: folds
Uncalled bet ($2) returned to Looosersulze
Looosersulze collected $2 from pot
Looosersulze: doesn't show hand
*** SUMMARY ***
Total pot $2 | Rake $0
Seat 1: Looosersulze (big blind) collected ($2)
Seat 2: krytalex (button) (small blind) folded before Flop


PokerStars Hand #146939957853:  Hold'em Limit ($3/$6 USD) - 2016/01/12 17:59:34 ET
Table 'Prymno III' 2-max Seat #1 is the button
Seat 1: Looosersulze ($118.34 in chips)
Seat 2: krytalex ($98.90 in chips)
Looosersulze: posts small blind $1
krytalex: posts big blind $3
*** HOLE CARDS ***
Looosersulze: raises $3 to $6
krytalex: raises $3 to $9
Looosersulze: calls $3
*** FLOP *** [6c 4s 6d]
krytalex: bets $3
Looosersulze: calls $3
*** TURN *** [6c 4s 6d] [Ac]
krytalex: bets $6
Looosersulze: folds
Uncalled bet ($6) returned to krytalex
krytalex collected $23.52 from pot
*** SUMMARY ***
Total pot $24 | Rake $0.48
Board [6c 4s 6d Ac]
Seat 1: Looosersulze (button) (small blind) folded on the Turn
Seat 2: krytalex (big blind) collected ($23.52)


PokerStars Hand #146939902835:  Hold'em Limit ($3/$6 USD) - 2016/01/12 17:58:25 ET
Table 'Prymno III' 2-max Seat #1 is the button
Seat 1: Looosersulze ($99.84 in chips)
Seat 2: krytalex ($117.90 in chips)
Looosersulze: posts small blind $1
krytalex: posts big blind $3
*** HOLE CARDS ***
Looosersulze: raises $3 to $6
krytalex: calls $3
*** FLOP *** [8h 2s 9d]
krytalex: checks
Looosersulze: bets $3
krytalex: raises $3 to $6
Looosersulze: calls $3
*** TURN *** [8h 2s 9d] [5h]
krytalex: bets $6
Looosersulze: raises $6 to $12
krytalex: folds
Uncalled bet ($6) returned to Looosersulze
Looosersulze collected $35.50 from pot
Looosersulze: doesn't show hand
*** SUMMARY ***
Total pot $36 | Rake $0.50
Board [8h 2s 9d 5h]
Seat 1: Looosersulze (button) (small blind) collected ($35.50)
Seat 2: krytalex (big blind) folded on the Turn


