PokerStars Hand #166767859910:  Hold'em Limit ($3/$6 USD) - 2017/02/25 16:16:03 ET
Table 'Prymno II' 6-max Seat #6 is the button
Seat 5: humlefar ($76.61 in chips)
Seat 6: kolaz03 ($72 in chips)
kolaz03: posts small blind $1
TbIP-TbIP 88: is sitting out
humlefar: posts big blind $3
*** HOLE CARDS ***
kolaz03: raises $3 to $6
humlefar: calls $3
*** FLOP *** [3d Kd Ts]
humlefar: checks
kolaz03: bets $3
humlefar: calls $3
*** TURN *** [3d Kd Ts] [Ah]
humlefar: checks
kolaz03: bets $6
humlefar: folds
Uncalled bet ($6) returned to kolaz03
kolaz03 collected $17.64 from pot
kolaz03: doesn't show hand
*** SUMMARY ***
Total pot $18 | Rake $0.36
Board [3d Kd Ts Ah]
Seat 5: humlefar (big blind) folded on the Turn
Seat 6: kolaz03 (button) (small blind) collected ($17.64)


PokerStars Hand #166767906269:  Hold'em Limit ($3/$6 USD) - 2017/02/25 16:16:54 ET
Table 'Prymno II' 6-max Seat #5 is the button
Seat 5: humlefar ($83.11 in chips)
Seat 6: kolaz03 ($72 in chips)
humlefar: posts small blind $1
kolaz03: posts big blind $3
*** HOLE CARDS ***
humlefar: raises $3 to $6
kolaz03: calls $3
*** FLOP *** [6s 8s 3h]
kolaz03: checks
humlefar: bets $3
kolaz03: calls $3
*** TURN *** [6s 8s 3h] [Jc]
kolaz03: checks
humlefar: bets $6
kolaz03: calls $6
*** RIVER *** [6s 8s 3h Jc] [6d]
kolaz03: checks
humlefar: bets $6
kolaz03: calls $6
*** SHOW DOWN ***
humlefar: shows [9h 9d] (two pair, Nines and Sixes)
kolaz03: mucks hand
humlefar collected $41.50 from pot
*** SUMMARY ***
Total pot $42 | Rake $0.50
Board [6s 8s 3h Jc 6d]
Seat 5: humlefar (button) (small blind) showed [9h 9d] and won ($41.50) with two pair, Nines and Sixes
Seat 6: kolaz03 (big blind) mucked


PokerStars Hand #166767901087:  Hold'em Limit ($3/$6 USD) - 2017/02/25 16:16:48 ET
Table 'Prymno II' 6-max Seat #6 is the button
Seat 5: humlefar ($82.11 in chips)
Seat 6: kolaz03 ($72 in chips)
kolaz03: posts small blind $1
humlefar: posts big blind $3
*** HOLE CARDS ***
kolaz03: folds
Uncalled bet ($2) returned to humlefar
humlefar collected $2 from pot
humlefar: doesn't show hand
*** SUMMARY ***
Total pot $2 | Rake $0
Seat 5: humlefar (big blind) collected ($2)
Seat 6: kolaz03 (button) (small blind) folded before Flop


PokerStars Hand #166767883389:  Hold'em Limit ($3/$6 USD) - 2017/02/25 16:16:29 ET
Table 'Prymno II' 6-max Seat #5 is the button
Seat 5: humlefar ($67.61 in chips)
Seat 6: kolaz03 ($80.64 in chips)
humlefar: posts small blind $1
kolaz03: posts big blind $3
*** HOLE CARDS ***
humlefar: raises $3 to $6
kolaz03: calls $3
*** FLOP *** [5c 8h Qc]
kolaz03: checks
humlefar: bets $3
kolaz03: calls $3
*** TURN *** [5c 8h Qc] [Jd]
kolaz03: checks
humlefar: bets $6
kolaz03: calls $6
*** RIVER *** [5c 8h Qc Jd] [5d]
kolaz03: checks
humlefar: bets $6
kolaz03: folds
Uncalled bet ($6) returned to humlefar
humlefar collected $29.50 from pot
humlefar: doesn't show hand
*** SUMMARY ***
Total pot $30 | Rake $0.50
Board [5c 8h Qc Jd 5d]
Seat 5: humlefar (button) (small blind) collected ($29.50)
Seat 6: kolaz03 (big blind) folded on the River


PokerStars Hand #166767974000:  Hold'em Limit ($3/$6 USD) - 2017/02/25 16:18:08 ET
Table 'Prymno II' 6-max Seat #6 is the button
Seat 5: humlefar ($138.61 in chips)
Seat 6: kolaz03 ($72 in chips)
kolaz03: posts small blind $1
humlefar: posts big blind $3
*** HOLE CARDS ***
kolaz03: raises $3 to $6
humlefar: raises $3 to $9
kolaz03: calls $3
*** FLOP *** [5c Js Jh]
humlefar: bets $3
kolaz03: folds
Uncalled bet ($3) returned to humlefar
humlefar collected $17.64 from pot
humlefar: doesn't show hand
*** SUMMARY ***
Total pot $18 | Rake $0.36
Board [5c Js Jh]
Seat 5: humlefar (big blind) collected ($17.64)
Seat 6: kolaz03 (button) (small blind) folded on the Flop


PokerStars Hand #166767929385:  Hold'em Limit ($3/$6 USD) - 2017/02/25 16:17:19 ET
Table 'Prymno II' 6-max Seat #6 is the button
Seat 5: humlefar ($103.61 in chips)
Seat 6: kolaz03 ($72 in chips)
kolaz03: posts small blind $1
humlefar: posts big blind $3
*** HOLE CARDS ***
kolaz03: raises $3 to $6
humlefar: raises $3 to $9
kolaz03: calls $3
*** FLOP *** [6s 9h 4d]
humlefar: bets $3
kolaz03: calls $3
*** TURN *** [6s 9h 4d] [Kd]
humlefar: bets $6
kolaz03: calls $6
*** RIVER *** [6s 9h 4d Kd] [8h]
humlefar: bets $6
kolaz03: folds
Uncalled bet ($6) returned to humlefar
humlefar collected $35.50 from pot
humlefar: doesn't show hand
*** SUMMARY ***
Total pot $36 | Rake $0.50
Board [6s 9h 4d Kd 8h]
Seat 5: humlefar (big blind) collected ($35.50)
Seat 6: kolaz03 (button) (small blind) folded on the River


PokerStars Hand #166767952423:  Hold'em Limit ($3/$6 USD) - 2017/02/25 16:17:45 ET
Table 'Prymno II' 6-max Seat #5 is the button
Seat 5: humlefar ($121.11 in chips)
Seat 6: kolaz03 ($72 in chips)
humlefar: posts small blind $1
kolaz03: posts big blind $3
*** HOLE CARDS ***
humlefar: raises $3 to $6
kolaz03: raises $3 to $9
humlefar: calls $3
*** FLOP *** [5s Kd 9h]
kolaz03: bets $3
humlefar: calls $3
*** TURN *** [5s Kd 9h] [2s]
kolaz03: checks
TbIP-TbIP 88 leaves the table
humlefar: checks
*** RIVER *** [5s Kd 9h 2s] [3d]
kolaz03: bets $6
humlefar: calls $6
*** SHOW DOWN ***
kolaz03: shows [Jh As] (high card Ace)
humlefar: shows [6c 3h] (a pair of Threes)
humlefar collected $35.50 from pot
*** SUMMARY ***
Total pot $36 | Rake $0.50
Board [5s Kd 9h 2s 3d]
Seat 5: humlefar (button) (small blind) showed [6c 3h] and won ($35.50) with a pair of Threes
Seat 6: kolaz03 (big blind) showed [Jh As] and lost with high card Ace


PokerStars Hand #166768021106:  Hold'em Limit ($3/$6 USD) - 2017/02/25 16:19:01 ET
Table 'Prymno II' 6-max Seat #6 is the button
Seat 5: humlefar ($150.13 in chips)
Seat 6: kolaz03 ($72 in chips)
kolaz03: posts small blind $1
humlefar: posts big blind $3
*** HOLE CARDS ***
kolaz03: raises $3 to $6
humlefar: calls $3
*** FLOP *** [8c Jd 9s]
humlefar: checks
kolaz03: bets $3
humlefar: calls $3
*** TURN *** [8c Jd 9s] [5h]
humlefar: checks
kolaz03: bets $6
humlefar: calls $6
*** RIVER *** [8c Jd 9s 5h] [Kc]
humlefar: checks
kolaz03: bets $6
humlefar: folds
Uncalled bet ($6) returned to kolaz03
kolaz03 collected $29.50 from pot
kolaz03: doesn't show hand
*** SUMMARY ***
Total pot $30 | Rake $0.50
Board [8c Jd 9s 5h Kc]
Seat 5: humlefar (big blind) folded on the River
Seat 6: kolaz03 (button) (small blind) collected ($29.50)


PokerStars Hand #166767998877:  Hold'em Limit ($3/$6 USD) - 2017/02/25 16:18:36 ET
Table 'Prymno II' 6-max Seat #6 is the button
Seat 5: humlefar ($146.25 in chips)
Seat 6: kolaz03 ($73 in chips)
kolaz03: posts small blind $1
humlefar: posts big blind $3
*** HOLE CARDS ***
kolaz03: folds
Uncalled bet ($2) returned to humlefar
humlefar collected $2 from pot
humlefar: doesn't show hand
*** SUMMARY ***
Total pot $2 | Rake $0
Seat 5: humlefar (big blind) collected ($2)
Seat 6: kolaz03 (button) (small blind) folded before Flop


PokerStars Hand #166767993682:  Hold'em Limit ($3/$6 USD) - 2017/02/25 16:18:30 ET
Table 'Prymno II' 6-max Seat #5 is the button
Seat 5: humlefar ($147.25 in chips)
Seat 6: kolaz03 ($72 in chips)
humlefar: posts small blind $1
kolaz03: posts big blind $3
*** HOLE CARDS ***
humlefar: folds
Uncalled bet ($2) returned to kolaz03
kolaz03 collected $2 from pot
kolaz03: doesn't show hand
*** SUMMARY ***
Total pot $2 | Rake $0
Seat 5: humlefar (button) (small blind) folded before Flop
Seat 6: kolaz03 (big blind) collected ($2)


PokerStars Hand #166768002693:  Hold'em Limit ($3/$6 USD) - 2017/02/25 16:18:40 ET
Table 'Prymno II' 6-max Seat #5 is the button
Seat 5: humlefar ($147.25 in chips)
Seat 6: kolaz03 ($72 in chips)
humlefar: posts small blind $1
kolaz03: posts big blind $3
*** HOLE CARDS ***
humlefar: calls $2
kolaz03: checks
*** FLOP *** [6h 8h 3s]
kolaz03: checks
humlefar: bets $3
kolaz03: folds
Uncalled bet ($3) returned to humlefar
humlefar collected $5.88 from pot
humlefar: doesn't show hand
*** SUMMARY ***
Total pot $6 | Rake $0.12
Board [6h 8h 3s]
Seat 5: humlefar (button) (small blind) collected ($5.88)
Seat 6: kolaz03 (big blind) folded on the Flop


PokerStars Hand #166768050466:  Hold'em Limit ($3/$6 USD) - 2017/02/25 16:19:33 ET
Table 'Prymno II' 6-max Seat #5 is the button
Seat 5: humlefar ($135.13 in chips)
Seat 6: kolaz03 ($86.50 in chips)
humlefar: posts small blind $1
kolaz03: posts big blind $3
*** HOLE CARDS ***
humlefar: raises $3 to $6
kolaz03: calls $3
*** FLOP *** [8s Qh Qd]
kolaz03: checks
humlefar: checks
*** TURN *** [8s Qh Qd] [Tc]
kolaz03: checks
humlefar: bets $6
kolaz03: folds
Uncalled bet ($6) returned to humlefar
humlefar collected $11.76 from pot
humlefar: doesn't show hand
*** SUMMARY ***
Total pot $12 | Rake $0.24
Board [8s Qh Qd Tc]
Seat 5: humlefar (button) (small blind) collected ($11.76)
Seat 6: kolaz03 (big blind) folded on the Turn


PokerStars Hand #166768067669:  Hold'em Limit ($3/$6 USD) - 2017/02/25 16:19:52 ET
Table 'Prymno II' 6-max Seat #6 is the button
Seat 5: humlefar ($140.89 in chips)
Seat 6: kolaz03 ($80.50 in chips)
kolaz03: posts small blind $1
humlefar: posts big blind $3
*** HOLE CARDS ***
kolaz03: raises $3 to $6
humlefar: raises $3 to $9
kolaz03: calls $3
*** FLOP *** [9s 6s 5h]
humlefar: bets $3
kolaz03: raises $3 to $6
humlefar: calls $3
*** TURN *** [9s 6s 5h] [Qc]
humlefar: checks
kolaz03: bets $6
humlefar: calls $6
*** RIVER *** [9s 6s 5h Qc] [3d]
humlefar: checks
kolaz03: bets $6
humlefar: calls $6
*** SHOW DOWN ***
kolaz03: shows [6d 9h] (two pair, Nines and Sixes)
humlefar: mucks hand
kolaz03 collected $53.50 from pot
*** SUMMARY ***
Total pot $54 | Rake $0.50
Board [9s 6s 5h Qc 3d]
Seat 5: humlefar (big blind) mucked
Seat 6: kolaz03 (button) (small blind) showed [6d 9h] and won ($53.50) with two pair, Nines and Sixes


PokerStars Hand #166768147482:  Hold'em Limit ($3/$6 USD) - 2017/02/25 16:21:21 ET
Table 'Prymno II' 6-max Seat #5 is the button
Seat 5: humlefar ($63.89 in chips)
Seat 6: kolaz03 ($155.64 in chips)
humlefar: posts small blind $1
kolaz03: posts big blind $3
*** HOLE CARDS ***
humlefar: raises $3 to $6
kolaz03: folds
Uncalled bet ($3) returned to humlefar
humlefar collected $6 from pot
humlefar: doesn't show hand
*** SUMMARY ***
Total pot $6 | Rake $0
Seat 5: humlefar (button) (small blind) collected ($6)
Seat 6: kolaz03 (big blind) folded before Flop


PokerStars Hand #166768091880:  Hold'em Limit ($3/$6 USD) - 2017/02/25 16:20:19 ET
Table 'Prymno II' 6-max Seat #5 is the button
Seat 5: humlefar ($113.89 in chips)
Seat 6: kolaz03 ($107 in chips)
humlefar: posts small blind $1
kolaz03: posts big blind $3
*** HOLE CARDS ***
humlefar: raises $3 to $6
kolaz03: calls $3
*** FLOP *** [Th 5d Tc]
kolaz03: checks
humlefar: bets $3
kolaz03: raises $3 to $6
humlefar: calls $3
*** TURN *** [Th 5d Tc] [4c]
kolaz03: bets $6
humlefar: calls $6
*** RIVER *** [Th 5d Tc 4c] [7s]
kolaz03: bets $6
humlefar: folds
Uncalled bet ($6) returned to kolaz03
kolaz03 collected $35.50 from pot
kolaz03: doesn't show hand
*** SUMMARY ***
Total pot $36 | Rake $0.50
Board [Th 5d Tc 4c 7s]
Seat 5: humlefar (button) (small blind) folded on the River
Seat 6: kolaz03 (big blind) collected ($35.50)


PokerStars Hand #166768108585:  Hold'em Limit ($3/$6 USD) - 2017/02/25 16:20:38 ET
Table 'Prymno II' 6-max Seat #6 is the button
Seat 5: humlefar ($95.89 in chips)
Seat 6: kolaz03 ($124.50 in chips)
kolaz03: posts small blind $1
humlefar: posts big blind $3
*** HOLE CARDS ***
kolaz03: raises $3 to $6
humlefar: raises $3 to $9
kolaz03: calls $3
*** FLOP *** [Kh 6c Ts]
humlefar: bets $3
kolaz03: calls $3
*** TURN *** [Kh 6c Ts] [Jd]
humlefar: bets $6
kolaz03: calls $6
*** RIVER *** [Kh 6c Ts Jd] [2d]
humlefar: bets $6
kolaz03: calls $6
*** SHOW DOWN ***
humlefar: shows [As 4d] (high card Ace)
kolaz03: shows [6s 8c] (a pair of Sixes)
kolaz03 collected $47.50 from pot
*** SUMMARY ***
Total pot $48 | Rake $0.50
Board [Kh 6c Ts Jd 2d]
Seat 5: humlefar (big blind) showed [As 4d] and lost with high card Ace
Seat 6: kolaz03 (button) (small blind) showed [6s 8c] and won ($47.50) with a pair of Sixes


PokerStars Hand #166768128959:  Hold'em Limit ($3/$6 USD) - 2017/02/25 16:21:00 ET
Table 'Prymno II' 6-max Seat #5 is the button
Seat 5: humlefar ($71.89 in chips)
Seat 6: kolaz03 ($148 in chips)
humlefar: posts small blind $1
kolaz03: posts big blind $3
*** HOLE CARDS ***
humlefar: raises $3 to $6
kolaz03: raises $3 to $9
humlefar: calls $3
*** FLOP *** [6h Jd Ks]
kolaz03: bets $3
humlefar: folds
Uncalled bet ($3) returned to kolaz03
kolaz03 collected $17.64 from pot
kolaz03: doesn't show hand
*** SUMMARY ***
Total pot $18 | Rake $0.36
Board [6h Jd Ks]
Seat 5: humlefar (button) (small blind) folded on the Flop
Seat 6: kolaz03 (big blind) collected ($17.64)


PokerStars Hand #166768141452:  Hold'em Limit ($3/$6 USD) - 2017/02/25 16:21:14 ET
Table 'Prymno II' 6-max Seat #6 is the button
Seat 5: humlefar ($62.89 in chips)
Seat 6: kolaz03 ($156.64 in chips)
kolaz03: posts small blind $1
humlefar: posts big blind $3
*** HOLE CARDS ***
kolaz03: folds
Uncalled bet ($2) returned to humlefar
humlefar collected $2 from pot
humlefar: doesn't show hand
*** SUMMARY ***
Total pot $2 | Rake $0
Seat 5: humlefar (big blind) collected ($2)
Seat 6: kolaz03 (button) (small blind) folded before Flop


PokerStars Hand #166768154570:  Hold'em Limit ($3/$6 USD) - 2017/02/25 16:21:28 ET
Table 'Prymno II' 6-max Seat #6 is the button
Seat 5: humlefar ($66.89 in chips)
Seat 6: kolaz03 ($152.64 in chips)
kolaz03: posts small blind $1
humlefar: posts big blind $3
*** HOLE CARDS ***
kolaz03: raises $3 to $6
humlefar: calls $3
*** FLOP *** [Ad 3h Td]
humlefar: bets $3
kolaz03: folds
Uncalled bet ($3) returned to humlefar
humlefar collected $11.76 from pot
humlefar: doesn't show hand
*** SUMMARY ***
Total pot $12 | Rake $0.24
Board [Ad 3h Td]
Seat 5: humlefar (big blind) collected ($11.76)
Seat 6: kolaz03 (button) (small blind) folded on the Flop


PokerStars Hand #166768163103:  Hold'em Limit ($3/$6 USD) - 2017/02/25 16:21:38 ET
Table 'Prymno II' 6-max Seat #5 is the button
Seat 5: humlefar ($72.65 in chips)
Seat 6: kolaz03 ($146.64 in chips)
humlefar: posts small blind $1
kolaz03: posts big blind $3
*** HOLE CARDS ***
humlefar: raises $3 to $6
kolaz03: raises $3 to $9
humlefar: calls $3
*** FLOP *** [7h 7c 9d]
kolaz03: bets $3
humlefar: raises $3 to $6
kolaz03: raises $3 to $9
humlefar: raises $3 to $12
Betting is capped
kolaz03: calls $3
*** TURN *** [7h 7c 9d] [5d]
kolaz03: checks
humlefar: bets $6
kolaz03: calls $6
*** RIVER *** [7h 7c 9d 5d] [5s]
kolaz03: checks
humlefar: checks
*** SHOW DOWN ***
kolaz03: shows [As 9s] (two pair, Nines and Sevens)
humlefar: mucks hand
kolaz03 collected $53.50 from pot
*** SUMMARY ***
Total pot $54 | Rake $0.50
Board [7h 7c 9d 5d 5s]
Seat 5: humlefar (button) (small blind) mucked
Seat 6: kolaz03 (big blind) showed [As 9s] and won ($53.50) with two pair, Nines and Sevens


PokerStars Hand #166768179921:  Hold'em Limit ($3/$6 USD) - 2017/02/25 16:21:57 ET
Table 'Prymno II' 6-max Seat #6 is the button
Seat 5: humlefar ($45.65 in chips)
Seat 6: kolaz03 ($173.14 in chips)
kolaz03: posts small blind $1
humlefar: posts big blind $3
*** HOLE CARDS ***
kolaz03: raises $3 to $6
humlefar: calls $3
*** FLOP *** [8c Js 4h]
humlefar: checks
kolaz03: bets $3
humlefar: calls $3
*** TURN *** [8c Js 4h] [6d]
humlefar: checks
kolaz03: checks
*** RIVER *** [8c Js 4h 6d] [8d]
humlefar: bets $6
kolaz03: calls $6
*** SHOW DOWN ***
humlefar: shows [5d 7s] (a straight, Four to Eight)
kolaz03: mucks hand
humlefar collected $29.50 from pot
*** SUMMARY ***
Total pot $30 | Rake $0.50
Board [8c Js 4h 6d 8d]
Seat 5: humlefar (big blind) showed [5d 7s] and won ($29.50) with a straight, Four to Eight
Seat 6: kolaz03 (button) (small blind) mucked


PokerStars Hand #166768206594:  Hold'em Limit ($3/$6 USD) - 2017/02/25 16:22:27 ET
Table 'Prymno II' 6-max Seat #5 is the button
Seat 5: humlefar ($60.15 in chips)
Seat 6: kolaz03 ($158.14 in chips)
humlefar: posts small blind $1
kolaz03: posts big blind $3
*** HOLE CARDS ***
humlefar: raises $3 to $6
kolaz03: calls $3
*** FLOP *** [Js 7h 8c]
kolaz03: checks
humlefar: bets $3
kolaz03: raises $3 to $6
humlefar: raises $3 to $9
kolaz03: calls $3
*** TURN *** [Js 7h 8c] [3d]
kolaz03: checks
humlefar: bets $6
kolaz03: calls $6
*** RIVER *** [Js 7h 8c 3d] [Jd]
kolaz03: checks
humlefar: bets $6
kolaz03: calls $6
*** SHOW DOWN ***
humlefar: shows [Jh Qd] (three of a kind, Jacks)
kolaz03: mucks hand
humlefar collected $53.50 from pot
*** SUMMARY ***
Total pot $54 | Rake $0.50
Board [Js 7h 8c 3d Jd]
Seat 5: humlefar (button) (small blind) showed [Jh Qd] and won ($53.50) with three of a kind, Jacks
Seat 6: kolaz03 (big blind) mucked


PokerStars Hand #166768239798:  Hold'em Limit ($3/$6 USD) - 2017/02/25 16:23:03 ET
Table 'Prymno II' 6-max Seat #6 is the button
Seat 5: humlefar ($86.65 in chips)
Seat 6: kolaz03 ($131.14 in chips)
kolaz03: posts small blind $1
humlefar: posts big blind $3
*** HOLE CARDS ***
kolaz03: folds
Uncalled bet ($2) returned to humlefar
humlefar collected $2 from pot
humlefar: doesn't show hand
*** SUMMARY ***
Total pot $2 | Rake $0
Seat 5: humlefar (big blind) collected ($2)
Seat 6: kolaz03 (button) (small blind) folded before Flop


PokerStars Hand #166768244832:  Hold'em Limit ($3/$6 USD) - 2017/02/25 16:23:09 ET
Table 'Prymno II' 6-max Seat #5 is the button
Seat 5: humlefar ($87.65 in chips)
Seat 6: kolaz03 ($130.14 in chips)
humlefar: posts small blind $1
kolaz03: posts big blind $3
*** HOLE CARDS ***
humlefar: raises $3 to $6
kolaz03: calls $3
*** FLOP *** [Kd 2s Ah]
kolaz03: checks
humlefar: bets $3
kolaz03: folds
Uncalled bet ($3) returned to humlefar
humlefar collected $11.76 from pot
humlefar: doesn't show hand
*** SUMMARY ***
Total pot $12 | Rake $0.24
Board [Kd 2s Ah]
Seat 5: humlefar (button) (small blind) collected ($11.76)
Seat 6: kolaz03 (big blind) folded on the Flop


PokerStars Hand #166768260397:  Hold'em Limit ($3/$6 USD) - 2017/02/25 16:23:26 ET
Table 'Prymno II' 6-max Seat #6 is the button
Seat 5: humlefar ($93.41 in chips)
Seat 6: kolaz03 ($124.14 in chips)
kolaz03: posts small blind $1
humlefar: posts big blind $3
*** HOLE CARDS ***
kolaz03: raises $3 to $6
humlefar: calls $3
*** FLOP *** [7c Ad Jd]
humlefar: bets $3
kolaz03: calls $3
*** TURN *** [7c Ad Jd] [9s]
humlefar: bets $6
kolaz03: calls $6
*** RIVER *** [7c Ad Jd 9s] [5s]
humlefar: bets $6
kolaz03: calls $6
*** SHOW DOWN ***
humlefar: shows [Jh 6d] (a pair of Jacks)
kolaz03: mucks hand
humlefar collected $41.50 from pot
*** SUMMARY ***
Total pot $42 | Rake $0.50
Board [7c Ad Jd 9s 5s]
Seat 5: humlefar (big blind) showed [Jh 6d] and won ($41.50) with a pair of Jacks
Seat 6: kolaz03 (button) (small blind) mucked


PokerStars Hand #166768289682:  Hold'em Limit ($3/$6 USD) - 2017/02/25 16:23:59 ET
Table 'Prymno II' 6-max Seat #5 is the button
Seat 5: humlefar ($113.91 in chips)
Seat 6: kolaz03 ($103.14 in chips)
humlefar: posts small blind $1
kolaz03: posts big blind $3
*** HOLE CARDS ***
humlefar: raises $3 to $6
kolaz03: raises $3 to $9
humlefar: calls $3
*** FLOP *** [Ad 4c 7c]
kolaz03: bets $3
humlefar: calls $3
*** TURN *** [Ad 4c 7c] [9h]
kolaz03: bets $6
humlefar: folds
Uncalled bet ($6) returned to kolaz03
kolaz03 collected $23.52 from pot
kolaz03: doesn't show hand
*** SUMMARY ***
Total pot $24 | Rake $0.48
Board [Ad 4c 7c 9h]
Seat 5: humlefar (button) (small blind) folded on the Turn
Seat 6: kolaz03 (big blind) collected ($23.52)


PokerStars Hand #166768307715:  Hold'em Limit ($3/$6 USD) - 2017/02/25 16:24:19 ET
Table 'Prymno II' 6-max Seat #6 is the button
Seat 5: humlefar ($101.91 in chips)
Seat 6: kolaz03 ($114.66 in chips)
kolaz03: posts small blind $1
humlefar: posts big blind $3
*** HOLE CARDS ***
kolaz03: raises $3 to $6
humlefar: calls $3
*** FLOP *** [Qc 8c Ac]
humlefar: bets $3
kolaz03: calls $3
*** TURN *** [Qc 8c Ac] [Js]
humlefar: bets $6
kolaz03: folds
Uncalled bet ($6) returned to humlefar
humlefar collected $17.64 from pot
humlefar: doesn't show hand
*** SUMMARY ***
Total pot $18 | Rake $0.36
Board [Qc 8c Ac Js]
Seat 5: humlefar (big blind) collected ($17.64)
Seat 6: kolaz03 (button) (small blind) folded on the Turn


