PokerStars Hand #158933304438:  Hold'em Limit ($3/$6 USD) - 2016/09/22 5:51:43 ET
Table 'Prymno' 6-max Seat #1 is the button
Seat 1: Ag3r0n ($99.02 in chips)
Seat 2: _fayzulllo_ ($44 in chips)
Ag3r0n: posts small blind $1
_fayzulllo_: posts big blind $3
*** HOLE CARDS ***
Ag3r0n: raises $3 to $6
_fayzulllo_: calls $3
*** FLOP *** [Ts 2h 9c]
_fayzulllo_: checks
Ag3r0n: checks
*** TURN *** [Ts 2h 9c] [5c]
_fayzulllo_: checks
Ag3r0n: checks
*** RIVER *** [Ts 2h 9c 5c] [8c]
_fayzulllo_: checks
Ag3r0n: checks
*** SHOW DOWN ***
_fayzulllo_: shows [Jd 3c] (high card Jack)
Ag3r0n: shows [7d Kc] (high card King)
Ag3r0n collected $11.76 from pot
*** SUMMARY ***
Total pot $12 | Rake $0.24
Board [Ts 2h 9c 5c 8c]
Seat 1: Ag3r0n (button) (small blind) showed [7d Kc] and won ($11.76) with high card King
Seat 2: _fayzulllo_ (big blind) showed [Jd 3c] and lost with high card Jack


PokerStars Hand #158933298285:  Hold'em Limit ($3/$6 USD) - 2016/09/22 5:51:26 ET
Table 'Prymno' 6-max Seat #2 is the button
Seat 1: Ag3r0n ($84.52 in chips)
Seat 2: _fayzulllo_ ($59 in chips)
_fayzulllo_: posts small blind $1
Ag3r0n: posts big blind $3
*** HOLE CARDS ***
_fayzulllo_: raises $3 to $6
Ag3r0n: calls $3
*** FLOP *** [Js Ks As]
Ag3r0n: checks
_fayzulllo_: bets $3
Ag3r0n: calls $3
*** TURN *** [Js Ks As] [3s]
Ag3r0n: checks
_fayzulllo_: checks
*** RIVER *** [Js Ks As 3s] [9d]
Ag3r0n: bets $6
_fayzulllo_: calls $6
*** SHOW DOWN ***
Ag3r0n: shows [8s Kc] (a flush, Ace high)
_fayzulllo_: mucks hand
Ag3r0n collected $29.50 from pot
*** SUMMARY ***
Total pot $30 | Rake $0.50
Board [Js Ks As 3s 9d]
Seat 1: Ag3r0n (big blind) showed [8s Kc] and won ($29.50) with a flush, Ace high
Seat 2: _fayzulllo_ (button) (small blind) mucked


PokerStars Hand #158933294962:  Hold'em Limit ($3/$6 USD) - 2016/09/22 5:51:17 ET
Table 'Prymno' 6-max Seat #1 is the button
Seat 1: Ag3r0n ($78.76 in chips)
Seat 2: _fayzulllo_ ($65 in chips)
Ag3r0n: posts small blind $1
_fayzulllo_: posts big blind $3
*** HOLE CARDS ***
Ag3r0n: raises $3 to $6
_fayzulllo_: calls $3
*** FLOP *** [As 8d 2d]
_fayzulllo_: checks
Ag3r0n: bets $3
_fayzulllo_: folds
Uncalled bet ($3) returned to Ag3r0n
Ag3r0n collected $11.76 from pot
*** SUMMARY ***
Total pot $12 | Rake $0.24
Board [As 8d 2d]
Seat 1: Ag3r0n (button) (small blind) collected ($11.76)
Seat 2: _fayzulllo_ (big blind) folded on the Flop


PokerStars Hand #158933292971:  Hold'em Limit ($3/$6 USD) - 2016/09/22 5:51:12 ET
Table 'Prymno' 6-max Seat #2 is the button
Seat 1: Ag3r0n ($77.76 in chips)
Seat 2: _fayzulllo_ ($66 in chips)
_fayzulllo_: posts small blind $1
Ag3r0n: posts big blind $3
*** HOLE CARDS ***
_fayzulllo_: folds
Uncalled bet ($2) returned to Ag3r0n
Ag3r0n collected $2 from pot
*** SUMMARY ***
Total pot $2 | Rake $0
Seat 1: Ag3r0n (big blind) collected ($2)
Seat 2: _fayzulllo_ (button) (small blind) folded before Flop


PokerStars Hand #158933282720:  Hold'em Limit ($3/$6 USD) - 2016/09/22 5:50:56 ET
Table 'Prymno' 6-max Seat #1 is the button
Seat 1: Ag3r0n ($72 in chips)
Seat 2: _fayzulllo_ ($72 in chips)
Ag3r0n: posts small blind $1
_fayzulllo_: posts big blind $3
*** HOLE CARDS ***
Ag3r0n: raises $3 to $6
_fayzulllo_: calls $3
*** FLOP *** [Ac Kc Ks]
_fayzulllo_: checks
Ag3r0n: bets $3
_fayzulllo_: folds
Uncalled bet ($3) returned to Ag3r0n
Ag3r0n collected $11.76 from pot
*** SUMMARY ***
Total pot $12 | Rake $0.24
Board [Ac Kc Ks]
Seat 1: Ag3r0n (button) (small blind) collected ($11.76)
Seat 2: _fayzulllo_ (big blind) folded on the Flop


PokerStars Hand #158933318089:  Hold'em Limit ($3/$6 USD) - 2016/09/22 5:52:20 ET
Table 'Prymno' 6-max Seat #1 is the button
Seat 1: Ag3r0n ($92.78 in chips)
Seat 2: _fayzulllo_ ($57.52 in chips)
Ag3r0n: posts small blind $1
_fayzulllo_: posts big blind $3
*** HOLE CARDS ***
Ag3r0n: raises $3 to $6
_fayzulllo_: calls $3
*** FLOP *** [Td 8d Ah]
_fayzulllo_: checks
Ag3r0n: bets $3
_fayzulllo_: calls $3
*** TURN *** [Td 8d Ah] [9h]
_fayzulllo_: checks
Ag3r0n: bets $6
_fayzulllo_: raises $6 to $12
Ag3r0n: folds
Uncalled bet ($6) returned to _fayzulllo_
_fayzulllo_ collected $29.50 from pot
_fayzulllo_: doesn't show hand
*** SUMMARY ***
Total pot $30 | Rake $0.50
Board [Td 8d Ah 9h]
Seat 1: Ag3r0n (button) (small blind) folded on the Turn
Seat 2: _fayzulllo_ (big blind) collected ($29.50)


PokerStars Hand #158933310863:  Hold'em Limit ($3/$6 USD) - 2016/09/22 5:52:01 ET
Table 'Prymno' 6-max Seat #2 is the button
Seat 1: Ag3r0n ($104.78 in chips)
Seat 2: _fayzulllo_ ($38 in chips)
_fayzulllo_: posts small blind $1
Ag3r0n: posts big blind $3
*** HOLE CARDS ***
Ale4o joins the table at seat #3
_fayzulllo_: calls $2
Ag3r0n: raises $3 to $6
_fayzulllo_: calls $3
*** FLOP *** [Ts 4h 8h]
Ag3r0n: checks
_fayzulllo_: checks
*** TURN *** [Ts 4h 8h] [2h]
Ag3r0n: bets $6
_fayzulllo_: calls $6
*** RIVER *** [Ts 4h 8h 2h] [7c]
Ag3r0n: checks
_fayzulllo_: bets $6
Ag3r0n: folds
Uncalled bet ($6) returned to _fayzulllo_
_fayzulllo_ collected $23.52 from pot
_fayzulllo_: doesn't show hand
*** SUMMARY ***
Total pot $24 | Rake $0.48
Board [Ts 4h 8h 2h 7c]
Seat 1: Ag3r0n (big blind) folded on the River
Seat 2: _fayzulllo_ (button) (small blind) collected ($23.52)


PokerStars Hand #158933457356:  Hold'em Limit ($3/$6 USD) - 2016/09/22 5:59:08 ET
Table 'Prymno' 6-max Seat #3 is the button
Seat 1: Ag3r0n ($166.34 in chips)
Seat 3: Ale4o ($113.05 in chips)
Ale4o: posts small blind $1
Ag3r0n: posts big blind $3
*** HOLE CARDS ***
Ale4o: raises $3 to $6
Ag3r0n: calls $3
*** FLOP *** [3c 2c 4d]
Ag3r0n: checks
_fayzulllo_ leaves the table
Ale4o: checks
*** TURN *** [3c 2c 4d] [7s]
Ag3r0n: bets $6
Ale4o: folds
Uncalled bet ($6) returned to Ag3r0n
Ag3r0n collected $11.76 from pot
*** SUMMARY ***
Total pot $12 | Rake $0.24
Board [3c 2c 4d 7s]
Seat 1: Ag3r0n (big blind) collected ($11.76)
Seat 3: Ale4o (button) (small blind) folded on the Turn


