PokerStars Hand #152603983455:  Hold'em Limit ($3/$6 USD) - 2016/04/29 7:52:25 ET
Table 'Psyche II' 6-max Seat #1 is the button
Seat 1: asf5550 ($120 in chips)
Seat 4: Agrotait ($72 in chips)
asf5550: posts small blind $1
Agrotait: posts big blind $3
*** HOLE CARDS ***
asf5550: raises $3 to $6
Agrotait: raises $3 to $9
asf5550: calls $3
*** FLOP *** [As 8d 5s]
Agrotait: bets $3
asf5550: folds
Uncalled bet ($3) returned to Agrotait
Agrotait collected $17.64 from pot
Agrotait: doesn't show hand
*** SUMMARY ***
Total pot $18 | Rake $0.36
Board [As 8d 5s]
Seat 1: asf5550 (button) (small blind) folded on the Flop
Seat 4: Agrotait (big blind) collected ($17.64)


PokerStars Hand #152603994899:  Hold'em Limit ($3/$6 USD) - 2016/04/29 7:52:47 ET
Table 'Psyche II' 6-max Seat #4 is the button
Seat 1: asf5550 ($111 in chips)
Seat 4: Agrotait ($80.64 in chips)
Agrotait: posts small blind $1
asf5550: posts big blind $3
*** HOLE CARDS ***
Agrotait: raises $3 to $6
asf5550: calls $3
*** FLOP *** [Kc Th 7c]
asf5550: checks
Agrotait: bets $3
asf5550: raises $3 to $6
Agrotait: calls $3
*** TURN *** [Kc Th 7c] [Qs]
asf5550: bets $6
Agrotait: calls $6
*** RIVER *** [Kc Th 7c Qs] [6c]
asf5550: bets $6
Great_Kang joins the table at seat #2
Agrotait: folds
Uncalled bet ($6) returned to asf5550
asf5550 collected $35.50 from pot
asf5550: doesn't show hand
*** SUMMARY ***
Total pot $36 | Rake $0.50
Board [Kc Th 7c Qs 6c]
Seat 1: asf5550 (big blind) collected ($35.50)
Seat 4: Agrotait (button) (small blind) folded on the River


PokerStars Hand #152604103747:  Hold'em Limit ($3/$6 USD) - 2016/04/29 7:56:38 ET
Table 'Psyche II' 6-max Seat #5 is the button
Seat 2: Great_Kang ($120 in chips)
Seat 5: Iron Tyson ($134.50 in chips)
Iron Tyson: posts small blind $1
Great_Kang: posts big blind $3
*** HOLE CARDS ***
Iron Tyson: raises $3 to $6
Great_Kang: calls $3
*** FLOP *** [5h Tc Ad]
Great_Kang: checks
Iron Tyson: bets $3
Great_Kang: calls $3
*** TURN *** [5h Tc Ad] [9c]
Great_Kang: checks
Iron Tyson: bets $6
Great_Kang: calls $6
*** RIVER *** [5h Tc Ad 9c] [6s]
Great_Kang: checks
Iron Tyson: bets $6
Great_Kang: calls $6
*** SHOW DOWN ***
Iron Tyson: shows [7c Qh] (high card Ace)
Great_Kang: shows [5c Qs] (a pair of Fives)
Great_Kang collected $41.50 from pot
*** SUMMARY ***
Total pot $42 | Rake $0.50
Board [5h Tc Ad 9c 6s]
Seat 2: Great_Kang (big blind) showed [5c Qs] and won ($41.50) with a pair of Fives
Seat 5: Iron Tyson (button) (small blind) showed [7c Qh] and lost with high card Ace


PokerStars Hand #152604080517:  Hold'em Limit ($3/$6 USD) - 2016/04/29 7:55:44 ET
Table 'Psyche II' 6-max Seat #2 is the button
Seat 2: Great_Kang ($147.20 in chips)
Seat 5: Iron Tyson ($90 in chips)
Great_Kang: posts small blind $1
Iron Tyson: posts big blind $3
*** HOLE CARDS ***
Great_Kang: raises $3 to $6
Iron Tyson: raises $3 to $9
Great_Kang: raises $3 to $12
Betting is capped
Iron Tyson: calls $3
*** FLOP *** [7c 8c Ah]
Iron Tyson: bets $3
Great_Kang: calls $3
*** TURN *** [7c 8c Ah] [Jh]
Iron Tyson: bets $6
Great_Kang: raises $6 to $12
Iron Tyson: raises $6 to $18
Great_Kang: raises $6 to $24
Betting is capped
Iron Tyson: calls $6
*** RIVER *** [7c 8c Ah Jh] [6h]
Iron Tyson: bets $6
Great_Kang: calls $6
*** SHOW DOWN ***
Iron Tyson: shows [9c Tc] (a straight, Seven to Jack)
Great_Kang: mucks hand
Iron Tyson collected $89.50 from pot
*** SUMMARY ***
Total pot $90 | Rake $0.50
Board [7c 8c Ah Jh 6h]
Seat 2: Great_Kang (button) (small blind) mucked
Seat 5: Iron Tyson (big blind) showed [9c Tc] and won ($89.50) with a straight, Seven to Jack


PokerStars Hand #152604118896:  Hold'em Limit ($3/$6 USD) - 2016/04/29 7:57:13 ET
Table 'Psyche II' 6-max Seat #2 is the button
Seat 2: Great_Kang ($140.50 in chips)
Seat 5: Iron Tyson ($113.50 in chips)
Great_Kang: posts small blind $1
Iron Tyson: posts big blind $3
*** HOLE CARDS ***
Great_Kang: raises $3 to $6
Iron Tyson: raises $3 to $9
Great_Kang: raises $3 to $12
Betting is capped
Iron Tyson: calls $3
*** FLOP *** [8d 9c 9s]
Iron Tyson: bets $3
Great_Kang: calls $3
*** TURN *** [8d 9c 9s] [8s]
Iron Tyson: bets $6
Great_Kang: calls $6
*** RIVER *** [8d 9c 9s 8s] [2c]
Iron Tyson: bets $6
Great_Kang: calls $6
*** SHOW DOWN ***
Iron Tyson: shows [Ts As] (two pair, Nines and Eights)
Great_Kang: shows [Ah Kh] (two pair, Nines and Eights)
Iron Tyson collected $26.75 from pot
Great_Kang collected $26.75 from pot
*** SUMMARY ***
Total pot $54 | Rake $0.50
Board [8d 9c 9s 8s 2c]
Seat 2: Great_Kang (button) (small blind) showed [Ah Kh] and won ($26.75) with two pair, Nines and Eights
Seat 5: Iron Tyson (big blind) showed [Ts As] and won ($26.75) with two pair, Nines and Eights


PokerStars Hand #152604166819:  Hold'em Limit ($3/$6 USD) - 2016/04/29 7:59:02 ET
Table 'Psyche II' 6-max Seat #2 is the button
Seat 2: Great_Kang ($157.75 in chips)
Seat 5: Iron Tyson ($95.25 in chips)
Great_Kang: posts small blind $1
Iron Tyson: posts big blind $3
*** HOLE CARDS ***
Great_Kang: raises $3 to $6
Iron Tyson: folds
Uncalled bet ($3) returned to Great_Kang
Great_Kang collected $6 from pot
Great_Kang: doesn't show hand
*** SUMMARY ***
Total pot $6 | Rake $0
Seat 2: Great_Kang (button) (small blind) collected ($6)
Seat 5: Iron Tyson (big blind) folded before Flop


PokerStars Hand #152604138309:  Hold'em Limit ($3/$6 USD) - 2016/04/29 7:57:57 ET
Table 'Psyche II' 6-max Seat #5 is the button
Seat 2: Great_Kang ($140.25 in chips)
Seat 5: Iron Tyson ($113.25 in chips)
Iron Tyson: posts small blind $1
Great_Kang: posts big blind $3
*** HOLE CARDS ***
Iron Tyson: calls $2
Great_Kang: checks
*** FLOP *** [4c 5c 6h]
Great_Kang: checks
Iron Tyson: bets $3
Great_Kang: calls $3
*** TURN *** [4c 5c 6h] [7d]
Great_Kang: checks
Iron Tyson: bets $6
Great_Kang: calls $6
*** RIVER *** [4c 5c 6h 7d] [6c]
Great_Kang: checks
Iron Tyson: bets $6
Great_Kang: calls $6
*** SHOW DOWN ***
Iron Tyson: shows [2d Kd] (a pair of Sixes)
Great_Kang: shows [Js 4d] (two pair, Sixes and Fours)
Great_Kang collected $35.50 from pot
*** SUMMARY ***
Total pot $36 | Rake $0.50
Board [4c 5c 6h 7d 6c]
Seat 2: Great_Kang (big blind) showed [Js 4d] and won ($35.50) with two pair, Sixes and Fours
Seat 5: Iron Tyson (button) (small blind) showed [2d Kd] and lost with a pair of Sixes


PokerStars Hand #152604174158:  Hold'em Limit ($3/$6 USD) - 2016/04/29 7:59:19 ET
Table 'Psyche II' 6-max Seat #5 is the button
Seat 2: Great_Kang ($160.75 in chips)
Seat 5: Iron Tyson ($92.25 in chips)
Iron Tyson: posts small blind $1
Great_Kang: posts big blind $3
*** HOLE CARDS ***
Iron Tyson: folds
Uncalled bet ($2) returned to Great_Kang
Great_Kang collected $2 from pot
Great_Kang: doesn't show hand
*** SUMMARY ***
Total pot $2 | Rake $0
Seat 2: Great_Kang (big blind) collected ($2)
Seat 5: Iron Tyson (button) (small blind) folded before Flop


PokerStars Hand #152604176472:  Hold'em Limit ($3/$6 USD) - 2016/04/29 7:59:24 ET
Table 'Psyche II' 6-max Seat #2 is the button
Seat 2: Great_Kang ($161.75 in chips)
Seat 5: Iron Tyson ($91.25 in chips)
Great_Kang: posts small blind $1
Iron Tyson: posts big blind $3
*** HOLE CARDS ***
Great_Kang: raises $3 to $6
Iron Tyson: calls $3
*** FLOP *** [Jh 9s 4s]
Iron Tyson: checks
RockKillerTY joins the table at seat #6
Great_Kang: bets $3
Iron Tyson: calls $3
*** TURN *** [Jh 9s 4s] [Ks]
Iron Tyson: checks
Sirocko joins the table at seat #1
Great_Kang: checks
*** RIVER *** [Jh 9s 4s Ks] [Jd]
syriapoker joins the table at seat #4
Iron Tyson: bets $6
Great_Kang: calls $6
*** SHOW DOWN ***
Iron Tyson: shows [Ac Td] (a pair of Jacks)
Great_Kang: shows [4h 5c] (two pair, Jacks and Fours)
Great_Kang collected $29.50 from pot
*** SUMMARY ***
Total pot $30 | Rake $0.50
Board [Jh 9s 4s Ks Jd]
Seat 2: Great_Kang (button) (small blind) showed [4h 5c] and won ($29.50) with two pair, Jacks and Fours
Seat 5: Iron Tyson (big blind) showed [Ac Td] and lost with a pair of Jacks


PokerStars Hand #152604455102:  Hold'em Limit ($3/$6 USD) - 2016/04/29 8:08:39 ET
Table 'Psyche II' 6-max Seat #4 is the button
Seat 2: Great_Kang ($211.55 in chips)
Seat 4: syriapoker ($92.31 in chips)
syriapoker: posts small blind $1
RockKillerTY: is sitting out
Great_Kang: posts big blind $3
*** HOLE CARDS ***
syriapoker: folds
Uncalled bet ($2) returned to Great_Kang
Great_Kang collected $2 from pot
Great_Kang: doesn't show hand
*** SUMMARY ***
Total pot $2 | Rake $0
Seat 2: Great_Kang (big blind) collected ($2)
Seat 4: syriapoker (button) (small blind) folded before Flop


