PokerStars Hand #145622466618:  Hold'em Limit ($3/$6 USD) - 2015/12/20 4:15:29 ET
Table 'Psyche II' 2-max Seat #1 is the button
Seat 1: anne_jonson ($44.32 in chips)
Seat 2: fifaliga ($120 in chips)
anne_jonson: posts small blind $1
fifaliga: posts big blind $3
*** HOLE CARDS ***
anne_jonson: folds
Uncalled bet ($2) returned to fifaliga
anne_jonson leaves the table
fifaliga collected $2 from pot
fifaliga: doesn't show hand
*** SUMMARY ***
Total pot $2 | Rake $0
Seat 1: anne_jonson (button) (small blind) folded before Flop
Seat 2: fifaliga (big blind) collected ($2)


PokerStars Hand #145622450911:  Hold'em Limit ($3/$6 USD) - 2015/12/20 4:14:50 ET
Table 'Psyche II' 2-max Seat #2 is the button
Seat 1: anne_jonson ($35.68 in chips)
Seat 2: fifaliga ($36 in chips)
fifaliga: posts small blind $1
anne_jonson: posts big blind $3
*** HOLE CARDS ***
fifaliga: raises $3 to $6
anne_jonson: calls $3
*** FLOP *** [6c 6h 9d]
anne_jonson: checks
fifaliga: bets $3
anne_jonson: calls $3
*** TURN *** [6c 6h 9d] [7h]
anne_jonson: bets $6
fifaliga: folds
Uncalled bet ($6) returned to anne_jonson
anne_jonson collected $17.64 from pot
anne_jonson: doesn't show hand
*** SUMMARY ***
Total pot $18 | Rake $0.36
Board [6c 6h 9d 7h]
Seat 1: anne_jonson (big blind) collected ($17.64)
Seat 2: fifaliga (button) (small blind) folded on the Turn


