PokerStars Hand #145746568948:  Hold'em Limit ($3/$6 USD) - 2015/12/22 12:36:11 ET
Table 'Puck III' 6-max Seat #5 is the button
Seat 1: TheMatrix36 ($235.39 in chips)
Seat 5: bentinck113 ($22.98 in chips)
alexslep will be allowed to play after the button
bentinck113: posts small blind $1
korrnel: is sitting out
TheMatrix36: posts big blind $3
*** HOLE CARDS ***
korrnel leaves the table
bentinck113: calls $2
TheMatrix36: checks
*** FLOP *** [4h 2s 3d]
samurai.ru joins the table at seat #6
TheMatrix36: checks
bentinck113: checks
*** TURN *** [4h 2s 3d] [5c]
TheMatrix36: bets $6
bentinck113: folds
Uncalled bet ($6) returned to TheMatrix36
TheMatrix36 collected $5.88 from pot
*** SUMMARY ***
Total pot $6 | Rake $0.12
Board [4h 2s 3d 5c]
Seat 1: TheMatrix36 (big blind) collected ($5.88)
Seat 5: bentinck113 (button) (small blind) folded on the Turn


PokerStars Hand #145746634417:  Hold'em Limit ($3/$6 USD) - 2015/12/22 12:37:24 ET
Table 'Puck III' 6-max Seat #2 is the button
Seat 1: TheMatrix36 ($248.56 in chips)
Seat 2: alexslep ($158.43 in chips)
alexslep: posts small blind $1
TheMatrix36: posts big blind $3
*** HOLE CARDS ***
alexslep: folds
Uncalled bet ($2) returned to TheMatrix36
TheMatrix36 collected $2 from pot
*** SUMMARY ***
Total pot $2 | Rake $0
Seat 1: TheMatrix36 (big blind) collected ($2)
Seat 2: alexslep (button) (small blind) folded before Flop


