PokerStars Hand #158374436470:  Hold'em Limit ($3/$6 USD) - 2016/09/09 11:54:56 ET
Table 'Puck' 6-max Seat #2 is the button
Seat 2: ZinZar ($73 in chips)
Seat 3: slavomir9305 ($60 in chips)
ZinZar: posts small blind $1
slavomir9305: posts big blind $3
*** HOLE CARDS ***
ZinZar: raises $3 to $6
slavomir9305: calls $3
*** FLOP *** [3d 3s 8s]
slavomir9305: checks
vestimokrec joins the table at seat #4
ZinZar: bets $3
slavomir9305: calls $3
*** TURN *** [3d 3s 8s] [8c]
slavomir9305: checks
ZinZar: bets $6
slavomir9305: calls $6
*** RIVER *** [3d 3s 8s 8c] [6h]
slavomir9305: checks
ZinZar: checks
*** SHOW DOWN ***
slavomir9305: shows [Qc 7s] (two pair, Eights and Threes)
ZinZar: mucks hand
slavomir9305 collected $29.50 from pot
*** SUMMARY ***
Total pot $30 | Rake $0.50
Board [3d 3s 8s 8c 6h]
Seat 2: ZinZar (button) (small blind) mucked
Seat 3: slavomir9305 (big blind) showed [Qc 7s] and won ($29.50) with two pair, Eights and Threes


PokerStars Hand #158374433165:  Hold'em Limit ($3/$6 USD) - 2016/09/09 11:54:51 ET
Table 'Puck' 6-max Seat #3 is the button
Seat 2: ZinZar ($72 in chips)
Seat 3: slavomir9305 ($61 in chips)
slavomir9305: posts small blind $1
ZinZar: posts big blind $3
*** HOLE CARDS ***
slavomir9305: folds
Uncalled bet ($2) returned to ZinZar
ZinZar collected $2 from pot
ZinZar: doesn't show hand
*** SUMMARY ***
Total pot $2 | Rake $0
Seat 2: ZinZar (big blind) collected ($2)
Seat 3: slavomir9305 (button) (small blind) folded before Flop


PokerStars Hand #158374554193:  Hold'em Limit ($3/$6 USD) - 2016/09/09 11:58:31 ET
Table 'Puck' 6-max Seat #2 is the button
Seat 2: ZinZar ($72 in chips)
Seat 3: slavomir9305 ($109 in chips)
ZinZar: posts small blind $1
slavomir9305: posts big blind $3
*** HOLE CARDS ***
ZinZar: folds
Uncalled bet ($2) returned to slavomir9305
slavomir9305 collected $2 from pot
*** SUMMARY ***
Total pot $2 | Rake $0
Seat 2: ZinZar (button) (small blind) folded before Flop
Seat 3: slavomir9305 (big blind) collected ($2)


PokerStars Hand #158374534910:  Hold'em Limit ($3/$6 USD) - 2016/09/09 11:57:56 ET
Table 'Puck' 6-max Seat #3 is the button
Seat 2: ZinZar ($72 in chips)
Seat 3: slavomir9305 ($70.50 in chips)
slavomir9305: posts small blind $1
ZinZar: posts big blind $3
*** HOLE CARDS ***
slavomir9305: raises $3 to $6
ZinZar: raises $3 to $9
GoliafUa joins the table at seat #4
slavomir9305: raises $3 to $12
Betting is capped
ZinZar: calls $3
*** FLOP *** [Ac Jh 7h]
ZinZar: checks
slavomir9305: bets $3
ZinZar: calls $3
*** TURN *** [Ac Jh 7h] [4s]
ZinZar: checks
slavomir9305: bets $6
ZinZar: calls $6
*** RIVER *** [Ac Jh 7h 4s] [8s]
ZinZar: checks
slavomir9305: bets $6
ZinZar: raises $6 to $12
slavomir9305: raises $6 to $18
ZinZar: calls $6
*** SHOW DOWN ***
slavomir9305: shows [Td 9d] (a straight, Seven to Jack)
ZinZar: mucks hand
slavomir9305 collected $77.50 from pot
*** SUMMARY ***
Total pot $78 | Rake $0.50
Board [Ac Jh 7h 4s 8s]
Seat 2: ZinZar (big blind) mucked
Seat 3: slavomir9305 (button) (small blind) showed [Td 9d] and won ($77.50) with a straight, Seven to Jack


PokerStars Hand #158374878789:  Hold'em Limit ($3/$6 USD) - 2016/09/09 12:07:08 ET
Table 'Puck' 6-max Seat #4 is the button
Seat 2: ZinZar ($131.83 in chips)
Seat 4: GoliafUa ($143.81 in chips)
GoliafUa: posts small blind $1
ZinZar: posts big blind $3
*** HOLE CARDS ***
GoliafUa: folds
Uncalled bet ($2) returned to ZinZar
ZinZar collected $2 from pot
ZinZar: doesn't show hand
*** SUMMARY ***
Total pot $2 | Rake $0
Seat 2: ZinZar (big blind) collected ($2)
Seat 4: GoliafUa (button) (small blind) folded before Flop


PokerStars Hand #158375037099:  Hold'em Limit ($3/$6 USD) - 2016/09/09 12:11:04 ET
Table 'Puck' 6-max Seat #2 is the button
Seat 2: ZinZar ($132.83 in chips)
Seat 3: slavomir9305 ($60 in chips)
vestimokrec joins the table at seat #4
ZinZar: posts small blind $1
slavomir9305: posts big blind $3
*** HOLE CARDS ***
ZinZar: raises $3 to $6
slavomir9305: calls $3
*** FLOP *** [9s 8c Th]
slavomir9305: checks
ZinZar: bets $3
slavomir9305: raises $3 to $6
ZinZar: calls $3
*** TURN *** [9s 8c Th] [2s]
slavomir9305: bets $6
ZinZar: calls $6
*** RIVER *** [9s 8c Th 2s] [Kd]
slavomir9305: bets $6
ZinZar: folds
Uncalled bet ($6) returned to slavomir9305
slavomir9305 collected $35.50 from pot
*** SUMMARY ***
Total pot $36 | Rake $0.50
Board [9s 8c Th 2s Kd]
Seat 2: ZinZar (button) (small blind) folded on the River
Seat 3: slavomir9305 (big blind) collected ($35.50)


PokerStars Hand #158375724342:  Hold'em Limit ($3/$6 USD) - 2016/09/09 12:28:10 ET
Table 'Puck' 6-max Seat #2 is the button
Seat 2: ZinZar ($117.56 in chips)
Seat 6: frmaroni ($25.34 in chips)
ZinZar: posts small blind $1
vestimokrec: is sitting out
frmaroni: posts big blind $3
*** HOLE CARDS ***
ZinZar: raises $3 to $6
frmaroni: raises $3 to $9
ZinZar: calls $3
*** FLOP *** [Th 8h 2c]
frmaroni: bets $3
vestimokrec leaves the table
ZinZar: calls $3
*** TURN *** [Th 8h 2c] [7c]
frmaroni: bets $6
ZinZar: raises $6 to $12
frmaroni: raises $1.34 to $13.34 and is all-in
ZinZar: calls $1.34
*** RIVER *** [Th 8h 2c 7c] [5d]
*** SHOW DOWN ***
frmaroni: shows [4s 4c] (a pair of Fours)
ZinZar: shows [Ah Tc] (a pair of Tens)
ZinZar collected $50.18 from pot
*** SUMMARY ***
Total pot $50.68 | Rake $0.50
Board [Th 8h 2c 7c 5d]
Seat 2: ZinZar (button) (small blind) showed [Ah Tc] and won ($50.18) with a pair of Tens
Seat 6: frmaroni (big blind) showed [4s 4c] and lost with a pair of Fours


