PokerStars Hand #153322900251:  Hold'em Limit ($3/$6 USD) - 2016/05/14 18:56:15 ET
Table 'Puck II' 6-max Seat #2 is the button
Seat 2: buddhasway ($118.96 in chips)
Seat 4: BuzovaPro ($72 in chips)
buddhasway: posts small blind $1
BuzovaPro: posts big blind $3
*** HOLE CARDS ***
buddhasway: calls $2
BuzovaPro: checks
*** FLOP *** [9c 6c Qh]
BuzovaPro: checks
buddhasway: bets $3
BuzovaPro: calls $3
*** TURN *** [9c 6c Qh] [Kc]
BuzovaPro: checks
buddhasway: bets $6
BuzovaPro: folds
Uncalled bet ($6) returned to buddhasway
buddhasway collected $11.76 from pot
*** SUMMARY ***
Total pot $12 | Rake $0.24
Board [9c 6c Qh Kc]
Seat 2: buddhasway (button) (small blind) collected ($11.76)
Seat 4: BuzovaPro (big blind) folded on the Turn


PokerStars Hand #153322993732:  Hold'em Limit ($3/$6 USD) - 2016/05/14 18:59:11 ET
Table 'Puck II' 6-max Seat #2 is the button
Seat 2: buddhasway ($115.72 in chips)
Seat 4: BuzovaPro ($80.64 in chips)
buddhasway: posts small blind $1
BuzovaPro: posts big blind $3
*** HOLE CARDS ***
buddhasway: raises $3 to $6
BuzovaPro: folds
Uncalled bet ($3) returned to buddhasway
buddhasway collected $6 from pot
buddhasway: doesn't show hand
*** SUMMARY ***
Total pot $6 | Rake $0
Seat 2: buddhasway (button) (small blind) collected ($6)
Seat 4: BuzovaPro (big blind) folded before Flop


PokerStars Hand #153322947450:  Hold'em Limit ($3/$6 USD) - 2016/05/14 18:57:44 ET
Table 'Puck II' 6-max Seat #4 is the button
Seat 2: buddhasway ($124.72 in chips)
Seat 4: BuzovaPro ($72 in chips)
BuzovaPro: posts small blind $1
buddhasway: posts big blind $3
*** HOLE CARDS ***
BuzovaPro: raises $3 to $6
buddhasway: calls $3
*** FLOP *** [Kd 9h Qh]
buddhasway: checks
BuzovaPro: bets $3
buddhasway: calls $3
*** TURN *** [Kd 9h Qh] [Ad]
buddhasway: checks
BuzovaPro: bets $6
buddhasway: folds
Uncalled bet ($6) returned to BuzovaPro
BuzovaPro collected $17.64 from pot
BuzovaPro: doesn't show hand
*** SUMMARY ***
Total pot $18 | Rake $0.36
Board [Kd 9h Qh Ad]
Seat 2: buddhasway (big blind) folded on the Turn
Seat 4: BuzovaPro (button) (small blind) collected ($17.64)


PokerStars Hand #153323009907:  Hold'em Limit ($3/$6 USD) - 2016/05/14 18:59:41 ET
Table 'Puck II' 6-max Seat #2 is the button
Seat 2: buddhasway ($109.72 in chips)
Seat 4: BuzovaPro ($86.28 in chips)
buddhasway: posts small blind $1
BuzovaPro: posts big blind $3
*** HOLE CARDS ***
buddhasway: raises $3 to $6
BuzovaPro: calls $3
*** FLOP *** [8d 4h 3c]
BuzovaPro: checks
buddhasway: bets $3
BuzovaPro: calls $3
*** TURN *** [8d 4h 3c] [2s]
BuzovaPro: checks
buddhasway: bets $6
BuzovaPro: calls $6
*** RIVER *** [8d 4h 3c 2s] [6s]
BuzovaPro: checks
buddhasway: bets $6
BuzovaPro: calls $6
*** SHOW DOWN ***
buddhasway: shows [8c Kh] (a pair of Eights)
BuzovaPro: mucks hand
buddhasway collected $41.50 from pot
*** SUMMARY ***
Total pot $42 | Rake $0.50
Board [8d 4h 3c 2s 6s]
Seat 2: buddhasway (button) (small blind) showed [8c Kh] and won ($41.50) with a pair of Eights
Seat 4: BuzovaPro (big blind) mucked


PokerStars Hand #153322997743:  Hold'em Limit ($3/$6 USD) - 2016/05/14 18:59:18 ET
Table 'Puck II' 6-max Seat #4 is the button
Seat 2: buddhasway ($118.72 in chips)
Seat 4: BuzovaPro ($77.64 in chips)
BuzovaPro: posts small blind $1
buddhasway: posts big blind $3
*** HOLE CARDS ***
BuzovaPro: raises $3 to $6
buddhasway: calls $3
*** FLOP *** [4d Qh 7s]
buddhasway: checks
BuzovaPro: bets $3
buddhasway: calls $3
*** TURN *** [4d Qh 7s] [Td]
buddhasway: checks
BuzovaPro: bets $6
buddhasway: folds
Uncalled bet ($6) returned to BuzovaPro
BuzovaPro collected $17.64 from pot
BuzovaPro: doesn't show hand
*** SUMMARY ***
Total pot $18 | Rake $0.36
Board [4d Qh 7s Td]
Seat 2: buddhasway (big blind) folded on the Turn
Seat 4: BuzovaPro (button) (small blind) collected ($17.64)


PokerStars Hand #153323025134:  Hold'em Limit ($3/$6 USD) - 2016/05/14 19:00:09 ET
Table 'Puck II' 6-max Seat #4 is the button
Seat 2: buddhasway ($130.22 in chips)
Seat 4: BuzovaPro ($72 in chips)
BuzovaPro: posts small blind $1
buddhasway: posts big blind $3
*** HOLE CARDS ***
BuzovaPro: raises $3 to $6
buddhasway: calls $3
*** FLOP *** [Qh 4s 2c]
buddhasway: checks
BuzovaPro: bets $3
buddhasway: calls $3
*** TURN *** [Qh 4s 2c] [5d]
buddhasway: checks
BuzovaPro: checks
*** RIVER *** [Qh 4s 2c 5d] [7h]
buddhasway: checks
BuzovaPro: checks
*** SHOW DOWN ***
buddhasway: shows [Th Jh] (high card Queen)
BuzovaPro: shows [Ks Jc] (high card King)
BuzovaPro collected $17.64 from pot
*** SUMMARY ***
Total pot $18 | Rake $0.36
Board [Qh 4s 2c 5d 7h]
Seat 2: buddhasway (big blind) showed [Th Jh] and lost with high card Queen
Seat 4: BuzovaPro (button) (small blind) showed [Ks Jc] and won ($17.64) with high card King


PokerStars Hand #153323050427:  Hold'em Limit ($3/$6 USD) - 2016/05/14 19:00:54 ET
Table 'Puck II' 6-max Seat #2 is the button
Seat 2: buddhasway ($121.22 in chips)
Seat 4: BuzovaPro ($80.64 in chips)
buddhasway: posts small blind $1
BuzovaPro: posts big blind $3
*** HOLE CARDS ***
buddhasway: raises $3 to $6
BuzovaPro: calls $3
*** FLOP *** [7d 2c 3c]
BuzovaPro: checks
buddhasway: bets $3
BuzovaPro: calls $3
*** TURN *** [7d 2c 3c] [3d]
BuzovaPro: checks
buddhasway: bets $6
BuzovaPro: calls $6
*** RIVER *** [7d 2c 3c 3d] [4h]
BuzovaPro: checks
buddhasway: bets $6
BuzovaPro: calls $6
*** SHOW DOWN ***
buddhasway: shows [5h 5c] (two pair, Fives and Threes)
BuzovaPro: mucks hand
buddhasway collected $41.50 from pot
*** SUMMARY ***
Total pot $42 | Rake $0.50
Board [7d 2c 3c 3d 4h]
Seat 2: buddhasway (button) (small blind) showed [5h 5c] and won ($41.50) with two pair, Fives and Threes
Seat 4: BuzovaPro (big blind) mucked


PokerStars Hand #153323070575:  Hold'em Limit ($3/$6 USD) - 2016/05/14 19:01:27 ET
Table 'Puck II' 6-max Seat #4 is the button
Seat 2: buddhasway ($141.72 in chips)
Seat 4: BuzovaPro ($72 in chips)
BuzovaPro: posts small blind $1
buddhasway: posts big blind $3
*** HOLE CARDS ***
BuzovaPro: raises $3 to $6
buddhasway: calls $3
*** FLOP *** [9h 7s Th]
buddhasway: bets $3
BuzovaPro: raises $3 to $6
buddhasway: calls $3
*** TURN *** [9h 7s Th] [4c]
buddhasway: checks
BuzovaPro: bets $6
buddhasway: calls $6
*** RIVER *** [9h 7s Th 4c] [9d]
buddhasway: bets $6
BuzovaPro: calls $6
*** SHOW DOWN ***
buddhasway: shows [As 9c] (three of a kind, Nines)
BuzovaPro: mucks hand
buddhasway collected $47.50 from pot
*** SUMMARY ***
Total pot $48 | Rake $0.50
Board [9h 7s Th 4c 9d]
Seat 2: buddhasway (big blind) showed [As 9c] and won ($47.50) with three of a kind, Nines
Seat 4: BuzovaPro (button) (small blind) mucked


PokerStars Hand #153323098332:  Hold'em Limit ($3/$6 USD) - 2016/05/14 19:02:11 ET
Table 'Puck II' 6-max Seat #2 is the button
Seat 2: buddhasway ($165.22 in chips)
Seat 4: BuzovaPro ($72 in chips)
buddhasway: posts small blind $1
BuzovaPro: posts big blind $3
*** HOLE CARDS ***
buddhasway: raises $3 to $6
BuzovaPro: raises $3 to $9
buddhasway: calls $3
*** FLOP *** [3d Kh 9c]
BuzovaPro: bets $3
buddhasway: calls $3
*** TURN *** [3d Kh 9c] [4s]
BuzovaPro: bets $6
buddhasway: calls $6
*** RIVER *** [3d Kh 9c 4s] [3c]
BuzovaPro: checks
buddhasway: checks
*** SHOW DOWN ***
BuzovaPro: shows [Qs 8s] (a pair of Threes)
buddhasway: mucks hand
BuzovaPro collected $35.50 from pot
*** SUMMARY ***
Total pot $36 | Rake $0.50
Board [3d Kh 9c 4s 3c]
Seat 2: buddhasway (button) (small blind) mucked
Seat 4: BuzovaPro (big blind) showed [Qs 8s] and won ($35.50) with a pair of Threes


PokerStars Hand #153323133770:  Hold'em Limit ($3/$6 USD) - 2016/05/14 19:03:05 ET
Table 'Puck II' 6-max Seat #4 is the button
Seat 2: buddhasway ($147.22 in chips)
Seat 4: BuzovaPro ($89.50 in chips)
BuzovaPro: posts small blind $1
Chessnok joins the table at seat #3
buddhasway: posts big blind $3
*** HOLE CARDS ***
BuzovaPro: folds
Uncalled bet ($2) returned to buddhasway
buddhasway collected $2 from pot
buddhasway: doesn't show hand
*** SUMMARY ***
Total pot $2 | Rake $0
Seat 2: buddhasway (big blind) collected ($2)
Seat 4: BuzovaPro (button) (small blind) folded before Flop


PokerStars Hand #153324447675:  Hold'em Limit ($3/$6 USD) - 2016/05/14 19:36:04 ET
Table 'Puck II' 6-max Seat #3 is the button
Seat 3: Chessnok ($207.08 in chips)
Seat 5: kayway6 ($77.71 in chips)
Chessnok: posts small blind $1
kayway6: posts big blind $3
*** HOLE CARDS ***
Chessnok: raises $3 to $6
kayway6: calls $3
*** FLOP *** [Ad 3s 9h]
kayway6: checks
Chessnok: bets $3
kayway6: folds
Uncalled bet ($3) returned to Chessnok
Chessnok collected $11.76 from pot
Chessnok: doesn't show hand
*** SUMMARY ***
Total pot $12 | Rake $0.24
Board [Ad 3s 9h]
Seat 3: Chessnok (button) (small blind) collected ($11.76)
Seat 5: kayway6 (big blind) folded on the Flop


PokerStars Hand #153324456836:  Hold'em Limit ($3/$6 USD) - 2016/05/14 19:36:20 ET
Table 'Puck II' 6-max Seat #5 is the button
Seat 3: Chessnok ($212.84 in chips)
Seat 5: kayway6 ($71.71 in chips)
kayway6: posts small blind $1
Chessnok: posts big blind $3
*** HOLE CARDS ***
kayway6: folds
Uncalled bet ($2) returned to Chessnok
Chessnok collected $2 from pot
Chessnok: doesn't show hand
*** SUMMARY ***
Total pot $2 | Rake $0
Seat 3: Chessnok (big blind) collected ($2)
Seat 5: kayway6 (button) (small blind) folded before Flop


PokerStars Hand #153324430647:  Hold'em Limit ($3/$6 USD) - 2016/05/14 19:35:37 ET
Table 'Puck II' 6-max Seat #5 is the button
Seat 3: Chessnok ($195.56 in chips)
Seat 5: kayway6 ($89.71 in chips)
kayway6: posts small blind $1
Joker4691: is sitting out
Chessnok: posts big blind $3
*** HOLE CARDS ***
kayway6: raises $3 to $6
Joker4691 leaves the table
Chessnok: calls $3
*** FLOP *** [2h Jc 2s]
Chessnok: checks
kayway6: bets $3
Chessnok: raises $3 to $6
kayway6: calls $3
*** TURN *** [2h Jc 2s] [3s]
Chessnok: bets $6
kayway6: folds
Uncalled bet ($6) returned to Chessnok
Chessnok collected $23.52 from pot
Chessnok: doesn't show hand
*** SUMMARY ***
Total pot $24 | Rake $0.48
Board [2h Jc 2s 3s]
Seat 3: Chessnok (big blind) collected ($23.52)
Seat 5: kayway6 (button) (small blind) folded on the Turn


PokerStars Hand #153324496508:  Hold'em Limit ($3/$6 USD) - 2016/05/14 19:37:23 ET
Table 'Puck II' 6-max Seat #3 is the button
Seat 3: Chessnok ($204.36 in chips)
Seat 5: kayway6 ($79.21 in chips)
Chessnok: posts small blind $1
kayway6: posts big blind $3
*** HOLE CARDS ***
Chessnok: folds
Uncalled bet ($2) returned to kayway6
kayway6 collected $2 from pot
*** SUMMARY ***
Total pot $2 | Rake $0
Seat 3: Chessnok (button) (small blind) folded before Flop
Seat 5: kayway6 (big blind) collected ($2)


PokerStars Hand #153324475624:  Hold'em Limit ($3/$6 USD) - 2016/05/14 19:36:50 ET
Table 'Puck II' 6-max Seat #5 is the button
Seat 3: Chessnok ($225.36 in chips)
Seat 5: kayway6 ($58.71 in chips)
kayway6: posts small blind $1
Chessnok: posts big blind $3
*** HOLE CARDS ***
kayway6: raises $3 to $6
Chessnok: calls $3
*** FLOP *** [Ac 3s 6d]
Chessnok: checks
kayway6: bets $3
Chessnok: raises $3 to $6
kayway6: raises $3 to $9
Chessnok: calls $3
*** TURN *** [Ac 3s 6d] [Qh]
Chessnok: checks
kayway6: bets $6
Chessnok: calls $6
*** RIVER *** [Ac 3s 6d Qh] [Jd]
Chessnok: checks
kayway6: bets $6
Chessnok: folds
Uncalled bet ($6) returned to kayway6
kayway6 collected $41.50 from pot
*** SUMMARY ***
Total pot $42 | Rake $0.50
Board [Ac 3s 6d Qh Jd]
Seat 3: Chessnok (big blind) folded on the River
Seat 5: kayway6 (button) (small blind) collected ($41.50)


PokerStars Hand #153324459849:  Hold'em Limit ($3/$6 USD) - 2016/05/14 19:36:25 ET
Table 'Puck II' 6-max Seat #3 is the button
Seat 3: Chessnok ($213.84 in chips)
Seat 5: kayway6 ($70.71 in chips)
Chessnok: posts small blind $1
kayway6: posts big blind $3
*** HOLE CARDS ***
Chessnok: raises $3 to $6
kayway6: raises $3 to $9
Chessnok: calls $3
*** FLOP *** [As 4c Jc]
kayway6: bets $3
Chessnok: calls $3
*** TURN *** [As 4c Jc] [9d]
kayway6: checks
Chessnok: bets $6
kayway6: folds
Uncalled bet ($6) returned to Chessnok
Chessnok collected $23.52 from pot
Chessnok: doesn't show hand
*** SUMMARY ***
Total pot $24 | Rake $0.48
Board [As 4c Jc 9d]
Seat 3: Chessnok (button) (small blind) collected ($23.52)
Seat 5: kayway6 (big blind) folded on the Turn


PokerStars Hand #153324499746:  Hold'em Limit ($3/$6 USD) - 2016/05/14 19:37:29 ET
Table 'Puck II' 6-max Seat #5 is the button
Seat 3: Chessnok ($203.36 in chips)
Seat 5: kayway6 ($80.21 in chips)
kayway6: posts small blind $1
Chessnok: posts big blind $3
*** HOLE CARDS ***
kayway6: raises $3 to $6
Chessnok: raises $3 to $9
kayway6: calls $3
*** FLOP *** [9c 2d Tc]
Chessnok: bets $3
kayway6: raises $3 to $6
Chessnok: calls $3
*** TURN *** [9c 2d Tc] [2h]
Chessnok: checks
kayway6: bets $6
Chessnok: calls $6
*** RIVER *** [9c 2d Tc 2h] [Ts]
Chessnok: checks
kayway6: bets $6
Chessnok: calls $6
*** SHOW DOWN ***
kayway6: shows [8s Qd] (two pair, Tens and Deuces)
Chessnok: shows [6s 6d] (two pair, Tens and Sixes)
Chessnok collected $53.50 from pot
*** SUMMARY ***
Total pot $54 | Rake $0.50
Board [9c 2d Tc 2h Ts]
Seat 3: Chessnok (big blind) showed [6s 6d] and won ($53.50) with two pair, Tens and Sixes
Seat 5: kayway6 (button) (small blind) showed [8s Qd] and lost with two pair, Tens and Deuces


PokerStars Hand #153324577179:  Hold'em Limit ($3/$6 USD) - 2016/05/14 19:39:34 ET
Table 'Puck II' 6-max Seat #5 is the button
Seat 3: Chessnok ($223.38 in chips)
Seat 5: kayway6 ($128.39 in chips)
kayway6: posts small blind $1
Chessnok: posts big blind $3
*** HOLE CARDS ***
kayway6: folds
Uncalled bet ($2) returned to Chessnok
Chessnok collected $2 from pot
Chessnok: doesn't show hand
*** SUMMARY ***
Total pot $2 | Rake $0
Seat 3: Chessnok (big blind) collected ($2)
Seat 5: kayway6 (button) (small blind) folded before Flop


PokerStars Hand #153324559741:  Hold'em Limit ($3/$6 USD) - 2016/05/14 19:39:06 ET
Table 'Puck II' 6-max Seat #3 is the button
Seat 3: Chessnok ($217.62 in chips)
Seat 5: kayway6 ($134.39 in chips)
Chessnok: posts small blind $1
kayway6: posts big blind $3
*** HOLE CARDS ***
Chessnok: raises $3 to $6
kayway6: calls $3
*** FLOP *** [Kc 6c 2d]
kayway6: checks
Chessnok: bets $3
kayway6: folds
Uncalled bet ($3) returned to Chessnok
Chessnok collected $11.76 from pot
Chessnok: doesn't show hand
*** SUMMARY ***
Total pot $12 | Rake $0.24
Board [Kc 6c 2d]
Seat 3: Chessnok (button) (small blind) collected ($11.76)
Seat 5: kayway6 (big blind) folded on the Flop


PokerStars Hand #153324524820:  Hold'em Limit ($3/$6 USD) - 2016/05/14 19:38:09 ET
Table 'Puck II' 6-max Seat #3 is the button
Seat 3: Chessnok ($229.86 in chips)
Seat 5: kayway6 ($53.21 in chips)
Chessnok: posts small blind $1
kayway6: posts big blind $3
*** HOLE CARDS ***
Chessnok: raises $3 to $6
kayway6: raises $3 to $9
Chessnok: calls $3
*** FLOP *** [Ad 7c 8s]
kayway6: bets $3
Chessnok: calls $3
*** TURN *** [Ad 7c 8s] [4s]
kayway6: bets $6
Chessnok: calls $6
*** RIVER *** [Ad 7c 8s 4s] [4d]
kayway6: bets $6
Chessnok: folds
Uncalled bet ($6) returned to kayway6
kayway6 collected $35.50 from pot
*** SUMMARY ***
Total pot $36 | Rake $0.50
Board [Ad 7c 8s 4s 4d]
Seat 3: Chessnok (button) (small blind) folded on the River
Seat 5: kayway6 (big blind) collected ($35.50)


PokerStars Hand #153324545847:  Hold'em Limit ($3/$6 USD) - 2016/05/14 19:38:43 ET
Table 'Puck II' 6-max Seat #5 is the button
Seat 3: Chessnok ($211.86 in chips)
Seat 5: kayway6 ($140.39 in chips)
kayway6: posts small blind $1
Chessnok: posts big blind $3
*** HOLE CARDS ***
kayway6: raises $3 to $6
Chessnok: calls $3
*** FLOP *** [Th 4s 7d]
Chessnok: checks
kayway6: checks
*** TURN *** [Th 4s 7d] [6c]
Chessnok: bets $6
kayway6: folds
Uncalled bet ($6) returned to Chessnok
Chessnok collected $11.76 from pot
Chessnok: doesn't show hand
*** SUMMARY ***
Total pot $12 | Rake $0.24
Board [Th 4s 7d 6c]
Seat 3: Chessnok (big blind) collected ($11.76)
Seat 5: kayway6 (button) (small blind) folded on the Turn


PokerStars Hand #153324584954:  Hold'em Limit ($3/$6 USD) - 2016/05/14 19:39:47 ET
Table 'Puck II' 6-max Seat #5 is the button
Seat 3: Chessnok ($223.38 in chips)
Seat 5: kayway6 ($128.39 in chips)
kayway6: posts small blind $1
Chessnok: posts big blind $3
*** HOLE CARDS ***
kayway6: raises $3 to $6
Chessnok: calls $3
*** FLOP *** [Tc 7d Qh]
Chessnok: checks
kayway6: bets $3
Chessnok: calls $3
*** TURN *** [Tc 7d Qh] [Td]
Chessnok: checks
kayway6: bets $6
Chessnok: calls $6
*** RIVER *** [Tc 7d Qh Td] [3d]
Chessnok: checks
kayway6: checks
*** SHOW DOWN ***
Chessnok: shows [5d Kh] (a pair of Tens)
kayway6: shows [Js Ac] (a pair of Tens - Ace kicker)
kayway6 collected $29.50 from pot
*** SUMMARY ***
Total pot $30 | Rake $0.50
Board [Tc 7d Qh Td 3d]
Seat 3: Chessnok (big blind) showed [5d Kh] and lost with a pair of Tens
Seat 5: kayway6 (button) (small blind) showed [Js Ac] and won ($29.50) with a pair of Tens


PokerStars Hand #153324609294:  Hold'em Limit ($3/$6 USD) - 2016/05/14 19:40:28 ET
Table 'Puck II' 6-max Seat #3 is the button
Seat 3: Chessnok ($208.38 in chips)
Seat 5: kayway6 ($142.89 in chips)
Chessnok: posts small blind $1
kayway6: posts big blind $3
*** HOLE CARDS ***
Chessnok: raises $3 to $6
anetkaapro joins the table at seat #6
kayway6: folds
Uncalled bet ($3) returned to Chessnok
Chessnok collected $6 from pot
Chessnok: doesn't show hand
*** SUMMARY ***
Total pot $6 | Rake $0
Seat 3: Chessnok (button) (small blind) collected ($6)
Seat 5: kayway6 (big blind) folded before Flop


PokerStars Hand #153324580558:  Hold'em Limit ($3/$6 USD) - 2016/05/14 19:39:40 ET
Table 'Puck II' 6-max Seat #3 is the button
Seat 3: Chessnok ($224.38 in chips)
Seat 5: kayway6 ($127.39 in chips)
Chessnok: posts small blind $1
kayway6: posts big blind $3
*** HOLE CARDS ***
Chessnok: folds
Uncalled bet ($2) returned to kayway6
kayway6 collected $2 from pot
*** SUMMARY ***
Total pot $2 | Rake $0
Seat 3: Chessnok (button) (small blind) folded before Flop
Seat 5: kayway6 (big blind) collected ($2)


