PokerStars Hand #173267565974:  Hold'em Limit ($3/$6 USD) - 2017/07/20 2:47:52 ET
Table 'Puck' 10-max Seat #5 is the button
Seat 5: pokdokfoktok ($120 in chips)
Seat 7: VolkovDmitri ($120 in chips)
pokdokfoktok: posts small blind $1
VolkovDmitri: posts big blind $3
*** HOLE CARDS ***
pokdokfoktok: calls $2
VolkovDmitri: raises $3 to $6
pokdokfoktok: calls $3
*** FLOP *** [3s As Jh]
VolkovDmitri: bets $3
pokdokfoktok: folds
Uncalled bet ($3) returned to VolkovDmitri
VolkovDmitri collected $11.76 from pot
VolkovDmitri: doesn't show hand
*** SUMMARY ***
Total pot $12 | Rake $0.24
Board [3s As Jh]
Seat 5: pokdokfoktok (button) (small blind) folded on the Flop
Seat 7: VolkovDmitri (big blind) collected ($11.76)


PokerStars Hand #173267570892:  Hold'em Limit ($3/$6 USD) - 2017/07/20 2:48:12 ET
Table 'Puck' 10-max Seat #7 is the button
Seat 5: pokdokfoktok ($114 in chips)
Seat 7: VolkovDmitri ($125.76 in chips)
VolkovDmitri: posts small blind $1
pokdokfoktok: posts big blind $3
*** HOLE CARDS ***
VolkovDmitri: raises $3 to $6
pokdokfoktok: calls $3
*** FLOP *** [As Th 4c]
pokdokfoktok: checks
VolkovDmitri: bets $3
pokdokfoktok: folds
Uncalled bet ($3) returned to VolkovDmitri
B_loJkl joins the table at seat #6
VolkovDmitri collected $11.76 from pot
VolkovDmitri: doesn't show hand
*** SUMMARY ***
Total pot $12 | Rake $0.24
Board [As Th 4c]
Seat 5: pokdokfoktok (big blind) folded on the Flop
Seat 7: VolkovDmitri (button) (small blind) collected ($11.76)


PokerStars Hand #173267607994:  Hold'em Limit ($3/$6 USD) - 2017/07/20 2:50:43 ET
Table 'Puck' 10-max Seat #5 is the button
Seat 5: pokdokfoktok ($112.10 in chips)
Seat 6: B_loJkl ($184 in chips)
pokdokfoktok: posts small blind $1
B_loJkl: posts big blind $3
*** HOLE CARDS ***
VolkovDmitri leaves the table
pokdokfoktok: raises $3 to $6
B_loJkl: calls $3
*** FLOP *** [9d 9s Jd]
B_loJkl: checks
pokdokfoktok: checks
*** TURN *** [9d 9s Jd] [4d]
B_loJkl: bets $6
whathappen1 joins the table at seat #4
pokdokfoktok: folds
Uncalled bet ($6) returned to B_loJkl
B_loJkl collected $11.76 from pot
B_loJkl: doesn't show hand
*** SUMMARY ***
Total pot $12 | Rake $0.24
Board [9d 9s Jd 4d]
Seat 5: pokdokfoktok (button) (small blind) folded on the Turn
Seat 6: B_loJkl (big blind) collected ($11.76)


PokerStars Hand #173268076779:  Hold'em Limit ($3/$6 USD) - 2017/07/20 3:22:11 ET
Table 'Puck' 10-max Seat #6 is the button
Seat 5: pokdokfoktok ($190.57 in chips)
Seat 6: B_loJkl ($135.95 in chips)
B_loJkl: posts small blind $1
pokdokfoktok: posts big blind $3
*** HOLE CARDS ***
B_loJkl: raises $3 to $6
pokdokfoktok: folds
Uncalled bet ($3) returned to B_loJkl
B_loJkl collected $6 from pot
B_loJkl: doesn't show hand
*** SUMMARY ***
Total pot $6 | Rake $0
Seat 5: pokdokfoktok (big blind) folded before Flop
Seat 6: B_loJkl (button) (small blind) collected ($6)


PokerStars Hand #173268079125:  Hold'em Limit ($3/$6 USD) - 2017/07/20 3:22:20 ET
Table 'Puck' 10-max Seat #5 is the button
Seat 5: pokdokfoktok ($187.57 in chips)
Seat 6: B_loJkl ($138.95 in chips)
pokdokfoktok: posts small blind $1
B_loJkl: posts big blind $3
*** HOLE CARDS ***
pokdokfoktok: folds
Uncalled bet ($2) returned to B_loJkl
B_loJkl collected $2 from pot
B_loJkl: doesn't show hand
*** SUMMARY ***
Total pot $2 | Rake $0
Seat 5: pokdokfoktok (button) (small blind) folded before Flop
Seat 6: B_loJkl (big blind) collected ($2)


PokerStars Hand #173268087414:  Hold'em Limit ($3/$6 USD) - 2017/07/20 3:22:52 ET
Table 'Puck' 10-max Seat #5 is the button
Seat 5: pokdokfoktok ($187.57 in chips)
Seat 6: B_loJkl ($138.95 in chips)
pokdokfoktok: posts small blind $1
B_loJkl: posts big blind $3
*** HOLE CARDS ***
pokdokfoktok: calls $2
B_loJkl: raises $3 to $6
pokdokfoktok: calls $3
*** FLOP *** [3d 3c Qh]
B_loJkl: bets $3
pokdokfoktok: folds
Uncalled bet ($3) returned to B_loJkl
B_loJkl collected $11.76 from pot
B_loJkl: doesn't show hand
*** SUMMARY ***
Total pot $12 | Rake $0.24
Board [3d 3c Qh]
Seat 5: pokdokfoktok (button) (small blind) folded on the Flop
Seat 6: B_loJkl (big blind) collected ($11.76)


PokerStars Hand #173268085881:  Hold'em Limit ($3/$6 USD) - 2017/07/20 3:22:46 ET
Table 'Puck' 10-max Seat #6 is the button
Seat 5: pokdokfoktok ($186.57 in chips)
Seat 6: B_loJkl ($139.95 in chips)
B_loJkl: posts small blind $1
pokdokfoktok: posts big blind $3
*** HOLE CARDS ***
B_loJkl: folds
Uncalled bet ($2) returned to pokdokfoktok
pokdokfoktok collected $2 from pot
*** SUMMARY ***
Total pot $2 | Rake $0
Seat 5: pokdokfoktok (big blind) collected ($2)
Seat 6: B_loJkl (button) (small blind) folded before Flop


PokerStars Hand #173268083569:  Hold'em Limit ($3/$6 USD) - 2017/07/20 3:22:37 ET
Table 'Puck' 10-max Seat #5 is the button
Seat 5: pokdokfoktok ($183.57 in chips)
Seat 6: B_loJkl ($142.95 in chips)
pokdokfoktok: posts small blind $1
B_loJkl: posts big blind $3
*** HOLE CARDS ***
pokdokfoktok: raises $3 to $6
B_loJkl: folds
Uncalled bet ($3) returned to pokdokfoktok
asino222 leaves the table
pokdokfoktok collected $6 from pot
*** SUMMARY ***
Total pot $6 | Rake $0
Seat 5: pokdokfoktok (button) (small blind) collected ($6)
Seat 6: B_loJkl (big blind) folded before Flop


PokerStars Hand #173268080792:  Hold'em Limit ($3/$6 USD) - 2017/07/20 3:22:26 ET
Table 'Puck' 10-max Seat #6 is the button
Seat 5: pokdokfoktok ($186.57 in chips)
Seat 6: B_loJkl ($139.95 in chips)
B_loJkl: posts small blind $1
pokdokfoktok: posts big blind $3
*** HOLE CARDS ***
B_loJkl: raises $3 to $6
pokdokfoktok: folds
Uncalled bet ($3) returned to B_loJkl
B_loJkl collected $6 from pot
B_loJkl: doesn't show hand
*** SUMMARY ***
Total pot $6 | Rake $0
Seat 5: pokdokfoktok (big blind) folded before Flop
Seat 6: B_loJkl (button) (small blind) collected ($6)


PokerStars Hand #173268092647:  Hold'em Limit ($3/$6 USD) - 2017/07/20 3:23:12 ET
Table 'Puck' 10-max Seat #6 is the button
Seat 5: pokdokfoktok ($181.57 in chips)
Seat 6: B_loJkl ($144.71 in chips)
B_loJkl: posts small blind $1
pokdokfoktok: posts big blind $3
*** HOLE CARDS ***
B_loJkl: raises $3 to $6
pokdokfoktok: folds
Uncalled bet ($3) returned to B_loJkl
B_loJkl collected $6 from pot
B_loJkl: doesn't show hand
*** SUMMARY ***
Total pot $6 | Rake $0
Seat 5: pokdokfoktok (big blind) folded before Flop
Seat 6: B_loJkl (button) (small blind) collected ($6)


PokerStars Hand #173268103485:  Hold'em Limit ($3/$6 USD) - 2017/07/20 3:23:53 ET
Table 'Puck' 10-max Seat #5 is the button
Seat 5: pokdokfoktok ($184.09 in chips)
Seat 6: B_loJkl ($141.47 in chips)
pokdokfoktok: posts small blind $1
B_loJkl: posts big blind $3
*** HOLE CARDS ***
pokdokfoktok: calls $2
B_loJkl: raises $3 to $6
pokdokfoktok: calls $3
*** FLOP *** [7h 7d As]
B_loJkl: checks
pokdokfoktok: bets $3
B_loJkl: calls $3
*** TURN *** [7h 7d As] [Qd]
B_loJkl: checks
pokdokfoktok: checks
*** RIVER *** [7h 7d As Qd] [Qs]
B_loJkl: bets $6
pokdokfoktok: calls $6
*** SHOW DOWN ***
B_loJkl: shows [Qc Kc] (a full house, Queens full of Sevens)
pokdokfoktok: mucks hand
B_loJkl collected $29.50 from pot
*** SUMMARY ***
Total pot $30 | Rake $0.50
Board [7h 7d As Qd Qs]
Seat 5: pokdokfoktok (button) (small blind) mucked
Seat 6: B_loJkl (big blind) showed [Qc Kc] and won ($29.50) with a full house, Queens full of Sevens


PokerStars Hand #173268098646:  Hold'em Limit ($3/$6 USD) - 2017/07/20 3:23:34 ET
Table 'Puck' 10-max Seat #6 is the button
Seat 5: pokdokfoktok ($172.57 in chips)
Seat 6: B_loJkl ($153.47 in chips)
B_loJkl: posts small blind $1
pokdokfoktok: posts big blind $3
*** HOLE CARDS ***
B_loJkl: raises $3 to $6
pokdokfoktok: raises $3 to $9
B_loJkl: calls $3
*** FLOP *** [7s Jc 2d]
pokdokfoktok: bets $3
B_loJkl: calls $3
*** TURN *** [7s Jc 2d] [As]
pokdokfoktok: bets $6
B_loJkl: folds
Uncalled bet ($6) returned to pokdokfoktok
pokdokfoktok collected $23.52 from pot
*** SUMMARY ***
Total pot $24 | Rake $0.48
Board [7s Jc 2d As]
Seat 5: pokdokfoktok (big blind) collected ($23.52)
Seat 6: B_loJkl (button) (small blind) folded on the Turn


PokerStars Hand #173268116539:  Hold'em Limit ($3/$6 USD) - 2017/07/20 3:24:43 ET
Table 'Puck' 10-max Seat #5 is the button
Seat 5: pokdokfoktok ($163.09 in chips)
Seat 6: B_loJkl ($161.73 in chips)
pokdokfoktok: posts small blind $1
B_loJkl: posts big blind $3
*** HOLE CARDS ***
pokdokfoktok: raises $3 to $6
B_loJkl: raises $3 to $9
pokdokfoktok: calls $3
*** FLOP *** [Kd 4d Jc]
B_loJkl: bets $3
pokdokfoktok: calls $3
*** TURN *** [Kd 4d Jc] [7h]
B_loJkl: bets $6
pokdokfoktok: calls $6
*** RIVER *** [Kd 4d Jc 7h] [5h]
B_loJkl: bets $6
pokdokfoktok: calls $6
*** SHOW DOWN ***
B_loJkl: shows [Ac Jd] (a pair of Jacks)
pokdokfoktok: mucks hand
B_loJkl collected $47.50 from pot
*** SUMMARY ***
Total pot $48 | Rake $0.50
Board [Kd 4d Jc 7h 5h]
Seat 5: pokdokfoktok (button) (small blind) mucked
Seat 6: B_loJkl (big blind) showed [Ac Jd] and won ($47.50) with a pair of Jacks


PokerStars Hand #173268111827:  Hold'em Limit ($3/$6 USD) - 2017/07/20 3:24:25 ET
Table 'Puck' 10-max Seat #6 is the button
Seat 5: pokdokfoktok ($169.09 in chips)
Seat 6: B_loJkl ($155.97 in chips)
B_loJkl: posts small blind $1
pokdokfoktok: posts big blind $3
*** HOLE CARDS ***
B_loJkl: raises $3 to $6
pokdokfoktok: calls $3
*** FLOP *** [As 8d 6s]
pokdokfoktok: checks
B_loJkl: bets $3
pokdokfoktok: folds
Uncalled bet ($3) returned to B_loJkl
B_loJkl collected $11.76 from pot
B_loJkl: doesn't show hand
*** SUMMARY ***
Total pot $12 | Rake $0.24
Board [As 8d 6s]
Seat 5: pokdokfoktok (big blind) folded on the Flop
Seat 6: B_loJkl (button) (small blind) collected ($11.76)


PokerStars Hand #173268141128:  Hold'em Limit ($3/$6 USD) - 2017/07/20 3:26:16 ET
Table 'Puck' 10-max Seat #6 is the button
Seat 5: pokdokfoktok ($129.85 in chips)
Seat 6: B_loJkl ($193.73 in chips)
B_loJkl: posts small blind $1
pokdokfoktok: posts big blind $3
*** HOLE CARDS ***
B_loJkl: raises $3 to $6
pokdokfoktok: folds
Uncalled bet ($3) returned to B_loJkl
B_loJkl collected $6 from pot
B_loJkl: doesn't show hand
*** SUMMARY ***
Total pot $6 | Rake $0
Seat 5: pokdokfoktok (big blind) folded before Flop
Seat 6: B_loJkl (button) (small blind) collected ($6)


PokerStars Hand #173268136052:  Hold'em Limit ($3/$6 USD) - 2017/07/20 3:25:57 ET
Table 'Puck' 10-max Seat #5 is the button
Seat 5: pokdokfoktok ($124.09 in chips)
Seat 6: B_loJkl ($199.73 in chips)
pokdokfoktok: posts small blind $1
B_loJkl: posts big blind $3
*** HOLE CARDS ***
pokdokfoktok: raises $3 to $6
B_loJkl: calls $3
*** FLOP *** [9h Qc 4d]
B_loJkl: checks
pokdokfoktok: bets $3
B_loJkl: folds
Uncalled bet ($3) returned to pokdokfoktok
pokdokfoktok collected $11.76 from pot
*** SUMMARY ***
Total pot $12 | Rake $0.24
Board [9h Qc 4d]
Seat 5: pokdokfoktok (button) (small blind) collected ($11.76)
Seat 6: B_loJkl (big blind) folded on the Flop


PokerStars Hand #173268126850:  Hold'em Limit ($3/$6 USD) - 2017/07/20 3:25:22 ET
Table 'Puck' 10-max Seat #6 is the button
Seat 5: pokdokfoktok ($139.09 in chips)
Seat 6: B_loJkl ($185.23 in chips)
B_loJkl: posts small blind $1
pokdokfoktok: posts big blind $3
*** HOLE CARDS ***
B_loJkl: raises $3 to $6
pokdokfoktok: calls $3
*** FLOP *** [9c Tc 6d]
pokdokfoktok: checks
B_loJkl: bets $3
pokdokfoktok: calls $3
*** TURN *** [9c Tc 6d] [5d]
pokdokfoktok: checks
B_loJkl: bets $6
pokdokfoktok: calls $6
*** RIVER *** [9c Tc 6d 5d] [2s]
pokdokfoktok: checks
B_loJkl: checks
*** SHOW DOWN ***
pokdokfoktok: shows [As 5h] (a pair of Fives)
B_loJkl: shows [6h 8s] (a pair of Sixes)
B_loJkl collected $29.50 from pot
*** SUMMARY ***
Total pot $30 | Rake $0.50
Board [9c Tc 6d 5d 2s]
Seat 5: pokdokfoktok (big blind) showed [As 5h] and lost with a pair of Fives
Seat 6: B_loJkl (button) (small blind) showed [6h 8s] and won ($29.50) with a pair of Sixes


PokerStars Hand #173268153476:  Hold'em Limit ($3/$6 USD) - 2017/07/20 3:27:03 ET
Table 'Puck' 10-max Seat #5 is the button
Seat 5: pokdokfoktok ($138.35 in chips)
Seat 6: B_loJkl ($184.73 in chips)
pokdokfoktok: posts small blind $1
B_loJkl: posts big blind $3
*** HOLE CARDS ***
pokdokfoktok: raises $3 to $6
B_loJkl: raises $3 to $9
pokdokfoktok: calls $3
*** FLOP *** [6h 3s Th]
B_loJkl: bets $3
pokdokfoktok: calls $3
*** TURN *** [6h 3s Th] [Jc]
B_loJkl: bets $6
pokdokfoktok: calls $6
*** RIVER *** [6h 3s Th Jc] [Jd]
B_loJkl: checks
pokdokfoktok: checks
*** SHOW DOWN ***
B_loJkl: shows [9s Ah] (a pair of Jacks)
pokdokfoktok: shows [Ac Qs] (a pair of Jacks - Ace+Queen kicker)
pokdokfoktok collected $35.50 from pot
*** SUMMARY ***
Total pot $36 | Rake $0.50
Board [6h 3s Th Jc Jd]
Seat 5: pokdokfoktok (button) (small blind) showed [Ac Qs] and won ($35.50) with a pair of Jacks
Seat 6: B_loJkl (big blind) showed [9s Ah] and lost with a pair of Jacks


PokerStars Hand #173268150736:  Hold'em Limit ($3/$6 USD) - 2017/07/20 3:26:52 ET
Table 'Puck' 10-max Seat #6 is the button
Seat 5: pokdokfoktok ($141.35 in chips)
Seat 6: B_loJkl ($181.73 in chips)
B_loJkl: posts small blind $1
pokdokfoktok: posts big blind $3
*** HOLE CARDS ***
B_loJkl: raises $3 to $6
pokdokfoktok: folds
Uncalled bet ($3) returned to B_loJkl
B_loJkl collected $6 from pot
B_loJkl: doesn't show hand
*** SUMMARY ***
Total pot $6 | Rake $0
Seat 5: pokdokfoktok (big blind) folded before Flop
Seat 6: B_loJkl (button) (small blind) collected ($6)


PokerStars Hand #173268143098:  Hold'em Limit ($3/$6 USD) - 2017/07/20 3:26:23 ET
Table 'Puck' 10-max Seat #5 is the button
Seat 5: pokdokfoktok ($126.85 in chips)
Seat 6: B_loJkl ($196.73 in chips)
pokdokfoktok: posts small blind $1
B_loJkl: posts big blind $3
*** HOLE CARDS ***
pokdokfoktok: raises $3 to $6
B_loJkl: calls $3
*** FLOP *** [Kd 5d 7h]
B_loJkl: checks
pokdokfoktok: bets $3
B_loJkl: calls $3
*** TURN *** [Kd 5d 7h] [4h]
B_loJkl: checks
pokdokfoktok: checks
*** RIVER *** [Kd 5d 7h 4h] [6h]
B_loJkl: checks
pokdokfoktok: bets $6
B_loJkl: calls $6
*** SHOW DOWN ***
pokdokfoktok: shows [Ah 6c] (a pair of Sixes)
B_loJkl: mucks hand
pokdokfoktok collected $29.50 from pot
*** SUMMARY ***
Total pot $30 | Rake $0.50
Board [Kd 5d 7h 4h 6h]
Seat 5: pokdokfoktok (button) (small blind) showed [Ah 6c] and won ($29.50) with a pair of Sixes
Seat 6: B_loJkl (big blind) mucked


PokerStars Hand #173268160251:  Hold'em Limit ($3/$6 USD) - 2017/07/20 3:27:28 ET
Table 'Puck' 10-max Seat #6 is the button
Seat 5: pokdokfoktok ($155.85 in chips)
Seat 6: B_loJkl ($166.73 in chips)
B_loJkl: posts small blind $1
pokdokfoktok: posts big blind $3
*** HOLE CARDS ***
B_loJkl: raises $3 to $6
pokdokfoktok: folds
Uncalled bet ($3) returned to B_loJkl
B_loJkl collected $6 from pot
B_loJkl: doesn't show hand
*** SUMMARY ***
Total pot $6 | Rake $0
Seat 5: pokdokfoktok (big blind) folded before Flop
Seat 6: B_loJkl (button) (small blind) collected ($6)


PokerStars Hand #173268162210:  Hold'em Limit ($3/$6 USD) - 2017/07/20 3:27:36 ET
Table 'Puck' 10-max Seat #5 is the button
Seat 5: pokdokfoktok ($152.85 in chips)
Seat 6: B_loJkl ($169.73 in chips)
pokdokfoktok: posts small blind $1
B_loJkl: posts big blind $3
*** HOLE CARDS ***
pokdokfoktok: raises $3 to $6
B_loJkl: raises $3 to $9
pokdokfoktok: calls $3
*** FLOP *** [7c 7s 7h]
B_loJkl: bets $3
pokdokfoktok: calls $3
*** TURN *** [7c 7s 7h] [5d]
B_loJkl: bets $6
pokdokfoktok: folds
Uncalled bet ($6) returned to B_loJkl
B_loJkl collected $23.52 from pot
B_loJkl: doesn't show hand
*** SUMMARY ***
Total pot $24 | Rake $0.48
Board [7c 7s 7h 5d]
Seat 5: pokdokfoktok (button) (small blind) folded on the Turn
Seat 6: B_loJkl (big blind) collected ($23.52)


PokerStars Hand #173268168225:  Hold'em Limit ($3/$6 USD) - 2017/07/20 3:27:58 ET
Table 'Puck' 10-max Seat #5 is the button
Seat 5: pokdokfoktok ($137.85 in chips)
Seat 6: B_loJkl ($184.25 in chips)
pokdokfoktok: posts small blind $1
B_loJkl: posts big blind $3
*** HOLE CARDS ***
pokdokfoktok: raises $3 to $6
B_loJkl: calls $3
*** FLOP *** [8s 8h Qd]
B_loJkl: checks
pokdokfoktok: checks
*** TURN *** [8s 8h Qd] [6c]
B_loJkl: bets $6
pokdokfoktok: calls $6
*** RIVER *** [8s 8h Qd 6c] [Ks]
B_loJkl: bets $6
pokdokfoktok: raises $6 to $12
B_loJkl: folds
Uncalled bet ($6) returned to pokdokfoktok
pokdokfoktok collected $35.50 from pot
*** SUMMARY ***
Total pot $36 | Rake $0.50
Board [8s 8h Qd 6c Ks]
Seat 5: pokdokfoktok (button) (small blind) collected ($35.50)
Seat 6: B_loJkl (big blind) folded on the River


PokerStars Hand #173268166794:  Hold'em Limit ($3/$6 USD) - 2017/07/20 3:27:53 ET
Table 'Puck' 10-max Seat #6 is the button
Seat 5: pokdokfoktok ($140.85 in chips)
Seat 6: B_loJkl ($181.25 in chips)
B_loJkl: posts small blind $1
pokdokfoktok: posts big blind $3
*** HOLE CARDS ***
B_loJkl: raises $3 to $6
pokdokfoktok: folds
Uncalled bet ($3) returned to B_loJkl
B_loJkl collected $6 from pot
B_loJkl: doesn't show hand
*** SUMMARY ***
Total pot $6 | Rake $0
Seat 5: pokdokfoktok (big blind) folded before Flop
Seat 6: B_loJkl (button) (small blind) collected ($6)


PokerStars Hand #173268186819:  Hold'em Limit ($3/$6 USD) - 2017/07/20 3:29:08 ET
Table 'Puck' 10-max Seat #5 is the button
Seat 5: pokdokfoktok ($144.35 in chips)
Seat 6: B_loJkl ($176.89 in chips)
pokdokfoktok: posts small blind $1
B_loJkl: posts big blind $3
*** HOLE CARDS ***
pokdokfoktok: folds
Uncalled bet ($2) returned to B_loJkl
B_loJkl collected $2 from pot
B_loJkl: doesn't show hand
*** SUMMARY ***
Total pot $2 | Rake $0
Seat 5: pokdokfoktok (button) (small blind) folded before Flop
Seat 6: B_loJkl (big blind) collected ($2)


PokerStars Hand #173268184878:  Hold'em Limit ($3/$6 USD) - 2017/07/20 3:29:01 ET
Table 'Puck' 10-max Seat #6 is the button
Seat 5: pokdokfoktok ($147.35 in chips)
Seat 6: B_loJkl ($173.89 in chips)
B_loJkl: posts small blind $1
pokdokfoktok: posts big blind $3
*** HOLE CARDS ***
B_loJkl: raises $3 to $6
pokdokfoktok: folds
Uncalled bet ($3) returned to B_loJkl
B_loJkl collected $6 from pot
B_loJkl: doesn't show hand
*** SUMMARY ***
Total pot $6 | Rake $0
Seat 5: pokdokfoktok (big blind) folded before Flop
Seat 6: B_loJkl (button) (small blind) collected ($6)


PokerStars Hand #173268180258:  Hold'em Limit ($3/$6 USD) - 2017/07/20 3:28:43 ET
Table 'Puck' 10-max Seat #5 is the button
Seat 5: pokdokfoktok ($156.35 in chips)
Seat 6: B_loJkl ($165.25 in chips)
pokdokfoktok: posts small blind $1
B_loJkl: posts big blind $3
*** HOLE CARDS ***
pokdokfoktok: raises $3 to $6
B_loJkl: calls $3
*** FLOP *** [Ts Kd Qd]
B_loJkl: checks
pokdokfoktok: bets $3
B_loJkl: raises $3 to $6
pokdokfoktok: folds
Uncalled bet ($3) returned to B_loJkl
B_loJkl collected $17.64 from pot
B_loJkl: doesn't show hand
*** SUMMARY ***
Total pot $18 | Rake $0.36
Board [Ts Kd Qd]
Seat 5: pokdokfoktok (button) (small blind) folded on the Flop
Seat 6: B_loJkl (big blind) collected ($17.64)


PokerStars Hand #173268176348:  Hold'em Limit ($3/$6 USD) - 2017/07/20 3:28:29 ET
Table 'Puck' 10-max Seat #6 is the button
Seat 5: pokdokfoktok ($155.35 in chips)
Seat 6: B_loJkl ($166.25 in chips)
B_loJkl: posts small blind $1
pokdokfoktok: posts big blind $3
*** HOLE CARDS ***
B_loJkl: folds
Uncalled bet ($2) returned to pokdokfoktok
pokdokfoktok collected $2 from pot
*** SUMMARY ***
Total pot $2 | Rake $0
Seat 5: pokdokfoktok (big blind) collected ($2)
Seat 6: B_loJkl (button) (small blind) folded before Flop


PokerStars Hand #173268188160:  Hold'em Limit ($3/$6 USD) - 2017/07/20 3:29:13 ET
Table 'Puck' 10-max Seat #6 is the button
Seat 5: pokdokfoktok ($143.35 in chips)
Seat 6: B_loJkl ($177.89 in chips)
B_loJkl: posts small blind $1
pokdokfoktok: posts big blind $3
*** HOLE CARDS ***
B_loJkl: raises $3 to $6
pokdokfoktok: folds
Uncalled bet ($3) returned to B_loJkl
B_loJkl collected $6 from pot
B_loJkl: doesn't show hand
*** SUMMARY ***
Total pot $6 | Rake $0
Seat 5: pokdokfoktok (big blind) folded before Flop
Seat 6: B_loJkl (button) (small blind) collected ($6)


PokerStars Hand #173268205456:  Hold'em Limit ($3/$6 USD) - 2017/07/20 3:30:19 ET
Table 'Puck' 10-max Seat #5 is the button
Seat 5: pokdokfoktok ($145.87 in chips)
Seat 6: B_loJkl ($174.89 in chips)
pokdokfoktok: posts small blind $1
B_loJkl: posts big blind $3
*** HOLE CARDS ***
pokdokfoktok: folds
Uncalled bet ($2) returned to B_loJkl
B_loJkl collected $2 from pot
B_loJkl: doesn't show hand
*** SUMMARY ***
Total pot $2 | Rake $0
Seat 5: pokdokfoktok (button) (small blind) folded before Flop
Seat 6: B_loJkl (big blind) collected ($2)


PokerStars Hand #173268203386:  Hold'em Limit ($3/$6 USD) - 2017/07/20 3:30:12 ET
Table 'Puck' 10-max Seat #6 is the button
Seat 5: pokdokfoktok ($148.87 in chips)
Seat 6: B_loJkl ($171.89 in chips)
B_loJkl: posts small blind $1
pokdokfoktok: posts big blind $3
*** HOLE CARDS ***
B_loJkl: raises $3 to $6
pokdokfoktok: folds
Uncalled bet ($3) returned to B_loJkl
B_loJkl collected $6 from pot
B_loJkl: doesn't show hand
*** SUMMARY ***
Total pot $6 | Rake $0
Seat 5: pokdokfoktok (big blind) folded before Flop
Seat 6: B_loJkl (button) (small blind) collected ($6)


PokerStars Hand #173268190054:  Hold'em Limit ($3/$6 USD) - 2017/07/20 3:29:21 ET
Table 'Puck' 10-max Seat #5 is the button
Seat 5: pokdokfoktok ($140.35 in chips)
Seat 6: B_loJkl ($180.89 in chips)
pokdokfoktok: posts small blind $1
B_loJkl: posts big blind $3
*** HOLE CARDS ***
pokdokfoktok: raises $3 to $6
B_loJkl: calls $3
*** FLOP *** [2d 8c 9c]
B_loJkl: checks
pokdokfoktok: bets $3
B_loJkl: folds
Uncalled bet ($3) returned to pokdokfoktok
pokdokfoktok collected $11.76 from pot
*** SUMMARY ***
Total pot $12 | Rake $0.24
Board [2d 8c 9c]
Seat 5: pokdokfoktok (button) (small blind) collected ($11.76)
Seat 6: B_loJkl (big blind) folded on the Flop


PokerStars Hand #173268197504:  Hold'em Limit ($3/$6 USD) - 2017/07/20 3:29:49 ET
Table 'Puck' 10-max Seat #5 is the button
Seat 5: pokdokfoktok ($143.11 in chips)
Seat 6: B_loJkl ($177.89 in chips)
pokdokfoktok: posts small blind $1
B_loJkl: posts big blind $3
*** HOLE CARDS ***
pokdokfoktok: raises $3 to $6
B_loJkl: calls $3
*** FLOP *** [Jd Tc Jh]
B_loJkl: checks
pokdokfoktok: bets $3
B_loJkl: folds
Uncalled bet ($3) returned to pokdokfoktok
pokdokfoktok collected $11.76 from pot
*** SUMMARY ***
Total pot $12 | Rake $0.24
Board [Jd Tc Jh]
Seat 5: pokdokfoktok (button) (small blind) collected ($11.76)
Seat 6: B_loJkl (big blind) folded on the Flop


PokerStars Hand #173268194858:  Hold'em Limit ($3/$6 USD) - 2017/07/20 3:29:39 ET
Table 'Puck' 10-max Seat #6 is the button
Seat 5: pokdokfoktok ($146.11 in chips)
Seat 6: B_loJkl ($174.89 in chips)
B_loJkl: posts small blind $1
pokdokfoktok: posts big blind $3
*** HOLE CARDS ***
B_loJkl: raises $3 to $6
pokdokfoktok: folds
Uncalled bet ($3) returned to B_loJkl
B_loJkl collected $6 from pot
B_loJkl: doesn't show hand
*** SUMMARY ***
Total pot $6 | Rake $0
Seat 5: pokdokfoktok (big blind) folded before Flop
Seat 6: B_loJkl (button) (small blind) collected ($6)


PokerStars Hand #173268216724:  Hold'em Limit ($3/$6 USD) - 2017/07/20 3:31:02 ET
Table 'Puck' 10-max Seat #5 is the button
Seat 5: pokdokfoktok ($162.37 in chips)
Seat 6: B_loJkl ($157.89 in chips)
pokdokfoktok: posts small blind $1
B_loJkl: posts big blind $3
*** HOLE CARDS ***
pokdokfoktok: calls $2
B_loJkl: raises $3 to $6
pokdokfoktok: calls $3
*** FLOP *** [Qc Ah 3d]
B_loJkl: checks
pokdokfoktok: bets $3
B_loJkl: calls $3
*** TURN *** [Qc Ah 3d] [7c]
B_loJkl: checks
pokdokfoktok: checks
*** RIVER *** [Qc Ah 3d 7c] [8h]
B_loJkl: checks
pokdokfoktok: checks
*** SHOW DOWN ***
B_loJkl: shows [Kd 7d] (a pair of Sevens)
pokdokfoktok: mucks hand
B_loJkl collected $17.64 from pot
*** SUMMARY ***
Total pot $18 | Rake $0.36
Board [Qc Ah 3d 7c 8h]
Seat 5: pokdokfoktok (button) (small blind) mucked
Seat 6: B_loJkl (big blind) showed [Kd 7d] and won ($17.64) with a pair of Sevens


PokerStars Hand #173268213119:  Hold'em Limit ($3/$6 USD) - 2017/07/20 3:30:48 ET
Table 'Puck' 10-max Seat #5 is the button
Seat 5: pokdokfoktok ($162.37 in chips)
Seat 6: B_loJkl ($157.89 in chips)
pokdokfoktok: posts small blind $1
B_loJkl: posts big blind $3
*** HOLE CARDS ***
pokdokfoktok: raises $3 to $6
B_loJkl: folds
Uncalled bet ($3) returned to pokdokfoktok
pokdokfoktok collected $6 from pot
*** SUMMARY ***
Total pot $6 | Rake $0
Seat 5: pokdokfoktok (button) (small blind) collected ($6)
Seat 6: B_loJkl (big blind) folded before Flop


PokerStars Hand #173268206745:  Hold'em Limit ($3/$6 USD) - 2017/07/20 3:30:24 ET
Table 'Puck' 10-max Seat #6 is the button
Seat 5: pokdokfoktok ($144.87 in chips)
Seat 6: B_loJkl ($175.89 in chips)
B_loJkl: posts small blind $1
pokdokfoktok: posts big blind $3
*** HOLE CARDS ***
B_loJkl: raises $3 to $6
pokdokfoktok: calls $3
*** FLOP *** [Qc 3c 7s]
pokdokfoktok: bets $3
B_loJkl: raises $3 to $6
pokdokfoktok: calls $3
*** TURN *** [Qc 3c 7s] [Ah]
pokdokfoktok: bets $6
B_loJkl: calls $6
*** RIVER *** [Qc 3c 7s Ah] [5s]
pokdokfoktok: bets $6
B_loJkl: folds
Uncalled bet ($6) returned to pokdokfoktok
pokdokfoktok collected $35.50 from pot
*** SUMMARY ***
Total pot $36 | Rake $0.50
Board [Qc 3c 7s Ah 5s]
Seat 5: pokdokfoktok (big blind) collected ($35.50)
Seat 6: B_loJkl (button) (small blind) folded on the River


PokerStars Hand #173268214942:  Hold'em Limit ($3/$6 USD) - 2017/07/20 3:30:55 ET
Table 'Puck' 10-max Seat #6 is the button
Seat 5: pokdokfoktok ($165.37 in chips)
Seat 6: B_loJkl ($154.89 in chips)
B_loJkl: posts small blind $1
pokdokfoktok: posts big blind $3
*** HOLE CARDS ***
B_loJkl: raises $3 to $6
pokdokfoktok: folds
Uncalled bet ($3) returned to B_loJkl
B_loJkl collected $6 from pot
B_loJkl: doesn't show hand
*** SUMMARY ***
Total pot $6 | Rake $0
Seat 5: pokdokfoktok (big blind) folded before Flop
Seat 6: B_loJkl (button) (small blind) collected ($6)


PokerStars Hand #173268225943:  Hold'em Limit ($3/$6 USD) - 2017/07/20 3:31:37 ET
Table 'Puck' 10-max Seat #5 is the button
Seat 5: pokdokfoktok ($150.37 in chips)
Seat 6: B_loJkl ($169.53 in chips)
pokdokfoktok: posts small blind $1
B_loJkl: posts big blind $3
*** HOLE CARDS ***
pokdokfoktok: raises $3 to $6
B_loJkl: calls $3
*** FLOP *** [Kd Tc 2d]
B_loJkl: checks
pokdokfoktok: bets $3
B_loJkl: folds
Uncalled bet ($3) returned to pokdokfoktok
pokdokfoktok collected $11.76 from pot
*** SUMMARY ***
Total pot $12 | Rake $0.24
Board [Kd Tc 2d]
Seat 5: pokdokfoktok (button) (small blind) collected ($11.76)
Seat 6: B_loJkl (big blind) folded on the Flop


PokerStars Hand #173268232074:  Hold'em Limit ($3/$6 USD) - 2017/07/20 3:31:59 ET
Table 'Puck' 10-max Seat #5 is the button
Seat 5: pokdokfoktok ($153.13 in chips)
Seat 6: B_loJkl ($166.53 in chips)
pokdokfoktok: posts small blind $1
B_loJkl: posts big blind $3
*** HOLE CARDS ***
pokdokfoktok: folds
Uncalled bet ($2) returned to B_loJkl
B_loJkl collected $2 from pot
B_loJkl: doesn't show hand
*** SUMMARY ***
Total pot $2 | Rake $0
Seat 5: pokdokfoktok (button) (small blind) folded before Flop
Seat 6: B_loJkl (big blind) collected ($2)


PokerStars Hand #173268230142:  Hold'em Limit ($3/$6 USD) - 2017/07/20 3:31:52 ET
Table 'Puck' 10-max Seat #6 is the button
Seat 5: pokdokfoktok ($156.13 in chips)
Seat 6: B_loJkl ($163.53 in chips)
B_loJkl: posts small blind $1
pokdokfoktok: posts big blind $3
*** HOLE CARDS ***
B_loJkl: raises $3 to $6
pokdokfoktok: folds
Uncalled bet ($3) returned to B_loJkl
B_loJkl collected $6 from pot
B_loJkl: doesn't show hand
*** SUMMARY ***
Total pot $6 | Rake $0
Seat 5: pokdokfoktok (big blind) folded before Flop
Seat 6: B_loJkl (button) (small blind) collected ($6)


PokerStars Hand #173268233495:  Hold'em Limit ($3/$6 USD) - 2017/07/20 3:32:05 ET
Table 'Puck' 10-max Seat #6 is the button
Seat 5: pokdokfoktok ($152.13 in chips)
Seat 6: B_loJkl ($167.53 in chips)
B_loJkl: posts small blind $1
pokdokfoktok: posts big blind $3
*** HOLE CARDS ***
B_loJkl: raises $3 to $6
pokdokfoktok: calls $3
*** FLOP *** [Qh Th 9c]
pokdokfoktok: checks
B_loJkl: bets $3
pokdokfoktok: folds
Uncalled bet ($3) returned to B_loJkl
B_loJkl collected $11.76 from pot
B_loJkl: doesn't show hand
*** SUMMARY ***
Total pot $12 | Rake $0.24
Board [Qh Th 9c]
Seat 5: pokdokfoktok (big blind) folded on the Flop
Seat 6: B_loJkl (button) (small blind) collected ($11.76)


PokerStars Hand #173268223748:  Hold'em Limit ($3/$6 USD) - 2017/07/20 3:31:28 ET
Table 'Puck' 10-max Seat #6 is the button
Seat 5: pokdokfoktok ($153.37 in chips)
Seat 6: B_loJkl ($166.53 in chips)
B_loJkl: posts small blind $1
pokdokfoktok: posts big blind $3
*** HOLE CARDS ***
B_loJkl: raises $3 to $6
pokdokfoktok: folds
Uncalled bet ($3) returned to B_loJkl
B_loJkl collected $6 from pot
B_loJkl: doesn't show hand
*** SUMMARY ***
Total pot $6 | Rake $0
Seat 5: pokdokfoktok (big blind) folded before Flop
Seat 6: B_loJkl (button) (small blind) collected ($6)


PokerStars Hand #173268239420:  Hold'em Limit ($3/$6 USD) - 2017/07/20 3:32:28 ET
Table 'Puck' 10-max Seat #5 is the button
Seat 5: pokdokfoktok ($146.13 in chips)
Seat 6: B_loJkl ($173.29 in chips)
pokdokfoktok: posts small blind $1
B_loJkl: posts big blind $3
*** HOLE CARDS ***
pokdokfoktok: raises $3 to $6
B_loJkl: calls $3
*** FLOP *** [2c 9s As]
B_loJkl: checks
pokdokfoktok: bets $3
B_loJkl: calls $3
*** TURN *** [2c 9s As] [5d]
B_loJkl: checks
pokdokfoktok: checks
*** RIVER *** [2c 9s As 5d] [Ts]
B_loJkl: checks
pokdokfoktok: bets $6
B_loJkl: folds
Uncalled bet ($6) returned to pokdokfoktok
pokdokfoktok collected $17.64 from pot
*** SUMMARY ***
Total pot $18 | Rake $0.36
Board [2c 9s As 5d Ts]
Seat 5: pokdokfoktok (button) (small blind) collected ($17.64)
Seat 6: B_loJkl (big blind) folded on the River


PokerStars Hand #173268254713:  Hold'em Limit ($3/$6 USD) - 2017/07/20 3:33:25 ET
Table 'Puck' 10-max Seat #5 is the button
Seat 5: pokdokfoktok ($169.27 in chips)
Seat 6: B_loJkl ($149.29 in chips)
pokdokfoktok: posts small blind $1
B_loJkl: posts big blind $3
*** HOLE CARDS ***
pokdokfoktok: raises $3 to $6
B_loJkl: calls $3
*** FLOP *** [5c Td 6s]
B_loJkl: checks
pokdokfoktok: bets $3
B_loJkl: calls $3
*** TURN *** [5c Td 6s] [8h]
B_loJkl: checks
pokdokfoktok: bets $6
B_loJkl: calls $6
*** RIVER *** [5c Td 6s 8h] [2s]
B_loJkl: checks
pokdokfoktok: bets $6
B_loJkl: calls $6
*** SHOW DOWN ***
pokdokfoktok: shows [7s Ts] (a pair of Tens)
B_loJkl: mucks hand
pokdokfoktok collected $41.50 from pot
*** SUMMARY ***
Total pot $42 | Rake $0.50
Board [5c Td 6s 8h 2s]
Seat 5: pokdokfoktok (button) (small blind) showed [7s Ts] and won ($41.50) with a pair of Tens
Seat 6: B_loJkl (big blind) mucked


PokerStars Hand #173268287039:  Hold'em Limit ($3/$6 USD) - 2017/07/20 3:35:29 ET
Table 'Puck' 10-max Seat #6 is the button
Seat 5: pokdokfoktok ($216.03 in chips)
Seat 6: B_loJkl ($101.29 in chips)
B_loJkl: posts small blind $1
pokdokfoktok: posts big blind $3
*** HOLE CARDS ***
B_loJkl: folds
Uncalled bet ($2) returned to pokdokfoktok
pokdokfoktok collected $2 from pot
*** SUMMARY ***
Total pot $2 | Rake $0
Seat 5: pokdokfoktok (big blind) collected ($2)
Seat 6: B_loJkl (button) (small blind) folded before Flop


PokerStars Hand #173268281836:  Hold'em Limit ($3/$6 USD) - 2017/07/20 3:35:09 ET
Table 'Puck' 10-max Seat #5 is the button
Seat 5: pokdokfoktok ($210.27 in chips)
Seat 6: B_loJkl ($107.29 in chips)
pokdokfoktok: posts small blind $1
B_loJkl: posts big blind $3
*** HOLE CARDS ***
pokdokfoktok: raises $3 to $6
B_loJkl: calls $3
*** FLOP *** [4s 3s 6h]
B_loJkl: checks
pokdokfoktok: bets $3
B_loJkl: folds
Uncalled bet ($3) returned to pokdokfoktok
pokdokfoktok collected $11.76 from pot
*** SUMMARY ***
Total pot $12 | Rake $0.24
Board [4s 3s 6h]
Seat 5: pokdokfoktok (button) (small blind) collected ($11.76)
Seat 6: B_loJkl (big blind) folded on the Flop


PokerStars Hand #173268266779:  Hold'em Limit ($3/$6 USD) - 2017/07/20 3:34:11 ET
Table 'Puck' 10-max Seat #6 is the button
Seat 5: pokdokfoktok ($189.77 in chips)
Seat 6: B_loJkl ($128.29 in chips)
B_loJkl: posts small blind $1
pokdokfoktok: posts big blind $3
*** HOLE CARDS ***
B_loJkl: raises $3 to $6
pokdokfoktok: calls $3
*** FLOP *** [Kc 3s 6d]
pokdokfoktok: checks
B_loJkl: bets $3
pokdokfoktok: calls $3
*** TURN *** [Kc 3s 6d] [Jc]
pokdokfoktok: checks
B_loJkl: bets $6
pokdokfoktok: calls $6
*** RIVER *** [Kc 3s 6d Jc] [5c]
pokdokfoktok: bets $6
B_loJkl: calls $6
*** SHOW DOWN ***
pokdokfoktok: shows [6h 5h] (two pair, Sixes and Fives)
B_loJkl: mucks hand
pokdokfoktok collected $41.50 from pot
*** SUMMARY ***
Total pot $42 | Rake $0.50
Board [Kc 3s 6d Jc 5c]
Seat 5: pokdokfoktok (big blind) showed [6h 5h] and won ($41.50) with two pair, Sixes and Fives
Seat 6: B_loJkl (button) (small blind) mucked


PokerStars Hand #173268280447:  Hold'em Limit ($3/$6 USD) - 2017/07/20 3:35:04 ET
Table 'Puck' 10-max Seat #6 is the button
Seat 5: pokdokfoktok ($209.27 in chips)
Seat 6: B_loJkl ($108.29 in chips)
B_loJkl: posts small blind $1
pokdokfoktok: posts big blind $3
*** HOLE CARDS ***
B_loJkl: folds
Uncalled bet ($2) returned to pokdokfoktok
pokdokfoktok collected $2 from pot
*** SUMMARY ***
Total pot $2 | Rake $0
Seat 5: pokdokfoktok (big blind) collected ($2)
Seat 6: B_loJkl (button) (small blind) folded before Flop


PokerStars Hand #173268277017:  Hold'em Limit ($3/$6 USD) - 2017/07/20 3:34:51 ET
Table 'Puck' 10-max Seat #5 is the button
Seat 5: pokdokfoktok ($210.27 in chips)
Seat 6: B_loJkl ($107.29 in chips)
pokdokfoktok: posts small blind $1
B_loJkl: posts big blind $3
*** HOLE CARDS ***
pokdokfoktok: folds
Uncalled bet ($2) returned to B_loJkl
B_loJkl collected $2 from pot
B_loJkl: doesn't show hand
*** SUMMARY ***
Total pot $2 | Rake $0
Seat 5: pokdokfoktok (button) (small blind) folded before Flop
Seat 6: B_loJkl (big blind) collected ($2)


PokerStars Hand #173268288867:  Hold'em Limit ($3/$6 USD) - 2017/07/20 3:35:36 ET
Table 'Puck' 10-max Seat #5 is the button
Seat 5: pokdokfoktok ($217.03 in chips)
Seat 6: B_loJkl ($100.29 in chips)
pokdokfoktok: posts small blind $1
B_loJkl: posts big blind $3
*** HOLE CARDS ***
pokdokfoktok: raises $3 to $6
B_loJkl: calls $3
*** FLOP *** [Ad 2s 3d]
B_loJkl: checks
pokdokfoktok: bets $3
Jigorek1989 joins the table at seat #7
B_loJkl: raises $3 to $6
pokdokfoktok: calls $3
*** TURN *** [Ad 2s 3d] [7s]
B_loJkl: bets $6
pokdokfoktok: calls $6
*** RIVER *** [Ad 2s 3d 7s] [7d]
B_loJkl: checks
pokdokfoktok: bets $6
B_loJkl: calls $6
*** SHOW DOWN ***
pokdokfoktok: shows [Ks 5s] (a pair of Sevens)
B_loJkl: shows [6h 2h] (two pair, Sevens and Deuces)
B_loJkl collected $47.50 from pot
*** SUMMARY ***
Total pot $48 | Rake $0.50
Board [Ad 2s 3d 7s 7d]
Seat 5: pokdokfoktok (button) (small blind) showed [Ks 5s] and lost with a pair of Sevens
Seat 6: B_loJkl (big blind) showed [6h 2h] and won ($47.50) with two pair, Sevens and Deuces


PokerStars Hand #173268329674:  Hold'em Limit ($3/$6 USD) - 2017/07/20 3:38:10 ET
Table 'Puck' 10-max Seat #6 is the button
Seat 5: pokdokfoktok ($204.74 in chips)
Seat 6: B_loJkl ($114.16 in chips)
B_loJkl: posts small blind $1
pokdokfoktok: posts big blind $3
*** HOLE CARDS ***
B_loJkl: raises $3 to $6
pokdokfoktok: folds
Uncalled bet ($3) returned to B_loJkl
B_loJkl collected $6 from pot
B_loJkl: doesn't show hand
*** SUMMARY ***
Total pot $6 | Rake $0
Seat 5: pokdokfoktok (big blind) folded before Flop
Seat 6: B_loJkl (button) (small blind) collected ($6)


PokerStars Hand #173268331895:  Hold'em Limit ($3/$6 USD) - 2017/07/20 3:38:18 ET
Table 'Puck' 10-max Seat #5 is the button
Seat 5: pokdokfoktok ($201.74 in chips)
Seat 6: B_loJkl ($117.16 in chips)
pokdokfoktok: posts small blind $1
B_loJkl: posts big blind $3
*** HOLE CARDS ***
pokdokfoktok: raises $3 to $6
B_loJkl: raises $3 to $9
pokdokfoktok: calls $3
*** FLOP *** [Ac 3c 3d]
B_loJkl: bets $3
pokdokfoktok: folds
Uncalled bet ($3) returned to B_loJkl
B_loJkl collected $17.64 from pot
B_loJkl: doesn't show hand
*** SUMMARY ***
Total pot $18 | Rake $0.36
Board [Ac 3c 3d]
Seat 5: pokdokfoktok (button) (small blind) folded on the Flop
Seat 6: B_loJkl (big blind) collected ($17.64)


PokerStars Hand #173268335807:  Hold'em Limit ($3/$6 USD) - 2017/07/20 3:38:33 ET
Table 'Puck' 10-max Seat #6 is the button
Seat 5: pokdokfoktok ($192.74 in chips)
Seat 6: B_loJkl ($125.80 in chips)
B_loJkl: posts small blind $1
pokdokfoktok: posts big blind $3
*** HOLE CARDS ***
B_loJkl: raises $3 to $6
pokdokfoktok: folds
Uncalled bet ($3) returned to B_loJkl
B_loJkl collected $6 from pot
B_loJkl: doesn't show hand
*** SUMMARY ***
Total pot $6 | Rake $0
Seat 5: pokdokfoktok (big blind) folded before Flop
Seat 6: B_loJkl (button) (small blind) collected ($6)


PokerStars Hand #173268338926:  Hold'em Limit ($3/$6 USD) - 2017/07/20 3:38:44 ET
Table 'Puck' 10-max Seat #5 is the button
Seat 5: pokdokfoktok ($189.74 in chips)
Seat 6: B_loJkl ($128.80 in chips)
pokdokfoktok: posts small blind $1
B_loJkl: posts big blind $3
*** HOLE CARDS ***
pokdokfoktok: folds
Uncalled bet ($2) returned to B_loJkl
B_loJkl collected $2 from pot
B_loJkl: doesn't show hand
*** SUMMARY ***
Total pot $2 | Rake $0
Seat 5: pokdokfoktok (button) (small blind) folded before Flop
Seat 6: B_loJkl (big blind) collected ($2)


PokerStars Hand #173268340277:  Hold'em Limit ($3/$6 USD) - 2017/07/20 3:38:49 ET
Table 'Puck' 10-max Seat #6 is the button
Seat 5: pokdokfoktok ($188.74 in chips)
Seat 6: B_loJkl ($129.80 in chips)
B_loJkl: posts small blind $1
pokdokfoktok: posts big blind $3
*** HOLE CARDS ***
B_loJkl: raises $3 to $6
pokdokfoktok: calls $3
*** FLOP *** [3c 2h 9s]
pokdokfoktok: checks
B_loJkl: bets $3
pokdokfoktok: calls $3
*** TURN *** [3c 2h 9s] [5h]
pokdokfoktok: checks
B_loJkl: bets $6
pokdokfoktok: raises $6 to $12
B_loJkl: raises $6 to $18
pokdokfoktok: calls $6
*** RIVER *** [3c 2h 9s 5h] [9d]
pokdokfoktok: checks
B_loJkl: bets $6
pokdokfoktok: raises $6 to $12
B_loJkl: calls $6
*** SHOW DOWN ***
pokdokfoktok: shows [Ks Kh] (two pair, Kings and Nines)
B_loJkl: shows [4d 6s] (a straight, Deuce to Six)
B_loJkl collected $77.50 from pot
*** SUMMARY ***
Total pot $78 | Rake $0.50
Board [3c 2h 9s 5h 9d]
Seat 5: pokdokfoktok (big blind) showed [Ks Kh] and lost with two pair, Kings and Nines
Seat 6: B_loJkl (button) (small blind) showed [4d 6s] and won ($77.50) with a straight, Deuce to Six


PokerStars Hand #173268357068:  Hold'em Limit ($3/$6 USD) - 2017/07/20 3:39:53 ET
Table 'Puck' 10-max Seat #5 is the button
Seat 5: pokdokfoktok ($149.74 in chips)
Seat 6: B_loJkl ($168.30 in chips)
pokdokfoktok: posts small blind $1
B_loJkl: posts big blind $3
*** HOLE CARDS ***
pokdokfoktok: folds
Uncalled bet ($2) returned to B_loJkl
B_loJkl collected $2 from pot
B_loJkl: doesn't show hand
*** SUMMARY ***
Total pot $2 | Rake $0
Seat 5: pokdokfoktok (button) (small blind) folded before Flop
Seat 6: B_loJkl (big blind) collected ($2)


PokerStars Hand #173268361652:  Hold'em Limit ($3/$6 USD) - 2017/07/20 3:40:10 ET
Table 'Puck' 10-max Seat #5 is the button
Seat 5: pokdokfoktok ($145.74 in chips)
Seat 6: B_loJkl ($172.30 in chips)
pokdokfoktok: posts small blind $1
B_loJkl: posts big blind $3
*** HOLE CARDS ***
pokdokfoktok: raises $3 to $6
B_loJkl: folds
Uncalled bet ($3) returned to pokdokfoktok
pokdokfoktok collected $6 from pot
*** SUMMARY ***
Total pot $6 | Rake $0
Seat 5: pokdokfoktok (button) (small blind) collected ($6)
Seat 6: B_loJkl (big blind) folded before Flop


PokerStars Hand #173268359585:  Hold'em Limit ($3/$6 USD) - 2017/07/20 3:40:02 ET
Table 'Puck' 10-max Seat #6 is the button
Seat 5: pokdokfoktok ($148.74 in chips)
Seat 6: B_loJkl ($169.30 in chips)
B_loJkl: posts small blind $1
pokdokfoktok: posts big blind $3
*** HOLE CARDS ***
B_loJkl: raises $3 to $6
pokdokfoktok: folds
Uncalled bet ($3) returned to B_loJkl
B_loJkl collected $6 from pot
B_loJkl: doesn't show hand
*** SUMMARY ***
Total pot $6 | Rake $0
Seat 5: pokdokfoktok (big blind) folded before Flop
Seat 6: B_loJkl (button) (small blind) collected ($6)


PokerStars Hand #173268435033:  Hold'em Limit ($3/$6 USD) - 2017/07/20 3:44:42 ET
Table 'Puck' 10-max Seat #6 is the button
Seat 5: pokdokfoktok ($85.20 in chips)
Seat 6: B_loJkl ($199.59 in chips)
B_loJkl: posts small blind $1
pokdokfoktok: posts big blind $3
*** HOLE CARDS ***
B_loJkl: raises $3 to $6
pokdokfoktok: folds
Uncalled bet ($3) returned to B_loJkl
B_loJkl collected $6 from pot
B_loJkl: doesn't show hand
*** SUMMARY ***
Total pot $6 | Rake $0
Seat 5: pokdokfoktok (big blind) folded before Flop
Seat 6: B_loJkl (button) (small blind) collected ($6)


PokerStars Hand #173268439810:  Hold'em Limit ($3/$6 USD) - 2017/07/20 3:45:00 ET
Table 'Puck' 10-max Seat #5 is the button
Seat 5: pokdokfoktok ($82.20 in chips)
Seat 6: B_loJkl ($202.59 in chips)
pokdokfoktok: posts small blind $1
B_loJkl: posts big blind $3
*** HOLE CARDS ***
pokdokfoktok: raises $3 to $6
B_loJkl: folds
Uncalled bet ($3) returned to pokdokfoktok
pokdokfoktok collected $6 from pot
*** SUMMARY ***
Total pot $6 | Rake $0
Seat 5: pokdokfoktok (button) (small blind) collected ($6)
Seat 6: B_loJkl (big blind) folded before Flop


PokerStars Hand #173268456221:  Hold'em Limit ($3/$6 USD) - 2017/07/20 3:46:00 ET
Table 'Puck' 10-max Seat #5 is the button
Seat 5: pokdokfoktok ($111.70 in chips)
Seat 6: B_loJkl ($172.59 in chips)
pokdokfoktok: posts small blind $1
B_loJkl: posts big blind $3
*** HOLE CARDS ***
pokdokfoktok: raises $3 to $6
B_loJkl: calls $3
*** FLOP *** [Jc 6d Ah]
B_loJkl: checks
pokdokfoktok: bets $3
B_loJkl: calls $3
*** TURN *** [Jc 6d Ah] [Jd]
B_loJkl: checks
pokdokfoktok: checks
*** RIVER *** [Jc 6d Ah Jd] [Ad]
B_loJkl: checks
pokdokfoktok: bets $6
B_loJkl: calls $6
*** SHOW DOWN ***
pokdokfoktok: shows [7c 5h] (two pair, Aces and Jacks)
B_loJkl: shows [8d Ks] (two pair, Aces and Jacks - King kicker)
B_loJkl collected $29.50 from pot
*** SUMMARY ***
Total pot $30 | Rake $0.50
Board [Jc 6d Ah Jd Ad]
Seat 5: pokdokfoktok (button) (small blind) showed [7c 5h] and lost with two pair, Aces and Jacks
Seat 6: B_loJkl (big blind) showed [8d Ks] and won ($29.50) with two pair, Aces and Jacks


PokerStars Hand #173268442907:  Hold'em Limit ($3/$6 USD) - 2017/07/20 3:45:11 ET
Table 'Puck' 10-max Seat #6 is the button
Seat 5: pokdokfoktok ($85.20 in chips)
Seat 6: B_loJkl ($199.59 in chips)
B_loJkl: posts small blind $1
Ale4o joins the table at seat #8
pokdokfoktok: posts big blind $3
*** HOLE CARDS ***
B_loJkl: raises $3 to $6
pokdokfoktok: calls $3
*** FLOP *** [8c 3h 8d]
pokdokfoktok: checks
B_loJkl: bets $3
pokdokfoktok: calls $3
*** TURN *** [8c 3h 8d] [Qs]
pokdokfoktok: bets $6
B_loJkl: calls $6
*** RIVER *** [8c 3h 8d Qs] [Qd]
pokdokfoktok: bets $6
B_loJkl: raises $6 to $12
pokdokfoktok: calls $6
*** SHOW DOWN ***
B_loJkl: shows [9d Tc] (two pair, Queens and Eights)
pokdokfoktok: shows [Kh 8s] (a full house, Eights full of Queens)
pokdokfoktok collected $53.50 from pot
*** SUMMARY ***
Total pot $54 | Rake $0.50
Board [8c 3h 8d Qs Qd]
Seat 5: pokdokfoktok (big blind) showed [Kh 8s] and won ($53.50) with a full house, Eights full of Queens
Seat 6: B_loJkl (button) (small blind) showed [9d Tc] and lost with two pair, Queens and Eights


PokerStars Hand #173280034189:  Hold'em Limit ($3/$6 USD) - 2017/07/20 12:44:29 ET
Table 'Puck' 10-max Seat #10 is the button
Seat 1: vestimokrec ($120 in chips)
Seat 10: Aragorn ll ($120 in chips)
Aragorn ll: posts small blind $1
vestimokrec: posts big blind $3
*** HOLE CARDS ***
Aragorn ll: calls $2
vestimokrec: checks
*** FLOP *** [5c 5h 3h]
vestimokrec: checks
B_loJkl joins the table at seat #2
Aragorn ll: checks
*** TURN *** [5c 5h 3h] [Tc]
vestimokrec: bets $6
Aragorn ll: raises $6 to $12
vestimokrec: calls $6
*** RIVER *** [5c 5h 3h Tc] [2h]
vestimokrec: checks
Aragorn ll: bets $6
vestimokrec: calls $6
*** SHOW DOWN ***
Aragorn ll: shows [9d Td] (two pair, Tens and Fives)
vestimokrec: mucks hand
Aragorn ll collected $41.50 from pot
*** SUMMARY ***
Total pot $42 | Rake $0.50
Board [5c 5h 3h Tc 2h]
Seat 1: vestimokrec (big blind) mucked
Seat 10: Aragorn ll (button) (small blind) showed [9d Td] and won ($41.50) with two pair, Tens and Fives


PokerStars Hand #173287061586:  Hold'em Limit ($3/$6 USD) - 2017/07/20 15:23:28 ET
Table 'Puck' 10-max Seat #2 is the button
Seat 2: B_loJkl ($347.30 in chips)
Seat 10: EMALAYS ($15.16 in chips)
B_loJkl: posts small blind $1
EMALAYS: posts big blind $3
*** HOLE CARDS ***
B_loJkl: raises $3 to $6
EMALAYS: folds
Uncalled bet ($3) returned to B_loJkl
B_loJkl collected $6 from pot
B_loJkl: doesn't show hand
*** SUMMARY ***
Total pot $6 | Rake $0
Seat 2: B_loJkl (button) (small blind) collected ($6)
Seat 10: EMALAYS (big blind) folded before Flop


