PokerStars Hand #144329304643:  Hold'em Limit ($3/$6 USD) - 2015/11/24 15:53:58 ET
Table 'Puck III' 6-max Seat #6 is the button
Seat 5: TinaTurner72 ($56 in chips)
Seat 6: Paulllchen ($78.49 in chips)
Paulllchen: posts small blind $1
TinaTurner72: posts big blind $3
*** HOLE CARDS ***
Adic80 joins the table at seat #1
Paulllchen: calls $2
TinaTurner72: checks
*** FLOP *** [Tc 7d 2d]
TinaTurner72: checks
Paulllchen: bets $3
TinaTurner72: folds
Uncalled bet ($3) returned to Paulllchen
Paulllchen collected $5.88 from pot
*** SUMMARY ***
Total pot $6 | Rake $0.12
Board [Tc 7d 2d]
Seat 5: TinaTurner72 (big blind) folded on the Flop
Seat 6: Paulllchen (button) (small blind) collected ($5.88)


PokerStars Hand #144329299411:  Hold'em Limit ($3/$6 USD) - 2015/11/24 15:53:53 ET
Table 'Puck III' 6-max Seat #5 is the button
Seat 5: TinaTurner72 ($53 in chips)
Seat 6: Paulllchen ($81.49 in chips)
TinaTurner72: posts small blind $1
Paulllchen: posts big blind $3
*** HOLE CARDS ***
TinaTurner72: raises $3 to $6
Paulllchen: folds
Uncalled bet ($3) returned to TinaTurner72
TinaTurner72 collected $6 from pot
TinaTurner72: doesn't show hand
*** SUMMARY ***
Total pot $6 | Rake $0
Seat 5: TinaTurner72 (button) (small blind) collected ($6)
Seat 6: Paulllchen (big blind) folded before Flop


PokerStars Hand #144329256349:  Hold'em Limit ($3/$6 USD) - 2015/11/24 15:53:08 ET
Table 'Puck III' 6-max Seat #6 is the button
Seat 5: TinaTurner72 ($65 in chips)
Seat 6: Paulllchen ($69.97 in chips)
Paulllchen: posts small blind $1
SirRomanov: is sitting out
TinaTurner72: posts big blind $3
*** HOLE CARDS ***
Paulllchen: raises $3 to $6
TinaTurner72: calls $3
*** FLOP *** [4h Jd Jh]
TinaTurner72: checks
SirRomanov leaves the table
Paulllchen: checks
*** TURN *** [4h Jd Jh] [Qh]
TinaTurner72: bets $6
Paulllchen: calls $6
*** RIVER *** [4h Jd Jh Qh] [3h]
TinaTurner72: checks
Paulllchen: bets $6
TinaTurner72: folds
Uncalled bet ($6) returned to Paulllchen
Paulllchen collected $23.52 from pot
*** SUMMARY ***
Total pot $24 | Rake $0.48
Board [4h Jd Jh Qh 3h]
Seat 5: TinaTurner72 (big blind) folded on the River
Seat 6: Paulllchen (button) (small blind) collected ($23.52)


PokerStars Hand #144329317225:  Hold'em Limit ($3/$6 USD) - 2015/11/24 15:54:11 ET
Table 'Puck III' 6-max Seat #5 is the button
Seat 5: TinaTurner72 ($53 in chips)
Seat 6: Paulllchen ($81.37 in chips)
TinaTurner72: posts small blind $1
Paulllchen: posts big blind $3
*** HOLE CARDS ***
SirRomanov joins the table at seat #2
TinaTurner72: raises $3 to $6
Paulllchen: raises $3 to $9
TinaTurner72: calls $3
*** FLOP *** [Td 2d Qh]
Paulllchen: checks
TinaTurner72: checks
*** TURN *** [Td 2d Qh] [3c]
Paulllchen: checks
TinaTurner72: bets $6
Paulllchen: folds
Uncalled bet ($6) returned to TinaTurner72
TinaTurner72 collected $17.64 from pot
TinaTurner72: doesn't show hand
*** SUMMARY ***
Total pot $18 | Rake $0.36
Board [Td 2d Qh 3c]
Seat 5: TinaTurner72 (button) (small blind) collected ($17.64)
Seat 6: Paulllchen (big blind) folded on the Turn


PokerStars Hand #144332196913:  Hold'em Limit ($3/$6 USD) - 2015/11/24 16:47:31 ET
Table 'Puck III' 6-max Seat #2 is the button
Seat 2: KKMUTA ($59.40 in chips)
Seat 5: TinaTurner72 ($84.27 in chips)
KKMUTA: posts small blind $1
Masqb was removed from the table for failing to post
TinaTurner72: posts big blind $3
*** HOLE CARDS ***
KKMUTA: raises $3 to $6
wxcvnb leaves the table
TinaTurner72: calls $3
*** FLOP *** [7h Qs 7d]
TinaTurner72: checks
KKMUTA: bets $3
TinaTurner72: calls $3
*** TURN *** [7h Qs 7d] [3h]
TinaTurner72: checks
KKMUTA: checks
*** RIVER *** [7h Qs 7d 3h] [Ts]
wxcvnb joins the table at seat #3
TinaTurner72: checks
KKMUTA: checks
*** SHOW DOWN ***
TinaTurner72: shows [Kc Jh] (a pair of Sevens)
KKMUTA: shows [Ah 9c] (a pair of Sevens - Ace kicker)
KKMUTA collected $17.64 from pot
*** SUMMARY ***
Total pot $18 | Rake $0.36
Board [7h Qs 7d 3h Ts]
Seat 2: KKMUTA (button) (small blind) showed [Ah 9c] and won ($17.64) with a pair of Sevens
Seat 5: TinaTurner72 (big blind) showed [Kc Jh] and lost with a pair of Sevens


