PokerStars Hand #175406309456:  Hold'em Limit ($3/$6 USD) - 2017/09/09 7:08:08 ET
Table 'Puck II' 6-max Seat #4 is the button
Seat 4: VolkovDmitri ($120 in chips)
Seat 5: igorkabmw ($58.65 in chips)
VolkovDmitri: posts small blind $1
igorkabmw: posts big blind $3
*** HOLE CARDS ***
VolkovDmitri: raises $3 to $6
igorkabmw: calls $3
*** FLOP *** [7c Qs 5d]
igorkabmw: checks
TbIP-TbIP 88 joins the table at seat #6
VolkovDmitri: bets $3
igorkabmw: calls $3
*** TURN *** [7c Qs 5d] [8d]
igorkabmw: checks
VolkovDmitri: checks
*** RIVER *** [7c Qs 5d 8d] [Tc]
igorkabmw: checks
VolkovDmitri: checks
*** SHOW DOWN ***
igorkabmw: shows [As 4c] (high card Ace)
VolkovDmitri: mucks hand
igorkabmw collected $17.64 from pot
*** SUMMARY ***
Total pot $18 | Rake $0.36
Board [7c Qs 5d 8d Tc]
Seat 4: VolkovDmitri (button) (small blind) mucked
Seat 5: igorkabmw (big blind) showed [As 4c] and won ($17.64) with high card Ace


PokerStars Hand #175406606044:  Hold'em Limit ($3/$6 USD) - 2017/09/09 7:18:51 ET
Table 'Puck II' 6-max Seat #6 is the button
Seat 5: igorkabmw ($52.17 in chips)
Seat 6: TbIP-TbIP 88 ($109 in chips)
TbIP-TbIP 88: posts small blind $1
jamie2000: is sitting out
igorkabmw: posts big blind $3
*** HOLE CARDS ***
TbIP-TbIP 88: raises $3 to $6
igorkabmw: raises $3 to $9
TbIP-TbIP 88: calls $3
*** FLOP *** [Th 5h Ad]
jamie2000 leaves the table
igorkabmw: bets $3
TbIP-TbIP 88: calls $3
*** TURN *** [Th 5h Ad] [7d]
igorkabmw: bets $6
TbIP-TbIP 88: calls $6
*** RIVER *** [Th 5h Ad 7d] [Kd]
igorkabmw: bets $6
TbIP-TbIP 88: calls $6
*** SHOW DOWN ***
igorkabmw: shows [Td Ts] (three of a kind, Tens)
TbIP-TbIP 88: mucks hand
igorkabmw collected $47.50 from pot
*** SUMMARY ***
Total pot $48 | Rake $0.50
Board [Th 5h Ad 7d Kd]
Seat 5: igorkabmw (big blind) showed [Td Ts] and won ($47.50) with three of a kind, Tens
Seat 6: TbIP-TbIP 88 (button) (small blind) mucked


PokerStars Hand #175406648035:  Hold'em Limit ($3/$6 USD) - 2017/09/09 7:20:24 ET
Table 'Puck II' 6-max Seat #5 is the button
Seat 5: igorkabmw ($90.95 in chips)
Seat 6: TbIP-TbIP 88 ($72 in chips)
igorkabmw: posts small blind $1
TbIP-TbIP 88: posts big blind $3
*** HOLE CARDS ***
igorkabmw: calls $2
TbIP-TbIP 88: checks
*** FLOP *** [6c Kd 4s]
TbIP-TbIP 88: bets $3
igorkabmw: calls $3
*** TURN *** [6c Kd 4s] [7c]
TbIP-TbIP 88: checks
igorkabmw: checks
*** RIVER *** [6c Kd 4s 7c] [Td]
TbIP-TbIP 88: bets $6
igorkabmw: folds
Uncalled bet ($6) returned to TbIP-TbIP 88
TbIP-TbIP 88 collected $11.76 from pot
TbIP-TbIP 88: doesn't show hand
*** SUMMARY ***
Total pot $12 | Rake $0.24
Board [6c Kd 4s 7c Td]
Seat 5: igorkabmw (button) (small blind) folded on the River
Seat 6: TbIP-TbIP 88 (big blind) collected ($11.76)


PokerStars Hand #175406640728:  Hold'em Limit ($3/$6 USD) - 2017/09/09 7:20:08 ET
Table 'Puck II' 6-max Seat #6 is the button
Seat 5: igorkabmw ($82.31 in chips)
Seat 6: TbIP-TbIP 88 ($78 in chips)
TbIP-TbIP 88: posts small blind $1
igorkabmw: posts big blind $3
*** HOLE CARDS ***
TbIP-TbIP 88: raises $3 to $6
igorkabmw: calls $3
*** FLOP *** [Jc 4d 4s]
igorkabmw: checks
TbIP-TbIP 88: bets $3
igorkabmw: calls $3
*** TURN *** [Jc 4d 4s] [5h]
igorkabmw: checks
TbIP-TbIP 88: checks
*** RIVER *** [Jc 4d 4s 5h] [Ks]
igorkabmw: bets $6
TbIP-TbIP 88: folds
Uncalled bet ($6) returned to igorkabmw
igorkabmw collected $17.64 from pot
*** SUMMARY ***
Total pot $18 | Rake $0.36
Board [Jc 4d 4s 5h Ks]
Seat 5: igorkabmw (big blind) collected ($17.64)
Seat 6: TbIP-TbIP 88 (button) (small blind) folded on the River


PokerStars Hand #175406638489:  Hold'em Limit ($3/$6 USD) - 2017/09/09 7:20:03 ET
Table 'Puck II' 6-max Seat #5 is the button
Seat 5: igorkabmw ($83.31 in chips)
Seat 6: TbIP-TbIP 88 ($77 in chips)
igorkabmw: posts small blind $1
TbIP-TbIP 88: posts big blind $3
*** HOLE CARDS ***
igorkabmw: folds
Uncalled bet ($2) returned to TbIP-TbIP 88
TbIP-TbIP 88 collected $2 from pot
TbIP-TbIP 88: doesn't show hand
*** SUMMARY ***
Total pot $2 | Rake $0
Seat 5: igorkabmw (button) (small blind) folded before Flop
Seat 6: TbIP-TbIP 88 (big blind) collected ($2)


PokerStars Hand #175406633539:  Hold'em Limit ($3/$6 USD) - 2017/09/09 7:19:52 ET
Table 'Puck II' 6-max Seat #6 is the button
Seat 5: igorkabmw ($74.67 in chips)
Seat 6: TbIP-TbIP 88 ($86 in chips)
TbIP-TbIP 88: posts small blind $1
igorkabmw: posts big blind $3
*** HOLE CARDS ***
TbIP-TbIP 88: raises $3 to $6
igorkabmw: calls $3
*** FLOP *** [3c 8h 9h]
igorkabmw: bets $3
TbIP-TbIP 88: calls $3
*** TURN *** [3c 8h 9h] [Td]
igorkabmw: bets $6
TbIP-TbIP 88: folds
Uncalled bet ($6) returned to igorkabmw
igorkabmw collected $17.64 from pot
*** SUMMARY ***
Total pot $18 | Rake $0.36
Board [3c 8h 9h Td]
Seat 5: igorkabmw (big blind) collected ($17.64)
Seat 6: TbIP-TbIP 88 (button) (small blind) folded on the Turn


PokerStars Hand #175406630030:  Hold'em Limit ($3/$6 USD) - 2017/09/09 7:19:44 ET
Table 'Puck II' 6-max Seat #5 is the button
Seat 5: igorkabmw ($75.67 in chips)
Seat 6: TbIP-TbIP 88 ($85 in chips)
igorkabmw: posts small blind $1
TbIP-TbIP 88: posts big blind $3
*** HOLE CARDS ***
igorkabmw: folds
Uncalled bet ($2) returned to TbIP-TbIP 88
TbIP-TbIP 88 collected $2 from pot
TbIP-TbIP 88: doesn't show hand
*** SUMMARY ***
Total pot $2 | Rake $0
Seat 5: igorkabmw (button) (small blind) folded before Flop
Seat 6: TbIP-TbIP 88 (big blind) collected ($2)


PokerStars Hand #175406681828:  Hold'em Limit ($3/$6 USD) - 2017/09/09 7:21:39 ET
Table 'Puck II' 6-max Seat #5 is the button
Seat 5: igorkabmw ($109.09 in chips)
Seat 6: TbIP-TbIP 88 ($72 in chips)
igorkabmw: posts small blind $1
TbIP-TbIP 88: posts big blind $3
*** HOLE CARDS ***
igorkabmw: folds
Uncalled bet ($2) returned to TbIP-TbIP 88
TbIP-TbIP 88 collected $2 from pot
TbIP-TbIP 88: doesn't show hand
*** SUMMARY ***
Total pot $2 | Rake $0
Seat 5: igorkabmw (button) (small blind) folded before Flop
Seat 6: TbIP-TbIP 88 (big blind) collected ($2)


PokerStars Hand #175406672621:  Hold'em Limit ($3/$6 USD) - 2017/09/09 7:21:18 ET
Table 'Puck II' 6-max Seat #6 is the button
Seat 5: igorkabmw ($82.59 in chips)
Seat 6: TbIP-TbIP 88 ($82.64 in chips)
TbIP-TbIP 88: posts small blind $1
igorkabmw: posts big blind $3
*** HOLE CARDS ***
TbIP-TbIP 88: raises $3 to $6
igorkabmw: calls $3
*** FLOP *** [Kc 3h Kd]
igorkabmw: bets $3
TbIP-TbIP 88: calls $3
*** TURN *** [Kc 3h Kd] [Ad]
igorkabmw: bets $6
TbIP-TbIP 88: calls $6
*** RIVER *** [Kc 3h Kd Ad] [9d]
igorkabmw: checks
TbIP-TbIP 88: bets $6
igorkabmw: raises $6 to $12
TbIP-TbIP 88: calls $6
*** SHOW DOWN ***
igorkabmw: shows [2h Ks] (three of a kind, Kings)
TbIP-TbIP 88: mucks hand
igorkabmw collected $53.50 from pot
*** SUMMARY ***
Total pot $54 | Rake $0.50
Board [Kc 3h Kd Ad 9d]
Seat 5: igorkabmw (big blind) showed [2h Ks] and won ($53.50) with three of a kind, Kings
Seat 6: TbIP-TbIP 88 (button) (small blind) mucked


PokerStars Hand #175406670497:  Hold'em Limit ($3/$6 USD) - 2017/09/09 7:21:14 ET
Table 'Puck II' 6-max Seat #5 is the button
Seat 5: igorkabmw ($83.59 in chips)
Seat 6: TbIP-TbIP 88 ($81.64 in chips)
igorkabmw: posts small blind $1
TbIP-TbIP 88: posts big blind $3
*** HOLE CARDS ***
igorkabmw: folds
Uncalled bet ($2) returned to TbIP-TbIP 88
TbIP-TbIP 88 collected $2 from pot
TbIP-TbIP 88: doesn't show hand
*** SUMMARY ***
Total pot $2 | Rake $0
Seat 5: igorkabmw (button) (small blind) folded before Flop
Seat 6: TbIP-TbIP 88 (big blind) collected ($2)


PokerStars Hand #175406663608:  Hold'em Limit ($3/$6 USD) - 2017/09/09 7:20:58 ET
Table 'Puck II' 6-max Seat #6 is the button
Seat 5: igorkabmw ($92.59 in chips)
Seat 6: TbIP-TbIP 88 ($73 in chips)
TbIP-TbIP 88: posts small blind $1
igorkabmw: posts big blind $3
*** HOLE CARDS ***
TbIP-TbIP 88: raises $3 to $6
igorkabmw: calls $3
*** FLOP *** [3h 9s 9c]
igorkabmw: checks
TbIP-TbIP 88: bets $3
igorkabmw: calls $3
*** TURN *** [3h 9s 9c] [7h]
igorkabmw: checks
TbIP-TbIP 88: bets $6
igorkabmw: folds
Uncalled bet ($6) returned to TbIP-TbIP 88
TbIP-TbIP 88 collected $17.64 from pot
TbIP-TbIP 88: doesn't show hand
*** SUMMARY ***
Total pot $18 | Rake $0.36
Board [3h 9s 9c 7h]
Seat 5: igorkabmw (big blind) folded on the Turn
Seat 6: TbIP-TbIP 88 (button) (small blind) collected ($17.64)


PokerStars Hand #175406661516:  Hold'em Limit ($3/$6 USD) - 2017/09/09 7:20:54 ET
Table 'Puck II' 6-max Seat #5 is the button
Seat 5: igorkabmw ($93.59 in chips)
Seat 6: TbIP-TbIP 88 ($72 in chips)
igorkabmw: posts small blind $1
TbIP-TbIP 88: posts big blind $3
*** HOLE CARDS ***
igorkabmw: folds
Uncalled bet ($2) returned to TbIP-TbIP 88
TbIP-TbIP 88 collected $2 from pot
TbIP-TbIP 88: doesn't show hand
*** SUMMARY ***
Total pot $2 | Rake $0
Seat 5: igorkabmw (button) (small blind) folded before Flop
Seat 6: TbIP-TbIP 88 (big blind) collected ($2)


PokerStars Hand #175406654708:  Hold'em Limit ($3/$6 USD) - 2017/09/09 7:20:38 ET
Table 'Puck II' 6-max Seat #6 is the button
Seat 5: igorkabmw ($84.95 in chips)
Seat 6: TbIP-TbIP 88 ($77.76 in chips)
TbIP-TbIP 88: posts small blind $1
igorkabmw: posts big blind $3
*** HOLE CARDS ***
TbIP-TbIP 88: raises $3 to $6
igorkabmw: raises $3 to $9
TbIP-TbIP 88: calls $3
*** FLOP *** [Kc 4d 6c]
igorkabmw: bets $3
TbIP-TbIP 88: folds
Uncalled bet ($3) returned to igorkabmw
igorkabmw collected $17.64 from pot
*** SUMMARY ***
Total pot $18 | Rake $0.36
Board [Kc 4d 6c]
Seat 5: igorkabmw (big blind) collected ($17.64)
Seat 6: TbIP-TbIP 88 (button) (small blind) folded on the Flop


PokerStars Hand #175406695981:  Hold'em Limit ($3/$6 USD) - 2017/09/09 7:22:10 ET
Table 'Puck II' 6-max Seat #6 is the button
Seat 5: igorkabmw ($101.09 in chips)
Seat 6: TbIP-TbIP 88 ($79.76 in chips)
TbIP-TbIP 88: posts small blind $1
igorkabmw: posts big blind $3
*** HOLE CARDS ***
TbIP-TbIP 88: raises $3 to $6
igorkabmw: calls $3
*** FLOP *** [5h Qs 3c]
igorkabmw: bets $3
TbIP-TbIP 88: calls $3
*** TURN *** [5h Qs 3c] [2h]
igorkabmw: bets $6
TbIP-TbIP 88: calls $6
*** RIVER *** [5h Qs 3c 2h] [Qc]
igorkabmw: bets $6
TbIP-TbIP 88: calls $6
*** SHOW DOWN ***
igorkabmw: shows [3h Js] (two pair, Queens and Threes)
TbIP-TbIP 88: mucks hand
igorkabmw collected $41.50 from pot
*** SUMMARY ***
Total pot $42 | Rake $0.50
Board [5h Qs 3c 2h Qc]
Seat 5: igorkabmw (big blind) showed [3h Js] and won ($41.50) with two pair, Queens and Threes
Seat 6: TbIP-TbIP 88 (button) (small blind) mucked


PokerStars Hand #175406693602:  Hold'em Limit ($3/$6 USD) - 2017/09/09 7:22:05 ET
Table 'Puck II' 6-max Seat #5 is the button
Seat 5: igorkabmw ($102.09 in chips)
Seat 6: TbIP-TbIP 88 ($78.76 in chips)
igorkabmw: posts small blind $1
TbIP-TbIP 88: posts big blind $3
*** HOLE CARDS ***
igorkabmw: folds
Uncalled bet ($2) returned to TbIP-TbIP 88
TbIP-TbIP 88 collected $2 from pot
TbIP-TbIP 88: doesn't show hand
*** SUMMARY ***
Total pot $2 | Rake $0
Seat 5: igorkabmw (button) (small blind) folded before Flop
Seat 6: TbIP-TbIP 88 (big blind) collected ($2)


PokerStars Hand #175406691518:  Hold'em Limit ($3/$6 USD) - 2017/09/09 7:22:00 ET
Table 'Puck II' 6-max Seat #6 is the button
Seat 5: igorkabmw ($101.09 in chips)
Seat 6: TbIP-TbIP 88 ($79.76 in chips)
TbIP-TbIP 88: posts small blind $1
igorkabmw: posts big blind $3
*** HOLE CARDS ***
TbIP-TbIP 88: folds
Uncalled bet ($2) returned to igorkabmw
igorkabmw collected $2 from pot
*** SUMMARY ***
Total pot $2 | Rake $0
Seat 5: igorkabmw (big blind) collected ($2)
Seat 6: TbIP-TbIP 88 (button) (small blind) folded before Flop


PokerStars Hand #175406689246:  Hold'em Limit ($3/$6 USD) - 2017/09/09 7:21:55 ET
Table 'Puck II' 6-max Seat #5 is the button
Seat 5: igorkabmw ($102.09 in chips)
Seat 6: TbIP-TbIP 88 ($78.76 in chips)
igorkabmw: posts small blind $1
TbIP-TbIP 88: posts big blind $3
*** HOLE CARDS ***
igorkabmw: folds
Uncalled bet ($2) returned to TbIP-TbIP 88
TbIP-TbIP 88 collected $2 from pot
TbIP-TbIP 88: doesn't show hand
*** SUMMARY ***
Total pot $2 | Rake $0
Seat 5: igorkabmw (button) (small blind) folded before Flop
Seat 6: TbIP-TbIP 88 (big blind) collected ($2)


PokerStars Hand #175406684846:  Hold'em Limit ($3/$6 USD) - 2017/09/09 7:21:45 ET
Table 'Puck II' 6-max Seat #6 is the button
Seat 5: igorkabmw ($108.09 in chips)
Seat 6: TbIP-TbIP 88 ($73 in chips)
TbIP-TbIP 88: posts small blind $1
igorkabmw: posts big blind $3
*** HOLE CARDS ***
TbIP-TbIP 88: raises $3 to $6
igorkabmw: calls $3
*** FLOP *** [7h 4s Qs]
igorkabmw: checks
TbIP-TbIP 88: bets $3
igorkabmw: folds
Uncalled bet ($3) returned to TbIP-TbIP 88
TbIP-TbIP 88 collected $11.76 from pot
TbIP-TbIP 88: doesn't show hand
*** SUMMARY ***
Total pot $12 | Rake $0.24
Board [7h 4s Qs]
Seat 5: igorkabmw (big blind) folded on the Flop
Seat 6: TbIP-TbIP 88 (button) (small blind) collected ($11.76)


PokerStars Hand #175406731161:  Hold'em Limit ($3/$6 USD) - 2017/09/09 7:23:28 ET
Table 'Puck II' 6-max Seat #5 is the button
Seat 5: igorkabmw ($113.59 in chips)
Seat 6: TbIP-TbIP 88 ($79.64 in chips)
igorkabmw: posts small blind $1
TbIP-TbIP 88: posts big blind $3
*** HOLE CARDS ***
igorkabmw: calls $2
TbIP-TbIP 88: checks
*** FLOP *** [4h Jc 3h]
TbIP-TbIP 88: bets $3
igorkabmw: calls $3
*** TURN *** [4h Jc 3h] [Jd]
TbIP-TbIP 88: bets $6
igorkabmw: folds
Uncalled bet ($6) returned to TbIP-TbIP 88
TbIP-TbIP 88 collected $11.76 from pot
TbIP-TbIP 88: doesn't show hand
*** SUMMARY ***
Total pot $12 | Rake $0.24
Board [4h Jc 3h Jd]
Seat 5: igorkabmw (button) (small blind) folded on the Turn
Seat 6: TbIP-TbIP 88 (big blind) collected ($11.76)


PokerStars Hand #175406729149:  Hold'em Limit ($3/$6 USD) - 2017/09/09 7:23:23 ET
Table 'Puck II' 6-max Seat #6 is the button
Seat 5: igorkabmw ($112.59 in chips)
Seat 6: TbIP-TbIP 88 ($80.64 in chips)
TbIP-TbIP 88: posts small blind $1
igorkabmw: posts big blind $3
*** HOLE CARDS ***
TbIP-TbIP 88: folds
Uncalled bet ($2) returned to igorkabmw
igorkabmw collected $2 from pot
*** SUMMARY ***
Total pot $2 | Rake $0
Seat 5: igorkabmw (big blind) collected ($2)
Seat 6: TbIP-TbIP 88 (button) (small blind) folded before Flop


PokerStars Hand #175406726678:  Hold'em Limit ($3/$6 USD) - 2017/09/09 7:23:18 ET
Table 'Puck II' 6-max Seat #5 is the button
Seat 5: igorkabmw ($113.59 in chips)
Seat 6: TbIP-TbIP 88 ($79.64 in chips)
igorkabmw: posts small blind $1
TbIP-TbIP 88: posts big blind $3
*** HOLE CARDS ***
igorkabmw: folds
Uncalled bet ($2) returned to TbIP-TbIP 88
TbIP-TbIP 88 collected $2 from pot
TbIP-TbIP 88: doesn't show hand
*** SUMMARY ***
Total pot $2 | Rake $0
Seat 5: igorkabmw (button) (small blind) folded before Flop
Seat 6: TbIP-TbIP 88 (big blind) collected ($2)


PokerStars Hand #175406724552:  Hold'em Limit ($3/$6 USD) - 2017/09/09 7:23:13 ET
Table 'Puck II' 6-max Seat #6 is the button
Seat 5: igorkabmw ($112.59 in chips)
Seat 6: TbIP-TbIP 88 ($80.64 in chips)
TbIP-TbIP 88: posts small blind $1
igorkabmw: posts big blind $3
*** HOLE CARDS ***
TbIP-TbIP 88: folds
Uncalled bet ($2) returned to igorkabmw
igorkabmw collected $2 from pot
*** SUMMARY ***
Total pot $2 | Rake $0
Seat 5: igorkabmw (big blind) collected ($2)
Seat 6: TbIP-TbIP 88 (button) (small blind) folded before Flop


PokerStars Hand #175406714177:  Hold'em Limit ($3/$6 USD) - 2017/09/09 7:22:50 ET
Table 'Puck II' 6-max Seat #5 is the button
Seat 5: igorkabmw ($121.59 in chips)
Seat 6: TbIP-TbIP 88 ($72 in chips)
igorkabmw: posts small blind $1
TbIP-TbIP 88: posts big blind $3
*** HOLE CARDS ***
igorkabmw: calls $2
TbIP-TbIP 88: raises $3 to $6
igorkabmw: calls $3
*** FLOP *** [Qd 5d 2c]
TbIP-TbIP 88: bets $3
igorkabmw: calls $3
*** TURN *** [Qd 5d 2c] [2s]
TbIP-TbIP 88: checks
igorkabmw: checks
*** RIVER *** [Qd 5d 2c 2s] [Qs]
TbIP-TbIP 88: checks
igorkabmw: checks
*** SHOW DOWN ***
TbIP-TbIP 88: shows [Jh Th] (two pair, Queens and Deuces)
igorkabmw: mucks hand
TbIP-TbIP 88 collected $17.64 from pot
*** SUMMARY ***
Total pot $18 | Rake $0.36
Board [Qd 5d 2c 2s Qs]
Seat 5: igorkabmw (button) (small blind) mucked
Seat 6: TbIP-TbIP 88 (big blind) showed [Jh Th] and won ($17.64) with two pair, Queens and Deuces


PokerStars Hand #175406742238:  Hold'em Limit ($3/$6 USD) - 2017/09/09 7:23:52 ET
Table 'Puck II' 6-max Seat #5 is the button
Seat 5: igorkabmw ($116.23 in chips)
Seat 6: TbIP-TbIP 88 ($76.40 in chips)
igorkabmw: posts small blind $1
TbIP-TbIP 88: posts big blind $3
*** HOLE CARDS ***
igorkabmw: folds
Uncalled bet ($2) returned to TbIP-TbIP 88
TbIP-TbIP 88 collected $2 from pot
TbIP-TbIP 88: doesn't show hand
*** SUMMARY ***
Total pot $2 | Rake $0
Seat 5: igorkabmw (button) (small blind) folded before Flop
Seat 6: TbIP-TbIP 88 (big blind) collected ($2)


PokerStars Hand #175406736474:  Hold'em Limit ($3/$6 USD) - 2017/09/09 7:23:40 ET
Table 'Puck II' 6-max Seat #6 is the button
Seat 5: igorkabmw ($107.59 in chips)
Seat 6: TbIP-TbIP 88 ($85.40 in chips)
TbIP-TbIP 88: posts small blind $1
igorkabmw: posts big blind $3
*** HOLE CARDS ***
TbIP-TbIP 88: raises $3 to $6
igorkabmw: raises $3 to $9
TbIP-TbIP 88: calls $3
*** FLOP *** [Ks Ad 8d]
igorkabmw: bets $3
TbIP-TbIP 88: folds
Uncalled bet ($3) returned to igorkabmw
igorkabmw collected $17.64 from pot
*** SUMMARY ***
Total pot $18 | Rake $0.36
Board [Ks Ad 8d]
Seat 5: igorkabmw (big blind) collected ($17.64)
Seat 6: TbIP-TbIP 88 (button) (small blind) folded on the Flop


PokerStars Hand #175406760097:  Hold'em Limit ($3/$6 USD) - 2017/09/09 7:24:32 ET
Table 'Puck II' 6-max Seat #6 is the button
Seat 5: igorkabmw ($91.23 in chips)
Seat 6: TbIP-TbIP 88 ($100.66 in chips)
TbIP-TbIP 88: posts small blind $1
igorkabmw: posts big blind $3
*** HOLE CARDS ***
TbIP-TbIP 88: raises $3 to $6
igorkabmw: calls $3
*** FLOP *** [8d 8h Ah]
igorkabmw: bets $3
TbIP-TbIP 88: calls $3
*** TURN *** [8d 8h Ah] [As]
igorkabmw: bets $6
TbIP-TbIP 88: calls $6
*** RIVER *** [8d 8h Ah As] [Qs]
igorkabmw: bets $6
TbIP-TbIP 88: calls $6
*** SHOW DOWN ***
igorkabmw: shows [2h Kd] (two pair, Aces and Eights)
TbIP-TbIP 88: shows [8s Qc] (a full house, Eights full of Aces)
TbIP-TbIP 88 collected $41.50 from pot
*** SUMMARY ***
Total pot $42 | Rake $0.50
Board [8d 8h Ah As Qs]
Seat 5: igorkabmw (big blind) showed [2h Kd] and lost with two pair, Aces and Eights
Seat 6: TbIP-TbIP 88 (button) (small blind) showed [8s Qc] and won ($41.50) with a full house, Eights full of Aces


PokerStars Hand #175406754121:  Hold'em Limit ($3/$6 USD) - 2017/09/09 7:24:19 ET
Table 'Puck II' 6-max Seat #5 is the button
Seat 5: igorkabmw ($97.23 in chips)
Seat 6: TbIP-TbIP 88 ($94.90 in chips)
igorkabmw: posts small blind $1
TbIP-TbIP 88: posts big blind $3
*** HOLE CARDS ***
igorkabmw: raises $3 to $6
TbIP-TbIP 88: calls $3
*** FLOP *** [6d 7s 5h]
TbIP-TbIP 88: checks
igorkabmw: checks
*** TURN *** [6d 7s 5h] [5d]
TbIP-TbIP 88: bets $6
igorkabmw: folds
Uncalled bet ($6) returned to TbIP-TbIP 88
TbIP-TbIP 88 collected $11.76 from pot
TbIP-TbIP 88: doesn't show hand
*** SUMMARY ***
Total pot $12 | Rake $0.24
Board [6d 7s 5h 5d]
Seat 5: igorkabmw (button) (small blind) folded on the Turn
Seat 6: TbIP-TbIP 88 (big blind) collected ($11.76)


PokerStars Hand #175406744325:  Hold'em Limit ($3/$6 USD) - 2017/09/09 7:23:57 ET
Table 'Puck II' 6-max Seat #6 is the button
Seat 5: igorkabmw ($115.23 in chips)
Seat 6: TbIP-TbIP 88 ($77.40 in chips)
TbIP-TbIP 88: posts small blind $1
igorkabmw: posts big blind $3
*** HOLE CARDS ***
TbIP-TbIP 88: raises $3 to $6
igorkabmw: raises $3 to $9
TbIP-TbIP 88: calls $3
*** FLOP *** [4d 7h Qs]
igorkabmw: bets $3
TbIP-TbIP 88: calls $3
*** TURN *** [4d 7h Qs] [5h]
igorkabmw: checks
TbIP-TbIP 88: checks
*** RIVER *** [4d 7h Qs 5h] [3s]
igorkabmw: checks
TbIP-TbIP 88: bets $6
igorkabmw: calls $6
*** SHOW DOWN ***
TbIP-TbIP 88: shows [9h 6h] (a straight, Three to Seven)
igorkabmw: mucks hand
TbIP-TbIP 88 collected $35.50 from pot
*** SUMMARY ***
Total pot $36 | Rake $0.50
Board [4d 7h Qs 5h 3s]
Seat 5: igorkabmw (big blind) mucked
Seat 6: TbIP-TbIP 88 (button) (small blind) showed [9h 6h] and won ($35.50) with a straight, Three to Seven


PokerStars Hand #175406785847:  Hold'em Limit ($3/$6 USD) - 2017/09/09 7:25:29 ET
Table 'Puck II' 6-max Seat #6 is the button
Seat 5: igorkabmw ($81.73 in chips)
Seat 6: TbIP-TbIP 88 ($108.80 in chips)
TbIP-TbIP 88: posts small blind $1
igorkabmw: posts big blind $3
*** HOLE CARDS ***
TbIP-TbIP 88: folds
Uncalled bet ($2) returned to igorkabmw
igorkabmw collected $2 from pot
*** SUMMARY ***
Total pot $2 | Rake $0
Seat 5: igorkabmw (big blind) collected ($2)
Seat 6: TbIP-TbIP 88 (button) (small blind) folded before Flop


PokerStars Hand #175406777347:  Hold'em Limit ($3/$6 USD) - 2017/09/09 7:25:10 ET
Table 'Puck II' 6-max Seat #5 is the button
Seat 5: igorkabmw ($58.23 in chips)
Seat 6: TbIP-TbIP 88 ($132.80 in chips)
igorkabmw: posts small blind $1
TbIP-TbIP 88: posts big blind $3
*** HOLE CARDS ***
igorkabmw: raises $3 to $6
TbIP-TbIP 88: raises $3 to $9
igorkabmw: calls $3
*** FLOP *** [9h 6d 8d]
TbIP-TbIP 88: bets $3
igorkabmw: calls $3
*** TURN *** [9h 6d 8d] [2s]
TbIP-TbIP 88: bets $6
igorkabmw: calls $6
*** RIVER *** [9h 6d 8d 2s] [Td]
TbIP-TbIP 88: checks
igorkabmw: bets $6
TbIP-TbIP 88: calls $6
*** SHOW DOWN ***
igorkabmw: shows [7s 6c] (a straight, Six to Ten)
TbIP-TbIP 88: mucks hand
igorkabmw collected $47.50 from pot
*** SUMMARY ***
Total pot $48 | Rake $0.50
Board [9h 6d 8d 2s Td]
Seat 5: igorkabmw (button) (small blind) showed [7s 6c] and won ($47.50) with a straight, Six to Ten
Seat 6: TbIP-TbIP 88 (big blind) mucked


PokerStars Hand #175406774596:  Hold'em Limit ($3/$6 USD) - 2017/09/09 7:25:04 ET
Table 'Puck II' 6-max Seat #6 is the button
Seat 5: igorkabmw ($61.23 in chips)
Seat 6: TbIP-TbIP 88 ($129.80 in chips)
TbIP-TbIP 88: posts small blind $1
igorkabmw: posts big blind $3
*** HOLE CARDS ***
TbIP-TbIP 88: raises $3 to $6
igorkabmw: folds
Uncalled bet ($3) returned to TbIP-TbIP 88
TbIP-TbIP 88 collected $6 from pot
TbIP-TbIP 88: doesn't show hand
*** SUMMARY ***
Total pot $6 | Rake $0
Seat 5: igorkabmw (big blind) folded before Flop
Seat 6: TbIP-TbIP 88 (button) (small blind) collected ($6)


PokerStars Hand #175406766468:  Hold'em Limit ($3/$6 USD) - 2017/09/09 7:24:46 ET
Table 'Puck II' 6-max Seat #5 is the button
Seat 5: igorkabmw ($70.23 in chips)
Seat 6: TbIP-TbIP 88 ($121.16 in chips)
igorkabmw: posts small blind $1
TbIP-TbIP 88: posts big blind $3
*** HOLE CARDS ***
igorkabmw: calls $2
TbIP-TbIP 88: raises $3 to $6
igorkabmw: calls $3
*** FLOP *** [Qc 9c Kd]
TbIP-TbIP 88: bets $3
igorkabmw: calls $3
*** TURN *** [Qc 9c Kd] [8c]
TbIP-TbIP 88: checks
igorkabmw: checks
*** RIVER *** [Qc 9c Kd 8c] [6d]
TbIP-TbIP 88: checks
igorkabmw: checks
*** SHOW DOWN ***
TbIP-TbIP 88: shows [Td Ac] (high card Ace)
igorkabmw: mucks hand
TbIP-TbIP 88 collected $17.64 from pot
*** SUMMARY ***
Total pot $18 | Rake $0.36
Board [Qc 9c Kd 8c 6d]
Seat 5: igorkabmw (button) (small blind) mucked
Seat 6: TbIP-TbIP 88 (big blind) showed [Td Ac] and won ($17.64) with high card Ace


PokerStars Hand #175406815166:  Hold'em Limit ($3/$6 USD) - 2017/09/09 7:26:34 ET
Table 'Puck II' 6-max Seat #6 is the button
Seat 5: igorkabmw ($95.87 in chips)
Seat 6: TbIP-TbIP 88 ($93.30 in chips)
TbIP-TbIP 88: posts small blind $1
igorkabmw: posts big blind $3
*** HOLE CARDS ***
TbIP-TbIP 88: raises $3 to $6
igorkabmw: calls $3
*** FLOP *** [8s Kh Qd]
igorkabmw: checks
TbIP-TbIP 88: checks
*** TURN *** [8s Kh Qd] [Ah]
igorkabmw: checks
TbIP-TbIP 88: bets $6
igorkabmw: folds
Uncalled bet ($6) returned to TbIP-TbIP 88
TbIP-TbIP 88 collected $11.76 from pot
TbIP-TbIP 88: doesn't show hand
*** SUMMARY ***
Total pot $12 | Rake $0.24
Board [8s Kh Qd Ah]
Seat 5: igorkabmw (big blind) folded on the Turn
Seat 6: TbIP-TbIP 88 (button) (small blind) collected ($11.76)


PokerStars Hand #175406813023:  Hold'em Limit ($3/$6 USD) - 2017/09/09 7:26:29 ET
Table 'Puck II' 6-max Seat #5 is the button
Seat 5: igorkabmw ($96.87 in chips)
Seat 6: TbIP-TbIP 88 ($92.30 in chips)
igorkabmw: posts small blind $1
TbIP-TbIP 88: posts big blind $3
*** HOLE CARDS ***
igorkabmw: folds
Uncalled bet ($2) returned to TbIP-TbIP 88
TbIP-TbIP 88 collected $2 from pot
TbIP-TbIP 88: doesn't show hand
*** SUMMARY ***
Total pot $2 | Rake $0
Seat 5: igorkabmw (button) (small blind) folded before Flop
Seat 6: TbIP-TbIP 88 (big blind) collected ($2)


PokerStars Hand #175406807737:  Hold'em Limit ($3/$6 USD) - 2017/09/09 7:26:18 ET
Table 'Puck II' 6-max Seat #6 is the button
Seat 5: igorkabmw ($88.23 in chips)
Seat 6: TbIP-TbIP 88 ($101.30 in chips)
TbIP-TbIP 88: posts small blind $1
igorkabmw: posts big blind $3
*** HOLE CARDS ***
TbIP-TbIP 88: raises $3 to $6
igorkabmw: raises $3 to $9
TbIP-TbIP 88: calls $3
*** FLOP *** [Kd 6h 9c]
igorkabmw: bets $3
TbIP-TbIP 88: folds
Uncalled bet ($3) returned to igorkabmw
igorkabmw collected $17.64 from pot
*** SUMMARY ***
Total pot $18 | Rake $0.36
Board [Kd 6h 9c]
Seat 5: igorkabmw (big blind) collected ($17.64)
Seat 6: TbIP-TbIP 88 (button) (small blind) folded on the Flop


PokerStars Hand #175406800382:  Hold'em Limit ($3/$6 USD) - 2017/09/09 7:26:02 ET
Table 'Puck II' 6-max Seat #5 is the button
Seat 5: igorkabmw ($103.23 in chips)
Seat 6: TbIP-TbIP 88 ($86.80 in chips)
igorkabmw: posts small blind $1
TbIP-TbIP 88: posts big blind $3
*** HOLE CARDS ***
igorkabmw: raises $3 to $6
TbIP-TbIP 88: calls $3
*** FLOP *** [8s 2c Jh]
TbIP-TbIP 88: checks
igorkabmw: bets $3
TbIP-TbIP 88: calls $3
*** TURN *** [8s 2c Jh] [8d]
TbIP-TbIP 88: checks
igorkabmw: checks
*** RIVER *** [8s 2c Jh 8d] [2s]
TbIP-TbIP 88: bets $6
igorkabmw: calls $6
*** SHOW DOWN ***
TbIP-TbIP 88: shows [8h 7h] (a full house, Eights full of Deuces)
igorkabmw: mucks hand
TbIP-TbIP 88 collected $29.50 from pot
*** SUMMARY ***
Total pot $30 | Rake $0.50
Board [8s 2c Jh 8d 2s]
Seat 5: igorkabmw (button) (small blind) mucked
Seat 6: TbIP-TbIP 88 (big blind) showed [8h 7h] and won ($29.50) with a full house, Eights full of Deuces


PokerStars Hand #175406797697:  Hold'em Limit ($3/$6 USD) - 2017/09/09 7:25:56 ET
Table 'Puck II' 6-max Seat #6 is the button
Seat 5: igorkabmw ($106.23 in chips)
Seat 6: TbIP-TbIP 88 ($83.80 in chips)
TbIP-TbIP 88: posts small blind $1
igorkabmw: posts big blind $3
*** HOLE CARDS ***
TbIP-TbIP 88: raises $3 to $6
igorkabmw: folds
Uncalled bet ($3) returned to TbIP-TbIP 88
TbIP-TbIP 88 collected $6 from pot
TbIP-TbIP 88: doesn't show hand
*** SUMMARY ***
Total pot $6 | Rake $0
Seat 5: igorkabmw (big blind) folded before Flop
Seat 6: TbIP-TbIP 88 (button) (small blind) collected ($6)


PokerStars Hand #175406788564:  Hold'em Limit ($3/$6 USD) - 2017/09/09 7:25:36 ET
Table 'Puck II' 6-max Seat #5 is the button
Seat 5: igorkabmw ($82.73 in chips)
Seat 6: TbIP-TbIP 88 ($107.80 in chips)
igorkabmw: posts small blind $1
TbIP-TbIP 88: posts big blind $3
*** HOLE CARDS ***
igorkabmw: raises $3 to $6
TbIP-TbIP 88: calls $3
*** FLOP *** [8d 2h Ks]
TbIP-TbIP 88: checks
igorkabmw: checks
*** TURN *** [8d 2h Ks] [5c]
TbIP-TbIP 88: bets $6
igorkabmw: calls $6
*** RIVER *** [8d 2h Ks 5c] [Tc]
TbIP-TbIP 88: bets $6
igorkabmw: raises $6 to $12
TbIP-TbIP 88: calls $6
*** SHOW DOWN ***
igorkabmw: shows [Ts Kc] (two pair, Kings and Tens)
TbIP-TbIP 88: mucks hand
igorkabmw collected $47.50 from pot
*** SUMMARY ***
Total pot $48 | Rake $0.50
Board [8d 2h Ks 5c Tc]
Seat 5: igorkabmw (button) (small blind) showed [Ts Kc] and won ($47.50) with two pair, Kings and Tens
Seat 6: TbIP-TbIP 88 (big blind) mucked


PokerStars Hand #175406820541:  Hold'em Limit ($3/$6 USD) - 2017/09/09 7:26:46 ET
Table 'Puck II' 6-max Seat #5 is the button
Seat 5: igorkabmw ($89.87 in chips)
Seat 6: TbIP-TbIP 88 ($99.06 in chips)
igorkabmw: posts small blind $1
TbIP-TbIP 88: posts big blind $3
*** HOLE CARDS ***
igorkabmw: calls $2
TbIP-TbIP 88: raises $3 to $6
igorkabmw: raises $3 to $9
TbIP-TbIP 88: calls $3
*** FLOP *** [Ts 4c 8d]
TbIP-TbIP 88: checks
igorkabmw: bets $3
TbIP-TbIP 88: calls $3
*** TURN *** [Ts 4c 8d] [Kd]
TbIP-TbIP 88: checks
igorkabmw: bets $6
TbIP-TbIP 88: calls $6
*** RIVER *** [Ts 4c 8d Kd] [7s]
TbIP-TbIP 88: checks
igorkabmw: checks
*** SHOW DOWN ***
TbIP-TbIP 88: shows [Ad 4h] (a pair of Fours)
igorkabmw: shows [Js Jd] (a pair of Jacks)
igorkabmw collected $35.50 from pot
*** SUMMARY ***
Total pot $36 | Rake $0.50
Board [Ts 4c 8d Kd 7s]
Seat 5: igorkabmw (button) (small blind) showed [Js Jd] and won ($35.50) with a pair of Jacks
Seat 6: TbIP-TbIP 88 (big blind) showed [Ad 4h] and lost with a pair of Fours


PokerStars Hand #175406840352:  Hold'em Limit ($3/$6 USD) - 2017/09/09 7:27:30 ET
Table 'Puck II' 6-max Seat #5 is the button
Seat 5: igorkabmw ($89.37 in chips)
Seat 6: TbIP-TbIP 88 ($98.56 in chips)
igorkabmw: posts small blind $1
TbIP-TbIP 88: posts big blind $3
*** HOLE CARDS ***
igorkabmw: folds
Uncalled bet ($2) returned to TbIP-TbIP 88
TbIP-TbIP 88 collected $2 from pot
TbIP-TbIP 88: doesn't show hand
*** SUMMARY ***
Total pot $2 | Rake $0
Seat 5: igorkabmw (button) (small blind) folded before Flop
Seat 6: TbIP-TbIP 88 (big blind) collected ($2)


PokerStars Hand #175406828446:  Hold'em Limit ($3/$6 USD) - 2017/09/09 7:27:04 ET
Table 'Puck II' 6-max Seat #6 is the button
Seat 5: igorkabmw ($107.37 in chips)
Seat 6: TbIP-TbIP 88 ($81.06 in chips)
TbIP-TbIP 88: posts small blind $1
igorkabmw: posts big blind $3
*** HOLE CARDS ***
TbIP-TbIP 88: raises $3 to $6
igorkabmw: calls $3
*** FLOP *** [4c 9h 5c]
igorkabmw: bets $3
TbIP-TbIP 88: raises $3 to $6
igorkabmw: calls $3
*** TURN *** [4c 9h 5c] [8s]
igorkabmw: checks
TbIP-TbIP 88: checks
*** RIVER *** [4c 9h 5c 8s] [Td]
igorkabmw: bets $6
TbIP-TbIP 88: calls $6
*** SHOW DOWN ***
igorkabmw: shows [Ac 9d] (a pair of Nines)
TbIP-TbIP 88: shows [Jc Ts] (a pair of Tens)
TbIP-TbIP 88 collected $35.50 from pot
*** SUMMARY ***
Total pot $36 | Rake $0.50
Board [4c 9h 5c 8s Td]
Seat 5: igorkabmw (big blind) showed [Ac 9d] and lost with a pair of Nines
Seat 6: TbIP-TbIP 88 (button) (small blind) showed [Jc Ts] and won ($35.50) with a pair of Tens


PokerStars Hand #175406870355:  Hold'em Limit ($3/$6 USD) - 2017/09/09 7:28:36 ET
Table 'Puck II' 6-max Seat #6 is the button
Seat 5: igorkabmw ($123.37 in chips)
Seat 6: TbIP-TbIP 88 ($74.88 in chips)
TbIP-TbIP 88: posts small blind $1
igorkabmw: posts big blind $3
*** HOLE CARDS ***
TbIP-TbIP 88: raises $3 to $6
igorkabmw: raises $3 to $9
TbIP-TbIP 88: calls $3
*** FLOP *** [2d Td 3s]
igorkabmw: bets $3
TbIP-TbIP 88: calls $3
*** TURN *** [2d Td 3s] [Jd]
igorkabmw: bets $6
TbIP-TbIP 88: folds
Uncalled bet ($6) returned to igorkabmw
igorkabmw collected $23.52 from pot
*** SUMMARY ***
Total pot $24 | Rake $0.48
Board [2d Td 3s Jd]
Seat 5: igorkabmw (big blind) collected ($23.52)
Seat 6: TbIP-TbIP 88 (button) (small blind) folded on the Turn


PokerStars Hand #175406865527:  Hold'em Limit ($3/$6 USD) - 2017/09/09 7:28:26 ET
Table 'Puck II' 6-max Seat #5 is the button
Seat 5: igorkabmw ($126.37 in chips)
Seat 6: TbIP-TbIP 88 ($72 in chips)
igorkabmw: posts small blind $1
TbIP-TbIP 88: posts big blind $3
*** HOLE CARDS ***
igorkabmw: calls $2
TbIP-TbIP 88: checks
*** FLOP *** [3h 5d 2d]
TbIP-TbIP 88: bets $3
igorkabmw: folds
Uncalled bet ($3) returned to TbIP-TbIP 88
TbIP-TbIP 88 collected $5.88 from pot
TbIP-TbIP 88: doesn't show hand
*** SUMMARY ***
Total pot $6 | Rake $0.12
Board [3h 5d 2d]
Seat 5: igorkabmw (button) (small blind) folded on the Flop
Seat 6: TbIP-TbIP 88 (big blind) collected ($5.88)


PokerStars Hand #175406859765:  Hold'em Limit ($3/$6 USD) - 2017/09/09 7:28:13 ET
Table 'Puck II' 6-max Seat #6 is the button
Seat 5: igorkabmw ($102.87 in chips)
Seat 6: TbIP-TbIP 88 ($84.08 in chips)
TbIP-TbIP 88: posts small blind $1
igorkabmw: posts big blind $3
*** HOLE CARDS ***
TbIP-TbIP 88: raises $3 to $6
igorkabmw: raises $3 to $9
TbIP-TbIP 88: calls $3
*** FLOP *** [9h Qh 5d]
igorkabmw: bets $3
TbIP-TbIP 88: calls $3
*** TURN *** [9h Qh 5d] [9c]
igorkabmw: bets $6
TbIP-TbIP 88: calls $6
*** RIVER *** [9h Qh 5d 9c] [6c]
igorkabmw: bets $6
TbIP-TbIP 88: calls $6
*** SHOW DOWN ***
igorkabmw: shows [7d 7c] (two pair, Nines and Sevens)
TbIP-TbIP 88: mucks hand
igorkabmw collected $47.50 from pot
*** SUMMARY ***
Total pot $48 | Rake $0.50
Board [9h Qh 5d 9c 6c]
Seat 5: igorkabmw (big blind) showed [7d 7c] and won ($47.50) with two pair, Nines and Sevens
Seat 6: TbIP-TbIP 88 (button) (small blind) mucked


PokerStars Hand #175406842479:  Hold'em Limit ($3/$6 USD) - 2017/09/09 7:27:35 ET
Table 'Puck II' 6-max Seat #6 is the button
Seat 5: igorkabmw ($88.37 in chips)
Seat 6: TbIP-TbIP 88 ($99.56 in chips)
TbIP-TbIP 88: posts small blind $1
igorkabmw: posts big blind $3
*** HOLE CARDS ***
TbIP-TbIP 88: raises $3 to $6
igorkabmw: calls $3
*** FLOP *** [8d 8s 4c]
igorkabmw: bets $3
TbIP-TbIP 88: calls $3
*** TURN *** [8d 8s 4c] [Ad]
igorkabmw: bets $6
TbIP-TbIP 88: calls $6
*** RIVER *** [8d 8s 4c Ad] [Jh]
igorkabmw: bets $6
TbIP-TbIP 88: raises $6 to $12
igorkabmw: raises $6 to $18
TbIP-TbIP 88: folds
Uncalled bet ($6) returned to igorkabmw
igorkabmw collected $53.50 from pot
*** SUMMARY ***
Total pot $54 | Rake $0.50
Board [8d 8s 4c Ad Jh]
Seat 5: igorkabmw (big blind) collected ($53.50)
Seat 6: TbIP-TbIP 88 (button) (small blind) folded on the River


PokerStars Hand #175406852608:  Hold'em Limit ($3/$6 USD) - 2017/09/09 7:27:57 ET
Table 'Puck II' 6-max Seat #5 is the button
Seat 5: igorkabmw ($114.87 in chips)
Seat 6: TbIP-TbIP 88 ($72.56 in chips)
igorkabmw: posts small blind $1
TbIP-TbIP 88: posts big blind $3
*** HOLE CARDS ***
igorkabmw: calls $2
TbIP-TbIP 88: raises $3 to $6
igorkabmw: calls $3
*** FLOP *** [Qs Jh Jc]
TbIP-TbIP 88: checks
igorkabmw: checks
*** TURN *** [Qs Jh Jc] [Qc]
TbIP-TbIP 88: checks
igorkabmw: checks
*** RIVER *** [Qs Jh Jc Qc] [8d]
TbIP-TbIP 88: checks
igorkabmw: bets $6
TbIP-TbIP 88: calls $6
*** SHOW DOWN ***
igorkabmw: shows [3s 5d] (two pair, Queens and Jacks)
TbIP-TbIP 88: shows [Ac 5s] (two pair, Queens and Jacks - Ace kicker)
TbIP-TbIP 88 collected $23.52 from pot
*** SUMMARY ***
Total pot $24 | Rake $0.48
Board [Qs Jh Jc Qc 8d]
Seat 5: igorkabmw (button) (small blind) showed [3s 5d] and lost with two pair, Queens and Jacks
Seat 6: TbIP-TbIP 88 (big blind) showed [Ac 5s] and won ($23.52) with two pair, Queens and Jacks


PokerStars Hand #175406883915:  Hold'em Limit ($3/$6 USD) - 2017/09/09 7:29:07 ET
Table 'Puck II' 6-max Seat #6 is the button
Seat 5: igorkabmw ($119.89 in chips)
Seat 6: TbIP-TbIP 88 ($86.50 in chips)
TbIP-TbIP 88: posts small blind $1
igorkabmw: posts big blind $3
*** HOLE CARDS ***
TbIP-TbIP 88: folds
Uncalled bet ($2) returned to igorkabmw
igorkabmw collected $2 from pot
*** SUMMARY ***
Total pot $2 | Rake $0
Seat 5: igorkabmw (big blind) collected ($2)
Seat 6: TbIP-TbIP 88 (button) (small blind) folded before Flop


PokerStars Hand #175406875337:  Hold'em Limit ($3/$6 USD) - 2017/09/09 7:28:47 ET
Table 'Puck II' 6-max Seat #5 is the button
Seat 5: igorkabmw ($134.89 in chips)
Seat 6: TbIP-TbIP 88 ($72 in chips)
igorkabmw: posts small blind $1
TbIP-TbIP 88: posts big blind $3
*** HOLE CARDS ***
igorkabmw: calls $2
TbIP-TbIP 88: raises $3 to $6
igorkabmw: calls $3
*** FLOP *** [Jc Jh 7d]
TbIP-TbIP 88: bets $3
igorkabmw: calls $3
*** TURN *** [Jc Jh 7d] [4d]
TbIP-TbIP 88: checks
igorkabmw: checks
*** RIVER *** [Jc Jh 7d 4d] [Qs]
TbIP-TbIP 88: bets $6
igorkabmw: calls $6
*** SHOW DOWN ***
TbIP-TbIP 88: shows [Qc Tc] (two pair, Queens and Jacks)
igorkabmw: mucks hand
TbIP-TbIP 88 collected $29.50 from pot
*** SUMMARY ***
Total pot $30 | Rake $0.50
Board [Jc Jh 7d 4d Qs]
Seat 5: igorkabmw (button) (small blind) mucked
Seat 6: TbIP-TbIP 88 (big blind) showed [Qc Tc] and won ($29.50) with two pair, Queens and Jacks


PokerStars Hand #175406886079:  Hold'em Limit ($3/$6 USD) - 2017/09/09 7:29:11 ET
Table 'Puck II' 6-max Seat #5 is the button
Seat 5: igorkabmw ($120.89 in chips)
Seat 6: TbIP-TbIP 88 ($85.50 in chips)
igorkabmw: posts small blind $1
TbIP-TbIP 88: posts big blind $3
*** HOLE CARDS ***
igorkabmw: raises $3 to $6
TbIP-TbIP 88: calls $3
*** FLOP *** [7d 2d 6s]
TbIP-TbIP 88: checks
igorkabmw: checks
*** TURN *** [7d 2d 6s] [9c]
TbIP-TbIP 88: checks
igorkabmw: bets $6
TbIP-TbIP 88: calls $6
*** RIVER *** [7d 2d 6s 9c] [Td]
Psynto joins the table at seat #1
TbIP-TbIP 88: bets $6
igorkabmw: calls $6
*** SHOW DOWN ***
TbIP-TbIP 88: shows [Kd Qd] (a flush, King high)
igorkabmw: mucks hand
TbIP-TbIP 88 collected $35.50 from pot
ANIN1337 joins the table at seat #4
*** SUMMARY ***
Total pot $36 | Rake $0.50
Board [7d 2d 6s 9c Td]
Seat 5: igorkabmw (button) (small blind) mucked
Seat 6: TbIP-TbIP 88 (big blind) showed [Kd Qd] and won ($35.50) with a flush, King high


PokerStars Hand #175407192870:  Hold'em Limit ($3/$6 USD) - 2017/09/09 7:40:23 ET
Table 'Puck II' 6-max Seat #3 is the button
Seat 1: Psynto ($114.44 in chips)
Seat 3: ICEiceman ($167.20 in chips)
ICEiceman: posts small blind $1
Psynto: posts big blind $3
*** HOLE CARDS ***
ICEiceman: raises $3 to $6
Psynto: calls $3
*** FLOP *** [Ac 9h 3s]
Psynto: checks
ICEiceman: bets $3
Psynto: raises $3 to $6
ICEiceman: calls $3
*** TURN *** [Ac 9h 3s] [5d]
sismos404 joins the table at seat #4
Psynto: bets $6
ICEiceman: calls $6
*** RIVER *** [Ac 9h 3s 5d] [8c]
aremom4e joins the table at seat #2
Psynto: bets $6
ICEiceman: raises $6 to $12
Psynto: calls $6
*** SHOW DOWN ***
ICEiceman: shows [5s Ad] (two pair, Aces and Fives)
Psynto: mucks hand
ICEiceman collected $59.50 from pot
*** SUMMARY ***
Total pot $60 | Rake $0.50
Board [Ac 9h 3s 5d 8c]
Seat 1: Psynto (big blind) mucked
Seat 3: ICEiceman (button) (small blind) showed [5s Ad] and won ($59.50) with two pair, Aces and Fives


PokerStars Hand #175407914471:  Hold'em Limit ($3/$6 USD) - 2017/09/09 8:06:30 ET
Table 'Puck II' 6-max Seat #6 is the button
Seat 3: ICEiceman ($73.50 in chips)
Seat 6: masterblstr8 ($80.76 in chips)
masterblstr8: posts small blind $1
Psynto: is sitting out
ICEiceman: posts big blind $3
*** HOLE CARDS ***
masterblstr8: raises $3 to $6
Psynto leaves the table
ICEiceman: raises $3 to $9
masterblstr8: calls $3
*** FLOP *** [Kd 9d 8d]
ICEiceman: bets $3
masterblstr8: calls $3
*** TURN *** [Kd 9d 8d] [Js]
ICEiceman: bets $6
masterblstr8: calls $6
*** RIVER *** [Kd 9d 8d Js] [Ts]
ICEiceman: checks
masterblstr8: checks
*** SHOW DOWN ***
ICEiceman: shows [8h 8c] (three of a kind, Eights)
masterblstr8: mucks hand
ICEiceman collected $35.50 from pot
*** SUMMARY ***
Total pot $36 | Rake $0.50
Board [Kd 9d 8d Js Ts]
Seat 3: ICEiceman (big blind) showed [8h 8c] and won ($35.50) with three of a kind, Eights
Seat 6: masterblstr8 (button) (small blind) mucked


PokerStars Hand #175407936773:  Hold'em Limit ($3/$6 USD) - 2017/09/09 8:07:16 ET
Table 'Puck II' 6-max Seat #3 is the button
Seat 3: ICEiceman ($91 in chips)
Seat 6: masterblstr8 ($62.76 in chips)
ICEiceman: posts small blind $1
masterblstr8: posts big blind $3
*** HOLE CARDS ***
ICEiceman: raises $3 to $6
masterblstr8: calls $3
*** FLOP *** [4h Ad 6s]
masterblstr8: checks
ICEiceman: checks
*** TURN *** [4h Ad 6s] [5d]
masterblstr8: bets $6
ICEiceman: raises $6 to $12
masterblstr8: calls $6
*** RIVER *** [4h Ad 6s 5d] [6c]
masterblstr8: checks
ICEiceman: checks
*** SHOW DOWN ***
masterblstr8: shows [Js 5s] (two pair, Sixes and Fives)
ICEiceman: mucks hand
masterblstr8 collected $35.50 from pot
*** SUMMARY ***
Total pot $36 | Rake $0.50
Board [4h Ad 6s 5d 6c]
Seat 3: ICEiceman (button) (small blind) mucked
Seat 6: masterblstr8 (big blind) showed [Js 5s] and won ($35.50) with two pair, Sixes and Fives


PokerStars Hand #175407957989:  Hold'em Limit ($3/$6 USD) - 2017/09/09 8:08:00 ET
Table 'Puck II' 6-max Seat #6 is the button
Seat 3: ICEiceman ($73 in chips)
Seat 6: masterblstr8 ($80.26 in chips)
masterblstr8: posts small blind $1
ICEiceman: posts big blind $3
*** HOLE CARDS ***
masterblstr8: raises $3 to $6
ICEiceman: calls $3
*** FLOP *** [Jc 9d 7h]
ICEiceman: checks
masterblstr8: bets $3
ICEiceman: calls $3
*** TURN *** [Jc 9d 7h] [4h]
ICEiceman: checks
masterblstr8: checks
*** RIVER *** [Jc 9d 7h 4h] [6s]
ICEiceman: checks
masterblstr8: checks
*** SHOW DOWN ***
ICEiceman: shows [4s Ts] (a pair of Fours)
masterblstr8: mucks hand
ICEiceman collected $17.64 from pot
*** SUMMARY ***
Total pot $18 | Rake $0.36
Board [Jc 9d 7h 4h 6s]
Seat 3: ICEiceman (big blind) showed [4s Ts] and won ($17.64) with a pair of Fours
Seat 6: masterblstr8 (button) (small blind) mucked


PokerStars Hand #175407967891:  Hold'em Limit ($3/$6 USD) - 2017/09/09 8:08:20 ET
Table 'Puck II' 6-max Seat #3 is the button
Seat 3: ICEiceman ($81.64 in chips)
Seat 6: masterblstr8 ($71.26 in chips)
ICEiceman: posts small blind $1
masterblstr8: posts big blind $3
*** HOLE CARDS ***
ICEiceman: raises $3 to $6
masterblstr8: calls $3
*** FLOP *** [4d 6d 3c]
masterblstr8: checks
ICEiceman: bets $3
masterblstr8: calls $3
*** TURN *** [4d 6d 3c] [4h]
masterblstr8: checks
ICEiceman: bets $6
masterblstr8: calls $6
*** RIVER *** [4d 6d 3c 4h] [Jh]
masterblstr8: checks
ICEiceman: bets $6
masterblstr8: folds
Uncalled bet ($6) returned to ICEiceman
ICEiceman collected $29.50 from pot
ICEiceman: doesn't show hand
*** SUMMARY ***
Total pot $30 | Rake $0.50
Board [4d 6d 3c 4h Jh]
Seat 3: ICEiceman (button) (small blind) collected ($29.50)
Seat 6: masterblstr8 (big blind) folded on the River


PokerStars Hand #175407978314:  Hold'em Limit ($3/$6 USD) - 2017/09/09 8:08:42 ET
Table 'Puck II' 6-max Seat #6 is the button
Seat 3: ICEiceman ($96.14 in chips)
Seat 6: masterblstr8 ($56.26 in chips)
masterblstr8: posts small blind $1
ICEiceman: posts big blind $3
*** HOLE CARDS ***
masterblstr8: raises $3 to $6
ICEiceman: folds
Uncalled bet ($3) returned to masterblstr8
masterblstr8 collected $6 from pot
masterblstr8: doesn't show hand
*** SUMMARY ***
Total pot $6 | Rake $0
Seat 3: ICEiceman (big blind) folded before Flop
Seat 6: masterblstr8 (button) (small blind) collected ($6)


PokerStars Hand #175407994714:  Hold'em Limit ($3/$6 USD) - 2017/09/09 8:09:16 ET
Table 'Puck II' 6-max Seat #6 is the button
Seat 3: ICEiceman ($86.14 in chips)
Seat 6: masterblstr8 ($66.14 in chips)
masterblstr8: posts small blind $1
aremom4e was removed from the table for failing to post
ICEiceman: posts big blind $3
*** HOLE CARDS ***
masterblstr8: raises $3 to $6
ICEiceman: calls $3
*** FLOP *** [9d Qh Td]
ICEiceman: checks
masterblstr8: checks
*** TURN *** [9d Qh Td] [5c]
ICEiceman: bets $6
masterblstr8: calls $6
*** RIVER *** [9d Qh Td 5c] [Ks]
ICEiceman: checks
masterblstr8: checks
*** SHOW DOWN ***
ICEiceman: shows [Kd 3s] (a pair of Kings)
masterblstr8: mucks hand
ICEiceman collected $23.52 from pot
*** SUMMARY ***
Total pot $24 | Rake $0.48
Board [9d Qh Td 5c Ks]
Seat 3: ICEiceman (big blind) showed [Kd 3s] and won ($23.52) with a pair of Kings
Seat 6: masterblstr8 (button) (small blind) mucked


PokerStars Hand #175408009362:  Hold'em Limit ($3/$6 USD) - 2017/09/09 8:09:46 ET
Table 'Puck II' 6-max Seat #3 is the button
Seat 3: ICEiceman ($97.66 in chips)
Seat 6: masterblstr8 ($54.14 in chips)
ICEiceman: posts small blind $1
masterblstr8: posts big blind $3
*** HOLE CARDS ***
ICEiceman: folds
Uncalled bet ($2) returned to masterblstr8
masterblstr8 collected $2 from pot
masterblstr8: doesn't show hand
*** SUMMARY ***
Total pot $2 | Rake $0
Seat 3: ICEiceman (button) (small blind) folded before Flop
Seat 6: masterblstr8 (big blind) collected ($2)


PokerStars Hand #175407980895:  Hold'em Limit ($3/$6 USD) - 2017/09/09 8:08:47 ET
Table 'Puck II' 6-max Seat #3 is the button
Seat 3: ICEiceman ($93.14 in chips)
Seat 6: masterblstr8 ($59.26 in chips)
ICEiceman: posts small blind $1
masterblstr8: posts big blind $3
*** HOLE CARDS ***
ICEiceman: calls $2
masterblstr8: checks
*** FLOP *** [9d 3c 6s]
masterblstr8: bets $3
ICEiceman: folds
Uncalled bet ($3) returned to masterblstr8
masterblstr8 collected $5.88 from pot
masterblstr8: doesn't show hand
*** SUMMARY ***
Total pot $6 | Rake $0.12
Board [9d 3c 6s]
Seat 3: ICEiceman (button) (small blind) folded on the Flop
Seat 6: masterblstr8 (big blind) collected ($5.88)


PokerStars Hand #175407992206:  Hold'em Limit ($3/$6 USD) - 2017/09/09 8:09:11 ET
Table 'Puck II' 6-max Seat #3 is the button
Seat 3: ICEiceman ($87.14 in chips)
Seat 6: masterblstr8 ($65.14 in chips)
ICEiceman: posts small blind $1
masterblstr8: posts big blind $3
*** HOLE CARDS ***
ICEiceman: folds
Uncalled bet ($2) returned to masterblstr8
masterblstr8 collected $2 from pot
masterblstr8: doesn't show hand
*** SUMMARY ***
Total pot $2 | Rake $0
Seat 3: ICEiceman (button) (small blind) folded before Flop
Seat 6: masterblstr8 (big blind) collected ($2)


PokerStars Hand #175407986309:  Hold'em Limit ($3/$6 USD) - 2017/09/09 8:08:58 ET
Table 'Puck II' 6-max Seat #6 is the button
Seat 3: ICEiceman ($90.14 in chips)
Seat 6: masterblstr8 ($62.14 in chips)
masterblstr8: posts small blind $1
ICEiceman: posts big blind $3
*** HOLE CARDS ***
masterblstr8: raises $3 to $6
ICEiceman: folds
Uncalled bet ($3) returned to masterblstr8
masterblstr8 collected $6 from pot
masterblstr8: doesn't show hand
*** SUMMARY ***
Total pot $6 | Rake $0
Seat 3: ICEiceman (big blind) folded before Flop
Seat 6: masterblstr8 (button) (small blind) collected ($6)


PokerStars Hand #175408013923:  Hold'em Limit ($3/$6 USD) - 2017/09/09 8:09:55 ET
Table 'Puck II' 6-max Seat #6 is the button
Seat 3: ICEiceman ($96.66 in chips)
Seat 6: masterblstr8 ($55.14 in chips)
masterblstr8: posts small blind $1
ICEiceman: posts big blind $3
*** HOLE CARDS ***
masterblstr8: folds
Uncalled bet ($2) returned to ICEiceman
ICEiceman collected $2 from pot
ICEiceman: doesn't show hand
*** SUMMARY ***
Total pot $2 | Rake $0
Seat 3: ICEiceman (big blind) collected ($2)
Seat 6: masterblstr8 (button) (small blind) folded before Flop


PokerStars Hand #175408016200:  Hold'em Limit ($3/$6 USD) - 2017/09/09 8:10:00 ET
Table 'Puck II' 6-max Seat #3 is the button
Seat 3: ICEiceman ($97.66 in chips)
Seat 6: masterblstr8 ($54.14 in chips)
ICEiceman: posts small blind $1
masterblstr8: posts big blind $3
*** HOLE CARDS ***
ICEiceman: raises $3 to $6
masterblstr8: calls $3
*** FLOP *** [5d 4s Qc]
masterblstr8: checks
ICEiceman: checks
*** TURN *** [5d 4s Qc] [8d]
masterblstr8: checks
ICEiceman: bets $6
masterblstr8: folds
Uncalled bet ($6) returned to ICEiceman
ICEiceman collected $11.76 from pot
ICEiceman: doesn't show hand
*** SUMMARY ***
Total pot $12 | Rake $0.24
Board [5d 4s Qc 8d]
Seat 3: ICEiceman (button) (small blind) collected ($11.76)
Seat 6: masterblstr8 (big blind) folded on the Turn


PokerStars Hand #175408029302:  Hold'em Limit ($3/$6 USD) - 2017/09/09 8:10:27 ET
Table 'Puck II' 6-max Seat #6 is the button
Seat 3: ICEiceman ($103.42 in chips)
Seat 6: masterblstr8 ($48.14 in chips)
masterblstr8: posts small blind $1
ICEiceman: posts big blind $3
*** HOLE CARDS ***
masterblstr8: raises $3 to $6
ICEiceman: raises $3 to $9
masterblstr8: calls $3
*** FLOP *** [2d Th 6d]
ICEiceman: bets $3
masterblstr8: calls $3
*** TURN *** [2d Th 6d] [Qh]
ICEiceman: bets $6
masterblstr8: calls $6
*** RIVER *** [2d Th 6d Qh] [Kh]
ICEiceman: checks
masterblstr8: checks
*** SHOW DOWN ***
ICEiceman: shows [As 9h] (high card Ace)
masterblstr8: mucks hand
ICEiceman collected $35.50 from pot
*** SUMMARY ***
Total pot $36 | Rake $0.50
Board [2d Th 6d Qh Kh]
Seat 3: ICEiceman (big blind) showed [As 9h] and won ($35.50) with high card Ace
Seat 6: masterblstr8 (button) (small blind) mucked


PokerStars Hand #175408044912:  Hold'em Limit ($3/$6 USD) - 2017/09/09 8:10:59 ET
Table 'Puck II' 6-max Seat #3 is the button
Seat 3: ICEiceman ($120.92 in chips)
Seat 6: masterblstr8 ($30.14 in chips)
ICEiceman: posts small blind $1
masterblstr8: posts big blind $3
*** HOLE CARDS ***
ICEiceman: raises $3 to $6
masterblstr8: calls $3
*** FLOP *** [8d Th Js]
masterblstr8: checks
ICEiceman: checks
*** TURN *** [8d Th Js] [7c]
masterblstr8: bets $6
ICEiceman: folds
Uncalled bet ($6) returned to masterblstr8
masterblstr8 collected $11.76 from pot
masterblstr8: doesn't show hand
*** SUMMARY ***
Total pot $12 | Rake $0.24
Board [8d Th Js 7c]
Seat 3: ICEiceman (button) (small blind) folded on the Turn
Seat 6: masterblstr8 (big blind) collected ($11.76)


PokerStars Hand #175408053493:  Hold'em Limit ($3/$6 USD) - 2017/09/09 8:11:17 ET
Table 'Puck II' 6-max Seat #6 is the button
Seat 3: ICEiceman ($114.92 in chips)
Seat 6: masterblstr8 ($35.90 in chips)
masterblstr8: posts small blind $1
ICEiceman: posts big blind $3
*** HOLE CARDS ***
masterblstr8: raises $3 to $6
ICEiceman: calls $3
*** FLOP *** [Qd Kh 8h]
ICEiceman: checks
masterblstr8: bets $3
ICEiceman: folds
Uncalled bet ($3) returned to masterblstr8
masterblstr8 collected $11.76 from pot
masterblstr8: doesn't show hand
*** SUMMARY ***
Total pot $12 | Rake $0.24
Board [Qd Kh 8h]
Seat 3: ICEiceman (big blind) folded on the Flop
Seat 6: masterblstr8 (button) (small blind) collected ($11.76)


PokerStars Hand #175408078424:  Hold'em Limit ($3/$6 USD) - 2017/09/09 8:12:08 ET
Table 'Puck II' 6-max Seat #6 is the button
Seat 3: ICEiceman ($90.92 in chips)
Seat 6: masterblstr8 ($59.16 in chips)
masterblstr8: posts small blind $1
ICEiceman: posts big blind $3
*** HOLE CARDS ***
masterblstr8: raises $3 to $6
ICEiceman: calls $3
*** FLOP *** [Qd Ac 6h]
ICEiceman: checks
masterblstr8: bets $3
ICEiceman: calls $3
*** TURN *** [Qd Ac 6h] [4d]
ICEiceman: checks
masterblstr8: bets $6
ICEiceman: calls $6
*** RIVER *** [Qd Ac 6h 4d] [9h]
ICEiceman: checks
masterblstr8: bets $6
ICEiceman: calls $6
*** SHOW DOWN ***
masterblstr8: shows [3d 7d] (high card Ace)
ICEiceman: shows [8s 6s] (a pair of Sixes)
ICEiceman collected $41.50 from pot
*** SUMMARY ***
Total pot $42 | Rake $0.50
Board [Qd Ac 6h 4d 9h]
Seat 3: ICEiceman (big blind) showed [8s 6s] and won ($41.50) with a pair of Sixes
Seat 6: masterblstr8 (button) (small blind) showed [3d 7d] and lost with high card Ace


PokerStars Hand #175408060696:  Hold'em Limit ($3/$6 USD) - 2017/09/09 8:11:31 ET
Table 'Puck II' 6-max Seat #3 is the button
Seat 3: ICEiceman ($108.92 in chips)
Seat 6: masterblstr8 ($41.66 in chips)
ICEiceman: posts small blind $1
masterblstr8: posts big blind $3
*** HOLE CARDS ***
ICEiceman: raises $3 to $6
masterblstr8: calls $3
*** FLOP *** [2d Qc 5s]
masterblstr8: checks
ICEiceman: checks
*** TURN *** [2d Qc 5s] [6c]
masterblstr8: bets $6
ICEiceman: raises $6 to $12
masterblstr8: calls $6
*** RIVER *** [2d Qc 5s 6c] [6h]
masterblstr8: checks
ICEiceman: checks
*** SHOW DOWN ***
masterblstr8: shows [6s 8s] (three of a kind, Sixes)
ICEiceman: mucks hand
masterblstr8 collected $35.50 from pot
*** SUMMARY ***
Total pot $36 | Rake $0.50
Board [2d Qc 5s 6c 6h]
Seat 3: ICEiceman (button) (small blind) mucked
Seat 6: masterblstr8 (big blind) showed [6s 8s] and won ($35.50) with three of a kind, Sixes


PokerStars Hand #175408103867:  Hold'em Limit ($3/$6 USD) - 2017/09/09 8:13:00 ET
Table 'Puck II' 6-max Seat #6 is the button
Seat 3: ICEiceman ($117.18 in chips)
Seat 6: masterblstr8 ($92.16 in chips)
masterblstr8: posts small blind $1
ICEiceman: posts big blind $3
*** HOLE CARDS ***
masterblstr8: raises $3 to $6
ICEiceman: folds
Uncalled bet ($3) returned to masterblstr8
masterblstr8 collected $6 from pot
masterblstr8: doesn't show hand
*** SUMMARY ***
Total pot $6 | Rake $0
Seat 3: ICEiceman (big blind) folded before Flop
Seat 6: masterblstr8 (button) (small blind) collected ($6)


PokerStars Hand #175408090521:  Hold'em Limit ($3/$6 USD) - 2017/09/09 8:12:32 ET
Table 'Puck II' 6-max Seat #3 is the button
Seat 3: ICEiceman ($111.42 in chips)
Seat 6: masterblstr8 ($38.16 in chips)
ICEiceman: posts small blind $1
masterblstr8: posts big blind $3
*** HOLE CARDS ***
ICEiceman: raises $3 to $6
masterblstr8: calls $3
*** FLOP *** [Ts Kd 2d]
masterblstr8: checks
ICEiceman: checks
*** TURN *** [Ts Kd 2d] [Kc]
masterblstr8: checks
ICEiceman: checks
*** RIVER *** [Ts Kd 2d Kc] [Ks]
masterblstr8: checks
ICEiceman: bets $6
masterblstr8: folds
Uncalled bet ($6) returned to ICEiceman
ICEiceman collected $11.76 from pot
ICEiceman: doesn't show hand
*** SUMMARY ***
Total pot $12 | Rake $0.24
Board [Ts Kd 2d Kc Ks]
Seat 3: ICEiceman (button) (small blind) collected ($11.76)
Seat 6: masterblstr8 (big blind) folded on the River


PokerStars Hand #175408126815:  Hold'em Limit ($3/$6 USD) - 2017/09/09 8:13:47 ET
Table 'Puck II' 6-max Seat #6 is the button
Seat 3: ICEiceman ($128.68 in chips)
Seat 6: masterblstr8 ($80.16 in chips)
masterblstr8: posts small blind $1
ICEiceman: posts big blind $3
*** HOLE CARDS ***
masterblstr8: folds
Uncalled bet ($2) returned to ICEiceman
ICEiceman collected $2 from pot
ICEiceman: doesn't show hand
*** SUMMARY ***
Total pot $2 | Rake $0
Seat 3: ICEiceman (big blind) collected ($2)
Seat 6: masterblstr8 (button) (small blind) folded before Flop


PokerStars Hand #175408106905:  Hold'em Limit ($3/$6 USD) - 2017/09/09 8:13:06 ET
Table 'Puck II' 6-max Seat #3 is the button
Seat 3: ICEiceman ($114.18 in chips)
Seat 6: masterblstr8 ($95.16 in chips)
ICEiceman: posts small blind $1
masterblstr8: posts big blind $3
*** HOLE CARDS ***
ICEiceman: raises $3 to $6
masterblstr8: calls $3
*** FLOP *** [Td 6s 8c]
masterblstr8: checks
ICEiceman: bets $3
masterblstr8: calls $3
*** TURN *** [Td 6s 8c] [4s]
masterblstr8: checks
ICEiceman: bets $6
masterblstr8: calls $6
*** RIVER *** [Td 6s 8c 4s] [3s]
masterblstr8: checks
ICEiceman: checks
*** SHOW DOWN ***
masterblstr8: shows [Kc 9d] (high card King)
ICEiceman: shows [7d 7h] (a pair of Sevens)
ICEiceman collected $29.50 from pot
*** SUMMARY ***
Total pot $30 | Rake $0.50
Board [Td 6s 8c 4s 3s]
Seat 3: ICEiceman (button) (small blind) showed [7d 7h] and won ($29.50) with a pair of Sevens
Seat 6: masterblstr8 (big blind) showed [Kc 9d] and lost with high card King


PokerStars Hand #175408130182:  Hold'em Limit ($3/$6 USD) - 2017/09/09 8:13:53 ET
Table 'Puck II' 6-max Seat #3 is the button
Seat 3: ICEiceman ($129.68 in chips)
Seat 6: masterblstr8 ($79.16 in chips)
ICEiceman: posts small blind $1
masterblstr8: posts big blind $3
*** HOLE CARDS ***
ICEiceman: calls $2
masterblstr8: checks
*** FLOP *** [6c Ks 2s]
masterblstr8: checks
ICEiceman: bets $3
masterblstr8: folds
Uncalled bet ($3) returned to ICEiceman
ICEiceman collected $5.88 from pot
ICEiceman: doesn't show hand
*** SUMMARY ***
Total pot $6 | Rake $0.12
Board [6c Ks 2s]
Seat 3: ICEiceman (button) (small blind) collected ($5.88)
Seat 6: masterblstr8 (big blind) folded on the Flop


PokerStars Hand #175408152436:  Hold'em Limit ($3/$6 USD) - 2017/09/09 8:14:38 ET
Table 'Puck II' 6-max Seat #3 is the button
Seat 3: ICEiceman ($129.56 in chips)
Seat 6: masterblstr8 ($79.16 in chips)
ICEiceman: posts small blind $1
masterblstr8: posts big blind $3
*** HOLE CARDS ***
ICEiceman: raises $3 to $6
masterblstr8: calls $3
*** FLOP *** [3d 7d Td]
masterblstr8: checks
ICEiceman: bets $3
masterblstr8: raises $3 to $6
ICEiceman: folds
Uncalled bet ($3) returned to masterblstr8
masterblstr8 collected $17.64 from pot
masterblstr8: doesn't show hand
*** SUMMARY ***
Total pot $18 | Rake $0.36
Board [3d 7d Td]
Seat 3: ICEiceman (button) (small blind) folded on the Flop
Seat 6: masterblstr8 (big blind) collected ($17.64)


PokerStars Hand #175408148702:  Hold'em Limit ($3/$6 USD) - 2017/09/09 8:14:31 ET
Table 'Puck II' 6-max Seat #6 is the button
Seat 3: ICEiceman ($132.56 in chips)
Seat 6: masterblstr8 ($76.16 in chips)
masterblstr8: posts small blind $1
ICEiceman: posts big blind $3
*** HOLE CARDS ***
masterblstr8: raises $3 to $6
ICEiceman: folds
Uncalled bet ($3) returned to masterblstr8
masterblstr8 collected $6 from pot
masterblstr8: doesn't show hand
*** SUMMARY ***
Total pot $6 | Rake $0
Seat 3: ICEiceman (big blind) folded before Flop
Seat 6: masterblstr8 (button) (small blind) collected ($6)


PokerStars Hand #175408181989:  Hold'em Limit ($3/$6 USD) - 2017/09/09 8:15:38 ET
Table 'Puck II' 6-max Seat #6 is the button
Seat 3: ICEiceman ($117.56 in chips)
Seat 6: masterblstr8 ($90.56 in chips)
masterblstr8: posts small blind $1
ICEiceman: posts big blind $3
*** HOLE CARDS ***
masterblstr8: folds
Uncalled bet ($2) returned to ICEiceman
ICEiceman collected $2 from pot
ICEiceman: doesn't show hand
*** SUMMARY ***
Total pot $2 | Rake $0
Seat 3: ICEiceman (big blind) collected ($2)
Seat 6: masterblstr8 (button) (small blind) folded before Flop


PokerStars Hand #175408179564:  Hold'em Limit ($3/$6 USD) - 2017/09/09 8:15:33 ET
Table 'Puck II' 6-max Seat #3 is the button
Seat 3: ICEiceman ($118.56 in chips)
Seat 6: masterblstr8 ($89.56 in chips)
ICEiceman: posts small blind $1
masterblstr8: posts big blind $3
*** HOLE CARDS ***
ICEiceman: folds
Uncalled bet ($2) returned to masterblstr8
masterblstr8 collected $2 from pot
masterblstr8: doesn't show hand
*** SUMMARY ***
Total pot $2 | Rake $0
Seat 3: ICEiceman (button) (small blind) folded before Flop
Seat 6: masterblstr8 (big blind) collected ($2)


PokerStars Hand #175408167525:  Hold'em Limit ($3/$6 USD) - 2017/09/09 8:15:09 ET
Table 'Puck II' 6-max Seat #6 is the button
Seat 3: ICEiceman ($124.56 in chips)
Seat 6: masterblstr8 ($83.80 in chips)
masterblstr8: posts small blind $1
ICEiceman: posts big blind $3
*** HOLE CARDS ***
masterblstr8: raises $3 to $6
ICEiceman: calls $3
*** FLOP *** [Qc As Td]
ICEiceman: checks
masterblstr8: bets $3
ICEiceman: folds
Uncalled bet ($3) returned to masterblstr8
masterblstr8 collected $11.76 from pot
masterblstr8: doesn't show hand
*** SUMMARY ***
Total pot $12 | Rake $0.24
Board [Qc As Td]
Seat 3: ICEiceman (big blind) folded on the Flop
Seat 6: masterblstr8 (button) (small blind) collected ($11.76)


PokerStars Hand #175408184912:  Hold'em Limit ($3/$6 USD) - 2017/09/09 8:15:44 ET
Table 'Puck II' 6-max Seat #3 is the button
Seat 3: ICEiceman ($118.56 in chips)
Seat 6: masterblstr8 ($89.56 in chips)
ICEiceman: posts small blind $1
masterblstr8: posts big blind $3
*** HOLE CARDS ***
ICEiceman: raises $3 to $6
masterblstr8: folds
Uncalled bet ($3) returned to ICEiceman
ICEiceman collected $6 from pot
ICEiceman: doesn't show hand
*** SUMMARY ***
Total pot $6 | Rake $0
Seat 3: ICEiceman (button) (small blind) collected ($6)
Seat 6: masterblstr8 (big blind) folded before Flop


PokerStars Hand #175408163312:  Hold'em Limit ($3/$6 USD) - 2017/09/09 8:15:00 ET
Table 'Puck II' 6-max Seat #3 is the button
Seat 3: ICEiceman ($121.56 in chips)
Seat 6: masterblstr8 ($86.80 in chips)
ICEiceman: posts small blind $1
masterblstr8: posts big blind $3
*** HOLE CARDS ***
ICEiceman: raises $3 to $6
masterblstr8: folds
Uncalled bet ($3) returned to ICEiceman
ICEiceman collected $6 from pot
ICEiceman: doesn't show hand
*** SUMMARY ***
Total pot $6 | Rake $0
Seat 3: ICEiceman (button) (small blind) collected ($6)
Seat 6: masterblstr8 (big blind) folded before Flop


PokerStars Hand #175408160527:  Hold'em Limit ($3/$6 USD) - 2017/09/09 8:14:55 ET
Table 'Puck II' 6-max Seat #6 is the button
Seat 3: ICEiceman ($120.56 in chips)
Seat 6: masterblstr8 ($87.80 in chips)
masterblstr8: posts small blind $1
ICEiceman: posts big blind $3
*** HOLE CARDS ***
masterblstr8: folds
Uncalled bet ($2) returned to ICEiceman
ICEiceman collected $2 from pot
ICEiceman: doesn't show hand
*** SUMMARY ***
Total pot $2 | Rake $0
Seat 3: ICEiceman (big blind) collected ($2)
Seat 6: masterblstr8 (button) (small blind) folded before Flop


PokerStars Hand #175408206309:  Hold'em Limit ($3/$6 USD) - 2017/09/09 8:16:27 ET
Table 'Puck II' 6-max Seat #3 is the button
Seat 3: ICEiceman ($112.56 in chips)
Seat 6: masterblstr8 ($95.20 in chips)
ICEiceman: posts small blind $1
masterblstr8: posts big blind $3
*** HOLE CARDS ***
ICEiceman: raises $3 to $6
masterblstr8: calls $3
*** FLOP *** [Jd Ad Qd]
masterblstr8: checks
ICEiceman: checks
*** TURN *** [Jd Ad Qd] [9s]
masterblstr8: bets $6
ICEiceman: folds
Uncalled bet ($6) returned to masterblstr8
masterblstr8 collected $11.76 from pot
masterblstr8: doesn't show hand
*** SUMMARY ***
Total pot $12 | Rake $0.24
Board [Jd Ad Qd 9s]
Seat 3: ICEiceman (button) (small blind) folded on the Turn
Seat 6: masterblstr8 (big blind) collected ($11.76)


PokerStars Hand #175408189537:  Hold'em Limit ($3/$6 USD) - 2017/09/09 8:15:53 ET
Table 'Puck II' 6-max Seat #6 is the button
Seat 3: ICEiceman ($121.56 in chips)
Seat 6: masterblstr8 ($86.56 in chips)
masterblstr8: posts small blind $1
ICEiceman: posts big blind $3
*** HOLE CARDS ***
masterblstr8: raises $3 to $6
ICEiceman: calls $3
*** FLOP *** [2s 9d Jh]
ICEiceman: checks
masterblstr8: bets $3
ICEiceman: calls $3
*** TURN *** [2s 9d Jh] [4s]
ICEiceman: checks
masterblstr8: bets $6
ICEiceman: folds
Uncalled bet ($6) returned to masterblstr8
masterblstr8 collected $17.64 from pot
masterblstr8: doesn't show hand
*** SUMMARY ***
Total pot $18 | Rake $0.36
Board [2s 9d Jh 4s]
Seat 3: ICEiceman (big blind) folded on the Turn
Seat 6: masterblstr8 (button) (small blind) collected ($17.64)


PokerStars Hand #175408218223:  Hold'em Limit ($3/$6 USD) - 2017/09/09 8:16:52 ET
Table 'Puck II' 6-max Seat #6 is the button
Seat 3: ICEiceman ($106.56 in chips)
Seat 6: masterblstr8 ($100.96 in chips)
masterblstr8: posts small blind $1
ICEiceman: posts big blind $3
*** HOLE CARDS ***
aremom4e joins the table at seat #2
masterblstr8: raises $3 to $6
ICEiceman: calls $3
*** FLOP *** [8h 7c 3d]
ICEiceman: checks
masterblstr8: bets $3
ICEiceman: raises $3 to $6
masterblstr8: calls $3
*** TURN *** [8h 7c 3d] [2s]
ICEiceman: bets $6
masterblstr8: calls $6
*** RIVER *** [8h 7c 3d 2s] [Ts]
ICEiceman: checks
masterblstr8: checks
*** SHOW DOWN ***
ICEiceman: shows [9c 8c] (a pair of Eights)
masterblstr8: mucks hand
ICEiceman collected $35.50 from pot
*** SUMMARY ***
Total pot $36 | Rake $0.50
Board [8h 7c 3d 2s Ts]
Seat 3: ICEiceman (big blind) showed [9c 8c] and won ($35.50) with a pair of Eights
Seat 6: masterblstr8 (button) (small blind) mucked


PokerStars Hand #175408244739:  Hold'em Limit ($3/$6 USD) - 2017/09/09 8:17:46 ET
Table 'Puck II' 6-max Seat #3 is the button
Seat 3: ICEiceman ($124.06 in chips)
Seat 6: masterblstr8 ($82.96 in chips)
ICEiceman: posts small blind $1
masterblstr8: posts big blind $3
*** HOLE CARDS ***
ICEiceman: calls $2
masterblstr8: checks
*** FLOP *** [2s Ac Ks]
masterblstr8: checks
ICEiceman: checks
*** TURN *** [2s Ac Ks] [As]
masterblstr8: checks
ICEiceman: bets $6
masterblstr8: folds
Uncalled bet ($6) returned to ICEiceman
ICEiceman collected $5.88 from pot
ICEiceman: doesn't show hand
*** SUMMARY ***
Total pot $6 | Rake $0.12
Board [2s Ac Ks As]
Seat 3: ICEiceman (button) (small blind) collected ($5.88)
Seat 6: masterblstr8 (big blind) folded on the Turn


PokerStars Hand #175409317869:  Hold'em Limit ($3/$6 USD) - 2017/09/09 8:52:43 ET
Table 'Puck II' 6-max Seat #3 is the button
Seat 3: ICEiceman ($138.36 in chips)
Seat 5: Scheubi88 ($98.16 in chips)
ICEiceman: posts small blind $1
Scheubi88: posts big blind $3
*** HOLE CARDS ***
ICEiceman: raises $3 to $6
Scheubi88: calls $3
*** FLOP *** [9d 3h 2c]
Scheubi88: checks
ICEiceman: checks
*** TURN *** [9d 3h 2c] [3s]
Scheubi88: bets $6
ICEiceman: raises $6 to $12
Scheubi88: folds
Uncalled bet ($6) returned to ICEiceman
masterblstr8 leaves the table
ICEiceman collected $23.52 from pot
ICEiceman: doesn't show hand
*** SUMMARY ***
Total pot $24 | Rake $0.48
Board [9d 3h 2c 3s]
Seat 3: ICEiceman (button) (small blind) collected ($23.52)
Seat 5: Scheubi88 (big blind) folded on the Turn


PokerStars Hand #175409310004:  Hold'em Limit ($3/$6 USD) - 2017/09/09 8:52:28 ET
Table 'Puck II' 6-max Seat #5 is the button
Seat 3: ICEiceman ($144.36 in chips)
Seat 5: Scheubi88 ($92.40 in chips)
Scheubi88: posts small blind $1
masterblstr8: is sitting out
ICEiceman: posts big blind $3
*** HOLE CARDS ***
Scheubi88: raises $3 to $6
ICEiceman: calls $3
*** FLOP *** [As Jd 2s]
ICEiceman: checks
Scheubi88: bets $3
ICEiceman: folds
Uncalled bet ($3) returned to Scheubi88
Scheubi88 collected $11.76 from pot
Scheubi88: doesn't show hand
*** SUMMARY ***
Total pot $12 | Rake $0.24
Board [As Jd 2s]
Seat 3: ICEiceman (big blind) folded on the Flop
Seat 5: Scheubi88 (button) (small blind) collected ($11.76)


PokerStars Hand #175409346886:  Hold'em Limit ($3/$6 USD) - 2017/09/09 8:53:39 ET
Table 'Puck II' 6-max Seat #5 is the button
Seat 3: ICEiceman ($170.38 in chips)
Seat 5: Scheubi88 ($64.92 in chips)
Scheubi88: posts small blind $1
ICEiceman: posts big blind $3
*** HOLE CARDS ***
Scheubi88: raises $3 to $6
ICEiceman: calls $3
*** FLOP *** [2h Jc Jd]
ICEiceman: checks
Scheubi88: checks
*** TURN *** [2h Jc Jd] [7h]
Samace10 joins the table at seat #1
ICEiceman: bets $6
Scheubi88: raises $6 to $12
ICEiceman: folds
Uncalled bet ($6) returned to Scheubi88
Scheubi88 collected $23.52 from pot
Scheubi88: doesn't show hand
*** SUMMARY ***
Total pot $24 | Rake $0.48
Board [2h Jc Jd 7h]
Seat 3: ICEiceman (big blind) folded on the Turn
Seat 5: Scheubi88 (button) (small blind) collected ($23.52)


PokerStars Hand #175409333569:  Hold'em Limit ($3/$6 USD) - 2017/09/09 8:53:13 ET
Table 'Puck II' 6-max Seat #3 is the button
Seat 3: ICEiceman ($143.88 in chips)
Seat 5: Scheubi88 ($91.92 in chips)
ICEiceman: posts small blind $1
Scheubi88: posts big blind $3
*** HOLE CARDS ***
ICEiceman: calls $2
Scheubi88: raises $3 to $6
ICEiceman: calls $3
*** FLOP *** [7d Qd 6s]
Scheubi88: bets $3
ICEiceman: calls $3
*** TURN *** [7d Qd 6s] [Kd]
Scheubi88: bets $6
ICEiceman: raises $6 to $12
Scheubi88: calls $6
*** RIVER *** [7d Qd 6s Kd] [Tc]
Scheubi88: checks
ICEiceman: bets $6
Scheubi88: calls $6
*** SHOW DOWN ***
ICEiceman: shows [6d Qs] (two pair, Queens and Sixes)
Scheubi88: mucks hand
ICEiceman collected $53.50 from pot
*** SUMMARY ***
Total pot $54 | Rake $0.50
Board [7d Qd 6s Kd Tc]
Seat 3: ICEiceman (button) (small blind) showed [6d Qs] and won ($53.50) with two pair, Queens and Sixes
Seat 5: Scheubi88 (big blind) mucked


PokerStars Hand #175409327151:  Hold'em Limit ($3/$6 USD) - 2017/09/09 8:53:01 ET
Table 'Puck II' 6-max Seat #5 is the button
Seat 3: ICEiceman ($149.88 in chips)
Seat 5: Scheubi88 ($86.16 in chips)
Scheubi88: posts small blind $1
ICEiceman: posts big blind $3
*** HOLE CARDS ***
Scheubi88: raises $3 to $6
ICEiceman: calls $3
*** FLOP *** [7c 6s Th]
ICEiceman: checks
Scheubi88: bets $3
ICEiceman: folds
Uncalled bet ($3) returned to Scheubi88
Scheubi88 collected $11.76 from pot
Scheubi88: doesn't show hand
*** SUMMARY ***
Total pot $12 | Rake $0.24
Board [7c 6s Th]
Seat 3: ICEiceman (big blind) folded on the Flop
Seat 5: Scheubi88 (button) (small blind) collected ($11.76)


PokerStars Hand #175409357182:  Hold'em Limit ($3/$6 USD) - 2017/09/09 8:53:59 ET
Table 'Puck II' 6-max Seat #3 is the button
Seat 3: ICEiceman ($158.38 in chips)
Seat 5: Scheubi88 ($76.44 in chips)
ICEiceman: posts small blind $1
Scheubi88: posts big blind $3
*** HOLE CARDS ***
ICEiceman: raises $3 to $6
Scheubi88: calls $3
*** FLOP *** [Ks 7h Ts]
Scheubi88: checks
ICEiceman: checks
*** TURN *** [Ks 7h Ts] [Kc]
Scheubi88: checks
ICEiceman: checks
*** RIVER *** [Ks 7h Ts Kc] [7s]
Scheubi88: checks
ICEiceman: checks
*** SHOW DOWN ***
Scheubi88: shows [As 6c] (two pair, Kings and Sevens)
ICEiceman: mucks hand
Scheubi88 collected $11.76 from pot
*** SUMMARY ***
Total pot $12 | Rake $0.24
Board [Ks 7h Ts Kc 7s]
Seat 3: ICEiceman (button) (small blind) mucked
Seat 5: Scheubi88 (big blind) showed [As 6c] and won ($11.76) with two pair, Kings and Sevens


PokerStars Hand #175410159890:  Hold'em Limit ($3/$6 USD) - 2017/09/09 9:18:33 ET
Table 'Puck II' 6-max Seat #2 is the button
Seat 2: Psynto ($191.27 in chips)
Seat 6: mtzi ($52.74 in chips)
Psynto: posts small blind $1
ICEiceman: is sitting out
mtzi: posts big blind $3
*** HOLE CARDS ***
Psynto: raises $3 to $6
mtzi: folds
Uncalled bet ($3) returned to Psynto
Psynto collected $6 from pot
Psynto: doesn't show hand
*** SUMMARY ***
Total pot $6 | Rake $0
Seat 2: Psynto (button) (small blind) collected ($6)
Seat 6: mtzi (big blind) folded before Flop


