PokerStars Hand #168322882905:  Hold'em Limit ($3/$6 USD) - 2017/03/30 9:48:11 ET
Table 'Pulcova' 6-max Seat #2 is the button
Seat 1: edelgold ($30 in chips)
Seat 2: kolaz03 ($72 in chips)
kolaz03: posts small blind $1
B_loJkl has timed out
B_loJkl: is sitting out
GoliafUa: is sitting out
edelgold: posts big blind $3
*** HOLE CARDS ***
kolaz03: folds
Uncalled bet ($2) returned to edelgold
edelgold collected $2 from pot
*** SUMMARY ***
Total pot $2 | Rake $0
Seat 1: edelgold (big blind) collected ($2)
Seat 2: kolaz03 (button) (small blind) folded before Flop


PokerStars Hand #168322901552:  Hold'em Limit ($3/$6 USD) - 2017/03/30 9:48:44 ET
Table 'Pulcova' 6-max Seat #1 is the button
Seat 1: edelgold ($31 in chips)
Seat 2: kolaz03 ($72 in chips)
edelgold: posts small blind $1
kolaz03: posts big blind $3
*** HOLE CARDS ***
edelgold: raises $3 to $6
kolaz03: folds
Uncalled bet ($3) returned to edelgold
edelgold collected $6 from pot
*** SUMMARY ***
Total pot $6 | Rake $0
Seat 1: edelgold (button) (small blind) collected ($6)
Seat 2: kolaz03 (big blind) folded before Flop


PokerStars Hand #168322941159:  Hold'em Limit ($3/$6 USD) - 2017/03/30 9:49:52 ET
Table 'Pulcova' 6-max Seat #1 is the button
Seat 1: edelgold ($8.73 in chips)
Seat 3: B_loJkl ($178.17 in chips)
edelgold: posts small blind $1
kolaz03: is sitting out
B_loJkl: posts big blind $3
*** HOLE CARDS ***
edelgold: raises $3 to $6
B_loJkl: calls $3
*** FLOP *** [5s 3s 8s]
B_loJkl: checks
edelgold: bets $2.73 and is all-in
B_loJkl: calls $2.73
*** TURN *** [5s 3s 8s] [Tc]
*** RIVER *** [5s 3s 8s Tc] [9s]
*** SHOW DOWN ***
B_loJkl: shows [Kc 8d] (a pair of Eights)
edelgold: shows [Ah Jd] (high card Ace)
B_loJkl collected $17.11 from pot
*** SUMMARY ***
Total pot $17.46 | Rake $0.35
Board [5s 3s 8s Tc 9s]
Seat 1: edelgold (button) (small blind) showed [Ah Jd] and lost with high card Ace
Seat 3: B_loJkl (big blind) showed [Kc 8d] and won ($17.11) with a pair of Eights


PokerStars Hand #168322955129:  Hold'em Limit ($3/$6 USD) - 2017/03/30 9:50:17 ET
Table 'Pulcova' 6-max Seat #3 is the button
Seat 2: kolaz03 ($72 in chips)
Seat 3: B_loJkl ($186.55 in chips)
B_loJkl: posts small blind $1
kolaz03: posts big blind $3
*** HOLE CARDS ***
B_loJkl: raises $3 to $6
kolaz03: folds
Uncalled bet ($3) returned to B_loJkl
B_loJkl collected $6 from pot
B_loJkl: doesn't show hand
*** SUMMARY ***
Total pot $6 | Rake $0
Seat 2: kolaz03 (big blind) folded before Flop
Seat 3: B_loJkl (button) (small blind) collected ($6)


