PokerStars Hand #149166132940:  Hold'em Limit ($3/$6 USD) - 2016/02/21 6:01:13 ET
Table 'Pumma' 6-max Seat #4 is the button
Seat 3: Andredias950 ($35.76 in chips)
Seat 4: Agrotait ($66 in chips)
Agrotait: posts small blind $1
Andredias950: posts big blind $3
*** HOLE CARDS ***
Agrotait: raises $3 to $6
Andredias950: folds
Uncalled bet ($3) returned to Agrotait
Agrotait collected $6 from pot
Agrotait: doesn't show hand
*** SUMMARY ***
Total pot $6 | Rake $0
Seat 3: Andredias950 (big blind) folded before Flop
Seat 4: Agrotait (button) (small blind) collected ($6)


PokerStars Hand #149166105909:  Hold'em Limit ($3/$6 USD) - 2016/02/21 6:00:25 ET
Table 'Pumma' 6-max Seat #3 is the button
Seat 3: Andredias950 ($30 in chips)
Seat 4: Agrotait ($72 in chips)
Andredias950: posts small blind $1
Agrotait: posts big blind $3
*** HOLE CARDS ***
Andredias950: raises $3 to $6
Agrotait: calls $3
*** FLOP *** [Qc Kh Td]
Agrotait: checks
Andredias950: bets $3
Agrotait: folds
Uncalled bet ($3) returned to Andredias950
Andredias950 collected $11.76 from pot
Andredias950: doesn't show hand
*** SUMMARY ***
Total pot $12 | Rake $0.24
Board [Qc Kh Td]
Seat 3: Andredias950 (button) (small blind) collected ($11.76)
Seat 4: Agrotait (big blind) folded on the Flop


PokerStars Hand #149166122212:  Hold'em Limit ($3/$6 USD) - 2016/02/21 6:00:54 ET
Table 'Pumma' 6-max Seat #4 is the button
Seat 3: Andredias950 ($35.76 in chips)
Seat 4: Agrotait ($66 in chips)
Agrotait: posts small blind $1
Andredias950: posts big blind $3
*** HOLE CARDS ***
Agrotait: folds
Uncalled bet ($2) returned to Andredias950
Andredias950 collected $2 from pot
*** SUMMARY ***
Total pot $2 | Rake $0
Seat 3: Andredias950 (big blind) collected ($2)
Seat 4: Agrotait (button) (small blind) folded before Flop


PokerStars Hand #149166125108:  Hold'em Limit ($3/$6 USD) - 2016/02/21 6:00:59 ET
Table 'Pumma' 6-max Seat #3 is the button
Seat 3: Andredias950 ($36.76 in chips)
Seat 4: Agrotait ($65 in chips)
Andredias950: posts small blind $1
Agrotait: posts big blind $3
*** HOLE CARDS ***
Andredias950: folds
Uncalled bet ($2) returned to Agrotait
Agrotait collected $2 from pot
Agrotait: doesn't show hand
*** SUMMARY ***
Total pot $2 | Rake $0
Seat 3: Andredias950 (button) (small blind) folded before Flop
Seat 4: Agrotait (big blind) collected ($2)


PokerStars Hand #149166140078:  Hold'em Limit ($3/$6 USD) - 2016/02/21 6:01:25 ET
Table 'Pumma' 6-max Seat #3 is the button
Seat 3: Andredias950 ($32.76 in chips)
Seat 4: Agrotait ($69 in chips)
Andredias950: posts small blind $1
Agrotait: posts big blind $3
*** HOLE CARDS ***
Andredias950: folds
Uncalled bet ($2) returned to Agrotait
Agrotait collected $2 from pot
Agrotait: doesn't show hand
*** SUMMARY ***
Total pot $2 | Rake $0
Seat 3: Andredias950 (button) (small blind) folded before Flop
Seat 4: Agrotait (big blind) collected ($2)


PokerStars Hand #149166169010:  Hold'em Limit ($3/$6 USD) - 2016/02/21 6:02:13 ET
Table 'Pumma' 6-max Seat #3 is the button
Seat 3: Andredias950 ($63.02 in chips)
Seat 4: Agrotait ($72 in chips)
Andredias950: posts small blind $1
Agrotait: posts big blind $3
*** HOLE CARDS ***
Andredias950: folds
Uncalled bet ($2) returned to Agrotait
Agrotait collected $2 from pot
Agrotait: doesn't show hand
*** SUMMARY ***
Total pot $2 | Rake $0
Seat 3: Andredias950 (button) (small blind) folded before Flop
Seat 4: Agrotait (big blind) collected ($2)


PokerStars Hand #149166143566:  Hold'em Limit ($3/$6 USD) - 2016/02/21 6:01:30 ET
Table 'Pumma' 6-max Seat #4 is the button
Seat 3: Andredias950 ($31.76 in chips)
Seat 4: Agrotait ($70 in chips)
Agrotait: posts small blind $1
Andredias950: posts big blind $3
*** HOLE CARDS ***
Agrotait: raises $3 to $6
Andredias950: calls $3
*** FLOP *** [Ah Qd Tc]
Andredias950: checks
Agrotait: bets $3
Andredias950: calls $3
*** TURN *** [Ah Qd Tc] [8h]
Andredias950: bets $6
Agrotait: calls $6
*** RIVER *** [Ah Qd Tc 8h] [7s]
Andredias950: bets $6
Agrotait: raises $6 to $12
Andredias950: raises $4.76 to $16.76 and is all-in
Agrotait: calls $4.76
*** SHOW DOWN ***
Andredias950: shows [Qs 8c] (two pair, Queens and Eights)
Agrotait: shows [Qh 7h] (two pair, Queens and Sevens)
Andredias950 collected $63.02 from pot
*** SUMMARY ***
Total pot $63.52 | Rake $0.50
Board [Ah Qd Tc 8h 7s]
Seat 3: Andredias950 (big blind) showed [Qs 8c] and won ($63.02) with two pair, Queens and Eights
Seat 4: Agrotait (button) (small blind) showed [Qh 7h] and lost with two pair, Queens and Sevens


