PokerStars Hand #160734638906:  Hold'em Limit ($3/$6 USD) - 2016/11/01 8:10:15 ET
Table 'Pumma' 6-max Seat #6 is the button
Seat 4: Agrotait ($75.52 in chips)
Seat 6: DKviking ($25.76 in chips)
DKviking: posts small blind $1
Agrotait: posts big blind $3
*** HOLE CARDS ***
DKviking: raises $3 to $6
Agrotait: calls $3
*** FLOP *** [3c 5s 5d]
Agrotait: checks
DKviking: bets $3
Agrotait: calls $3
*** TURN *** [3c 5s 5d] [4s]
Agrotait: checks
DKviking: bets $6
Agrotait: calls $6
*** RIVER *** [3c 5s 5d 4s] [Jh]
Agrotait: checks
DKviking: checks
*** SHOW DOWN ***
Agrotait: shows [Td 6c] (a pair of Fives)
DKviking: shows [7d Ah] (a pair of Fives - Ace kicker)
DKviking collected $29.50 from pot
*** SUMMARY ***
Total pot $30 | Rake $0.50
Board [3c 5s 5d 4s Jh]
Seat 4: Agrotait (big blind) showed [Td 6c] and lost with a pair of Fives
Seat 6: DKviking (button) (small blind) showed [7d Ah] and won ($29.50) with a pair of Fives


PokerStars Hand #160734670450:  Hold'em Limit ($3/$6 USD) - 2016/11/01 8:11:16 ET
Table 'Pumma' 6-max Seat #4 is the button
Seat 4: Agrotait ($60.52 in chips)
Seat 6: DKviking ($40.26 in chips)
Agrotait: posts small blind $1
DKviking: posts big blind $3
*** HOLE CARDS ***
Agrotait: folds
Uncalled bet ($2) returned to DKviking
DKviking collected $2 from pot
DKviking: doesn't show hand
*** SUMMARY ***
Total pot $2 | Rake $0
Seat 4: Agrotait (button) (small blind) folded before Flop
Seat 6: DKviking (big blind) collected ($2)


PokerStars Hand #160734696913:  Hold'em Limit ($3/$6 USD) - 2016/11/01 8:12:07 ET
Table 'Pumma' 6-max Seat #4 is the button
Seat 4: Agrotait ($72 in chips)
Seat 6: DKviking ($61.76 in chips)
Agrotait: posts small blind $1
DKviking: posts big blind $3
*** HOLE CARDS ***
Agrotait: raises $3 to $6
DKviking: calls $3
*** FLOP *** [Td 2h 4s]
DKviking: checks
Agrotait: bets $3
DKviking: folds
Uncalled bet ($3) returned to Agrotait
Agrotait collected $11.76 from pot
Agrotait: doesn't show hand
*** SUMMARY ***
Total pot $12 | Rake $0.24
Board [Td 2h 4s]
Seat 4: Agrotait (button) (small blind) collected ($11.76)
Seat 6: DKviking (big blind) folded on the Flop


PokerStars Hand #160734674654:  Hold'em Limit ($3/$6 USD) - 2016/11/01 8:11:24 ET
Table 'Pumma' 6-max Seat #6 is the button
Seat 4: Agrotait ($72 in chips)
Seat 6: DKviking ($41.26 in chips)
DKviking: posts small blind $1
Agrotait: posts big blind $3
*** HOLE CARDS ***
DKviking: raises $3 to $6
Agrotait: calls $3
*** FLOP *** [6c Qs 4d]
Agrotait: checks
DKviking: bets $3
Agrotait: raises $3 to $6
DKviking: raises $3 to $9
Agrotait: calls $3
*** TURN *** [6c Qs 4d] [As]
Agrotait: checks
DKviking: bets $6
Agrotait: calls $6
*** RIVER *** [6c Qs 4d As] [6d]
Agrotait: checks
DKviking: checks
*** SHOW DOWN ***
Agrotait: shows [3s Ks] (a pair of Sixes)
DKviking: shows [4h 5h] (two pair, Sixes and Fours)
DKviking collected $41.50 from pot
*** SUMMARY ***
Total pot $42 | Rake $0.50
Board [6c Qs 4d As 6d]
Seat 4: Agrotait (big blind) showed [3s Ks] and lost with a pair of Sixes
Seat 6: DKviking (button) (small blind) showed [4h 5h] and won ($41.50) with two pair, Sixes and Fours


PokerStars Hand #160734702386:  Hold'em Limit ($3/$6 USD) - 2016/11/01 8:12:18 ET
Table 'Pumma' 6-max Seat #6 is the button
Seat 4: Agrotait ($77.76 in chips)
Seat 6: DKviking ($55.76 in chips)
DKviking: posts small blind $1
Agrotait: posts big blind $3
*** HOLE CARDS ***
DKviking: folds
Uncalled bet ($2) returned to Agrotait
Agrotait collected $2 from pot
Agrotait: doesn't show hand
*** SUMMARY ***
Total pot $2 | Rake $0
Seat 4: Agrotait (big blind) collected ($2)
Seat 6: DKviking (button) (small blind) folded before Flop


PokerStars Hand #160734705040:  Hold'em Limit ($3/$6 USD) - 2016/11/01 8:12:23 ET
Table 'Pumma' 6-max Seat #4 is the button
Seat 4: Agrotait ($78.76 in chips)
Seat 6: DKviking ($54.76 in chips)
Agrotait: posts small blind $1
DKviking: posts big blind $3
*** HOLE CARDS ***
Agrotait: raises $3 to $6
DKviking: calls $3
*** FLOP *** [Th 6c Kc]
DKviking: checks
Agrotait: bets $3
DKviking: calls $3
*** TURN *** [Th 6c Kc] [4s]
DKviking: checks
Agrotait: bets $6
DKviking: calls $6
*** RIVER *** [Th 6c Kc 4s] [3s]
DKviking: checks
SLK500 joins the table at seat #2
Agrotait: checks
*** SHOW DOWN ***
DKviking: shows [7s 8c] (high card King)
Agrotait: shows [Qd As] (high card Ace)
Agrotait collected $29.50 from pot
*** SUMMARY ***
Total pot $30 | Rake $0.50
Board [Th 6c Kc 4s 3s]
Seat 4: Agrotait (button) (small blind) showed [Qd As] and won ($29.50) with high card Ace
Seat 6: DKviking (big blind) showed [7s 8c] and lost with high card King


