PokerStars Hand #151278558948:  Hold'em Limit ($3/$6 USD) - 2016/04/01 15:05:53 ET
Table 'Puppis' 6-max Seat #5 is the button
Seat 4: KingYang2008 ($159.54 in chips)
Seat 5: TbIP-TbIP 88 ($76.52 in chips)
TbIP-TbIP 88: posts small blind $1
KingYang2008: posts big blind $3
*** HOLE CARDS ***
TbIP-TbIP 88: folds
Uncalled bet ($2) returned to KingYang2008
KingYang2008 collected $2 from pot
KingYang2008: doesn't show hand
*** SUMMARY ***
Total pot $2 | Rake $0
Seat 4: KingYang2008 (big blind) collected ($2)
Seat 5: TbIP-TbIP 88 (button) (small blind) folded before Flop


PokerStars Hand #151278544308:  Hold'em Limit ($3/$6 USD) - 2016/04/01 15:05:38 ET
Table 'Puppis' 6-max Seat #4 is the button
Seat 4: KingYang2008 ($153.78 in chips)
Seat 5: TbIP-TbIP 88 ($82.52 in chips)
KingYang2008: posts small blind $1
TbIP-TbIP 88: posts big blind $3
*** HOLE CARDS ***
KingYang2008: raises $3 to $6
TbIP-TbIP 88: calls $3
*** FLOP *** [3h As 7h]
TbIP-TbIP 88: checks
KingYang2008: bets $3
TbIP-TbIP 88: folds
Uncalled bet ($3) returned to KingYang2008
KingYang2008 collected $11.76 from pot
KingYang2008: doesn't show hand
*** SUMMARY ***
Total pot $12 | Rake $0.24
Board [3h As 7h]
Seat 4: KingYang2008 (button) (small blind) collected ($11.76)
Seat 5: TbIP-TbIP 88 (big blind) folded on the Flop


PokerStars Hand #151278512644:  Hold'em Limit ($3/$6 USD) - 2016/04/01 15:05:04 ET
Table 'Puppis' 6-max Seat #4 is the button
Seat 4: KingYang2008 ($164.78 in chips)
Seat 5: TbIP-TbIP 88 ($72 in chips)
KingYang2008: posts small blind $1
TbIP-TbIP 88: posts big blind $3
*** HOLE CARDS ***
beas7m0de leaves the table
KingYang2008: calls $2
TbIP-TbIP 88: checks
*** FLOP *** [5d 8c Kh]
TbIP-TbIP 88: bets $3
KingYang2008: calls $3
*** TURN *** [5d 8c Kh] [5c]
TbIP-TbIP 88: checks
KingYang2008: bets $6
TbIP-TbIP 88: calls $6
*** RIVER *** [5d 8c Kh 5c] [Tc]
TbIP-TbIP 88: checks
KingYang2008: checks
*** SHOW DOWN ***
TbIP-TbIP 88: shows [8d 9c] (two pair, Eights and Fives)
KingYang2008: mucks hand
TbIP-TbIP 88 collected $23.52 from pot
*** SUMMARY ***
Total pot $24 | Rake $0.48
Board [5d 8c Kh 5c Tc]
Seat 4: KingYang2008 (button) (small blind) mucked
Seat 5: TbIP-TbIP 88 (big blind) showed [8d 9c] and won ($23.52) with two pair, Eights and Fives


PokerStars Hand #151278538231:  Hold'em Limit ($3/$6 USD) - 2016/04/01 15:05:32 ET
Table 'Puppis' 6-max Seat #5 is the button
Seat 4: KingYang2008 ($152.78 in chips)
Seat 5: TbIP-TbIP 88 ($83.52 in chips)
TbIP-TbIP 88: posts small blind $1
KingYang2008: posts big blind $3
*** HOLE CARDS ***
TbIP-TbIP 88: folds
Uncalled bet ($2) returned to KingYang2008
KingYang2008 collected $2 from pot
KingYang2008: doesn't show hand
*** SUMMARY ***
Total pot $2 | Rake $0
Seat 4: KingYang2008 (big blind) collected ($2)
Seat 5: TbIP-TbIP 88 (button) (small blind) folded before Flop


PokerStars Hand #151278564209:  Hold'em Limit ($3/$6 USD) - 2016/04/01 15:05:59 ET
Table 'Puppis' 6-max Seat #4 is the button
Seat 4: KingYang2008 ($160.54 in chips)
Seat 5: TbIP-TbIP 88 ($75.52 in chips)
KingYang2008: posts small blind $1
TbIP-TbIP 88: posts big blind $3
*** HOLE CARDS ***
KingYang2008: raises $3 to $6
TbIP-TbIP 88: calls $3
*** FLOP *** [9s 3d 2s]
TbIP-TbIP 88: checks
KingYang2008: bets $3
TbIP-TbIP 88: calls $3
*** TURN *** [9s 3d 2s] [Js]
TbIP-TbIP 88: checks
poyyyy joins the table at seat #1
KingYang2008: bets $6
TbIP-TbIP 88: calls $6
*** RIVER *** [9s 3d 2s Js] [Qd]
TbIP-TbIP 88: checks
KingYang2008: bets $6
Krazy90 joins the table at seat #2
TbIP-TbIP 88: folds
Uncalled bet ($6) returned to KingYang2008
Jokkez 85 joins the table at seat #3
KingYang2008 collected $29.50 from pot
KingYang2008: doesn't show hand
*** SUMMARY ***
Total pot $30 | Rake $0.50
Board [9s 3d 2s Js Qd]
Seat 4: KingYang2008 (button) (small blind) collected ($29.50)
Seat 5: TbIP-TbIP 88 (big blind) folded on the River


