PokerStars Hand #152969111078:  Hold'em Limit ($3/$6 USD) - 2016/05/07 7:14:35 ET
Table 'Puppis II' 6-max Seat #3 is the button
Seat 3: sawka1995 ($120 in chips)
Seat 4: Airbag999 ($120 in chips)
belik555 joins the table at seat #5
sawka1995: posts small blind $1
Airbag999: posts big blind $3
*** HOLE CARDS ***
sawka1995: raises $3 to $6
Airbag999: calls $3
*** FLOP *** [3s 7c Ks]
Airbag999: checks
sawka1995: bets $3
Airbag999: raises $3 to $6
sawka1995: calls $3
*** TURN *** [3s 7c Ks] [2d]
Airbag999: bets $6
sawka1995: calls $6
*** RIVER *** [3s 7c Ks 2d] [Kd]
Airbag999: bets $6
sawka1995: calls $6
*** SHOW DOWN ***
Airbag999: shows [4s 5c] (a pair of Kings)
sawka1995: shows [2s Js] (two pair, Kings and Deuces)
sawka1995 collected $47.50 from pot
*** SUMMARY ***
Total pot $48 | Rake $0.50
Board [3s 7c Ks 2d Kd]
Seat 3: sawka1995 (button) (small blind) showed [2s Js] and won ($47.50) with two pair, Kings and Deuces
Seat 4: Airbag999 (big blind) showed [4s 5c] and lost with a pair of Kings


PokerStars Hand #152971084514:  Hold'em Limit ($3/$6 USD) - 2016/05/07 8:23:54 ET
Table 'Puppis II' 6-max Seat #5 is the button
Seat 2: bentinck113 ($72.13 in chips)
Seat 5: DePokeraap ($296.89 in chips)
DePokeraap: posts small blind $1
bentinck113: posts big blind $3
*** HOLE CARDS ***
DePokeraap: raises $3 to $6
bentinck113: calls $3
*** FLOP *** [Qd 7h Qc]
bentinck113: checks
DePokeraap: bets $3
bentinck113: folds
Uncalled bet ($3) returned to DePokeraap
DePokeraap collected $11.76 from pot
DePokeraap: doesn't show hand
*** SUMMARY ***
Total pot $12 | Rake $0.24
Board [Qd 7h Qc]
Seat 2: bentinck113 (big blind) folded on the Flop
Seat 5: DePokeraap (button) (small blind) collected ($11.76)


PokerStars Hand #152972592920:  Hold'em Limit ($3/$6 USD) - 2016/05/07 9:11:00 ET
Table 'Puppis II' 6-max Seat #6 is the button
Seat 3: ajmaster333 ($35 in chips)
Seat 6: belik555 ($110.68 in chips)
belik555: posts small blind $1
ajmaster333: posts big blind $3
*** HOLE CARDS ***
belik555: raises $3 to $6
ajmaster333: calls $3
*** FLOP *** [5h 9s 9h]
ajmaster333: checks
belik555: bets $3
ajmaster333: folds
Uncalled bet ($3) returned to belik555
belik555 collected $11.76 from pot
belik555: doesn't show hand
*** SUMMARY ***
Total pot $12 | Rake $0.24
Board [5h 9s 9h]
Seat 3: ajmaster333 (big blind) folded on the Flop
Seat 6: belik555 (button) (small blind) collected ($11.76)


PokerStars Hand #152972576565:  Hold'em Limit ($3/$6 USD) - 2016/05/07 9:10:32 ET
Table 'Puppis II' 6-max Seat #3 is the button
Seat 3: ajmaster333 ($50 in chips)
Seat 6: belik555 ($96.18 in chips)
ajmaster333: posts small blind $1
belik555: posts big blind $3
*** HOLE CARDS ***
ajmaster333: raises $3 to $6
belik555: calls $3
*** FLOP *** [Kh 7d 9s]
belik555: checks
ajmaster333: bets $3
belik555: calls $3
*** TURN *** [Kh 7d 9s] [4c]
belik555: checks
ajmaster333: checks
*** RIVER *** [Kh 7d 9s 4c] [5h]
belik555: bets $6
ajmaster333: calls $6
*** SHOW DOWN ***
belik555: shows [Jc 5c] (a pair of Fives)
ajmaster333: mucks hand
belik555 collected $29.50 from pot
*** SUMMARY ***
Total pot $30 | Rake $0.50
Board [Kh 7d 9s 4c 5h]
Seat 3: ajmaster333 (button) (small blind) mucked
Seat 6: belik555 (big blind) showed [Jc 5c] and won ($29.50) with a pair of Fives


PokerStars Hand #152972631729:  Hold'em Limit ($3/$6 USD) - 2016/05/07 9:12:08 ET
Table 'Puppis II' 6-max Seat #3 is the button
Seat 3: ajmaster333 ($22.75 in chips)
Seat 6: belik555 ($121.95 in chips)
ajmaster333: posts small blind $1
belik555: posts big blind $3
*** HOLE CARDS ***
ajmaster333: calls $2
belik555: raises $3 to $6
ajmaster333: calls $3
*** FLOP *** [8c Jc 2h]
belik555: bets $3
ajmaster333: raises $3 to $6
belik555: calls $3
*** TURN *** [8c Jc 2h] [3c]
belik555: checks
ajmaster333: checks
*** RIVER *** [8c Jc 2h 3c] [7s]
belik555: bets $6
ajmaster333: folds
Uncalled bet ($6) returned to belik555
belik555 collected $23.52 from pot
belik555: doesn't show hand
*** SUMMARY ***
Total pot $24 | Rake $0.48
Board [8c Jc 2h 3c 7s]
Seat 3: ajmaster333 (button) (small blind) folded on the River
Seat 6: belik555 (big blind) collected ($23.52)


PokerStars Hand #152972622548:  Hold'em Limit ($3/$6 USD) - 2016/05/07 9:11:52 ET
Table 'Puppis II' 6-max Seat #6 is the button
Seat 3: ajmaster333 ($28.75 in chips)
Seat 6: belik555 ($116.19 in chips)
belik555: posts small blind $1
ajmaster333: posts big blind $3
*** HOLE CARDS ***
belik555: raises $3 to $6
ajmaster333: calls $3
*** FLOP *** [5d Th Jh]
ajmaster333: checks
belik555: bets $3
ajmaster333: folds
Uncalled bet ($3) returned to belik555
belik555 collected $11.76 from pot
belik555: doesn't show hand
*** SUMMARY ***
Total pot $12 | Rake $0.24
Board [5d Th Jh]
Seat 3: ajmaster333 (big blind) folded on the Flop
Seat 6: belik555 (button) (small blind) collected ($11.76)


PokerStars Hand #152972603232:  Hold'em Limit ($3/$6 USD) - 2016/05/07 9:11:18 ET
Table 'Puppis II' 6-max Seat #3 is the button
Seat 3: ajmaster333 ($29 in chips)
Seat 6: belik555 ($116.44 in chips)
ajmaster333: posts small blind $1
belik555: posts big blind $3
*** HOLE CARDS ***
ajmaster333: calls $2
belik555: raises $3 to $6
ajmaster333: calls $3
*** FLOP *** [Jh Ks As]
belik555: bets $3
ajmaster333: calls $3
*** TURN *** [Jh Ks As] [8d]
belik555: bets $6
ajmaster333: calls $6
*** RIVER *** [Jh Ks As 8d] [Jc]
belik555: checks
ajmaster333: bets $6
belik555: calls $6
*** SHOW DOWN ***
ajmaster333: shows [Kd 2s] (two pair, Kings and Jacks)
belik555: shows [Kc 9s] (two pair, Kings and Jacks)
belik555 collected $20.75 from pot
ajmaster333 collected $20.75 from pot
*** SUMMARY ***
Total pot $42 | Rake $0.50
Board [Jh Ks As 8d Jc]
Seat 3: ajmaster333 (button) (small blind) showed [Kd 2s] and won ($20.75) with two pair, Kings and Jacks
Seat 6: belik555 (big blind) showed [Kc 9s] and won ($20.75) with two pair, Kings and Jacks


PokerStars Hand #152972649429:  Hold'em Limit ($3/$6 USD) - 2016/05/07 9:12:39 ET
Table 'Puppis II' 6-max Seat #6 is the button
Seat 3: ajmaster333 ($10.75 in chips)
Seat 6: belik555 ($133.47 in chips)
belik555: posts small blind $1
ajmaster333: posts big blind $3
*** HOLE CARDS ***
belik555: raises $3 to $6
ajmaster333: calls $3
*** FLOP *** [2h 3d Ac]
ajmaster333: checks
belik555: bets $3
ajmaster333: raises $1.75 to $4.75 and is all-in
belik555: calls $1.75
*** TURN *** [2h 3d Ac] [Ts]
*** RIVER *** [2h 3d Ac Ts] [Kd]
*** SHOW DOWN ***
ajmaster333: shows [Th 7h] (a pair of Tens)
belik555: shows [5s 2c] (a pair of Deuces)
ajmaster333 collected $21.07 from pot
*** SUMMARY ***
Total pot $21.50 | Rake $0.43
Board [2h 3d Ac Ts Kd]
Seat 3: ajmaster333 (big blind) showed [Th 7h] and won ($21.07) with a pair of Tens
Seat 6: belik555 (button) (small blind) showed [5s 2c] and lost with a pair of Deuces


PokerStars Hand #152972667983:  Hold'em Limit ($3/$6 USD) - 2016/05/07 9:13:11 ET
Table 'Puppis II' 6-max Seat #3 is the button
Seat 3: ajmaster333 ($98.07 in chips)
Seat 6: belik555 ($122.72 in chips)
ajmaster333: posts small blind $1
belik555: posts big blind $3
*** HOLE CARDS ***
Nielsdomi27 joins the table at seat #2
ajmaster333: calls $2
belik555: raises $3 to $6
ajmaster333: calls $3
*** FLOP *** [4c 5s 7d]
belik555: bets $3
ajmaster333: raises $3 to $6
Tryptamean joins the table at seat #4
belik555: calls $3
*** TURN *** [4c 5s 7d] [8c]
belik555: bets $6
ajmaster333: raises $6 to $12
belik555: calls $6
*** RIVER *** [4c 5s 7d 8c] [3s]
belik555: checks
ajmaster333: checks
*** SHOW DOWN ***
belik555: shows [6h Qc] (a straight, Four to Eight)
ajmaster333: mucks hand
belik555 collected $47.50 from pot
*** SUMMARY ***
Total pot $48 | Rake $0.50
Board [4c 5s 7d 8c 3s]
Seat 3: ajmaster333 (button) (small blind) mucked
Seat 6: belik555 (big blind) showed [6h Qc] and won ($47.50) with a straight, Four to Eight


PokerStars Hand #152974526129:  Hold'em Limit ($3/$6 USD) - 2016/05/07 10:07:31 ET
Table 'Puppis II' 6-max Seat #4 is the button
Seat 2: tangxueke ($46.10 in chips)
Seat 4: Tryptamean ($107.64 in chips)
Tryptamean: posts small blind $1
Pelurile: is sitting out
tangxueke: posts big blind $3
*** HOLE CARDS ***
Tryptamean: raises $3 to $6
tangxueke: folds
Uncalled bet ($3) returned to Tryptamean
Tryptamean collected $6 from pot
Tryptamean: doesn't show hand
*** SUMMARY ***
Total pot $6 | Rake $0
Seat 2: tangxueke (big blind) folded before Flop
Seat 4: Tryptamean (button) (small blind) collected ($6)


PokerStars Hand #152974582611:  Hold'em Limit ($3/$6 USD) - 2016/05/07 10:09:06 ET
Table 'Puppis II' 6-max Seat #4 is the button
Seat 2: tangxueke ($28.10 in chips)
Seat 4: Tryptamean ($125.14 in chips)
Tryptamean: posts small blind $1
tangxueke: posts big blind $3
*** HOLE CARDS ***
Tryptamean: raises $3 to $6
tangxueke: folds
Uncalled bet ($3) returned to Tryptamean
Tryptamean collected $6 from pot
Tryptamean: doesn't show hand
*** SUMMARY ***
Total pot $6 | Rake $0
Seat 2: tangxueke (big blind) folded before Flop
Seat 4: Tryptamean (button) (small blind) collected ($6)


PokerStars Hand #152974531860:  Hold'em Limit ($3/$6 USD) - 2016/05/07 10:07:41 ET
Table 'Puppis II' 6-max Seat #2 is the button
Seat 2: tangxueke ($43.10 in chips)
Seat 4: Tryptamean ($110.64 in chips)
tangxueke: posts small blind $1
Tryptamean: posts big blind $3
*** HOLE CARDS ***
tangxueke: raises $3 to $6
Tryptamean: calls $3
*** FLOP *** [Ah 9d 3h]
Tryptamean: checks
tangxueke: bets $3
TheRivRat22 joins the table at seat #3
Tryptamean: calls $3
*** TURN *** [Ah 9d 3h] [Ts]
Tryptamean: checks
tangxueke: bets $6
Tryptamean: calls $6
*** RIVER *** [Ah 9d 3h Ts] [6h]
Tryptamean: checks
tangxueke: checks
*** SHOW DOWN ***
Tryptamean: shows [3d Qc] (a pair of Threes)
tangxueke: mucks hand
Tryptamean collected $29.50 from pot
*** SUMMARY ***
Total pot $30 | Rake $0.50
Board [Ah 9d 3h Ts 6h]
Seat 2: tangxueke (button) (small blind) mucked
Seat 4: Tryptamean (big blind) showed [3d Qc] and won ($29.50) with a pair of Threes


PokerStars Hand #152975066584:  Hold'em Limit ($3/$6 USD) - 2016/05/07 10:22:27 ET
Table 'Puppis II' 6-max Seat #4 is the button
Seat 2: tangxueke ($58.12 in chips)
Seat 4: Tryptamean ($87.25 in chips)
Tryptamean: posts small blind $1
lin1rabbit: is sitting out
tangxueke: posts big blind $3
*** HOLE CARDS ***
Tryptamean: raises $3 to $6
tangxueke: calls $3
*** FLOP *** [9d Ad 5d]
lin1rabbit leaves the table
tangxueke: checks
Tryptamean: bets $3
tangxueke: raises $3 to $6
Tryptamean: folds
Uncalled bet ($3) returned to tangxueke
tangxueke collected $17.64 from pot
tangxueke: doesn't show hand
*** SUMMARY ***
Total pot $18 | Rake $0.36
Board [9d Ad 5d]
Seat 2: tangxueke (big blind) collected ($17.64)
Seat 4: Tryptamean (button) (small blind) folded on the Flop


PokerStars Hand #152975091731:  Hold'em Limit ($3/$6 USD) - 2016/05/07 10:23:09 ET
Table 'Puppis II' 6-max Seat #2 is the button
Seat 2: tangxueke ($66.76 in chips)
Seat 4: Tryptamean ($78.25 in chips)
tangxueke: posts small blind $1
Tryptamean: posts big blind $3
*** HOLE CARDS ***
tangxueke: raises $3 to $6
Tryptamean: calls $3
*** FLOP *** [Ad Ac 4d]
Tryptamean: checks
tangxueke: bets $3
Tryptamean: folds
Uncalled bet ($3) returned to tangxueke
tangxueke collected $11.76 from pot
tangxueke: doesn't show hand
*** SUMMARY ***
Total pot $12 | Rake $0.24
Board [Ad Ac 4d]
Seat 2: tangxueke (button) (small blind) collected ($11.76)
Seat 4: Tryptamean (big blind) folded on the Flop


PokerStars Hand #152975123399:  Hold'em Limit ($3/$6 USD) - 2016/05/07 10:24:01 ET
Table 'Puppis II' 6-max Seat #4 is the button
Seat 3: koekoek202 ($120 in chips)
Seat 4: Tryptamean ($72.25 in chips)
Tryptamean: posts small blind $1
koekoek202: posts big blind $3
*** HOLE CARDS ***
Tryptamean: raises $3 to $6
koekoek202: folds
Uncalled bet ($3) returned to Tryptamean
Tryptamean collected $6 from pot
Tryptamean: doesn't show hand
*** SUMMARY ***
Total pot $6 | Rake $0
Seat 3: koekoek202 (big blind) folded before Flop
Seat 4: Tryptamean (button) (small blind) collected ($6)


PokerStars Hand #152975128913:  Hold'em Limit ($3/$6 USD) - 2016/05/07 10:24:10 ET
Table 'Puppis II' 6-max Seat #3 is the button
Seat 3: koekoek202 ($117 in chips)
Seat 4: Tryptamean ($75.25 in chips)
koekoek202: posts small blind $1
Tryptamean: posts big blind $3
*** HOLE CARDS ***
koekoek202: raises $3 to $6
Tryptamean: calls $3
*** FLOP *** [3d 7c 9d]
Tryptamean: checks
koekoek202: bets $3
Tryptamean: calls $3
*** TURN *** [3d 7c 9d] [6d]
Tryptamean: checks
koekoek202: bets $6
Tryptamean: calls $6
*** RIVER *** [3d 7c 9d 6d] [6h]
keis 888 joins the table at seat #6
Tryptamean: bets $6
koekoek202: calls $6
*** SHOW DOWN ***
Tryptamean: shows [4d 3c] (two pair, Sixes and Threes)
koekoek202: shows [4h 7h] (two pair, Sevens and Sixes)
koekoek202 collected $41.50 from pot
*** SUMMARY ***
Total pot $42 | Rake $0.50
Board [3d 7c 9d 6d 6h]
Seat 3: koekoek202 (button) (small blind) showed [4h 7h] and won ($41.50) with two pair, Sevens and Sixes
Seat 4: Tryptamean (big blind) showed [4d 3c] and lost with two pair, Sixes and Threes


PokerStars Hand #152978252108:  Hold'em Limit ($3/$6 USD) - 2016/05/07 11:46:46 ET
Table 'Puppis II' 6-max Seat #6 is the button
Seat 2: LolDnkaments ($78.76 in chips)
Seat 6: dokaten ($345.98 in chips)
dokaten: posts small blind $1
LolDnkaments: posts big blind $3
*** HOLE CARDS ***
dokaten: folds
Uncalled bet ($2) returned to LolDnkaments
LolDnkaments collected $2 from pot
LolDnkaments: doesn't show hand
*** SUMMARY ***
Total pot $2 | Rake $0
Seat 2: LolDnkaments (big blind) collected ($2)
Seat 6: dokaten (button) (small blind) folded before Flop


PokerStars Hand #152978239963:  Hold'em Limit ($3/$6 USD) - 2016/05/07 11:46:28 ET
Table 'Puppis II' 6-max Seat #2 is the button
Seat 2: LolDnkaments ($73 in chips)
Seat 6: dokaten ($351.98 in chips)
LolDnkaments: posts small blind $1
HAL9QQQ: is sitting out
dokaten: posts big blind $3
*** HOLE CARDS ***
koekoek202 leaves the table
LolDnkaments: raises $3 to $6
HAL9QQQ leaves the table
dokaten: calls $3
*** FLOP *** [Jh Qc 7c]
dokaten: checks
LolDnkaments: bets $3
dokaten: folds
Uncalled bet ($3) returned to LolDnkaments
LolDnkaments collected $11.76 from pot
LolDnkaments: doesn't show hand
*** SUMMARY ***
Total pot $12 | Rake $0.24
Board [Jh Qc 7c]
Seat 2: LolDnkaments (button) (small blind) collected ($11.76)
Seat 6: dokaten (big blind) folded on the Flop


PokerStars Hand #152981783915:  Hold'em Limit ($3/$6 USD) - 2016/05/07 13:07:49 ET
Table 'Puppis II' 6-max Seat #6 is the button
Seat 3: dborys ($213 in chips)
Seat 6: mylifeluvsol ($27 in chips)
mylifeluvsol: posts small blind $1
dborys: posts big blind $3
*** HOLE CARDS ***
samurai.ru joins the table at seat #1
mylifeluvsol: calls $2
dborys: checks
*** FLOP *** [Ad 6c 8d]
dborys: checks
mylifeluvsol: checks
*** TURN *** [Ad 6c 8d] [9h]
dborys: checks
mylifeluvsol: bets $6
dborys: folds
Uncalled bet ($6) returned to mylifeluvsol
mylifeluvsol collected $5.88 from pot
*** SUMMARY ***
Total pot $6 | Rake $0.12
Board [Ad 6c 8d 9h]
Seat 3: dborys (big blind) folded on the Turn
Seat 6: mylifeluvsol (button) (small blind) collected ($5.88)


PokerStars Hand #152981841943:  Hold'em Limit ($3/$6 USD) - 2016/05/07 13:09:06 ET
Table 'Puppis II' 6-max Seat #3 is the button
Seat 3: dborys ($199.76 in chips)
Seat 6: mylifeluvsol ($39.38 in chips)
dborys: posts small blind $1
mylifeluvsol: posts big blind $3
*** HOLE CARDS ***
dborys: folds
Uncalled bet ($2) returned to mylifeluvsol
mylifeluvsol collected $2 from pot
*** SUMMARY ***
Total pot $2 | Rake $0
Seat 3: dborys (button) (small blind) folded before Flop
Seat 6: mylifeluvsol (big blind) collected ($2)


PokerStars Hand #152981834151:  Hold'em Limit ($3/$6 USD) - 2016/05/07 13:08:55 ET
Table 'Puppis II' 6-max Seat #6 is the button
Seat 3: dborys ($198.76 in chips)
Seat 6: mylifeluvsol ($40.38 in chips)
mylifeluvsol: posts small blind $1
dborys: posts big blind $3
*** HOLE CARDS ***
mylifeluvsol: folds
Uncalled bet ($2) returned to dborys
dborys collected $2 from pot
dborys: doesn't show hand
*** SUMMARY ***
Total pot $2 | Rake $0
Seat 3: dborys (big blind) collected ($2)
Seat 6: mylifeluvsol (button) (small blind) folded before Flop


PokerStars Hand #152981810480:  Hold'em Limit ($3/$6 USD) - 2016/05/07 13:08:24 ET
Table 'Puppis II' 6-max Seat #3 is the button
Seat 3: dborys ($216.76 in chips)
Seat 6: mylifeluvsol ($22.88 in chips)
dborys: posts small blind $1
mylifeluvsol: posts big blind $3
*** HOLE CARDS ***
dborys: raises $3 to $6
mylifeluvsol: raises $3 to $9
dborys: calls $3
*** FLOP *** [6d 3d 3s]
mylifeluvsol: checks
dborys: bets $3
mylifeluvsol: calls $3
*** TURN *** [6d 3d 3s] [Ac]
mylifeluvsol: checks
dborys: checks
*** RIVER *** [6d 3d 3s Ac] [Qh]
mylifeluvsol: bets $6
dborys: calls $6
*** SHOW DOWN ***
mylifeluvsol: shows [Kd Ks] (two pair, Kings and Threes)
dborys: mucks hand
mylifeluvsol collected $35.50 from pot
*** SUMMARY ***
Total pot $36 | Rake $0.50
Board [6d 3d 3s Ac Qh]
Seat 3: dborys (button) (small blind) mucked
Seat 6: mylifeluvsol (big blind) showed [Kd Ks] and won ($35.50) with two pair, Kings and Threes


PokerStars Hand #152981805694:  Hold'em Limit ($3/$6 USD) - 2016/05/07 13:08:18 ET
Table 'Puppis II' 6-max Seat #6 is the button
Seat 3: dborys ($215.76 in chips)
Seat 6: mylifeluvsol ($23.88 in chips)
mylifeluvsol: posts small blind $1
dborys: posts big blind $3
*** HOLE CARDS ***
mylifeluvsol: folds
Uncalled bet ($2) returned to dborys
dborys collected $2 from pot
dborys: doesn't show hand
*** SUMMARY ***
Total pot $2 | Rake $0
Seat 3: dborys (big blind) collected ($2)
Seat 6: mylifeluvsol (button) (small blind) folded before Flop


PokerStars Hand #152981798044:  Hold'em Limit ($3/$6 USD) - 2016/05/07 13:08:07 ET
Table 'Puppis II' 6-max Seat #3 is the button
Seat 3: dborys ($210 in chips)
Seat 6: mylifeluvsol ($29.88 in chips)
dborys: posts small blind $1
mylifeluvsol: posts big blind $3
*** HOLE CARDS ***
dborys: raises $3 to $6
mylifeluvsol: calls $3
*** FLOP *** [Ah Qs Qc]
mylifeluvsol: folds
dborys collected $11.76 from pot
dborys: doesn't show hand
*** SUMMARY ***
Total pot $12 | Rake $0.24
Board [Ah Qs Qc]
Seat 3: dborys (button) (small blind) collected ($11.76)
Seat 6: mylifeluvsol (big blind) folded on the Flop


PokerStars Hand #152981884270:  Hold'em Limit ($3/$6 USD) - 2016/05/07 13:09:59 ET
Table 'Puppis II' 6-max Seat #3 is the button
Seat 3: dborys ($208.26 in chips)
Seat 6: mylifeluvsol ($30.14 in chips)
dborys: posts small blind $1
mylifeluvsol: posts big blind $3
*** HOLE CARDS ***
dborys: raises $3 to $6
mylifeluvsol: folds
Uncalled bet ($3) returned to dborys
dborys collected $6 from pot
dborys: doesn't show hand
*** SUMMARY ***
Total pot $6 | Rake $0
Seat 3: dborys (button) (small blind) collected ($6)
Seat 6: mylifeluvsol (big blind) folded before Flop


PokerStars Hand #152981869859:  Hold'em Limit ($3/$6 USD) - 2016/05/07 13:09:40 ET
Table 'Puppis II' 6-max Seat #6 is the button
Seat 3: dborys ($214.26 in chips)
Seat 6: mylifeluvsol ($24.38 in chips)
mylifeluvsol: posts small blind $1
dborys: posts big blind $3
*** HOLE CARDS ***
mylifeluvsol: raises $3 to $6
dborys: calls $3
*** FLOP *** [5d 6c 9s]
dborys: checks
mylifeluvsol: checks
*** TURN *** [5d 6c 9s] [5c]
dborys: checks
mylifeluvsol: bets $6
dborys: folds
Uncalled bet ($6) returned to mylifeluvsol
mylifeluvsol collected $11.76 from pot
*** SUMMARY ***
Total pot $12 | Rake $0.24
Board [5d 6c 9s 5c]
Seat 3: dborys (big blind) folded on the Turn
Seat 6: mylifeluvsol (button) (small blind) collected ($11.76)


PokerStars Hand #152981849547:  Hold'em Limit ($3/$6 USD) - 2016/05/07 13:09:16 ET
Table 'Puppis II' 6-max Seat #3 is the button
Seat 3: dborys ($199.76 in chips)
Seat 6: mylifeluvsol ($39.38 in chips)
dborys: posts small blind $1
mylifeluvsol: posts big blind $3
*** HOLE CARDS ***
dborys: raises $3 to $6
mylifeluvsol: calls $3
*** FLOP *** [Td 6h 4h]
mylifeluvsol: checks
dborys: bets $3
mylifeluvsol: calls $3
*** TURN *** [Td 6h 4h] [Kc]
mylifeluvsol: checks
dborys: checks
*** RIVER *** [Td 6h 4h Kc] [Js]
mylifeluvsol: bets $6
dborys: calls $6
*** SHOW DOWN ***
mylifeluvsol: shows [2s 5s] (high card King)
dborys: shows [Ad 4d] (a pair of Fours)
dborys collected $29.50 from pot
*** SUMMARY ***
Total pot $30 | Rake $0.50
Board [Td 6h 4h Kc Js]
Seat 3: dborys (button) (small blind) showed [Ad 4d] and won ($29.50) with a pair of Fours
Seat 6: mylifeluvsol (big blind) showed [2s 5s] and lost with high card King


PokerStars Hand #152981845138:  Hold'em Limit ($3/$6 USD) - 2016/05/07 13:09:10 ET
Table 'Puppis II' 6-max Seat #6 is the button
Seat 3: dborys ($198.76 in chips)
Seat 6: mylifeluvsol ($40.38 in chips)
mylifeluvsol: posts small blind $1
dborys: posts big blind $3
*** HOLE CARDS ***
mylifeluvsol: folds
Uncalled bet ($2) returned to dborys
dborys collected $2 from pot
dborys: doesn't show hand
*** SUMMARY ***
Total pot $2 | Rake $0
Seat 3: dborys (big blind) collected ($2)
Seat 6: mylifeluvsol (button) (small blind) folded before Flop


PokerStars Hand #152981913761:  Hold'em Limit ($3/$6 USD) - 2016/05/07 13:10:38 ET
Table 'Puppis II' 6-max Seat #3 is the button
Seat 3: dborys ($214.02 in chips)
Seat 6: mylifeluvsol ($23.90 in chips)
dborys: posts small blind $1
mylifeluvsol: posts big blind $3
*** HOLE CARDS ***
dborys: raises $3 to $6
mylifeluvsol: raises $3 to $9
dborys: raises $3 to $12
Betting is capped
mylifeluvsol: calls $3
*** FLOP *** [Jd 7c As]
mylifeluvsol: checks
dborys: bets $3
mylifeluvsol: raises $3 to $6
dborys: calls $3
*** TURN *** [Jd 7c As] [7h]
mylifeluvsol: bets $5.90 and is all-in
dborys: calls $5.90
*** RIVER *** [Jd 7c As 7h] [2s]
*** SHOW DOWN ***
mylifeluvsol: shows [8d Ad] (two pair, Aces and Sevens)
dborys: shows [Qs Ah] (two pair, Aces and Sevens - Queen kicker)
dborys collected $47.30 from pot
*** SUMMARY ***
Total pot $47.80 | Rake $0.50
Board [Jd 7c As 7h 2s]
Seat 3: dborys (button) (small blind) showed [Qs Ah] and won ($47.30) with two pair, Aces and Sevens
Seat 6: mylifeluvsol (big blind) showed [8d Ad] and lost with two pair, Aces and Sevens


PokerStars Hand #152981901104:  Hold'em Limit ($3/$6 USD) - 2016/05/07 13:10:22 ET
Table 'Puppis II' 6-max Seat #6 is the button
Seat 3: dborys ($208.26 in chips)
Seat 6: mylifeluvsol ($29.90 in chips)
mylifeluvsol: posts small blind $1
dborys: posts big blind $3
*** HOLE CARDS ***
mylifeluvsol: calls $2
dborys: checks
*** FLOP *** [Kc Qh Kh]
dborys: bets $3
mylifeluvsol: calls $3
*** TURN *** [Kc Qh Kh] [3s]
dborys: bets $6
mylifeluvsol: folds
Uncalled bet ($6) returned to dborys
dborys collected $11.76 from pot
dborys: doesn't show hand
*** SUMMARY ***
Total pot $12 | Rake $0.24
Board [Kc Qh Kh 3s]
Seat 3: dborys (big blind) collected ($11.76)
Seat 6: mylifeluvsol (button) (small blind) folded on the Turn


PokerStars Hand #152981896819:  Hold'em Limit ($3/$6 USD) - 2016/05/07 13:10:16 ET
Table 'Puppis II' 6-max Seat #3 is the button
Seat 3: dborys ($205.26 in chips)
Seat 6: mylifeluvsol ($32.90 in chips)
dborys: posts small blind $1
mylifeluvsol: posts big blind $3
*** HOLE CARDS ***
dborys: raises $3 to $6
mylifeluvsol: folds
Uncalled bet ($3) returned to dborys
dborys collected $6 from pot
dborys: doesn't show hand
*** SUMMARY ***
Total pot $6 | Rake $0
Seat 3: dborys (button) (small blind) collected ($6)
Seat 6: mylifeluvsol (big blind) folded before Flop


PokerStars Hand #152981888919:  Hold'em Limit ($3/$6 USD) - 2016/05/07 13:10:05 ET
Table 'Puppis II' 6-max Seat #6 is the button
Seat 3: dborys ($211.26 in chips)
Seat 6: mylifeluvsol ($27.14 in chips)
mylifeluvsol: posts small blind $1
dborys: posts big blind $3
*** HOLE CARDS ***
mylifeluvsol: raises $3 to $6
dborys: calls $3
*** FLOP *** [Qd 8d Kd]
dborys: checks
mylifeluvsol: bets $3
dborys: folds
Uncalled bet ($3) returned to mylifeluvsol
mylifeluvsol collected $11.76 from pot
*** SUMMARY ***
Total pot $12 | Rake $0.24
Board [Qd 8d Kd]
Seat 3: dborys (big blind) folded on the Flop
Seat 6: mylifeluvsol (button) (small blind) collected ($11.76)


