PokerStars Hand #165884215749:  Hold'em Limit ($3/$6 USD) - 2017/02/08 10:54:31 ET
Table 'Puppis' 6-max Seat #4 is the button
Seat 4: MTails ($120 in chips)
Seat 5: 19woody58 ($120 in chips)
MTails: posts small blind $1
19woody58: posts big blind $3
*** HOLE CARDS ***
MTails: raises $3 to $6
19woody58: calls $3
*** FLOP *** [Jd Tc 3h]
vestimokrec joins the table at seat #6
19woody58: checks
MTails: bets $3
tttzzz joins the table at seat #1
19woody58: calls $3
*** TURN *** [Jd Tc 3h] [9h]
19woody58: checks
MTails: bets $6
19woody58: folds
Uncalled bet ($6) returned to MTails
MTails collected $17.64 from pot
*** SUMMARY ***
Total pot $18 | Rake $0.36
Board [Jd Tc 3h 9h]
Seat 4: MTails (button) (small blind) collected ($17.64)
Seat 5: 19woody58 (big blind) folded on the Turn


PokerStars Hand #165884972426:  Hold'em Limit ($3/$6 USD) - 2017/02/08 11:11:48 ET
Table 'Puppis' 6-max Seat #2 is the button
Seat 1: tttzzz ($109.36 in chips)
Seat 2: mexan086 ($236.27 in chips)
mexan086: posts small blind $1
skogsbarn: is sitting out
MTails: is sitting out
tttzzz: posts big blind $3
*** HOLE CARDS ***
mexan086: folds
Uncalled bet ($2) returned to tttzzz
skogsbarn leaves the table
tttzzz collected $2 from pot
tttzzz: doesn't show hand
*** SUMMARY ***
Total pot $2 | Rake $0
Seat 1: tttzzz (big blind) collected ($2)
Seat 2: mexan086 (button) (small blind) folded before Flop


PokerStars Hand #165884977268:  Hold'em Limit ($3/$6 USD) - 2017/02/08 11:11:54 ET
Table 'Puppis' 6-max Seat #1 is the button
Seat 1: tttzzz ($110.36 in chips)
Seat 2: mexan086 ($235.27 in chips)
tttzzz: posts small blind $1
mexan086: posts big blind $3
*** HOLE CARDS ***
tttzzz: raises $3 to $6
mexan086: raises $3 to $9
tttzzz: raises $3 to $12
Betting is capped
mexan086: calls $3
*** FLOP *** [4h 8s 3d]
mexan086: checks
tttzzz: bets $3
mexan086: calls $3
*** TURN *** [4h 8s 3d] [3c]
mexan086: checks
tttzzz: bets $6
mexan086: raises $6 to $12
tttzzz: calls $6
*** RIVER *** [4h 8s 3d 3c] [Kd]
mexan086: bets $6
tttzzz: calls $6
*** SHOW DOWN ***
mexan086: shows [6d 6c] (two pair, Sixes and Threes)
tttzzz: mucks hand
mexan086 collected $65.50 from pot
*** SUMMARY ***
Total pot $66 | Rake $0.50
Board [4h 8s 3d 3c Kd]
Seat 1: tttzzz (button) (small blind) mucked
Seat 2: mexan086 (big blind) showed [6d 6c] and won ($65.50) with two pair, Sixes and Threes


PokerStars Hand #165885007514:  Hold'em Limit ($3/$6 USD) - 2017/02/08 11:12:34 ET
Table 'Puppis' 6-max Seat #2 is the button
Seat 1: tttzzz ($77.36 in chips)
Seat 2: mexan086 ($267.77 in chips)
mexan086: posts small blind $1
tttzzz: posts big blind $3
*** HOLE CARDS ***
mexan086: folds
Uncalled bet ($2) returned to tttzzz
tttzzz collected $2 from pot
tttzzz: doesn't show hand
*** SUMMARY ***
Total pot $2 | Rake $0
Seat 1: tttzzz (big blind) collected ($2)
Seat 2: mexan086 (button) (small blind) folded before Flop


PokerStars Hand #165885014614:  Hold'em Limit ($3/$6 USD) - 2017/02/08 11:12:43 ET
Table 'Puppis' 6-max Seat #1 is the button
Seat 1: tttzzz ($78.36 in chips)
Seat 2: mexan086 ($266.77 in chips)
tttzzz: posts small blind $1
mexan086: posts big blind $3
*** HOLE CARDS ***
tttzzz: raises $3 to $6
mexan086: calls $3
*** FLOP *** [4d 8d Kd]
mexan086: checks
tttzzz: bets $3
mexan086: folds
Uncalled bet ($3) returned to tttzzz
tttzzz collected $11.76 from pot
tttzzz: doesn't show hand
*** SUMMARY ***
Total pot $12 | Rake $0.24
Board [4d 8d Kd]
Seat 1: tttzzz (button) (small blind) collected ($11.76)
Seat 2: mexan086 (big blind) folded on the Flop


PokerStars Hand #165885048647:  Hold'em Limit ($3/$6 USD) - 2017/02/08 11:13:28 ET
Table 'Puppis' 6-max Seat #2 is the button
Seat 2: mexan086 ($260.77 in chips)
Seat 3: ANIN1337 ($72.24 in chips)
mexan086: posts small blind $1
ANIN1337: posts big blind $3
*** HOLE CARDS ***
mexan086: raises $3 to $6
ANIN1337: folds
Uncalled bet ($3) returned to mexan086
mexan086 collected $6 from pot
mexan086: doesn't show hand
*** SUMMARY ***
Total pot $6 | Rake $0
Seat 2: mexan086 (button) (small blind) collected ($6)
Seat 3: ANIN1337 (big blind) folded before Flop


PokerStars Hand #165885063854:  Hold'em Limit ($3/$6 USD) - 2017/02/08 11:13:47 ET
Table 'Puppis' 6-max Seat #2 is the button
Seat 2: mexan086 ($257.77 in chips)
Seat 3: ANIN1337 ($75 in chips)
mexan086: posts small blind $1
ANIN1337: posts big blind $3
*** HOLE CARDS ***
mexan086: folds
Uncalled bet ($2) returned to ANIN1337
ANIN1337 collected $2 from pot
*** SUMMARY ***
Total pot $2 | Rake $0
Seat 2: mexan086 (button) (small blind) folded before Flop
Seat 3: ANIN1337 (big blind) collected ($2)


PokerStars Hand #165885054769:  Hold'em Limit ($3/$6 USD) - 2017/02/08 11:13:36 ET
Table 'Puppis' 6-max Seat #3 is the button
Seat 2: mexan086 ($263.77 in chips)
Seat 3: ANIN1337 ($69.24 in chips)
ANIN1337: posts small blind $1
mexan086: posts big blind $3
*** HOLE CARDS ***
ANIN1337: raises $3 to $6
mexan086: calls $3
*** FLOP *** [Td Kc 3s]
mexan086: checks
ANIN1337: bets $3
mexan086: folds
Uncalled bet ($3) returned to ANIN1337
ANIN1337 collected $11.76 from pot
*** SUMMARY ***
Total pot $12 | Rake $0.24
Board [Td Kc 3s]
Seat 2: mexan086 (big blind) folded on the Flop
Seat 3: ANIN1337 (button) (small blind) collected ($11.76)


PokerStars Hand #165885072271:  Hold'em Limit ($3/$6 USD) - 2017/02/08 11:13:58 ET
Table 'Puppis' 6-max Seat #2 is the button
Seat 2: mexan086 ($253.77 in chips)
Seat 3: ANIN1337 ($79 in chips)
mexan086: posts small blind $1
ANIN1337: posts big blind $3
*** HOLE CARDS ***
mexan086: folds
Uncalled bet ($2) returned to ANIN1337
ANIN1337 collected $2 from pot
*** SUMMARY ***
Total pot $2 | Rake $0
Seat 2: mexan086 (button) (small blind) folded before Flop
Seat 3: ANIN1337 (big blind) collected ($2)


PokerStars Hand #165885067712:  Hold'em Limit ($3/$6 USD) - 2017/02/08 11:13:52 ET
Table 'Puppis' 6-max Seat #3 is the button
Seat 2: mexan086 ($256.77 in chips)
Seat 3: ANIN1337 ($76 in chips)
ANIN1337: posts small blind $1
mexan086: posts big blind $3
*** HOLE CARDS ***
ANIN1337: raises $3 to $6
mexan086: folds
Uncalled bet ($3) returned to ANIN1337
ANIN1337 collected $6 from pot
*** SUMMARY ***
Total pot $6 | Rake $0
Seat 2: mexan086 (big blind) folded before Flop
Seat 3: ANIN1337 (button) (small blind) collected ($6)


PokerStars Hand #165885155722:  Hold'em Limit ($3/$6 USD) - 2017/02/08 11:15:46 ET
Table 'Puppis' 6-max Seat #2 is the button
Seat 1: tttzzz ($112.94 in chips)
Seat 2: mexan086 ($234.77 in chips)
mexan086: posts small blind $1
tttzzz: posts big blind $3
*** HOLE CARDS ***
mexan086: raises $3 to $6
tttzzz: raises $3 to $9
mexan086: raises $3 to $12
Betting is capped
tttzzz: calls $3
*** FLOP *** [Tc 8s 6c]
tttzzz: checks
mexan086: bets $3
tttzzz: calls $3
*** TURN *** [Tc 8s 6c] [4h]
tttzzz: checks
mexan086: bets $6
tttzzz: calls $6
*** RIVER *** [Tc 8s 6c 4h] [As]
tttzzz: bets $6
mexan086: calls $6
*** SHOW DOWN ***
tttzzz: shows [Ac Qh] (a pair of Aces)
mexan086: mucks hand
ANIN1337 joins the table at seat #6
tttzzz collected $53.50 from pot
*** SUMMARY ***
Total pot $54 | Rake $0.50
Board [Tc 8s 6c 4h As]
Seat 1: tttzzz (big blind) showed [Ac Qh] and won ($53.50) with a pair of Aces
Seat 2: mexan086 (button) (small blind) mucked


PokerStars Hand #165885178727:  Hold'em Limit ($3/$6 USD) - 2017/02/08 11:16:16 ET
Table 'Puppis' 6-max Seat #1 is the button
Seat 1: tttzzz ($139.44 in chips)
Seat 2: mexan086 ($207.77 in chips)
tttzzz: posts small blind $1
mexan086: posts big blind $3
*** HOLE CARDS ***
tttzzz: raises $3 to $6
mexan086: calls $3
*** FLOP *** [5c 8s 6h]
mexan086: checks
tttzzz: bets $3
mexan086: raises $3 to $6
tttzzz: raises $3 to $9
mexan086: raises $3 to $12
Betting is capped
tttzzz: calls $3
*** TURN *** [5c 8s 6h] [7d]
mexan086: checks
tttzzz: checks
*** RIVER *** [5c 8s 6h 7d] [2d]
mexan086: bets $6
tttzzz: calls $6
*** SHOW DOWN ***
mexan086: shows [Qc 8c] (a pair of Eights)
tttzzz: shows [Qs Qd] (a pair of Queens)
tttzzz collected $47.50 from pot
*** SUMMARY ***
Total pot $48 | Rake $0.50
Board [5c 8s 6h 7d 2d]
Seat 1: tttzzz (button) (small blind) showed [Qs Qd] and won ($47.50) with a pair of Queens
Seat 2: mexan086 (big blind) showed [Qc 8c] and lost with a pair of Eights


