PokerStars Hand #155389890883:  Hold'em Limit ($3/$6 USD) - 2016/06/30 12:52:10 ET
Table 'Puppis' 6-max Seat #2 is the button
Seat 2: dannysalami ($330.01 in chips)
Seat 3: LifeisagameX ($110.41 in chips)
dannysalami: posts small blind $1
LifeisagameX: posts big blind $3
*** HOLE CARDS ***
dannysalami: raises $3 to $6
LifeisagameX: raises $3 to $9
dannysalami: calls $3
*** FLOP *** [8c 6d Qc]
LifeisagameX: bets $3
dannysalami: folds
Uncalled bet ($3) returned to LifeisagameX
LifeisagameX collected $17.64 from pot
LifeisagameX: doesn't show hand
*** SUMMARY ***
Total pot $18 | Rake $0.36
Board [8c 6d Qc]
Seat 2: dannysalami (button) (small blind) folded on the Flop
Seat 3: LifeisagameX (big blind) collected ($17.64)


PokerStars Hand #155389862633:  Hold'em Limit ($3/$6 USD) - 2016/06/30 12:51:28 ET
Table 'Puppis' 6-max Seat #3 is the button
Seat 2: dannysalami ($81.01 in chips)
Seat 3: LifeisagameX ($95.91 in chips)
LifeisagameX: posts small blind $1
dannysalami: posts big blind $3
*** HOLE CARDS ***
LifeisagameX: raises $3 to $6
dannysalami: raises $3 to $9
LifeisagameX: calls $3
*** FLOP *** [4h 8d 6h]
dannysalami: bets $3
LifeisagameX: raises $3 to $6
dannysalami: calls $3
*** TURN *** [4h 8d 6h] [8s]
dannysalami: checks
LifeisagameX: checks
*** RIVER *** [4h 8d 6h 8s] [9d]
dannysalami: checks
LifeisagameX: checks
*** SHOW DOWN ***
dannysalami: shows [Kc 5h] (a pair of Eights)
LifeisagameX: shows [Ah 5d] (a pair of Eights - Ace kicker)
LifeisagameX collected $29.50 from pot
*** SUMMARY ***
Total pot $30 | Rake $0.50
Board [4h 8d 6h 8s 9d]
Seat 2: dannysalami (big blind) showed [Kc 5h] and lost with a pair of Eights
Seat 3: LifeisagameX (button) (small blind) showed [Ah 5d] and won ($29.50) with a pair of Eights


PokerStars Hand #155389899151:  Hold'em Limit ($3/$6 USD) - 2016/06/30 12:52:22 ET
Table 'Puppis' 6-max Seat #3 is the button
Seat 2: dannysalami ($321.01 in chips)
Seat 3: LifeisagameX ($119.05 in chips)
LifeisagameX: posts small blind $1
dannysalami: posts big blind $3
*** HOLE CARDS ***
LifeisagameX: raises $3 to $6
dannysalami: raises $3 to $9
LifeisagameX: calls $3
*** FLOP *** [Ts 6c Kh]
dannysalami: bets $3
LifeisagameX: folds
Uncalled bet ($3) returned to dannysalami
dannysalami collected $17.64 from pot
dannysalami: doesn't show hand
*** SUMMARY ***
Total pot $18 | Rake $0.36
Board [Ts 6c Kh]
Seat 2: dannysalami (big blind) collected ($17.64)
Seat 3: LifeisagameX (button) (small blind) folded on the Flop


PokerStars Hand #155389906834:  Hold'em Limit ($3/$6 USD) - 2016/06/30 12:52:33 ET
Table 'Puppis' 6-max Seat #2 is the button
Seat 2: dannysalami ($329.65 in chips)
Seat 3: LifeisagameX ($110.05 in chips)
dannysalami: posts small blind $1
LifeisagameX: posts big blind $3
*** HOLE CARDS ***
dannysalami: raises $3 to $6
LifeisagameX: calls $3
*** FLOP *** [7s Ah 2s]
LifeisagameX: checks
dannysalami: bets $3
LifeisagameX: calls $3
*** TURN *** [7s Ah 2s] [8d]
LifeisagameX: checks
dannysalami: bets $6
LifeisagameX: folds
Uncalled bet ($6) returned to dannysalami
dannysalami collected $17.64 from pot
dannysalami: doesn't show hand
*** SUMMARY ***
Total pot $18 | Rake $0.36
Board [7s Ah 2s 8d]
Seat 2: dannysalami (button) (small blind) collected ($17.64)
Seat 3: LifeisagameX (big blind) folded on the Turn


PokerStars Hand #155389968508:  Hold'em Limit ($3/$6 USD) - 2016/06/30 12:54:04 ET
Table 'Puppis' 6-max Seat #3 is the button
Seat 2: dannysalami ($352.79 in chips)
Seat 3: LifeisagameX ($85.81 in chips)
LifeisagameX: posts small blind $1
dannysalami: posts big blind $3
*** HOLE CARDS ***
LifeisagameX: raises $3 to $6
dannysalami: folds
Uncalled bet ($3) returned to LifeisagameX
LifeisagameX collected $6 from pot
LifeisagameX: doesn't show hand
*** SUMMARY ***
Total pot $6 | Rake $0
Seat 2: dannysalami (big blind) folded before Flop
Seat 3: LifeisagameX (button) (small blind) collected ($6)


PokerStars Hand #155389952719:  Hold'em Limit ($3/$6 USD) - 2016/06/30 12:53:41 ET
Table 'Puppis' 6-max Seat #2 is the button
Seat 2: dannysalami ($358.79 in chips)
Seat 3: LifeisagameX ($80.05 in chips)
dannysalami: posts small blind $1
LifeisagameX: posts big blind $3
*** HOLE CARDS ***
dannysalami: raises $3 to $6
LifeisagameX: calls $3
*** FLOP *** [3d 7c Kc]
LifeisagameX: checks
dannysalami: checks
*** TURN *** [3d 7c Kc] [4h]
LifeisagameX: bets $6
dannysalami: folds
Uncalled bet ($6) returned to LifeisagameX
LifeisagameX collected $11.76 from pot
LifeisagameX: doesn't show hand
*** SUMMARY ***
Total pot $12 | Rake $0.24
Board [3d 7c Kc 4h]
Seat 2: dannysalami (button) (small blind) folded on the Turn
Seat 3: LifeisagameX (big blind) collected ($11.76)


PokerStars Hand #155389918614:  Hold'em Limit ($3/$6 USD) - 2016/06/30 12:52:51 ET
Table 'Puppis' 6-max Seat #3 is the button
Seat 2: dannysalami ($338.29 in chips)
Seat 3: LifeisagameX ($101.05 in chips)
LifeisagameX: posts small blind $1
dannysalami: posts big blind $3
*** HOLE CARDS ***
LifeisagameX: raises $3 to $6
dannysalami: raises $3 to $9
LifeisagameX: calls $3
*** FLOP *** [9d 6h 4h]
dannysalami: checks
LifeisagameX: checks
*** TURN *** [9d 6h 4h] [6d]
dannysalami: bets $6
LifeisagameX: calls $6
*** RIVER *** [9d 6h 4h 6d] [8c]
dannysalami: bets $6
LifeisagameX: calls $6
*** SHOW DOWN ***
dannysalami: shows [6c Kc] (three of a kind, Sixes)
LifeisagameX: mucks hand
dannysalami collected $41.50 from pot
*** SUMMARY ***
Total pot $42 | Rake $0.50
Board [9d 6h 4h 6d 8c]
Seat 2: dannysalami (big blind) showed [6c Kc] and won ($41.50) with three of a kind, Sixes
Seat 3: LifeisagameX (button) (small blind) mucked


PokerStars Hand #155390006916:  Hold'em Limit ($3/$6 USD) - 2016/06/30 12:55:01 ET
Table 'Puppis' 6-max Seat #2 is the button
Seat 2: dannysalami ($373.29 in chips)
Seat 3: LifeisagameX ($64.81 in chips)
dannysalami: posts small blind $1
LifeisagameX: posts big blind $3
*** HOLE CARDS ***
dannysalami: raises $3 to $6
LifeisagameX: raises $3 to $9
dannysalami: calls $3
*** FLOP *** [Td 9d 4h]
LifeisagameX: bets $3
dannysalami: folds
Uncalled bet ($3) returned to LifeisagameX
LifeisagameX collected $17.64 from pot
LifeisagameX: doesn't show hand
*** SUMMARY ***
Total pot $18 | Rake $0.36
Board [Td 9d 4h]
Seat 2: dannysalami (button) (small blind) folded on the Flop
Seat 3: LifeisagameX (big blind) collected ($17.64)


PokerStars Hand #155389973488:  Hold'em Limit ($3/$6 USD) - 2016/06/30 12:54:12 ET
Table 'Puppis' 6-max Seat #2 is the button
Seat 2: dannysalami ($349.79 in chips)
Seat 3: LifeisagameX ($88.81 in chips)
dannysalami: posts small blind $1
LifeisagameX: posts big blind $3
*** HOLE CARDS ***
dannysalami: raises $3 to $6
LifeisagameX: raises $3 to $9
dannysalami: raises $3 to $12
Betting is capped
LifeisagameX: calls $3
*** FLOP *** [8h Th Qs]
LifeisagameX: checks
dannysalami: bets $3
LifeisagameX: calls $3
*** TURN *** [8h Th Qs] [8c]
LifeisagameX: checks
dannysalami: bets $6
LifeisagameX: calls $6
*** RIVER *** [8h Th Qs 8c] [Kh]
LifeisagameX: checks
dannysalami: bets $6
LifeisagameX: calls $6
*** SHOW DOWN ***
dannysalami: shows [Qd Kd] (two pair, Kings and Queens)
LifeisagameX: mucks hand
dannysalami collected $53.50 from pot
*** SUMMARY ***
Total pot $54 | Rake $0.50
Board [8h Th Qs 8c Kh]
Seat 2: dannysalami (button) (small blind) showed [Qd Kd] and won ($53.50) with two pair, Kings and Queens
Seat 3: LifeisagameX (big blind) mucked


PokerStars Hand #155390002116:  Hold'em Limit ($3/$6 USD) - 2016/06/30 12:54:54 ET
Table 'Puppis' 6-max Seat #3 is the button
Seat 2: dannysalami ($376.29 in chips)
Seat 3: LifeisagameX ($61.81 in chips)
LifeisagameX: posts small blind $1
dannysalami: posts big blind $3
*** HOLE CARDS ***
LifeisagameX: raises $3 to $6
dannysalami: folds
Uncalled bet ($3) returned to LifeisagameX
LifeisagameX collected $6 from pot
LifeisagameX: doesn't show hand
*** SUMMARY ***
Total pot $6 | Rake $0
Seat 2: dannysalami (big blind) folded before Flop
Seat 3: LifeisagameX (button) (small blind) collected ($6)


PokerStars Hand #155390022234:  Hold'em Limit ($3/$6 USD) - 2016/06/30 12:55:28 ET
Table 'Puppis' 6-max Seat #3 is the button
Seat 2: dannysalami ($364.29 in chips)
Seat 3: LifeisagameX ($73.45 in chips)
LifeisagameX: posts small blind $1
dannysalami: posts big blind $3
*** HOLE CARDS ***
LifeisagameX: raises $3 to $6
dannysalami: raises $3 to $9
LifeisagameX: calls $3
*** FLOP *** [6d Jc 9c]
dannysalami: checks
LifeisagameX: bets $3
dannysalami: raises $3 to $6
LifeisagameX: calls $3
*** TURN *** [6d Jc 9c] [6c]
dannysalami: bets $6
LifeisagameX: calls $6
*** RIVER *** [6d Jc 9c 6c] [4h]
dannysalami: bets $6
LifeisagameX: calls $6
*** SHOW DOWN ***
dannysalami: shows [Qc Th] (a pair of Sixes)
LifeisagameX: shows [Js 3s] (two pair, Jacks and Sixes)
LifeisagameX collected $53.50 from pot
*** SUMMARY ***
Total pot $54 | Rake $0.50
Board [6d Jc 9c 6c 4h]
Seat 2: dannysalami (big blind) showed [Qc Th] and lost with a pair of Sixes
Seat 3: LifeisagameX (button) (small blind) showed [Js 3s] and won ($53.50) with two pair, Jacks and Sixes


PokerStars Hand #155390062745:  Hold'em Limit ($3/$6 USD) - 2016/06/30 12:56:44 ET
Table 'Puppis' 6-max Seat #3 is the button
Seat 2: dannysalami ($325.29 in chips)
Seat 3: LifeisagameX ($111.47 in chips)
LifeisagameX: posts small blind $1
dannysalami: posts big blind $3
*** HOLE CARDS ***
LifeisagameX: raises $3 to $6
dannysalami: raises $3 to $9
LifeisagameX: calls $3
*** FLOP *** [4d 7c 6h]
dannysalami: bets $3
LifeisagameX: raises $3 to $6
dannysalami: calls $3
*** TURN *** [4d 7c 6h] [3d]
dannysalami: checks
LifeisagameX: checks
*** RIVER *** [4d 7c 6h 3d] [5h]
dannysalami: bets $6
LifeisagameX: calls $6
*** SHOW DOWN ***
dannysalami: shows [Kd Js] (a straight, Three to Seven)
LifeisagameX: shows [Jh 6s] (a straight, Three to Seven)
dannysalami collected $20.75 from pot
LifeisagameX collected $20.75 from pot
*** SUMMARY ***
Total pot $42 | Rake $0.50
Board [4d 7c 6h 3d 5h]
Seat 2: dannysalami (big blind) showed [Kd Js] and won ($20.75) with a straight, Three to Seven
Seat 3: LifeisagameX (button) (small blind) showed [Jh 6s] and won ($20.75) with a straight, Three to Seven


PokerStars Hand #155390041890:  Hold'em Limit ($3/$6 USD) - 2016/06/30 12:56:05 ET
Table 'Puppis' 6-max Seat #2 is the button
Seat 2: dannysalami ($337.29 in chips)
Seat 3: LifeisagameX ($99.95 in chips)
dannysalami: posts small blind $1
LifeisagameX: posts big blind $3
*** HOLE CARDS ***
dannysalami: raises $3 to $6
LifeisagameX: raises $3 to $9
dannysalami: raises $3 to $12
Betting is capped
LifeisagameX: calls $3
*** FLOP *** [7c 8d 9c]
LifeisagameX: checks
dannysalami: checks
*** TURN *** [7c 8d 9c] [2d]
LifeisagameX: checks
dannysalami: checks
*** RIVER *** [7c 8d 9c 2d] [Tc]
LifeisagameX: bets $6
dannysalami: folds
Uncalled bet ($6) returned to LifeisagameX
LifeisagameX collected $23.52 from pot
LifeisagameX: doesn't show hand
*** SUMMARY ***
Total pot $24 | Rake $0.48
Board [7c 8d 9c 2d Tc]
Seat 2: dannysalami (button) (small blind) folded on the River
Seat 3: LifeisagameX (big blind) collected ($23.52)


PokerStars Hand #155390076168:  Hold'em Limit ($3/$6 USD) - 2016/06/30 12:57:09 ET
Table 'Puppis' 6-max Seat #2 is the button
Seat 2: dannysalami ($325.04 in chips)
Seat 3: LifeisagameX ($111.22 in chips)
dannysalami: posts small blind $1
LifeisagameX: posts big blind $3
*** HOLE CARDS ***
dannysalami: raises $3 to $6
LifeisagameX: calls $3
*** FLOP *** [9c 7d 2s]
LifeisagameX: checks
dannysalami: checks
*** TURN *** [9c 7d 2s] [3d]
LifeisagameX: checks
dannysalami: bets $6
wuck249 joins the table at seat #6
LifeisagameX: raises $6 to $12
dannysalami: calls $6
*** RIVER *** [9c 7d 2s 3d] [8c]
LifeisagameX: bets $6
vestimokrec joins the table at seat #1
dannysalami: folds
Uncalled bet ($6) returned to LifeisagameX
LifeisagameX collected $35.50 from pot
LifeisagameX: doesn't show hand
*** SUMMARY ***
Total pot $36 | Rake $0.50
Board [9c 7d 2s 3d 8c]
Seat 2: dannysalami (button) (small blind) folded on the River
Seat 3: LifeisagameX (big blind) collected ($35.50)


