PokerStars Hand #160379986515:  Hold'em Limit ($3/$6 USD) - 2016/10/24 13:42:03 ET
Table 'Pyrrha II' 6-max Seat #3 is the button
Seat 3: Brama Br ($120 in chips)
Seat 4: Great_Kang ($120 in chips)
Brama Br: posts small blind $1
Great_Kang: posts big blind $3
*** HOLE CARDS ***
Brama Br: raises $3 to $6
Great_Kang: calls $3
*** FLOP *** [Ts Ah 3c]
Great_Kang: checks
Brama Br: bets $3
Great_Kang: calls $3
*** TURN *** [Ts Ah 3c] [4d]
Great_Kang: checks
Brama Br: bets $6
Great_Kang: raises $6 to $12
Brama Br: folds
Uncalled bet ($6) returned to Great_Kang
Great_Kang collected $29.50 from pot
Great_Kang: doesn't show hand
*** SUMMARY ***
Total pot $30 | Rake $0.50
Board [Ts Ah 3c 4d]
Seat 3: Brama Br (button) (small blind) folded on the Turn
Seat 4: Great_Kang (big blind) collected ($29.50)


PokerStars Hand #160380009203:  Hold'em Limit ($3/$6 USD) - 2016/10/24 13:42:31 ET
Table 'Pyrrha II' 6-max Seat #4 is the button
Seat 3: Brama Br ($105 in chips)
Seat 4: Great_Kang ($134.50 in chips)
Great_Kang: posts small blind $1
Brama Br: posts big blind $3
*** HOLE CARDS ***
Great_Kang: raises $3 to $6
Brama Br: calls $3
*** FLOP *** [Tc Ah Ks]
Brama Br: checks
Great_Kang: bets $3
Brama Br: calls $3
*** TURN *** [Tc Ah Ks] [6s]
Brama Br: checks
Great_Kang: bets $6
Brama Br: calls $6
*** RIVER *** [Tc Ah Ks 6s] [Ac]
Brama Br: checks
Great_Kang: bets $6
Brama Br: calls $6
*** SHOW DOWN ***
Great_Kang: shows [Js 3s] (a pair of Aces)
Brama Br: shows [8h Qc] (a pair of Aces - King+Queen kicker)
Brama Br collected $41.50 from pot
*** SUMMARY ***
Total pot $42 | Rake $0.50
Board [Tc Ah Ks 6s Ac]
Seat 3: Brama Br (big blind) showed [8h Qc] and won ($41.50) with a pair of Aces
Seat 4: Great_Kang (button) (small blind) showed [Js 3s] and lost with a pair of Aces


PokerStars Hand #160380038720:  Hold'em Limit ($3/$6 USD) - 2016/10/24 13:43:07 ET
Table 'Pyrrha II' 6-max Seat #4 is the button
Seat 3: Brama Br ($124.50 in chips)
Seat 4: Great_Kang ($121 in chips)
Great_Kang: posts small blind $1
Brama Br: posts big blind $3
*** HOLE CARDS ***
Great_Kang: folds
Uncalled bet ($2) returned to Brama Br
Brama Br collected $2 from pot
Brama Br: doesn't show hand
*** SUMMARY ***
Total pot $2 | Rake $0
Seat 3: Brama Br (big blind) collected ($2)
Seat 4: Great_Kang (button) (small blind) folded before Flop


PokerStars Hand #160380033622:  Hold'em Limit ($3/$6 USD) - 2016/10/24 13:43:01 ET
Table 'Pyrrha II' 6-max Seat #3 is the button
Seat 3: Brama Br ($125.50 in chips)
Seat 4: Great_Kang ($120 in chips)
Brama Br: posts small blind $1
Great_Kang: posts big blind $3
*** HOLE CARDS ***
Brama Br: folds
Uncalled bet ($2) returned to Great_Kang
Great_Kang collected $2 from pot
Great_Kang: doesn't show hand
*** SUMMARY ***
Total pot $2 | Rake $0
Seat 3: Brama Br (button) (small blind) folded before Flop
Seat 4: Great_Kang (big blind) collected ($2)


PokerStars Hand #160380044051:  Hold'em Limit ($3/$6 USD) - 2016/10/24 13:43:13 ET
Table 'Pyrrha II' 6-max Seat #3 is the button
Seat 3: Brama Br ($125.50 in chips)
Seat 4: Great_Kang ($120 in chips)
Brama Br: posts small blind $1
Great_Kang: posts big blind $3
*** HOLE CARDS ***
Brama Br: raises $3 to $6
Great_Kang: calls $3
*** FLOP *** [9h 2d Qc]
Great_Kang: checks
Brama Br: checks
*** TURN *** [9h 2d Qc] [9c]
Great_Kang: checks
Brama Br: bets $6
Great_Kang: folds
Uncalled bet ($6) returned to Brama Br
Brama Br collected $11.76 from pot
Brama Br: doesn't show hand
*** SUMMARY ***
Total pot $12 | Rake $0.24
Board [9h 2d Qc 9c]
Seat 3: Brama Br (button) (small blind) collected ($11.76)
Seat 4: Great_Kang (big blind) folded on the Turn


PokerStars Hand #160380059725:  Hold'em Limit ($3/$6 USD) - 2016/10/24 13:43:32 ET
Table 'Pyrrha II' 6-max Seat #4 is the button
Seat 3: Brama Br ($131.26 in chips)
Seat 4: Great_Kang ($120 in chips)
Hi Im Alexey joins the table at seat #5
Great_Kang: posts small blind $1
Brama Br: posts big blind $3
*** HOLE CARDS ***
Great_Kang: folds
Uncalled bet ($2) returned to Brama Br
Brama Br collected $2 from pot
Brama Br: doesn't show hand
*** SUMMARY ***
Total pot $2 | Rake $0
Seat 3: Brama Br (big blind) collected ($2)
Seat 4: Great_Kang (button) (small blind) folded before Flop


PokerStars Hand #160380064966:  Hold'em Limit ($3/$6 USD) - 2016/10/24 13:43:38 ET
Table 'Pyrrha II' 6-max Seat #3 is the button
Seat 3: Brama Br ($132.26 in chips)
Seat 4: Great_Kang ($120 in chips)
Brama Br: posts small blind $1
Great_Kang: posts big blind $3
*** HOLE CARDS ***
Brama Br: folds
Uncalled bet ($2) returned to Great_Kang
Great_Kang collected $2 from pot
Great_Kang: doesn't show hand
*** SUMMARY ***
Total pot $2 | Rake $0
Seat 3: Brama Br (button) (small blind) folded before Flop
Seat 4: Great_Kang (big blind) collected ($2)


PokerStars Hand #160380203450:  Hold'em Limit ($3/$6 USD) - 2016/10/24 13:46:24 ET
Table 'Pyrrha II' 6-max Seat #3 is the button
Seat 3: Brama Br ($106.11 in chips)
Seat 5: Hi Im Alexey ($72 in chips)
miezemuis will be allowed to play after the button
Brama Br: posts small blind $1
Great_Kang: is sitting out
Hi Im Alexey: posts big blind $3
*** HOLE CARDS ***
Brama Br: raises $3 to $6
Hi Im Alexey: calls $3
*** FLOP *** [3h Jc 4h]
Hi Im Alexey: checks
Brama Br: bets $3
Hi Im Alexey: raises $3 to $6
Brama Br: calls $3
*** TURN *** [3h Jc 4h] [Qc]
Hi Im Alexey: bets $6
Brama Br: calls $6
*** RIVER *** [3h Jc 4h Qc] [Ad]
Hi Im Alexey: checks
Brama Br: checks
*** SHOW DOWN ***
Hi Im Alexey: shows [9h 8h] (high card Ace)
Brama Br: shows [Jd Th] (a pair of Jacks)
Brama Br collected $35.50 from pot
*** SUMMARY ***
Total pot $36 | Rake $0.50
Board [3h Jc 4h Qc Ad]
Seat 3: Brama Br (button) (small blind) showed [Jd Th] and won ($35.50) with a pair of Jacks
Seat 5: Hi Im Alexey (big blind) showed [9h 8h] and lost with high card Ace


PokerStars Hand #160386576686:  Hold'em Limit ($3/$6 USD) - 2016/10/24 15:46:07 ET
Table 'Pyrrha II' 6-max Seat #3 is the button
Seat 1: ABATAPP ($90.75 in chips)
Seat 3: RaisemyNut$ ($134.24 in chips)
RaisemyNut$: posts small blind $1
vestimokrec: is sitting out
ABATAPP: posts big blind $3
*** HOLE CARDS ***
vestimokrec leaves the table
Butzmann886 leaves the table
RaisemyNut$: folds
Uncalled bet ($2) returned to ABATAPP
ABATAPP collected $2 from pot
ABATAPP: doesn't show hand
*** SUMMARY ***
Total pot $2 | Rake $0
Seat 1: ABATAPP (big blind) collected ($2)
Seat 3: RaisemyNut$ (button) (small blind) folded before Flop


