PokerStars Hand #169972336662:  Hold'em Limit ($3/$6 USD) - 2017/05/05 0:59:40 ET
Table 'Pyrrha' 6-max Seat #3 is the button
Seat 1: LifeisagameX ($119.50 in chips)
Seat 3: hairy1961 ($14 in chips)
hairy1961: posts small blind $1
LifeisagameX: posts big blind $3
*** HOLE CARDS ***
hairy1961: raises $3 to $6
LifeisagameX: raises $3 to $9
hairy1961: raises $3 to $12
Betting is capped
LifeisagameX: calls $3
*** FLOP *** [4d Ad Tc]
LifeisagameX: bets $3
hairy1961: calls $2 and is all-in
Uncalled bet ($1) returned to LifeisagameX
*** TURN *** [4d Ad Tc] [8d]
*** RIVER *** [4d Ad Tc 8d] [Kh]
*** SHOW DOWN ***
LifeisagameX: shows [8h Qs] (a pair of Eights)
hairy1961: shows [3h 3c] (a pair of Threes)
LifeisagameX collected $27.50 from pot
*** SUMMARY ***
Total pot $28 | Rake $0.50
Board [4d Ad Tc 8d Kh]
Seat 1: LifeisagameX (big blind) showed [8h Qs] and won ($27.50) with a pair of Eights
Seat 3: hairy1961 (button) (small blind) showed [3h 3c] and lost with a pair of Threes


PokerStars Hand #169972321507:  Hold'em Limit ($3/$6 USD) - 2017/05/05 0:58:35 ET
Table 'Pyrrha' 6-max Seat #1 is the button
Seat 1: LifeisagameX ($84 in chips)
Seat 3: hairy1961 ($50 in chips)
LifeisagameX: posts small blind $1
hairy1961: posts big blind $3
*** HOLE CARDS ***
LifeisagameX: raises $3 to $6
hairy1961: raises $3 to $9
LifeisagameX: calls $3
*** FLOP *** [9s Ac 2c]
hairy1961: bets $3
LifeisagameX: calls $3
*** TURN *** [9s Ac 2c] [Ks]
hairy1961: bets $6
LifeisagameX: raises $6 to $12
hairy1961: raises $6 to $18
LifeisagameX: calls $6
*** RIVER *** [9s Ac 2c Ks] [Jh]
hairy1961: bets $6
LifeisagameX: calls $6
*** SHOW DOWN ***
hairy1961: shows [6s 6d] (a pair of Sixes)
LifeisagameX: shows [7s As] (a pair of Aces)
LifeisagameX collected $71.50 from pot
*** SUMMARY ***
Total pot $72 | Rake $0.50
Board [9s Ac 2c Ks Jh]
Seat 1: LifeisagameX (button) (small blind) showed [7s As] and won ($71.50) with a pair of Aces
Seat 3: hairy1961 (big blind) showed [6s 6d] and lost with a pair of Sixes


