PokerStars Hand #152557418047:  Hold'em Limit ($3/$6 USD) - 2016/04/28 8:04:11 ET
Table 'Pyrrhus' 6-max Seat #1 is the button
Seat 1: TheU10 ($206.52 in chips)
Seat 6: vicka555 ($52.76 in chips)
TheU10: posts small blind $1
vicka555: posts big blind $3
*** HOLE CARDS ***
Ingmar Ross joins the table at seat #3
TheU10: raises $3 to $6
vicka555: folds
Uncalled bet ($3) returned to TheU10
TheU10 collected $6 from pot
TheU10: doesn't show hand
*** SUMMARY ***
Total pot $6 | Rake $0
Seat 1: TheU10 (button) (small blind) collected ($6)
Seat 6: vicka555 (big blind) folded before Flop


PokerStars Hand #152557416286:  Hold'em Limit ($3/$6 USD) - 2016/04/28 8:04:06 ET
Table 'Pyrrhus' 6-max Seat #6 is the button
Seat 1: TheU10 ($205.52 in chips)
Seat 6: vicka555 ($53.76 in chips)
vicka555: posts small blind $1
TheU10: posts big blind $3
*** HOLE CARDS ***
vicka555: folds
Uncalled bet ($2) returned to TheU10
TheU10 collected $2 from pot
TheU10: doesn't show hand
*** SUMMARY ***
Total pot $2 | Rake $0
Seat 1: TheU10 (big blind) collected ($2)
Seat 6: vicka555 (button) (small blind) folded before Flop


PokerStars Hand #152557411779:  Hold'em Limit ($3/$6 USD) - 2016/04/28 8:03:54 ET
Table 'Pyrrhus' 6-max Seat #1 is the button
Seat 1: TheU10 ($211.52 in chips)
Seat 6: vicka555 ($48 in chips)
TheU10: posts small blind $1
vicka555: posts big blind $3
*** HOLE CARDS ***
TheU10: raises $3 to $6
vicka555: calls $3
*** FLOP *** [9c 3h Js]
vicka555: bets $3
TheU10: folds
Uncalled bet ($3) returned to vicka555
vicka555 collected $11.76 from pot
vicka555: doesn't show hand
*** SUMMARY ***
Total pot $12 | Rake $0.24
Board [9c 3h Js]
Seat 1: TheU10 (button) (small blind) folded on the Flop
Seat 6: vicka555 (big blind) collected ($11.76)


PokerStars Hand #152557403803:  Hold'em Limit ($3/$6 USD) - 2016/04/28 8:03:33 ET
Table 'Pyrrhus' 6-max Seat #6 is the button
Seat 1: TheU10 ($200 in chips)
Seat 6: vicka555 ($60 in chips)
vicka555: posts small blind $1
TheU10: posts big blind $3
*** HOLE CARDS ***
vicka555: raises $3 to $6
TheU10: calls $3
*** FLOP *** [Ac Qs 6d]
TheU10: checks
vicka555: bets $3
TheU10: raises $3 to $6
vicka555: calls $3
*** TURN *** [Ac Qs 6d] [Ad]
TheU10: checks
vicka555: checks
*** RIVER *** [Ac Qs 6d Ad] [7d]
TheU10: bets $6
vicka555: folds
Uncalled bet ($6) returned to TheU10
TheU10 collected $23.52 from pot
TheU10: doesn't show hand
*** SUMMARY ***
Total pot $24 | Rake $0.48
Board [Ac Qs 6d Ad 7d]
Seat 1: TheU10 (big blind) collected ($23.52)
Seat 6: vicka555 (button) (small blind) folded on the River


PokerStars Hand #152557421811:  Hold'em Limit ($3/$6 USD) - 2016/04/28 8:04:21 ET
Table 'Pyrrhus' 6-max Seat #6 is the button
Seat 1: TheU10 ($209.52 in chips)
Seat 6: vicka555 ($49.76 in chips)
vicka555: posts small blind $1
TheU10: posts big blind $3
*** HOLE CARDS ***
vicka555: raises $3 to $6
TheU10: calls $3
*** FLOP *** [7c As 4d]
TheU10: checks
vicka555: bets $3
TheU10: calls $3
*** TURN *** [7c As 4d] [Qd]
TheU10: checks
vicka555: bets $6
TheU10: calls $6
*** RIVER *** [7c As 4d Qd] [8s]
TheU10: checks
vicka555: checks
*** SHOW DOWN ***
TheU10: shows [8h Qs] (two pair, Queens and Eights)
vicka555: mucks hand
TheU10 collected $29.50 from pot
*** SUMMARY ***
Total pot $30 | Rake $0.50
Board [7c As 4d Qd 8s]
Seat 1: TheU10 (big blind) showed [8h Qs] and won ($29.50) with two pair, Queens and Eights
Seat 6: vicka555 (button) (small blind) mucked


