PokerStars Hand #172665285374:  Hold'em Limit ($3/$6 USD) - 2017/07/06 1:46:45 ET
Table 'Pyrrha' 10-max Seat #7 is the button
Seat 4: artecris ($185.74 in chips)
Seat 7: VolkovDmitri ($125.76 in chips)
VolkovDmitri: posts small blind $1
artecris: posts big blind $3
*** HOLE CARDS ***
VolkovDmitri: raises $3 to $6
artecris: folds
Uncalled bet ($3) returned to VolkovDmitri
VolkovDmitri collected $6 from pot
VolkovDmitri: doesn't show hand
*** SUMMARY ***
Total pot $6 | Rake $0
Seat 4: artecris (big blind) folded before Flop
Seat 7: VolkovDmitri (button) (small blind) collected ($6)


PokerStars Hand #172665275246:  Hold'em Limit ($3/$6 USD) - 2017/07/06 1:46:02 ET
Table 'Pyrrha' 10-max Seat #4 is the button
Seat 4: artecris ($191.74 in chips)
Seat 7: VolkovDmitri ($120 in chips)
artecris: posts small blind $1
VolkovDmitri: posts big blind $3
*** HOLE CARDS ***
artecris: raises $3 to $6
VolkovDmitri: calls $3
*** FLOP *** [Ad 3s 4c]
VolkovDmitri: checks
artecris: checks
*** TURN *** [Ad 3s 4c] [Td]
VolkovDmitri: bets $6
artecris: folds
Uncalled bet ($6) returned to VolkovDmitri
VolkovDmitri collected $11.76 from pot
VolkovDmitri: doesn't show hand
*** SUMMARY ***
Total pot $12 | Rake $0.24
Board [Ad 3s 4c Td]
Seat 4: artecris (button) (small blind) folded on the Turn
Seat 7: VolkovDmitri (big blind) collected ($11.76)


PokerStars Hand #172665287662:  Hold'em Limit ($3/$6 USD) - 2017/07/06 1:46:55 ET
Table 'Pyrrha' 10-max Seat #4 is the button
Seat 4: artecris ($182.74 in chips)
Seat 7: VolkovDmitri ($128.76 in chips)
artecris: posts small blind $1
VolkovDmitri: posts big blind $3
*** HOLE CARDS ***
artecris: calls $2
VolkovDmitri: checks
*** FLOP *** [Jh 7c Qh]
VolkovDmitri: checks
artecris: bets $3
VolkovDmitri: folds
Uncalled bet ($3) returned to artecris
artecris collected $5.88 from pot
artecris: doesn't show hand
*** SUMMARY ***
Total pot $6 | Rake $0.12
Board [Jh 7c Qh]
Seat 4: artecris (button) (small blind) collected ($5.88)
Seat 7: VolkovDmitri (big blind) folded on the Flop


PokerStars Hand #172665291126:  Hold'em Limit ($3/$6 USD) - 2017/07/06 1:47:11 ET
Table 'Pyrrha' 10-max Seat #7 is the button
Seat 4: artecris ($185.62 in chips)
Seat 7: VolkovDmitri ($125.76 in chips)
VolkovDmitri: posts small blind $1
artecris: posts big blind $3
*** HOLE CARDS ***
VolkovDmitri: raises $3 to $6
artecris: calls $3
*** FLOP *** [5s 3c 8d]
artecris: checks
VolkovDmitri: bets $3
artecris: calls $3
*** TURN *** [5s 3c 8d] [Jh]
artecris: bets $6
VolkovDmitri: calls $6
*** RIVER *** [5s 3c 8d Jh] [As]
artecris: bets $6
Dubinin84 joins the table at seat #5
VolkovDmitri: calls $6
*** SHOW DOWN ***
artecris: shows [8c Jd] (two pair, Jacks and Eights)
VolkovDmitri: mucks hand
artecris collected $41.50 from pot
*** SUMMARY ***
Total pot $42 | Rake $0.50
Board [5s 3c 8d Jh As]
Seat 4: artecris (big blind) showed [8c Jd] and won ($41.50) with two pair, Jacks and Eights
Seat 7: VolkovDmitri (button) (small blind) mucked


PokerStars Hand #172665454570:  Hold'em Limit ($3/$6 USD) - 2017/07/06 1:59:43 ET
Table 'Pyrrha' 10-max Seat #8 is the button
Seat 8: B_loJkl ($93.80 in chips)
Seat 10: krytalex ($116 in chips)
B_loJkl: posts small blind $1
boardrat: is sitting out
krytalex: posts big blind $3
*** HOLE CARDS ***
B_loJkl: raises $3 to $6
krytalex: calls $3
*** FLOP *** [Ah 2h Jh]
boardrat leaves the table
krytalex: checks
B_loJkl: bets $3
krytalex: raises $3 to $6
B_loJkl: calls $3
*** TURN *** [Ah 2h Jh] [Jc]
krytalex: bets $6
B_loJkl: raises $6 to $12
krytalex: calls $6
*** RIVER *** [Ah 2h Jh Jc] [Qh]
krytalex: checks
B_loJkl: checks
*** SHOW DOWN ***
krytalex: shows [As 7s] (two pair, Aces and Jacks)
B_loJkl: shows [9s Js] (three of a kind, Jacks)
B_loJkl collected $47.50 from pot
*** SUMMARY ***
Total pot $48 | Rake $0.50
Board [Ah 2h Jh Jc Qh]
Seat 8: B_loJkl (button) (small blind) showed [9s Js] and won ($47.50) with three of a kind, Jacks
Seat 10: krytalex (big blind) showed [As 7s] and lost with two pair, Aces and Jacks


PokerStars Hand #172665466100:  Hold'em Limit ($3/$6 USD) - 2017/07/06 2:00:39 ET
Table 'Pyrrha' 10-max Seat #10 is the button
Seat 8: B_loJkl ($117.30 in chips)
Seat 10: krytalex ($92 in chips)
krytalex: posts small blind $1
B_loJkl: posts big blind $3
*** HOLE CARDS ***
krytalex: raises $3 to $6
B_loJkl: calls $3
*** FLOP *** [7c Qh 5c]
VolkovDmitri leaves the table
B_loJkl: checks
krytalex: bets $3
B_loJkl: calls $3
*** TURN *** [7c Qh 5c] [Ad]
B_loJkl: checks
krytalex: bets $6
B_loJkl: calls $6
*** RIVER *** [7c Qh 5c Ad] [8c]
B_loJkl: checks
krytalex: checks
*** SHOW DOWN ***
B_loJkl: shows [2s As] (a pair of Aces)
Velbor107 leaves the table
krytalex: mucks hand
B_loJkl collected $29.50 from pot
*** SUMMARY ***
Total pot $30 | Rake $0.50
Board [7c Qh 5c Ad 8c]
Seat 8: B_loJkl (big blind) showed [2s As] and won ($29.50) with a pair of Aces
Seat 10: krytalex (button) (small blind) mucked


PokerStars Hand #172665465016:  Hold'em Limit ($3/$6 USD) - 2017/07/06 2:00:34 ET
Table 'Pyrrha' 10-max Seat #8 is the button
Seat 8: B_loJkl ($118.30 in chips)
Seat 10: krytalex ($91 in chips)
B_loJkl: posts small blind $1
krytalex: posts big blind $3
*** HOLE CARDS ***
B_loJkl: folds
Uncalled bet ($2) returned to krytalex
krytalex collected $2 from pot
*** SUMMARY ***
Total pot $2 | Rake $0
Seat 8: B_loJkl (button) (small blind) folded before Flop
Seat 10: krytalex (big blind) collected ($2)


PokerStars Hand #172665460340:  Hold'em Limit ($3/$6 USD) - 2017/07/06 2:00:12 ET
Table 'Pyrrha' 10-max Seat #10 is the button
Seat 8: B_loJkl ($117.30 in chips)
Seat 10: krytalex ($92 in chips)
krytalex: posts small blind $1
B_loJkl: posts big blind $3
*** HOLE CARDS ***
krytalex said, "SUKA"
krytalex said, "ZAEBAL GNIDA"
krytalex: folds
Uncalled bet ($2) returned to B_loJkl
B_loJkl collected $2 from pot
B_loJkl: doesn't show hand
*** SUMMARY ***
Total pot $2 | Rake $0
Seat 8: B_loJkl (big blind) collected ($2)
Seat 10: krytalex (button) (small blind) folded before Flop


PokerStars Hand #172665473463:  Hold'em Limit ($3/$6 USD) - 2017/07/06 2:01:13 ET
Table 'Pyrrha' 10-max Seat #8 is the button
Seat 8: B_loJkl ($131.80 in chips)
Seat 10: krytalex ($77 in chips)
B_loJkl: posts small blind $1
krytalex: posts big blind $3
*** HOLE CARDS ***
B_loJkl: raises $3 to $6
krytalex said, "UEBISHE HITAYUSHEE"
krytalex: calls $3
*** FLOP *** [6d 7h 8s]
krytalex: checks
B_loJkl: bets $3
krytalex: raises $3 to $6
B_loJkl: calls $3
*** TURN *** [6d 7h 8s] [2d]
krytalex: bets $6
B_loJkl: calls $6
*** RIVER *** [6d 7h 8s 2d] [9d]
krytalex: bets $6
B_loJkl: folds
Uncalled bet ($6) returned to krytalex
krytalex collected $35.50 from pot
*** SUMMARY ***
Total pot $36 | Rake $0.50
Board [6d 7h 8s 2d 9d]
Seat 8: B_loJkl (button) (small blind) folded on the River
Seat 10: krytalex (big blind) collected ($35.50)


PokerStars Hand #172665501503:  Hold'em Limit ($3/$6 USD) - 2017/07/06 2:03:19 ET
Table 'Pyrrha' 10-max Seat #10 is the button
Seat 8: B_loJkl ($139.94 in chips)
Seat 10: krytalex ($72 in chips)
krytalex: posts small blind $1
B_loJkl: posts big blind $3
*** HOLE CARDS ***
krytalex: folds
Uncalled bet ($2) returned to B_loJkl
B_loJkl collected $2 from pot
B_loJkl: doesn't show hand
*** SUMMARY ***
Total pot $2 | Rake $0
Seat 8: B_loJkl (big blind) collected ($2)
Seat 10: krytalex (button) (small blind) folded before Flop


PokerStars Hand #172665491398:  Hold'em Limit ($3/$6 USD) - 2017/07/06 2:02:34 ET
Table 'Pyrrha' 10-max Seat #8 is the button
Seat 8: B_loJkl ($122.44 in chips)
Seat 10: krytalex ($85.50 in chips)
B_loJkl: posts small blind $1
krytalex: posts big blind $3
*** HOLE CARDS ***
B_loJkl: raises $3 to $6
krytalex: raises $3 to $9
B_loJkl: calls $3
*** FLOP *** [5s 7s Ts]
krytalex: bets $3
B_loJkl: calls $3
*** TURN *** [5s 7s Ts] [5d]
krytalex: bets $6
B_loJkl: calls $6
*** RIVER *** [5s 7s Ts 5d] [Td]
krytalex: checks
B_loJkl: bets $6
krytalex: folds
Uncalled bet ($6) returned to B_loJkl
B_loJkl collected $35.50 from pot
B_loJkl: doesn't show hand
*** SUMMARY ***
Total pot $36 | Rake $0.50
Board [5s 7s Ts 5d Td]
Seat 8: B_loJkl (button) (small blind) collected ($35.50)
Seat 10: krytalex (big blind) folded on the River


PokerStars Hand #172665481618:  Hold'em Limit ($3/$6 USD) - 2017/07/06 2:01:49 ET
Table 'Pyrrha' 10-max Seat #10 is the button
Seat 8: B_loJkl ($113.80 in chips)
Seat 10: krytalex ($94.50 in chips)
krytalex: posts small blind $1
B_loJkl: posts big blind $3
*** HOLE CARDS ***
krytalex: raises $3 to $6
B_loJkl: calls $3
*** FLOP *** [Kd 9s Td]
B_loJkl: checks
krytalex: bets $3
B_loJkl: calls $3
*** TURN *** [Kd 9s Td] [3h]
B_loJkl: checks
krytalex: checks
*** RIVER *** [Kd 9s Td 3h] [Ah]
B_loJkl: checks
krytalex: checks
*** SHOW DOWN ***
B_loJkl: shows [6d Ts] (a pair of Tens)
krytalex: mucks hand
B_loJkl collected $17.64 from pot
*** SUMMARY ***
Total pot $18 | Rake $0.36
Board [Kd 9s Td 3h Ah]
Seat 8: B_loJkl (big blind) showed [6d Ts] and won ($17.64) with a pair of Tens
Seat 10: krytalex (button) (small blind) mucked


PokerStars Hand #172665507471:  Hold'em Limit ($3/$6 USD) - 2017/07/06 2:03:45 ET
Table 'Pyrrha' 10-max Seat #10 is the button
Seat 8: B_loJkl ($152.46 in chips)
Seat 10: krytalex ($72 in chips)
krytalex: posts small blind $1
B_loJkl: posts big blind $3
*** HOLE CARDS ***
krytalex: raises $3 to $6
B_loJkl: calls $3
*** FLOP *** [As 9s Qc]
B_loJkl: checks
krytalex: bets $3
B_loJkl: raises $3 to $6
krytalex: calls $3
*** TURN *** [As 9s Qc] [6d]
B_loJkl: bets $6
krytalex: folds
Uncalled bet ($6) returned to B_loJkl
B_loJkl collected $23.52 from pot
B_loJkl: doesn't show hand
*** SUMMARY ***
Total pot $24 | Rake $0.48
Board [As 9s Qc 6d]
Seat 8: B_loJkl (big blind) collected ($23.52)
Seat 10: krytalex (button) (small blind) folded on the Turn


PokerStars Hand #172665502639:  Hold'em Limit ($3/$6 USD) - 2017/07/06 2:03:24 ET
Table 'Pyrrha' 10-max Seat #8 is the button
Seat 8: B_loJkl ($140.94 in chips)
Seat 10: krytalex ($72 in chips)
B_loJkl: posts small blind $1
krytalex: posts big blind $3
*** HOLE CARDS ***
B_loJkl: raises $3 to $6
krytalex: calls $3
*** FLOP *** [Jd Js Ah]
krytalex: checks
B_loJkl: checks
*** TURN *** [Jd Js Ah] [Th]
krytalex: checks
B_loJkl: checks
*** RIVER *** [Jd Js Ah Th] [6h]
krytalex: bets $6
B_loJkl: calls $6
*** SHOW DOWN ***
krytalex: shows [Ts 4s] (two pair, Jacks and Tens)
B_loJkl: shows [3c Ad] (two pair, Aces and Jacks)
B_loJkl collected $23.52 from pot
*** SUMMARY ***
Total pot $24 | Rake $0.48
Board [Jd Js Ah Th 6h]
Seat 8: B_loJkl (button) (small blind) showed [3c Ad] and won ($23.52) with two pair, Aces and Jacks
Seat 10: krytalex (big blind) showed [Ts 4s] and lost with two pair, Jacks and Tens


PokerStars Hand #172665514572:  Hold'em Limit ($3/$6 USD) - 2017/07/06 2:04:16 ET
Table 'Pyrrha' 10-max Seat #8 is the button
Seat 8: B_loJkl ($163.98 in chips)
Seat 10: krytalex ($72 in chips)
B_loJkl: posts small blind $1
krytalex: posts big blind $3
*** HOLE CARDS ***
B_loJkl: raises $3 to $6
krytalex: raises $3 to $9
B_loJkl: calls $3
*** FLOP *** [3s 2c 4d]
krytalex: bets $3
B_loJkl: calls $3
*** TURN *** [3s 2c 4d] [7c]
krytalex: bets $6
B_loJkl: raises $6 to $12
krytalex: raises $6 to $18
B_loJkl: calls $6
*** RIVER *** [3s 2c 4d 7c] [5d]
krytalex: bets $6
B_loJkl: calls $6
*** SHOW DOWN ***
krytalex: shows [7h 7s] (three of a kind, Sevens)
B_loJkl: mucks hand
krytalex collected $71.50 from pot
*** SUMMARY ***
Total pot $72 | Rake $0.50
Board [3s 2c 4d 7c 5d]
Seat 8: B_loJkl (button) (small blind) mucked
Seat 10: krytalex (big blind) showed [7h 7s] and won ($71.50) with three of a kind, Sevens


PokerStars Hand #172665520306:  Hold'em Limit ($3/$6 USD) - 2017/07/06 2:04:41 ET
Table 'Pyrrha' 10-max Seat #10 is the button
Seat 8: B_loJkl ($127.98 in chips)
Seat 10: krytalex ($107.50 in chips)
krytalex: posts small blind $1
B_loJkl: posts big blind $3
*** HOLE CARDS ***
krytalex: folds
Uncalled bet ($2) returned to B_loJkl
B_loJkl collected $2 from pot
B_loJkl: doesn't show hand
*** SUMMARY ***
Total pot $2 | Rake $0
Seat 8: B_loJkl (big blind) collected ($2)
Seat 10: krytalex (button) (small blind) folded before Flop


PokerStars Hand #172665537089:  Hold'em Limit ($3/$6 USD) - 2017/07/06 2:05:55 ET
Table 'Pyrrha' 10-max Seat #10 is the button
Seat 8: B_loJkl ($153.24 in chips)
Seat 10: krytalex ($81.50 in chips)
krytalex: posts small blind $1
B_loJkl: posts big blind $3
*** HOLE CARDS ***
krytalex: folds
Uncalled bet ($2) returned to B_loJkl
B_loJkl collected $2 from pot
B_loJkl: doesn't show hand
*** SUMMARY ***
Total pot $2 | Rake $0
Seat 8: B_loJkl (big blind) collected ($2)
Seat 10: krytalex (button) (small blind) folded before Flop


PokerStars Hand #172665533256:  Hold'em Limit ($3/$6 USD) - 2017/07/06 2:05:38 ET
Table 'Pyrrha' 10-max Seat #8 is the button
Seat 8: B_loJkl ($147.48 in chips)
Seat 10: krytalex ($87.50 in chips)
B_loJkl: posts small blind $1
krytalex: posts big blind $3
*** HOLE CARDS ***
B_loJkl: raises $3 to $6
krytalex: calls $3
*** FLOP *** [Kc Kh 8s]
krytalex: checks
B_loJkl: bets $3
krytalex: folds
Uncalled bet ($3) returned to B_loJkl
B_loJkl collected $11.76 from pot
B_loJkl: doesn't show hand
*** SUMMARY ***
Total pot $12 | Rake $0.24
Board [Kc Kh 8s]
Seat 8: B_loJkl (button) (small blind) collected ($11.76)
Seat 10: krytalex (big blind) folded on the Flop


PokerStars Hand #172665538374:  Hold'em Limit ($3/$6 USD) - 2017/07/06 2:06:01 ET
Table 'Pyrrha' 10-max Seat #8 is the button
Seat 8: B_loJkl ($154.24 in chips)
Seat 10: krytalex ($80.50 in chips)
B_loJkl: posts small blind $1
krytalex: posts big blind $3
*** HOLE CARDS ***
B_loJkl: raises $3 to $6
krytalex: folds
Uncalled bet ($3) returned to B_loJkl
B_loJkl collected $6 from pot
B_loJkl: doesn't show hand
*** SUMMARY ***
Total pot $6 | Rake $0
Seat 8: B_loJkl (button) (small blind) collected ($6)
Seat 10: krytalex (big blind) folded before Flop


PokerStars Hand #172665532145:  Hold'em Limit ($3/$6 USD) - 2017/07/06 2:05:33 ET
Table 'Pyrrha' 10-max Seat #10 is the button
Seat 8: B_loJkl ($146.48 in chips)
Seat 10: krytalex ($88.50 in chips)
krytalex: posts small blind $1
B_loJkl: posts big blind $3
*** HOLE CARDS ***
krytalex: folds
Uncalled bet ($2) returned to B_loJkl
B_loJkl collected $2 from pot
B_loJkl: doesn't show hand
*** SUMMARY ***
Total pot $2 | Rake $0
Seat 8: B_loJkl (big blind) collected ($2)
Seat 10: krytalex (button) (small blind) folded before Flop


PokerStars Hand #172665521766:  Hold'em Limit ($3/$6 USD) - 2017/07/06 2:04:48 ET
Table 'Pyrrha' 10-max Seat #8 is the button
Seat 8: B_loJkl ($128.98 in chips)
Seat 10: krytalex ($106.50 in chips)
B_loJkl: posts small blind $1
krytalex: posts big blind $3
*** HOLE CARDS ***
B_loJkl: raises $3 to $6
krytalex: calls $3
*** FLOP *** [Kh 5s 4d]
krytalex: checks
B_loJkl: bets $3
krytalex: raises $3 to $6
B_loJkl: calls $3
*** TURN *** [Kh 5s 4d] [9h]
krytalex: bets $6
B_loJkl: calls $6
*** RIVER *** [Kh 5s 4d 9h] [Js]
krytalex: checks
B_loJkl: bets $6
krytalex: folds
Uncalled bet ($6) returned to B_loJkl
B_loJkl collected $35.50 from pot
B_loJkl: doesn't show hand
*** SUMMARY ***
Total pot $36 | Rake $0.50
Board [Kh 5s 4d 9h Js]
Seat 8: B_loJkl (button) (small blind) collected ($35.50)
Seat 10: krytalex (big blind) folded on the River


PokerStars Hand #172665540901:  Hold'em Limit ($3/$6 USD) - 2017/07/06 2:06:12 ET
Table 'Pyrrha' 10-max Seat #10 is the button
Seat 8: B_loJkl ($157.24 in chips)
Seat 10: krytalex ($77.50 in chips)
krytalex: posts small blind $1
B_loJkl: posts big blind $3
*** HOLE CARDS ***
krytalex: raises $3 to $6
B_loJkl: calls $3
*** FLOP *** [Kc 7h Kd]
B_loJkl: checks
krytalex: bets $3
B_loJkl: folds
Uncalled bet ($3) returned to krytalex
krytalex collected $11.76 from pot
*** SUMMARY ***
Total pot $12 | Rake $0.24
Board [Kc 7h Kd]
Seat 8: B_loJkl (big blind) folded on the Flop
Seat 10: krytalex (button) (small blind) collected ($11.76)


PokerStars Hand #172665548331:  Hold'em Limit ($3/$6 USD) - 2017/07/06 2:06:44 ET
Table 'Pyrrha' 10-max Seat #8 is the button
Seat 8: B_loJkl ($151.24 in chips)
Seat 10: krytalex ($83.26 in chips)
B_loJkl: posts small blind $1
krytalex: posts big blind $3
*** HOLE CARDS ***
B_loJkl: raises $3 to $6
krytalex: calls $3
*** FLOP *** [8c Kd 4s]
krytalex: checks
B_loJkl: bets $3
krytalex: folds
Uncalled bet ($3) returned to B_loJkl
B_loJkl collected $11.76 from pot
B_loJkl: doesn't show hand
*** SUMMARY ***
Total pot $12 | Rake $0.24
Board [8c Kd 4s]
Seat 8: B_loJkl (button) (small blind) collected ($11.76)
Seat 10: krytalex (big blind) folded on the Flop


PokerStars Hand #172665647418:  Hold'em Limit ($3/$6 USD) - 2017/07/06 2:13:58 ET
Table 'Pyrrha' 10-max Seat #10 is the button
Seat 8: B_loJkl ($180.01 in chips)
Seat 10: krytalex ($35.29 in chips)
krytalex: posts small blind $1
B_loJkl: posts big blind $3
*** HOLE CARDS ***
krytalex: raises $3 to $6
B_loJkl: calls $3
*** FLOP *** [9s Kd 4d]
B_loJkl: checks
krytalex: bets $3
B_loJkl: calls $3
*** TURN *** [9s Kd 4d] [Ad]
B_loJkl: checks
krytalex: bets $6
B_loJkl: calls $6
*** RIVER *** [9s Kd 4d Ad] [7s]
B_loJkl: checks
krytalex: bets $6
B_loJkl: folds
Uncalled bet ($6) returned to krytalex
krytalex collected $29.50 from pot
*** SUMMARY ***
Total pot $30 | Rake $0.50
Board [9s Kd 4d Ad 7s]
Seat 8: B_loJkl (big blind) folded on the River
Seat 10: krytalex (button) (small blind) collected ($29.50)


PokerStars Hand #172665661042:  Hold'em Limit ($3/$6 USD) - 2017/07/06 2:14:57 ET
Table 'Pyrrha' 10-max Seat #8 is the button
Seat 8: B_loJkl ($165.01 in chips)
Seat 10: krytalex ($72 in chips)
B_loJkl: posts small blind $1
krytalex: posts big blind $3
*** HOLE CARDS ***
B_loJkl: raises $3 to $6
krytalex: folds
Uncalled bet ($3) returned to B_loJkl
B_loJkl collected $6 from pot
B_loJkl: doesn't show hand
*** SUMMARY ***
Total pot $6 | Rake $0
Seat 8: B_loJkl (button) (small blind) collected ($6)
Seat 10: krytalex (big blind) folded before Flop


PokerStars Hand #172665664276:  Hold'em Limit ($3/$6 USD) - 2017/07/06 2:15:11 ET
Table 'Pyrrha' 10-max Seat #10 is the button
Seat 8: B_loJkl ($168.01 in chips)
Seat 10: krytalex ($72 in chips)
krytalex: posts small blind $1
B_loJkl: posts big blind $3
*** HOLE CARDS ***
krytalex: raises $3 to $6
B_loJkl: raises $3 to $9
krytalex: calls $3
*** FLOP *** [9h 4c Td]
B_loJkl: bets $3
krytalex: calls $3
*** TURN *** [9h 4c Td] [7s]
B_loJkl: bets $6
krytalex: raises $6 to $12
B_loJkl: calls $6
*** RIVER *** [9h 4c Td 7s] [9c]
B_loJkl: checks
krytalex: bets $6
B_loJkl: raises $6 to $12
krytalex: raises $6 to $18
B_loJkl: calls $6
*** SHOW DOWN ***
krytalex: shows [8d Jh] (a straight, Seven to Jack)
B_loJkl: mucks hand
krytalex collected $83.50 from pot
*** SUMMARY ***
Total pot $84 | Rake $0.50
Board [9h 4c Td 7s 9c]
Seat 8: B_loJkl (big blind) mucked
Seat 10: krytalex (button) (small blind) showed [8d Jh] and won ($83.50) with a straight, Seven to Jack


