PokerStars Hand #150846494037:  Hold'em Limit ($3/$6 USD) - 2016/03/24 8:28:42 ET
Table 'Pyrrhus' 6-max Seat #1 is the button
Seat 1: dye111 ($120 in chips)
Seat 4: Agrotait ($72 in chips)
dye111: posts small blind $1
Agrotait: posts big blind $3
*** HOLE CARDS ***
dye111: calls $2
Agrotait: checks
*** FLOP *** [8d 2c 9s]
Agrotait: checks
dye111: bets $3
Agrotait: folds
Uncalled bet ($3) returned to dye111
aceduffy5 joins the table at seat #2
dye111 collected $5.88 from pot
*** SUMMARY ***
Total pot $6 | Rake $0.12
Board [8d 2c 9s]
Seat 1: dye111 (button) (small blind) collected ($5.88)
Seat 4: Agrotait (big blind) folded on the Flop


PokerStars Hand #150846503469:  Hold'em Limit ($3/$6 USD) - 2016/03/24 8:28:59 ET
Table 'Pyrrhus' 6-max Seat #4 is the button
Seat 1: dye111 ($122.88 in chips)
Seat 4: Agrotait ($69 in chips)
Agrotait: posts small blind $1
dye111: posts big blind $3
*** HOLE CARDS ***
Agrotait: raises $3 to $6
dye111: calls $3
*** FLOP *** [4s 4c Jh]
dye111: checks
Agrotait: bets $3
dye111: folds
Uncalled bet ($3) returned to Agrotait
Agrotait collected $11.76 from pot
Agrotait: doesn't show hand
*** SUMMARY ***
Total pot $12 | Rake $0.24
Board [4s 4c Jh]
Seat 1: dye111 (big blind) folded on the Flop
Seat 4: Agrotait (button) (small blind) collected ($11.76)


PokerStars Hand #150848619952:  Hold'em Limit ($3/$6 USD) - 2016/03/24 9:30:10 ET
Table 'Pyrrhus' 6-max Seat #3 is the button
Seat 3: anetkaapro ($113.92 in chips)
Seat 6: skogsbarn ($85.04 in chips)
anetkaapro: posts small blind $1
B_loJkl: is sitting out
skogsbarn: posts big blind $3
*** HOLE CARDS ***
anetkaapro: raises $3 to $6
skogsbarn: calls $3
*** FLOP *** [7h 6c 4s]
B_loJkl leaves the table
skogsbarn: checks
anetkaapro: bets $3
skogsbarn: raises $3 to $6
anetkaapro: calls $3
*** TURN *** [7h 6c 4s] [9d]
skogsbarn: bets $6
anetkaapro: calls $6
*** RIVER *** [7h 6c 4s 9d] [7s]
skogsbarn: bets $6
anetkaapro: calls $6
*** SHOW DOWN ***
skogsbarn: shows [3c Ks] (a pair of Sevens)
anetkaapro: shows [Ad 5s] (a pair of Sevens - Ace kicker)
anetkaapro collected $47.50 from pot
*** SUMMARY ***
Total pot $48 | Rake $0.50
Board [7h 6c 4s 9d 7s]
Seat 3: anetkaapro (button) (small blind) showed [Ad 5s] and won ($47.50) with a pair of Sevens
Seat 6: skogsbarn (big blind) showed [3c Ks] and lost with a pair of Sevens


PokerStars Hand #150848653824:  Hold'em Limit ($3/$6 USD) - 2016/03/24 9:31:06 ET
Table 'Pyrrhus' 6-max Seat #6 is the button
Seat 3: anetkaapro ($137.42 in chips)
Seat 6: skogsbarn ($61.04 in chips)
skogsbarn: posts small blind $1
anetkaapro: posts big blind $3
*** HOLE CARDS ***
skogsbarn: raises $3 to $6
anetkaapro: calls $3
*** FLOP *** [8d 8c 5c]
anetkaapro: checks
skogsbarn: bets $3
anetkaapro: calls $3
*** TURN *** [8d 8c 5c] [9h]
anetkaapro: checks
skogsbarn: checks
*** RIVER *** [8d 8c 5c 9h] [4c]
anetkaapro: bets $6
skogsbarn: calls $6
*** SHOW DOWN ***
anetkaapro: shows [9c Th] (two pair, Nines and Eights)
skogsbarn: mucks hand
anetkaapro collected $29.50 from pot
*** SUMMARY ***
Total pot $30 | Rake $0.50
Board [8d 8c 5c 9h 4c]
Seat 3: anetkaapro (big blind) showed [9c Th] and won ($29.50) with two pair, Nines and Eights
Seat 6: skogsbarn (button) (small blind) mucked


PokerStars Hand #150848674764:  Hold'em Limit ($3/$6 USD) - 2016/03/24 9:31:39 ET
Table 'Pyrrhus' 6-max Seat #3 is the button
Seat 3: anetkaapro ($151.92 in chips)
Seat 6: skogsbarn ($46.04 in chips)
anetkaapro: posts small blind $1
skogsbarn: posts big blind $3
*** HOLE CARDS ***
anetkaapro: raises $3 to $6
skogsbarn: raises $3 to $9
anetkaapro: calls $3
*** FLOP *** [5s 2h 4s]
skogsbarn: bets $3
anetkaapro: raises $3 to $6
skogsbarn: calls $3
*** TURN *** [5s 2h 4s] [7c]
skogsbarn: checks
anetkaapro: bets $6
skogsbarn: calls $6
*** RIVER *** [5s 2h 4s 7c] [Ac]
skogsbarn: checks
anetkaapro: checks
*** SHOW DOWN ***
skogsbarn: shows [6c Kh] (high card Ace)
anetkaapro: shows [Ks 4h] (a pair of Fours)
KingYang2008 joins the table at seat #2
anetkaapro collected $41.50 from pot
*** SUMMARY ***
Total pot $42 | Rake $0.50
Board [5s 2h 4s 7c Ac]
Seat 3: anetkaapro (button) (small blind) showed [Ks 4h] and won ($41.50) with a pair of Fours
Seat 6: skogsbarn (big blind) showed [6c Kh] and lost with high card Ace


PokerStars Hand #150848730770:  Hold'em Limit ($3/$6 USD) - 2016/03/24 9:33:08 ET
Table 'Pyrrhus' 6-max Seat #2 is the button
Seat 2: KingYang2008 ($143.54 in chips)
Seat 3: anetkaapro ($172.42 in chips)
KingYang2008: posts small blind $1
anetkaapro: posts big blind $3
*** HOLE CARDS ***
KingYang2008: raises $3 to $6
anetkaapro: calls $3
*** FLOP *** [Ac 5h Jc]
anetkaapro: checks
KingYang2008: bets $3
anetkaapro: calls $3
*** TURN *** [Ac 5h Jc] [2c]
anetkaapro: checks
KingYang2008: bets $6
anetkaapro: calls $6
*** RIVER *** [Ac 5h Jc 2c] [6c]
anetkaapro: checks
KingYang2008: checks
*** SHOW DOWN ***
anetkaapro: shows [9c Kh] (a flush, Ace high)
KingYang2008: mucks hand
anetkaapro collected $29.50 from pot
*** SUMMARY ***
Total pot $30 | Rake $0.50
Board [Ac 5h Jc 2c 6c]
Seat 2: KingYang2008 (button) (small blind) mucked
Seat 3: anetkaapro (big blind) showed [9c Kh] and won ($29.50) with a flush, Ace high


PokerStars Hand #150849991101:  Hold'em Limit ($3/$6 USD) - 2016/03/24 10:06:20 ET
Table 'Pyrrhus' 6-max Seat #2 is the button
Seat 1: ThatLostBoy ($135.37 in chips)
Seat 2: TbIP-TbIP 88 ($101.26 in chips)
TbIP-TbIP 88: posts small blind $1
B_loJkl: is sitting out
ThatLostBoy: posts big blind $3
*** HOLE CARDS ***
TbIP-TbIP 88: raises $3 to $6
ThatLostBoy: raises $3 to $9
TbIP-TbIP 88: calls $3
*** FLOP *** [5s Qd 4c]
B_loJkl leaves the table
ThatLostBoy: bets $3
B_loJkl joins the table at seat #3
TbIP-TbIP 88: calls $3
*** TURN *** [5s Qd 4c] [Js]
ThatLostBoy: bets $6
TbIP-TbIP 88: folds
Uncalled bet ($6) returned to ThatLostBoy
ThatLostBoy collected $23.52 from pot
*** SUMMARY ***
Total pot $24 | Rake $0.48
Board [5s Qd 4c Js]
Seat 1: ThatLostBoy (big blind) collected ($23.52)
Seat 2: TbIP-TbIP 88 (button) (small blind) folded on the Turn


PokerStars Hand #150850037073:  Hold'em Limit ($3/$6 USD) - 2016/03/24 10:07:30 ET
Table 'Pyrrhus' 6-max Seat #1 is the button
Seat 1: ThatLostBoy ($146.89 in chips)
Seat 2: TbIP-TbIP 88 ($89.26 in chips)
ThatLostBoy: posts small blind $1
TbIP-TbIP 88: posts big blind $3
*** HOLE CARDS ***
ThatLostBoy: raises $3 to $6
liza3008 joins the table at seat #4
TbIP-TbIP 88: raises $3 to $9
ThatLostBoy: raises $3 to $12
Betting is capped
TbIP-TbIP 88: calls $3
*** FLOP *** [3h 8s 6h]
TbIP-TbIP 88: checks
ThatLostBoy: bets $3
TbIP-TbIP 88: calls $3
*** TURN *** [3h 8s 6h] [Qc]
TbIP-TbIP 88: checks
ThatLostBoy: bets $6
TbIP-TbIP 88: calls $6
*** RIVER *** [3h 8s 6h Qc] [Kh]
TbIP-TbIP 88: checks
ThatLostBoy: bets $6
TbIP-TbIP 88: calls $6
*** SHOW DOWN ***
ThatLostBoy: shows [Td Ad] (high card Ace)
TbIP-TbIP 88: shows [9h 9c] (a pair of Nines)
TbIP-TbIP 88 collected $53.50 from pot
*** SUMMARY ***
Total pot $54 | Rake $0.50
Board [3h 8s 6h Qc Kh]
Seat 1: ThatLostBoy (button) (small blind) showed [Td Ad] and lost with high card Ace
Seat 2: TbIP-TbIP 88 (big blind) showed [9h 9c] and won ($53.50) with a pair of Nines


PokerStars Hand #150851508533:  Hold'em Limit ($3/$6 USD) - 2016/03/24 10:44:37 ET
Table 'Pyrrhus' 6-max Seat #5 is the button
Seat 1: belik555 ($72 in chips)
Seat 5: ogK2 ($118 in chips)
ogK2: posts small blind $1
belik555: posts big blind $3
*** HOLE CARDS ***
ogK2: raises $3 to $6
belik555: folds
Uncalled bet ($3) returned to ogK2
ogK2 collected $6 from pot
ogK2: doesn't show hand
*** SUMMARY ***
Total pot $6 | Rake $0
Seat 1: belik555 (big blind) folded before Flop
Seat 5: ogK2 (button) (small blind) collected ($6)


PokerStars Hand #150852613200:  Hold'em Limit ($3/$6 USD) - 2016/03/24 11:12:05 ET
Table 'Pyrrhus' 6-max Seat #5 is the button
Seat 2: Günni1959 ($105.47 in chips)
Seat 5: ogK2 ($114.58 in chips)
ogK2: posts small blind $1
Fess7791: is sitting out
Günni1959: posts big blind $3
*** HOLE CARDS ***
ogK2: raises $3 to $6
Fess7791 leaves the table
Günni1959: folds
Uncalled bet ($3) returned to ogK2
ogK2 collected $6 from pot
ogK2: doesn't show hand
*** SUMMARY ***
Total pot $6 | Rake $0
Seat 2: Günni1959 (big blind) folded before Flop
Seat 5: ogK2 (button) (small blind) collected ($6)


PokerStars Hand #150852618570:  Hold'em Limit ($3/$6 USD) - 2016/03/24 11:12:12 ET
Table 'Pyrrhus' 6-max Seat #2 is the button
Seat 2: Günni1959 ($102.47 in chips)
Seat 5: ogK2 ($117.58 in chips)
Günni1959: posts small blind $1
ogK2: posts big blind $3
*** HOLE CARDS ***
Günni1959: raises $3 to $6
ogK2: calls $3
*** FLOP *** [9c 4s 4c]
ogK2: checks
Günni1959: checks
*** TURN *** [9c 4s 4c] [7d]
ogK2: checks
Günni1959: bets $6
ogK2: folds
Uncalled bet ($6) returned to Günni1959
Günni1959 collected $11.76 from pot
Günni1959: doesn't show hand
*** SUMMARY ***
Total pot $12 | Rake $0.24
Board [9c 4s 4c 7d]
Seat 2: Günni1959 (button) (small blind) collected ($11.76)
Seat 5: ogK2 (big blind) folded on the Turn


