PokerStars Hand #161965285528:  Hold'em Limit ($3/$6 USD) - 2016/11/25 20:04:05 ET
Table 'Pyrrha' 6-max Seat #5 is the button
Seat 3: WyatEarp72 ($113 in chips)
Seat 5: pompier40 ($115.47 in chips)
ToDaFelt will be allowed to play after the button
pompier40: posts small blind $1
B_loJkl: is sitting out
WyatEarp72: posts big blind $3
*** HOLE CARDS ***
pompier40: folds
Uncalled bet ($2) returned to WyatEarp72
WyatEarp72 collected $2 from pot
WyatEarp72: doesn't show hand
*** SUMMARY ***
Total pot $2 | Rake $0
Seat 3: WyatEarp72 (big blind) collected ($2)
Seat 5: pompier40 (button) (small blind) folded before Flop


PokerStars Hand #161966476145:  Hold'em Limit ($3/$6 USD) - 2016/11/25 20:40:04 ET
Table 'Pyrrha' 6-max Seat #5 is the button
Seat 4: Chessnok ($88.02 in chips)
Seat 5: CharginWapos ($85.87 in chips)
CharginWapos: posts small blind $1
B_loJkl was removed from the table for failing to post
Chessnok: posts big blind $3
*** HOLE CARDS ***
CharginWapos: raises $3 to $6
Chessnok: calls $3
*** FLOP *** [2h Kh 5c]
Chessnok: checks
B_loJkl joins the table at seat #6
CharginWapos: bets $3
Chessnok: calls $3
*** TURN *** [2h Kh 5c] [6c]
Chessnok: checks
CharginWapos: checks
*** RIVER *** [2h Kh 5c 6c] [6s]
Chessnok: bets $6
CharginWapos: folds
Uncalled bet ($6) returned to Chessnok
Chessnok collected $17.64 from pot
Chessnok: doesn't show hand
*** SUMMARY ***
Total pot $18 | Rake $0.36
Board [2h Kh 5c 6c 6s]
Seat 4: Chessnok (big blind) collected ($17.64)
Seat 5: CharginWapos (button) (small blind) folded on the River


PokerStars Hand #161966487904:  Hold'em Limit ($3/$6 USD) - 2016/11/25 20:40:27 ET
Table 'Pyrrha' 6-max Seat #4 is the button
Seat 4: Chessnok ($96.66 in chips)
Seat 5: CharginWapos ($76.87 in chips)
Chessnok: posts small blind $1
CharginWapos: posts big blind $3
*** HOLE CARDS ***
Chessnok: raises $3 to $6
CharginWapos: raises $3 to $9
Chessnok: calls $3
*** FLOP *** [Qc 2c Jh]
CharginWapos: bets $3
Chessnok: calls $3
*** TURN *** [Qc 2c Jh] [Js]
CharginWapos: bets $6
Chessnok: raises $6 to $12
CharginWapos: calls $6
*** RIVER *** [Qc 2c Jh Js] [4s]
CharginWapos: checks
Chessnok: bets $6
CharginWapos: calls $6
*** SHOW DOWN ***
Chessnok: shows [Jc 7c] (three of a kind, Jacks)
CharginWapos: mucks hand
Chessnok collected $59.50 from pot
*** SUMMARY ***
Total pot $60 | Rake $0.50
Board [Qc 2c Jh Js 4s]
Seat 4: Chessnok (button) (small blind) showed [Jc 7c] and won ($59.50) with three of a kind, Jacks
Seat 5: CharginWapos (big blind) mucked


PokerStars Hand #161968005109:  Hold'em Limit ($3/$6 USD) - 2016/11/25 21:32:51 ET
Table 'Pyrrha' 6-max Seat #2 is the button
Seat 2: Hybridskills ($210.17 in chips)
Seat 6: B_loJkl ($90.53 in chips)
Hybridskills: posts small blind $1
B_loJkl: posts big blind $3
*** HOLE CARDS ***
Arketypen leaves the table
Hybridskills: raises $3 to $6
B_loJkl: calls $3
*** FLOP *** [As Jd 8s]
B_loJkl: checks
Hybridskills: bets $3
B_loJkl: calls $3
*** TURN *** [As Jd 8s] [8h]
B_loJkl: checks
Hybridskills: checks
*** RIVER *** [As Jd 8s 8h] [3s]
B_loJkl: bets $6
Hybridskills: folds
Uncalled bet ($6) returned to B_loJkl
B_loJkl collected $17.64 from pot
B_loJkl: doesn't show hand
*** SUMMARY ***
Total pot $18 | Rake $0.36
Board [As Jd 8s 8h 3s]
Seat 2: Hybridskills (button) (small blind) folded on the River
Seat 6: B_loJkl (big blind) collected ($17.64)


PokerStars Hand #161968029100:  Hold'em Limit ($3/$6 USD) - 2016/11/25 21:33:45 ET
Table 'Pyrrha' 6-max Seat #6 is the button
Seat 2: Hybridskills ($201.17 in chips)
Seat 6: B_loJkl ($99.17 in chips)
B_loJkl: posts small blind $1
Hybridskills: posts big blind $3
*** HOLE CARDS ***
B_loJkl: raises $3 to $6
Hybridskills: calls $3
*** FLOP *** [Kh Js 2d]
Hybridskills: checks
B_loJkl: bets $3
Hybridskills: folds
Uncalled bet ($3) returned to B_loJkl
B_loJkl collected $11.76 from pot
B_loJkl: doesn't show hand
*** SUMMARY ***
Total pot $12 | Rake $0.24
Board [Kh Js 2d]
Seat 2: Hybridskills (big blind) folded on the Flop
Seat 6: B_loJkl (button) (small blind) collected ($11.76)


PokerStars Hand #161968066366:  Hold'em Limit ($3/$6 USD) - 2016/11/25 21:35:09 ET
Table 'Pyrrha' 6-max Seat #2 is the button
Seat 2: Hybridskills ($195.17 in chips)
Seat 3: B_loJkl ($150 in chips)
Hybridskills: posts small blind $1
B_loJkl: posts big blind $3
*** HOLE CARDS ***
Hybridskills: raises $3 to $6
B_loJkl: calls $3
*** FLOP *** [Kd Js 7h]
B_loJkl: checks
Hybridskills: checks
*** TURN *** [Kd Js 7h] [Jc]
B_loJkl: checks
fólkaflokkur joins the table at seat #4
Hybridskills: checks
*** RIVER *** [Kd Js 7h Jc] [9c]
B_loJkl: bets $6
Hybridskills: folds
Uncalled bet ($6) returned to B_loJkl
B_loJkl collected $11.76 from pot
B_loJkl: doesn't show hand
*** SUMMARY ***
Total pot $12 | Rake $0.24
Board [Kd Js 7h Jc 9c]
Seat 2: Hybridskills (button) (small blind) folded on the River
Seat 3: B_loJkl (big blind) collected ($11.76)


