PokerStars Hand #168969874649:  Hold'em Limit ($3/$6 USD) - 2017/04/13 5:40:10 ET
Table 'Pyrrhus II' 6-max Seat #6 is the button
Seat 3: Rus29APX ($120 in chips)
Seat 6: mitch4242 ($120 in chips)
mitch4242: posts small blind $1
Rus29APX: posts big blind $3
*** HOLE CARDS ***
mitch4242: folds
Uncalled bet ($2) returned to Rus29APX
Rus29APX collected $2 from pot
Rus29APX: doesn't show hand
*** SUMMARY ***
Total pot $2 | Rake $0
Seat 3: Rus29APX (big blind) collected ($2)
Seat 6: mitch4242 (button) (small blind) folded before Flop


PokerStars Hand #168969908549:  Hold'em Limit ($3/$6 USD) - 2017/04/13 5:41:35 ET
Table 'Pyrrhus II' 6-max Seat #6 is the button
Seat 3: Rus29APX ($128.28 in chips)
Seat 6: mitch4242 ($117.19 in chips)
tttzzz will be allowed to play after the button
mitch4242: posts small blind $1
Rus29APX: posts big blind $3
*** HOLE CARDS ***
mitch4242: raises $3 to $6
Rus29APX: calls $3
*** FLOP *** [Ks 6s 5h]
Rus29APX: checks
mitch4242: bets $3
Rus29APX: raises $3 to $6
mitch4242: calls $3
*** TURN *** [Ks 6s 5h] [3d]
Rus29APX: bets $6
mitch4242: raises $6 to $12
Rus29APX: calls $6
*** RIVER *** [Ks 6s 5h 3d] [6c]
Rus29APX: checks
mitch4242: bets $6
Rus29APX: raises $6 to $12
mitch4242: calls $6
*** SHOW DOWN ***
Rus29APX: shows [6d Ah] (three of a kind, Sixes)
mitch4242: mucks hand
Rus29APX collected $71.50 from pot
*** SUMMARY ***
Total pot $72 | Rake $0.50
Board [Ks 6s 5h 3d 6c]
Seat 3: Rus29APX (big blind) showed [6d Ah] and won ($71.50) with three of a kind, Sixes
Seat 6: mitch4242 (button) (small blind) mucked


PokerStars Hand #168970188860:  Hold'em Limit ($3/$6 USD) - 2017/04/13 5:53:17 ET
Table 'Pyrrhus II' 6-max Seat #5 is the button
Seat 5: stasschi ($106 in chips)
Seat 6: mitch4242 ($168.84 in chips)
stasschi: posts small blind $1
mitch4242: posts big blind $3
*** HOLE CARDS ***
stasschi: folds
Uncalled bet ($2) returned to mitch4242
mitch4242 collected $2 from pot
*** SUMMARY ***
Total pot $2 | Rake $0
Seat 5: stasschi (button) (small blind) folded before Flop
Seat 6: mitch4242 (big blind) collected ($2)


PokerStars Hand #168970181722:  Hold'em Limit ($3/$6 USD) - 2017/04/13 5:53:00 ET
Table 'Pyrrhus II' 6-max Seat #6 is the button
Seat 5: stasschi ($109 in chips)
Seat 6: mitch4242 ($165.96 in chips)
mitch4242: posts small blind $1
TbIP-TbIP 88: is sitting out
Rus29APX: is sitting out
stasschi: posts big blind $3
*** HOLE CARDS ***
TbIP-TbIP 88 leaves the table
Rus29APX leaves the table
mitch4242: calls $2
stasschi: checks
*** FLOP *** [3s 2c Kh]
stasschi: checks
mitch4242: bets $3
stasschi: folds
Uncalled bet ($3) returned to mitch4242
mitch4242 collected $5.88 from pot
*** SUMMARY ***
Total pot $6 | Rake $0.12
Board [3s 2c Kh]
Seat 5: stasschi (big blind) folded on the Flop
Seat 6: mitch4242 (button) (small blind) collected ($5.88)


