PokerStars Hand #161955572299:  Hold'em Limit ($3/$6 USD) - 2016/11/25 16:32:41 ET
Table 'Pyrrha' 6-max Seat #4 is the button
Seat 3: happyfisk ($115.27 in chips)
Seat 4: ValeryRon ($98.18 in chips)
ValeryRon: posts small blind $1
happyfisk: posts big blind $3
*** HOLE CARDS ***
ValeryRon: folds
Uncalled bet ($2) returned to happyfisk
happyfisk collected $2 from pot
*** SUMMARY ***
Total pot $2 | Rake $0
Seat 3: happyfisk (big blind) collected ($2)
Seat 4: ValeryRon (button) (small blind) folded before Flop


PokerStars Hand #161955584876:  Hold'em Limit ($3/$6 USD) - 2016/11/25 16:32:55 ET
Table 'Pyrrha' 6-max Seat #4 is the button
Seat 3: happyfisk ($119.27 in chips)
Seat 4: ValeryRon ($94.18 in chips)
ValeryRon: posts small blind $1
happyfisk: posts big blind $3
*** HOLE CARDS ***
ValeryRon: folds
Uncalled bet ($2) returned to happyfisk
happyfisk collected $2 from pot
Chessnok leaves the table
*** SUMMARY ***
Total pot $2 | Rake $0
Seat 3: happyfisk (big blind) collected ($2)
Seat 4: ValeryRon (button) (small blind) folded before Flop


PokerStars Hand #161955578867:  Hold'em Limit ($3/$6 USD) - 2016/11/25 16:32:48 ET
Table 'Pyrrha' 6-max Seat #3 is the button
Seat 3: happyfisk ($116.27 in chips)
Seat 4: ValeryRon ($97.18 in chips)
melayDIN leaves the table
happyfisk: posts small blind $1
ValeryRon: posts big blind $3
*** HOLE CARDS ***
happyfisk: raises $3 to $6
ValeryRon: folds
Uncalled bet ($3) returned to happyfisk
happyfisk collected $6 from pot
*** SUMMARY ***
Total pot $6 | Rake $0
Seat 3: happyfisk (button) (small blind) collected ($6)
Seat 4: ValeryRon (big blind) folded before Flop


PokerStars Hand #161955590018:  Hold'em Limit ($3/$6 USD) - 2016/11/25 16:33:01 ET
Table 'Pyrrha' 6-max Seat #3 is the button
Seat 3: happyfisk ($120.27 in chips)
Seat 4: ValeryRon ($93.18 in chips)
happyfisk: posts small blind $1
ValeryRon: posts big blind $3
*** HOLE CARDS ***
happyfisk: folds
Uncalled bet ($2) returned to ValeryRon
happyfisk leaves the table
ValeryRon collected $2 from pot
*** SUMMARY ***
Total pot $2 | Rake $0
Seat 3: happyfisk (button) (small blind) folded before Flop
Seat 4: ValeryRon (big blind) collected ($2)


PokerStars Hand #161956513710:  Hold'em Limit ($3/$6 USD) - 2016/11/25 16:50:19 ET
Table 'Pyrrha' 6-max Seat #4 is the button
Seat 4: LifeisagameX ($60 in chips)
Seat 6: napol ($90 in chips)
LifeisagameX: posts small blind $1
napol: posts big blind $3
*** HOLE CARDS ***
LifeisagameX: folds
Uncalled bet ($2) returned to napol
napol collected $2 from pot
napol: doesn't show hand
*** SUMMARY ***
Total pot $2 | Rake $0
Seat 4: LifeisagameX (button) (small blind) folded before Flop
Seat 6: napol (big blind) collected ($2)


PokerStars Hand #161956594961:  Hold'em Limit ($3/$6 USD) - 2016/11/25 16:51:48 ET
Table 'Pyrrha' 6-max Seat #3 is the button
Seat 3: AA_ILI ($96 in chips)
Seat 6: napol ($87 in chips)
ToDaFelt will be allowed to play after the button
AA_ILI: posts small blind $1
napol: posts big blind $3
*** HOLE CARDS ***
AA_ILI: folds
Uncalled bet ($2) returned to napol
napol collected $2 from pot
napol: doesn't show hand
*** SUMMARY ***
Total pot $2 | Rake $0
Seat 3: AA_ILI (button) (small blind) folded before Flop
Seat 6: napol (big blind) collected ($2)


