PokerStars Hand #149304802742:  Hold'em Limit ($3/$6 USD) - 2016/02/23 15:48:34 ET
Table 'Pythia' 6-max Seat #4 is the button
Seat 1: PingaP ($52.76 in chips)
Seat 4: AzureCaper ($72.76 in chips)
AzureCaper: posts small blind $1
PingaP: posts big blind $3
*** HOLE CARDS ***
AzureCaper: raises $3 to $6
PingaP: calls $3
*** FLOP *** [8c 8h 9c]
PingaP: checks
AzureCaper: bets $3
PingaP: calls $3
*** TURN *** [8c 8h 9c] [8s]
PingaP: checks
AzureCaper: bets $6
PingaP: folds
Uncalled bet ($6) returned to AzureCaper
AzureCaper collected $17.64 from pot
AzureCaper: doesn't show hand
*** SUMMARY ***
Total pot $18 | Rake $0.36
Board [8c 8h 9c 8s]
Seat 1: PingaP (big blind) folded on the Turn
Seat 4: AzureCaper (button) (small blind) collected ($17.64)


PokerStars Hand #149309420825:  Hold'em Limit ($3/$6 USD) - 2016/02/23 17:39:48 ET
Table 'Pythia' 6-max Seat #2 is the button
Seat 1: niewielo ($216.94 in chips)
Seat 2: oliwan ($384.84 in chips)
oliwan: posts small blind $1
Herisons_11: is sitting out
niewielo: posts big blind $3
*** HOLE CARDS ***
oliwan: raises $3 to $6
niewielo: calls $3
*** FLOP *** [Ts 6h Tc]
Herisons_11 leaves the table
niewielo: bets $3
oliwan: calls $3
*** TURN *** [Ts 6h Tc] [3h]
niewielo: checks
oliwan: bets $6
niewielo: folds
Uncalled bet ($6) returned to oliwan
oliwan collected $17.64 from pot
*** SUMMARY ***
Total pot $18 | Rake $0.36
Board [Ts 6h Tc 3h]
Seat 1: niewielo (big blind) folded on the Turn
Seat 2: oliwan (button) (small blind) collected ($17.64)


PokerStars Hand #149309441062:  Hold'em Limit ($3/$6 USD) - 2016/02/23 17:40:11 ET
Table 'Pythia' 6-max Seat #1 is the button
Seat 1: niewielo ($207.94 in chips)
Seat 2: oliwan ($393.48 in chips)
niewielo: posts small blind $1
oliwan: posts big blind $3
*** HOLE CARDS ***
niewielo: calls $2
oliwan: raises $3 to $6
niewielo: calls $3
*** FLOP *** [As 4s Ks]
oliwan: bets $3
niewielo: folds
Uncalled bet ($3) returned to oliwan
oliwan collected $11.76 from pot
*** SUMMARY ***
Total pot $12 | Rake $0.24
Board [As 4s Ks]
Seat 1: niewielo (button) (small blind) folded on the Flop
Seat 2: oliwan (big blind) collected ($11.76)


PokerStars Hand #149309450890:  Hold'em Limit ($3/$6 USD) - 2016/02/23 17:40:23 ET
Table 'Pythia' 6-max Seat #2 is the button
Seat 1: niewielo ($201.94 in chips)
Seat 2: oliwan ($399.24 in chips)
oliwan: posts small blind $1
niewielo: posts big blind $3
*** HOLE CARDS ***
oliwan: raises $3 to $6
niewielo: raises $3 to $9
oliwan: calls $3
*** FLOP *** [2c 4s Jh]
niewielo: bets $3
oliwan: calls $3
*** TURN *** [2c 4s Jh] [Jd]
niewielo: bets $6
oliwan: raises $6 to $12
niewielo: calls $6
*** RIVER *** [2c 4s Jh Jd] [4d]
niewielo: bets $6
oliwan: raises $6 to $12
niewielo: calls $6
*** SHOW DOWN ***
oliwan: shows [Jc 8s] (a full house, Jacks full of Fours)
niewielo: mucks hand
oliwan collected $71.50 from pot
*** SUMMARY ***
Total pot $72 | Rake $0.50
Board [2c 4s Jh Jd 4d]
Seat 1: niewielo (big blind) mucked
Seat 2: oliwan (button) (small blind) showed [Jc 8s] and won ($71.50) with a full house, Jacks full of Fours


PokerStars Hand #149309467968:  Hold'em Limit ($3/$6 USD) - 2016/02/23 17:40:43 ET
Table 'Pythia' 6-max Seat #1 is the button
Seat 1: niewielo ($165.94 in chips)
Seat 2: oliwan ($434.74 in chips)
niewielo: posts small blind $1
oliwan: posts big blind $3
*** HOLE CARDS ***
niewielo: folds
Uncalled bet ($2) returned to oliwan
oliwan collected $2 from pot
*** SUMMARY ***
Total pot $2 | Rake $0
Seat 1: niewielo (button) (small blind) folded before Flop
Seat 2: oliwan (big blind) collected ($2)


PokerStars Hand #149309482376:  Hold'em Limit ($3/$6 USD) - 2016/02/23 17:40:59 ET
Table 'Pythia' 6-max Seat #1 is the button
Seat 1: niewielo ($158.94 in chips)
Seat 2: oliwan ($441.50 in chips)
niewielo: posts small blind $1
oliwan: posts big blind $3
*** HOLE CARDS ***
niewielo: folds
Uncalled bet ($2) returned to oliwan
oliwan collected $2 from pot
*** SUMMARY ***
Total pot $2 | Rake $0
Seat 1: niewielo (button) (small blind) folded before Flop
Seat 2: oliwan (big blind) collected ($2)


PokerStars Hand #149309472819:  Hold'em Limit ($3/$6 USD) - 2016/02/23 17:40:48 ET
Table 'Pythia' 6-max Seat #2 is the button
Seat 1: niewielo ($164.94 in chips)
Seat 2: oliwan ($435.74 in chips)
oliwan: posts small blind $1
niewielo: posts big blind $3
*** HOLE CARDS ***
oliwan: raises $3 to $6
niewielo: calls $3
*** FLOP *** [Jc 6h Ac]
niewielo: checks
oliwan: bets $3
niewielo: folds
Uncalled bet ($3) returned to oliwan
oliwan collected $11.76 from pot
*** SUMMARY ***
Total pot $12 | Rake $0.24
Board [Jc 6h Ac]
Seat 1: niewielo (big blind) folded on the Flop
Seat 2: oliwan (button) (small blind) collected ($11.76)


PokerStars Hand #149309530703:  Hold'em Limit ($3/$6 USD) - 2016/02/23 17:41:57 ET
Table 'Pythia' 6-max Seat #1 is the button
Seat 1: niewielo ($117.94 in chips)
Seat 2: oliwan ($481.40 in chips)
niewielo: posts small blind $1
oliwan: posts big blind $3
*** HOLE CARDS ***
niewielo: folds
Uncalled bet ($2) returned to oliwan
oliwan collected $2 from pot
*** SUMMARY ***
Total pot $2 | Rake $0
Seat 1: niewielo (button) (small blind) folded before Flop
Seat 2: oliwan (big blind) collected ($2)


PokerStars Hand #149309516965:  Hold'em Limit ($3/$6 USD) - 2016/02/23 17:41:40 ET
Table 'Pythia' 6-max Seat #2 is the button
Seat 1: niewielo ($126.94 in chips)
Seat 2: oliwan ($472.76 in chips)
oliwan: posts small blind $1
niewielo: posts big blind $3
*** HOLE CARDS ***
oliwan: raises $3 to $6
niewielo: calls $3
*** FLOP *** [5h 2c Ad]
niewielo: checks
oliwan: bets $3
niewielo: calls $3
*** TURN *** [5h 2c Ad] [7c]
niewielo: checks
oliwan: bets $6
niewielo: folds
Uncalled bet ($6) returned to oliwan
oliwan collected $17.64 from pot
*** SUMMARY ***
Total pot $18 | Rake $0.36
Board [5h 2c Ad 7c]
Seat 1: niewielo (big blind) folded on the Turn
Seat 2: oliwan (button) (small blind) collected ($17.64)


PokerStars Hand #149309498690:  Hold'em Limit ($3/$6 USD) - 2016/02/23 17:41:19 ET
Table 'Pythia' 6-max Seat #1 is the button
Seat 1: niewielo ($136.94 in chips)
Seat 2: oliwan ($463 in chips)
niewielo: posts small blind $1
oliwan: posts big blind $3
*** HOLE CARDS ***
niewielo: folds
Uncalled bet ($2) returned to oliwan
oliwan collected $2 from pot
*** SUMMARY ***
Total pot $2 | Rake $0
Seat 1: niewielo (button) (small blind) folded before Flop
Seat 2: oliwan (big blind) collected ($2)


PokerStars Hand #149309503390:  Hold'em Limit ($3/$6 USD) - 2016/02/23 17:41:24 ET
Table 'Pythia' 6-max Seat #2 is the button
Seat 1: niewielo ($135.94 in chips)
Seat 2: oliwan ($464 in chips)
oliwan: posts small blind $1
niewielo: posts big blind $3
*** HOLE CARDS ***
oliwan: raises $3 to $6
niewielo: folds
Uncalled bet ($3) returned to oliwan
oliwan collected $6 from pot
*** SUMMARY ***
Total pot $6 | Rake $0
Seat 1: niewielo (big blind) folded before Flop
Seat 2: oliwan (button) (small blind) collected ($6)


PokerStars Hand #149309508262:  Hold'em Limit ($3/$6 USD) - 2016/02/23 17:41:30 ET
Table 'Pythia' 6-max Seat #1 is the button
Seat 1: niewielo ($132.94 in chips)
Seat 2: oliwan ($467 in chips)
niewielo: posts small blind $1
oliwan: posts big blind $3
*** HOLE CARDS ***
niewielo: calls $2
oliwan: raises $3 to $6
niewielo: calls $3
*** FLOP *** [6c 9d Th]
oliwan: bets $3
niewielo: folds
Uncalled bet ($3) returned to oliwan
oliwan collected $11.76 from pot
*** SUMMARY ***
Total pot $12 | Rake $0.24
Board [6c 9d Th]
Seat 1: niewielo (button) (small blind) folded on the Flop
Seat 2: oliwan (big blind) collected ($11.76)


PokerStars Hand #149309534859:  Hold'em Limit ($3/$6 USD) - 2016/02/23 17:42:02 ET
Table 'Pythia' 6-max Seat #2 is the button
Seat 1: niewielo ($116.94 in chips)
Seat 2: oliwan ($482.40 in chips)
oliwan: posts small blind $1
niewielo: posts big blind $3
*** HOLE CARDS ***
oliwan: raises $3 to $6
niewielo: calls $3
*** FLOP *** [2c Jc 4s]
niewielo: checks
oliwan: bets $3
niewielo: folds
Uncalled bet ($3) returned to oliwan
oliwan collected $11.76 from pot
*** SUMMARY ***
Total pot $12 | Rake $0.24
Board [2c Jc 4s]
Seat 1: niewielo (big blind) folded on the Flop
Seat 2: oliwan (button) (small blind) collected ($11.76)


PokerStars Hand #149309544844:  Hold'em Limit ($3/$6 USD) - 2016/02/23 17:42:14 ET
Table 'Pythia' 6-max Seat #1 is the button
Seat 1: niewielo ($110.94 in chips)
Seat 2: oliwan ($488.16 in chips)
niewielo: posts small blind $1
oliwan: posts big blind $3
*** HOLE CARDS ***
niewielo: calls $2
oliwan: raises $3 to $6
niewielo: calls $3
*** FLOP *** [6h Ad 4c]
anetkaapro joins the table at seat #3
oliwan: bets $3
niewielo: calls $3
*** TURN *** [6h Ad 4c] [7h]
oliwan: bets $6
niewielo: raises $6 to $12
oliwan: folds
Uncalled bet ($6) returned to niewielo
niewielo collected $29.50 from pot
niewielo: doesn't show hand
*** SUMMARY ***
Total pot $30 | Rake $0.50
Board [6h Ad 4c 7h]
Seat 1: niewielo (button) (small blind) collected ($29.50)
Seat 2: oliwan (big blind) folded on the Turn


