PokerStars Hand #148997744709:  Hold'em Limit ($3/$6 USD) - 2016/02/18 3:17:13 ET
Table 'Pythia' 6-max Seat #1 is the button
Seat 1: boarcastle ($120 in chips)
Seat 4: Agrotait ($72 in chips)
boarcastle: posts small blind $1
Agrotait: posts big blind $3
*** HOLE CARDS ***
boarcastle: raises $3 to $6
Agrotait: calls $3
*** FLOP *** [6h Kd Ts]
Agrotait: checks
boarcastle: bets $3
Agrotait: raises $3 to $6
boarcastle: calls $3
*** TURN *** [6h Kd Ts] [7h]
Agrotait: bets $6
boarcastle: raises $6 to $12
Agrotait: calls $6
*** RIVER *** [6h Kd Ts 7h] [8c]
Agrotait: bets $6
boarcastle: calls $6
*** SHOW DOWN ***
Agrotait: shows [Kh 8s] (two pair, Kings and Eights)
boarcastle: mucks hand
Agrotait collected $59.50 from pot
*** SUMMARY ***
Total pot $60 | Rake $0.50
Board [6h Kd Ts 7h 8c]
Seat 1: boarcastle (button) (small blind) mucked
Seat 4: Agrotait (big blind) showed [Kh 8s] and won ($59.50) with two pair, Kings and Eights


PokerStars Hand #148997762663:  Hold'em Limit ($3/$6 USD) - 2016/02/18 3:18:06 ET
Table 'Pythia' 6-max Seat #4 is the button
Seat 1: boarcastle ($90 in chips)
Seat 4: Agrotait ($101.50 in chips)
Agrotait: posts small blind $1
boarcastle: posts big blind $3
*** HOLE CARDS ***
Agrotait: raises $3 to $6
boarcastle: calls $3
*** FLOP *** [Jd Jc As]
boarcastle: bets $3
Agrotait: calls $3
*** TURN *** [Jd Jc As] [5h]
boarcastle: bets $6
Agrotait: calls $6
*** RIVER *** [Jd Jc As 5h] [9h]
boarcastle: checks
Agrotait: checks
*** SHOW DOWN ***
boarcastle: shows [Qs 7s] (a pair of Jacks)
Agrotait: shows [3s 5s] (two pair, Jacks and Fives)
Agrotait collected $29.50 from pot
*** SUMMARY ***
Total pot $30 | Rake $0.50
Board [Jd Jc As 5h 9h]
Seat 1: boarcastle (big blind) showed [Qs 7s] and lost with a pair of Jacks
Seat 4: Agrotait (button) (small blind) showed [3s 5s] and won ($29.50) with two pair, Jacks and Fives


PokerStars Hand #148997771485:  Hold'em Limit ($3/$6 USD) - 2016/02/18 3:18:33 ET
Table 'Pythia' 6-max Seat #1 is the button
Seat 1: boarcastle ($75 in chips)
Seat 4: Agrotait ($116 in chips)
boarcastle: posts small blind $1
Agrotait: posts big blind $3
*** HOLE CARDS ***
boarcastle: raises $3 to $6
Agrotait: folds
Uncalled bet ($3) returned to boarcastle
boarcastle collected $6 from pot
boarcastle: doesn't show hand
*** SUMMARY ***
Total pot $6 | Rake $0
Seat 1: boarcastle (button) (small blind) collected ($6)
Seat 4: Agrotait (big blind) folded before Flop


PokerStars Hand #148997774365:  Hold'em Limit ($3/$6 USD) - 2016/02/18 3:18:41 ET
Table 'Pythia' 6-max Seat #4 is the button
Seat 1: boarcastle ($78 in chips)
Seat 4: Agrotait ($113 in chips)
Agrotait: posts small blind $1
boarcastle: posts big blind $3
*** HOLE CARDS ***
Agrotait: raises $3 to $6
boarcastle: calls $3
*** FLOP *** [Td Kh 2c]
boarcastle: checks
Agrotait: bets $3
boarcastle: calls $3
*** TURN *** [Td Kh 2c] [Ac]
boarcastle: checks
Agrotait: checks
*** RIVER *** [Td Kh 2c Ac] [4h]
boarcastle: bets $6
Agrotait: folds
Uncalled bet ($6) returned to boarcastle
boarcastle collected $17.64 from pot
boarcastle: doesn't show hand
*** SUMMARY ***
Total pot $18 | Rake $0.36
Board [Td Kh 2c Ac 4h]
Seat 1: boarcastle (big blind) collected ($17.64)
Seat 4: Agrotait (button) (small blind) folded on the River


PokerStars Hand #148997787934:  Hold'em Limit ($3/$6 USD) - 2016/02/18 3:19:21 ET
Table 'Pythia' 6-max Seat #1 is the button
Seat 1: boarcastle ($86.64 in chips)
Seat 4: Agrotait ($104 in chips)
boarcastle: posts small blind $1
Agrotait: posts big blind $3
*** HOLE CARDS ***
boarcastle: raises $3 to $6
Agrotait: raises $3 to $9
boarcastle: calls $3
*** FLOP *** [5c Th 7s]
Agrotait: bets $3
boarcastle: raises $3 to $6
Agrotait: calls $3
*** TURN *** [5c Th 7s] [2c]
Agrotait: checks
boarcastle: bets $6
Agrotait: calls $6
*** RIVER *** [5c Th 7s 2c] [3s]
Agrotait: checks
boarcastle: bets $6
Agrotait: folds
Uncalled bet ($6) returned to boarcastle
boarcastle collected $41.50 from pot
boarcastle: doesn't show hand
*** SUMMARY ***
Total pot $42 | Rake $0.50
Board [5c Th 7s 2c 3s]
Seat 1: boarcastle (button) (small blind) collected ($41.50)
Seat 4: Agrotait (big blind) folded on the River


PokerStars Hand #148997795124:  Hold'em Limit ($3/$6 USD) - 2016/02/18 3:19:43 ET
Table 'Pythia' 6-max Seat #4 is the button
Seat 1: boarcastle ($107.14 in chips)
Seat 4: Agrotait ($83 in chips)
Agrotait: posts small blind $1
boarcastle: posts big blind $3
*** HOLE CARDS ***
Agrotait: raises $3 to $6
boarcastle: folds
Uncalled bet ($3) returned to Agrotait
Agrotait collected $6 from pot
Agrotait: doesn't show hand
*** SUMMARY ***
Total pot $6 | Rake $0
Seat 1: boarcastle (big blind) folded before Flop
Seat 4: Agrotait (button) (small blind) collected ($6)


PokerStars Hand #148997798216:  Hold'em Limit ($3/$6 USD) - 2016/02/18 3:19:52 ET
Table 'Pythia' 6-max Seat #1 is the button
Seat 1: boarcastle ($104.14 in chips)
Seat 4: Agrotait ($86 in chips)
boarcastle: posts small blind $1
Agrotait: posts big blind $3
*** HOLE CARDS ***
boarcastle: raises $3 to $6
Agrotait: calls $3
*** FLOP *** [3c Jh 9s]
Agrotait: checks
boarcastle: checks
*** TURN *** [3c Jh 9s] [8s]
Agrotait: bets $6
boarcastle: calls $6
*** RIVER *** [3c Jh 9s 8s] [2h]
Agrotait: checks
boarcastle: bets $6
Agrotait: calls $6
*** SHOW DOWN ***
boarcastle: shows [Tc 6s] (high card Jack)
Agrotait: shows [3s As] (a pair of Threes)
Agrotait collected $35.50 from pot
*** SUMMARY ***
Total pot $36 | Rake $0.50
Board [3c Jh 9s 8s 2h]
Seat 1: boarcastle (button) (small blind) showed [Tc 6s] and lost with high card Jack
Seat 4: Agrotait (big blind) showed [3s As] and won ($35.50) with a pair of Threes


PokerStars Hand #148997805765:  Hold'em Limit ($3/$6 USD) - 2016/02/18 3:20:14 ET
Table 'Pythia' 6-max Seat #4 is the button
Seat 1: boarcastle ($86.14 in chips)
Seat 4: Agrotait ($103.50 in chips)
Agrotait: posts small blind $1
boarcastle: posts big blind $3
*** HOLE CARDS ***
Agrotait: raises $3 to $6
boarcastle: calls $3
*** FLOP *** [6h Tc Qd]
gazzzzzza joins the table at seat #6
boarcastle: checks
Agrotait: bets $3
boarcastle: folds
Uncalled bet ($3) returned to Agrotait
Agrotait collected $11.76 from pot
Agrotait: doesn't show hand
*** SUMMARY ***
Total pot $12 | Rake $0.24
Board [6h Tc Qd]
Seat 1: boarcastle (big blind) folded on the Flop
Seat 4: Agrotait (button) (small blind) collected ($11.76)


PokerStars Hand #148997810056:  Hold'em Limit ($3/$6 USD) - 2016/02/18 3:20:27 ET
Table 'Pythia' 6-max Seat #1 is the button
Seat 1: boarcastle ($80.14 in chips)
Seat 4: Agrotait ($109.26 in chips)
boarcastle: posts small blind $1
Agrotait: posts big blind $3
*** HOLE CARDS ***
boarcastle: raises $3 to $6
Agrotait: calls $3
*** FLOP *** [Ks 5d 8h]
Agrotait: checks
boarcastle: checks
*** TURN *** [Ks 5d 8h] [Th]
Agrotait: checks
boarcastle: bets $6
Agrotait: calls $6
*** RIVER *** [Ks 5d 8h Th] [9h]
Agrotait: checks
boarcastle: checks
*** SHOW DOWN ***
Agrotait: shows [8d Ah] (a pair of Eights)
boarcastle: mucks hand
Agrotait collected $23.52 from pot
*** SUMMARY ***
Total pot $24 | Rake $0.48
Board [Ks 5d 8h Th 9h]
Seat 1: boarcastle (button) (small blind) mucked
Seat 4: Agrotait (big blind) showed [8d Ah] and won ($23.52) with a pair of Eights


PokerStars Hand #148997989311:  Hold'em Limit ($3/$6 USD) - 2016/02/18 3:29:14 ET
Table 'Pythia' 6-max Seat #2 is the button
Seat 2: Joerg88 ($119.83 in chips)
Seat 6: gazzzzzza ($69 in chips)
Joerg88: posts small blind $1
Agrotait: is sitting out
gazzzzzza: posts big blind $3
*** HOLE CARDS ***
Joerg88: raises $3 to $6
gazzzzzza: folds
Uncalled bet ($3) returned to Joerg88
Joerg88 collected $6 from pot
Joerg88: doesn't show hand
*** SUMMARY ***
Total pot $6 | Rake $0
Seat 2: Joerg88 (button) (small blind) collected ($6)
Seat 6: gazzzzzza (big blind) folded before Flop


PokerStars Hand #148997992022:  Hold'em Limit ($3/$6 USD) - 2016/02/18 3:29:22 ET
Table 'Pythia' 6-max Seat #6 is the button
Seat 2: Joerg88 ($122.83 in chips)
Seat 6: gazzzzzza ($66 in chips)
gazzzzzza: posts small blind $1
Joerg88: posts big blind $3
*** HOLE CARDS ***
gazzzzzza: raises $3 to $6
Joerg88: calls $3
*** FLOP *** [Ts 8s 5d]
Agrotait leaves the table
Joerg88: checks
gazzzzzza: bets $3
Joerg88: folds
Uncalled bet ($3) returned to gazzzzzza
gazzzzzza collected $11.76 from pot
*** SUMMARY ***
Total pot $12 | Rake $0.24
Board [Ts 8s 5d]
Seat 2: Joerg88 (big blind) folded on the Flop
Seat 6: gazzzzzza (button) (small blind) collected ($11.76)


