PokerStars Hand #150814395581:  Hold'em Limit ($3/$6 USD) - 2016/03/23 15:41:19 ET
Table 'Pyxis III' 6-max Seat #1 is the button
Seat 1: arocar ($64.81 in chips)
Seat 2: Krazy90 ($128.64 in chips)
arocar: posts small blind $1
Krazy90: posts big blind $3
*** HOLE CARDS ***
arocar: raises $3 to $6
Krazy90: folds
Uncalled bet ($3) returned to arocar
arocar collected $6 from pot
arocar: doesn't show hand
*** SUMMARY ***
Total pot $6 | Rake $0
Seat 1: arocar (button) (small blind) collected ($6)
Seat 2: Krazy90 (big blind) folded before Flop


PokerStars Hand #150814368054:  Hold'em Limit ($3/$6 USD) - 2016/03/23 15:40:52 ET
Table 'Pyxis III' 6-max Seat #2 is the button
Seat 1: arocar ($73.81 in chips)
Seat 2: Krazy90 ($120 in chips)
Krazy90: posts small blind $1
arocar: posts big blind $3
*** HOLE CARDS ***
Krazy90: raises $3 to $6
arocar: calls $3
*** FLOP *** [5c 2h 6h]
Makomar joins the table at seat #3
arocar: checks
Krazy90: bets $3
arocar: calls $3
*** TURN *** [5c 2h 6h] [8h]
arocar: checks
Krazy90: bets $6
arocar: folds
Uncalled bet ($6) returned to Krazy90
Krazy90 collected $17.64 from pot
Krazy90: doesn't show hand
*** SUMMARY ***
Total pot $18 | Rake $0.36
Board [5c 2h 6h 8h]
Seat 1: arocar (big blind) folded on the Turn
Seat 2: Krazy90 (button) (small blind) collected ($17.64)


PokerStars Hand #150816358577:  Hold'em Limit ($3/$6 USD) - 2016/03/23 16:14:04 ET
Table 'Pyxis III' 6-max Seat #2 is the button
Seat 1: arocar ($138.45 in chips)
Seat 2: Krazy90 ($148.42 in chips)
Krazy90: posts small blind $1
freestyler85: is sitting out
arocar: posts big blind $3
*** HOLE CARDS ***
Krazy90: raises $3 to $6
arocar: folds
Uncalled bet ($3) returned to Krazy90
freestyler85 leaves the table
Krazy90 collected $6 from pot
Krazy90: doesn't show hand
*** SUMMARY ***
Total pot $6 | Rake $0
Seat 1: arocar (big blind) folded before Flop
Seat 2: Krazy90 (button) (small blind) collected ($6)


PokerStars Hand #150816364380:  Hold'em Limit ($3/$6 USD) - 2016/03/23 16:14:09 ET
Table 'Pyxis III' 6-max Seat #1 is the button
Seat 1: arocar ($135.45 in chips)
Seat 2: Krazy90 ($151.42 in chips)
arocar: posts small blind $1
Krazy90: posts big blind $3
*** HOLE CARDS ***
arocar: raises $3 to $6
Krazy90: calls $3
*** FLOP *** [4s 3s Jd]
Krazy90: checks
arocar: bets $3
Krazy90: raises $3 to $6
arocar: calls $3
*** TURN *** [4s 3s Jd] [6h]
Krazy90: bets $6
arocar: calls $6
*** RIVER *** [4s 3s Jd 6h] [Tc]
Krazy90: checks
arocar: checks
*** SHOW DOWN ***
Krazy90: shows [8s 4c] (a pair of Fours)
arocar: mucks hand
Krazy90 collected $35.50 from pot
*** SUMMARY ***
Total pot $36 | Rake $0.50
Board [4s 3s Jd 6h Tc]
Seat 1: arocar (button) (small blind) mucked
Seat 2: Krazy90 (big blind) showed [8s 4c] and won ($35.50) with a pair of Fours


PokerStars Hand #150816389240:  Hold'em Limit ($3/$6 USD) - 2016/03/23 16:14:33 ET
Table 'Pyxis III' 6-max Seat #2 is the button
Seat 1: arocar ($117.45 in chips)
Seat 2: Krazy90 ($168.92 in chips)
Krazy90: posts small blind $1
arocar: posts big blind $3
*** HOLE CARDS ***
Krazy90: raises $3 to $6
arocar: calls $3
*** FLOP *** [7s Kh 6h]
arocar: checks
Krazy90: bets $3
arocar: folds
Uncalled bet ($3) returned to Krazy90
Krazy90 collected $11.76 from pot
Krazy90: doesn't show hand
*** SUMMARY ***
Total pot $12 | Rake $0.24
Board [7s Kh 6h]
Seat 1: arocar (big blind) folded on the Flop
Seat 2: Krazy90 (button) (small blind) collected ($11.76)


PokerStars Hand #150816422622:  Hold'em Limit ($3/$6 USD) - 2016/03/23 16:15:05 ET
Table 'Pyxis III' 6-max Seat #1 is the button
Seat 1: arocar ($111.45 in chips)
Seat 2: Krazy90 ($174.68 in chips)
arocar: posts small blind $1
Krazy90: posts big blind $3
*** HOLE CARDS ***
arocar: raises $3 to $6
Krazy90: folds
Uncalled bet ($3) returned to arocar
arocar collected $6 from pot
arocar: doesn't show hand
*** SUMMARY ***
Total pot $6 | Rake $0
Seat 1: arocar (button) (small blind) collected ($6)
Seat 2: Krazy90 (big blind) folded before Flop


PokerStars Hand #150816430773:  Hold'em Limit ($3/$6 USD) - 2016/03/23 16:15:13 ET
Table 'Pyxis III' 6-max Seat #2 is the button
Seat 1: arocar ($114.45 in chips)
Seat 2: Krazy90 ($171.68 in chips)
Krazy90: posts small blind $1
Grieserix was removed from the table for failing to post
arocar: posts big blind $3
*** HOLE CARDS ***
Krazy90: raises $3 to $6
arocar: raises $3 to $9
Krazy90: calls $3
*** FLOP *** [Td 2h 4c]
arocar: bets $3
Krazy90: calls $3
*** TURN *** [Td 2h 4c] [7s]
arocar: bets $6
Krazy90: folds
Uncalled bet ($6) returned to arocar
arocar collected $23.52 from pot
arocar: doesn't show hand
*** SUMMARY ***
Total pot $24 | Rake $0.48
Board [Td 2h 4c 7s]
Seat 1: arocar (big blind) collected ($23.52)
Seat 2: Krazy90 (button) (small blind) folded on the Turn


