PokerStars Hand #145461194422:  Hold'em Limit ($3/$6 USD) - 2015/12/16 19:55:18 ET
Table 'Pyxis III' 2-max Seat #2 is the button
Seat 1: hoozoo ($122.64 in chips)
Seat 2: Zubasa07 ($496.76 in chips)
Zubasa07: posts small blind $1
hoozoo: posts big blind $3
*** HOLE CARDS ***
Zubasa07: raises $3 to $6
hoozoo: raises $3 to $9
Zubasa07: calls $3
*** FLOP *** [Kc 5d 3d]
hoozoo: bets $3
Zubasa07: calls $3
*** TURN *** [Kc 5d 3d] [Kd]
hoozoo: bets $6
Zubasa07: raises $6 to $12
hoozoo: raises $6 to $18
Zubasa07: calls $6
*** RIVER *** [Kc 5d 3d Kd] [9c]
hoozoo: bets $6
Zubasa07: folds
Uncalled bet ($6) returned to hoozoo
hoozoo collected $59.50 from pot
hoozoo: doesn't show hand
*** SUMMARY ***
Total pot $60 | Rake $0.50
Board [Kc 5d 3d Kd 9c]
Seat 1: hoozoo (big blind) collected ($59.50)
Seat 2: Zubasa07 (button) (small blind) folded on the River


PokerStars Hand #145461189736:  Hold'em Limit ($3/$6 USD) - 2015/12/16 19:55:09 ET
Table 'Pyxis III' 2-max Seat #1 is the button
Seat 1: hoozoo ($128.64 in chips)
Seat 2: Zubasa07 ($491 in chips)
hoozoo: posts small blind $1
Zubasa07: posts big blind $3
*** HOLE CARDS ***
hoozoo: calls $2
Zubasa07: raises $3 to $6
hoozoo: calls $3
*** FLOP *** [8s Js Ad]
Zubasa07: bets $3
hoozoo: folds
Uncalled bet ($3) returned to Zubasa07
Zubasa07 collected $11.76 from pot
Zubasa07: doesn't show hand
*** SUMMARY ***
Total pot $12 | Rake $0.24
Board [8s Js Ad]
Seat 1: hoozoo (button) (small blind) folded on the Flop
Seat 2: Zubasa07 (big blind) collected ($11.76)


PokerStars Hand #145461204978:  Hold'em Limit ($3/$6 USD) - 2015/12/16 19:55:41 ET
Table 'Pyxis III' 2-max Seat #1 is the button
Seat 1: hoozoo ($152.14 in chips)
Seat 2: Zubasa07 ($466.76 in chips)
hoozoo: posts small blind $1
Zubasa07: posts big blind $3
*** HOLE CARDS ***
hoozoo: raises $3 to $6
Zubasa07: calls $3
*** FLOP *** [Qh Kh Qc]
Zubasa07: checks
hoozoo: bets $3
Zubasa07: calls $3
*** TURN *** [Qh Kh Qc] [Kc]
Zubasa07: checks
hoozoo: bets $6
Zubasa07: calls $6
*** RIVER *** [Qh Kh Qc Kc] [6s]
Zubasa07: checks
hoozoo: bets $6
Zubasa07: calls $6
*** SHOW DOWN ***
hoozoo: shows [Ad Qd] (a full house, Queens full of Kings)
Zubasa07: shows [Qs 3d] (a full house, Queens full of Kings)
Zubasa07 collected $20.75 from pot
hoozoo collected $20.75 from pot
*** SUMMARY ***
Total pot $42 | Rake $0.50
Board [Qh Kh Qc Kc 6s]
Seat 1: hoozoo (button) (small blind) showed [Ad Qd] and won ($20.75) with a full house, Queens full of Kings
Seat 2: Zubasa07 (big blind) showed [Qs 3d] and won ($20.75) with a full house, Queens full of Kings


PokerStars Hand #145461222560:  Hold'em Limit ($3/$6 USD) - 2015/12/16 19:56:19 ET
Table 'Pyxis III' 2-max Seat #1 is the button
Seat 1: hoozoo ($152.89 in chips)
Seat 2: Zubasa07 ($465.51 in chips)
hoozoo: posts small blind $1
Zubasa07: posts big blind $3
*** HOLE CARDS ***
hoozoo: raises $3 to $6
Zubasa07: calls $3
*** FLOP *** [Js 8h 7c]
Zubasa07: checks
hoozoo: bets $3
Zubasa07: raises $3 to $6
hoozoo: calls $3
*** TURN *** [Js 8h 7c] [4s]
Zubasa07: bets $6
hoozoo: calls $6
*** RIVER *** [Js 8h 7c 4s] [6s]
Zubasa07: bets $6
hoozoo: raises $6 to $12
Zubasa07: calls $6
*** SHOW DOWN ***
hoozoo: shows [Jh 8c] (two pair, Jacks and Eights)
Zubasa07: shows [9d 5s] (a straight, Five to Nine)
Zubasa07 collected $59.50 from pot
*** SUMMARY ***
Total pot $60 | Rake $0.50
Board [Js 8h 7c 4s 6s]
Seat 1: hoozoo (button) (small blind) showed [Jh 8c] and lost with two pair, Jacks and Eights
Seat 2: Zubasa07 (big blind) showed [9d 5s] and won ($59.50) with a straight, Five to Nine


PokerStars Hand #145461219487:  Hold'em Limit ($3/$6 USD) - 2015/12/16 19:56:13 ET
Table 'Pyxis III' 2-max Seat #2 is the button
Seat 1: hoozoo ($151.89 in chips)
Seat 2: Zubasa07 ($466.51 in chips)
Zubasa07: posts small blind $1
hoozoo: posts big blind $3
*** HOLE CARDS ***
Zubasa07: folds
Uncalled bet ($2) returned to hoozoo
hoozoo collected $2 from pot
hoozoo: doesn't show hand
*** SUMMARY ***
Total pot $2 | Rake $0
Seat 1: hoozoo (big blind) collected ($2)
Seat 2: Zubasa07 (button) (small blind) folded before Flop


