PokerStars Hand #172234594460:  Hold'em Limit ($3/$6 USD) - 2017/06/25 16:01:05 ET
Table 'Pyxis II' 6-max Seat #4 is the button
Seat 4: Actionni13 ($150 in chips)
Seat 5: caliberblue ($158.50 in chips)
Actionni13: posts small blind $1
caliberblue: posts big blind $3
*** HOLE CARDS ***
Actionni13: raises $3 to $6
caliberblue: folds
Uncalled bet ($3) returned to Actionni13
Actionni13 collected $6 from pot
Actionni13: doesn't show hand
*** SUMMARY ***
Total pot $6 | Rake $0
Seat 4: Actionni13 (button) (small blind) collected ($6)
Seat 5: caliberblue (big blind) folded before Flop


PokerStars Hand #172234567938:  Hold'em Limit ($3/$6 USD) - 2017/06/25 16:00:27 ET
Table 'Pyxis II' 6-max Seat #5 is the button
Seat 4: Actionni13 ($161.52 in chips)
Seat 5: caliberblue ($126 in chips)
caliberblue: posts small blind $1
Actionni13: posts big blind $3
*** HOLE CARDS ***
yayaya joins the table at seat #1
caliberblue: raises $3 to $6
Actionni13: raises $3 to $9
caliberblue: raises $3 to $12
Betting is capped
Actionni13: calls $3
*** FLOP *** [Qd 8s Js]
Actionni13: checks
caliberblue: bets $3
Actionni13: raises $3 to $6
caliberblue: raises $3 to $9
Actionni13: calls $3
*** TURN *** [Qd 8s Js] [2h]
Actionni13: checks
caliberblue: bets $6
Actionni13: calls $6
*** RIVER *** [Qd 8s Js 2h] [6d]
Actionni13: checks
caliberblue: bets $6
Actionni13: calls $6
*** SHOW DOWN ***
caliberblue: shows [8d Qc] (two pair, Queens and Eights)
Actionni13: mucks hand
caliberblue collected $65.50 from pot
*** SUMMARY ***
Total pot $66 | Rake $0.50
Board [Qd 8s Js 2h 6d]
Seat 4: Actionni13 (big blind) mucked
Seat 5: caliberblue (button) (small blind) showed [8d Qc] and won ($65.50) with two pair, Queens and Eights


PokerStars Hand #172234920945:  Hold'em Limit ($3/$6 USD) - 2017/06/25 16:07:25 ET
Table 'Pyxis II' 6-max Seat #5 is the button
Seat 5: caliberblue ($127.78 in chips)
Seat 6: belik555 ($162.96 in chips)
caliberblue: posts small blind $1
belik555: posts big blind $3
*** HOLE CARDS ***
caliberblue: raises $3 to $6
belik555: calls $3
*** FLOP *** [4h 3c Kd]
belik555: checks
caliberblue: bets $3
belik555: calls $3
*** TURN *** [4h 3c Kd] [Jc]
belik555: checks
caliberblue: bets $6
belik555: calls $6
*** RIVER *** [4h 3c Kd Jc] [Ks]
belik555: checks
caliberblue: checks
*** SHOW DOWN ***
belik555: shows [2s Ac] (a pair of Kings)
caliberblue: mucks hand
belik555 collected $29.50 from pot
*** SUMMARY ***
Total pot $30 | Rake $0.50
Board [4h 3c Kd Jc Ks]
Seat 5: caliberblue (button) (small blind) mucked
Seat 6: belik555 (big blind) showed [2s Ac] and won ($29.50) with a pair of Kings


PokerStars Hand #172234871887:  Hold'em Limit ($3/$6 USD) - 2017/06/25 16:06:29 ET
Table 'Pyxis II' 6-max Seat #6 is the button
Seat 5: caliberblue ($157.78 in chips)
Seat 6: belik555 ($133.46 in chips)
belik555: posts small blind $1
caliberblue: posts big blind $3
*** HOLE CARDS ***
belik555: raises $3 to $6
caliberblue: calls $3
*** FLOP *** [As Qc 7h]
caliberblue: checks
belik555: bets $3
caliberblue: raises $3 to $6
belik555: calls $3
*** TURN *** [As Qc 7h] [7c]
caliberblue: checks
belik555: bets $6
caliberblue: raises $6 to $12
belik555: calls $6
*** RIVER *** [As Qc 7h 7c] [Qh]
caliberblue: checks
belik555: bets $6
caliberblue: calls $6
*** SHOW DOWN ***
belik555: shows [7s Th] (a full house, Sevens full of Queens)
caliberblue: mucks hand
belik555 collected $59.50 from pot
*** SUMMARY ***
Total pot $60 | Rake $0.50
Board [As Qc 7h 7c Qh]
Seat 5: caliberblue (big blind) mucked
Seat 6: belik555 (button) (small blind) showed [7s Th] and won ($59.50) with a full house, Sevens full of Queens


PokerStars Hand #172234972353:  Hold'em Limit ($3/$6 USD) - 2017/06/25 16:08:23 ET
Table 'Pyxis II' 6-max Seat #5 is the button
Seat 5: caliberblue ($112.53 in chips)
Seat 6: belik555 ($177.21 in chips)
caliberblue: posts small blind $1
belik555: posts big blind $3
*** HOLE CARDS ***
caliberblue: raises $3 to $6
belik555: calls $3
*** FLOP *** [Jh 4h 9h]
belik555: checks
caliberblue: bets $3
belik555: calls $3
*** TURN *** [Jh 4h 9h] [As]
belik555: checks
caliberblue: bets $6
belik555: calls $6
*** RIVER *** [Jh 4h 9h As] [8h]
belik555: bets $6
caliberblue: calls $6
*** SHOW DOWN ***
belik555: shows [6h 4c] (a flush, Jack high)
caliberblue: shows [Th 9s] (a flush, Jack high - Ten higher)
caliberblue collected $41.50 from pot
*** SUMMARY ***
Total pot $42 | Rake $0.50
Board [Jh 4h 9h As 8h]
Seat 5: caliberblue (button) (small blind) showed [Th 9s] and won ($41.50) with a flush, Jack high
Seat 6: belik555 (big blind) showed [6h 4c] and lost with a flush, Jack high


PokerStars Hand #172234941364:  Hold'em Limit ($3/$6 USD) - 2017/06/25 16:07:48 ET
Table 'Pyxis II' 6-max Seat #6 is the button
Seat 5: caliberblue ($112.78 in chips)
Seat 6: belik555 ($177.46 in chips)
belik555: posts small blind $1
caliberblue: posts big blind $3
*** HOLE CARDS ***
belik555: raises $3 to $6
caliberblue: raises $3 to $9
belik555: calls $3
*** FLOP *** [7d 5c 4d]
caliberblue: checks
belik555: bets $3
caliberblue: calls $3
*** TURN *** [7d 5c 4d] [8c]
caliberblue: bets $6
belik555: calls $6
*** RIVER *** [7d 5c 4d 8c] [6s]
caliberblue: bets $6
belik555: calls $6
*** SHOW DOWN ***
caliberblue: shows [Ks Qh] (a straight, Four to Eight)
belik555: shows [5d Th] (a straight, Four to Eight)
caliberblue collected $23.75 from pot
belik555 collected $23.75 from pot
*** SUMMARY ***
Total pot $48 | Rake $0.50
Board [7d 5c 4d 8c 6s]
Seat 5: caliberblue (big blind) showed [Ks Qh] and won ($23.75) with a straight, Four to Eight
Seat 6: belik555 (button) (small blind) showed [5d Th] and won ($23.75) with a straight, Four to Eight


PokerStars Hand #172235022476:  Hold'em Limit ($3/$6 USD) - 2017/06/25 16:09:21 ET
Table 'Pyxis II' 6-max Seat #5 is the button
Seat 5: caliberblue ($103.03 in chips)
Seat 6: belik555 ($185.71 in chips)
caliberblue: posts small blind $1
belik555: posts big blind $3
*** HOLE CARDS ***
caliberblue: raises $3 to $6
belik555: raises $3 to $9
caliberblue: raises $3 to $12
Betting is capped
belik555: calls $3
*** FLOP *** [3c Js Kh]
belik555: checks
caliberblue: bets $3
belik555: calls $3
*** TURN *** [3c Js Kh] [4h]
belik555: checks
caliberblue: bets $6
belik555: raises $6 to $12
caliberblue: calls $6
*** RIVER *** [3c Js Kh 4h] [8h]
belik555: bets $6
caliberblue: calls $6
*** SHOW DOWN ***
belik555: shows [Kc Qh] (a pair of Kings)
caliberblue: mucks hand
belik555 collected $65.50 from pot
*** SUMMARY ***
Total pot $66 | Rake $0.50
Board [3c Js Kh 4h 8h]
Seat 5: caliberblue (button) (small blind) mucked
Seat 6: belik555 (big blind) showed [Kc Qh] and won ($65.50) with a pair of Kings


PokerStars Hand #172234991471:  Hold'em Limit ($3/$6 USD) - 2017/06/25 16:08:45 ET
Table 'Pyxis II' 6-max Seat #6 is the button
Seat 5: caliberblue ($133.03 in chips)
Seat 6: belik555 ($156.21 in chips)
belik555: posts small blind $1
caliberblue: posts big blind $3
*** HOLE CARDS ***
belik555: raises $3 to $6
caliberblue: raises $3 to $9
belik555: calls $3
*** FLOP *** [6d 3d 3s]
caliberblue: bets $3
belik555: calls $3
*** TURN *** [6d 3d 3s] [Ad]
caliberblue: bets $6
belik555: calls $6
*** RIVER *** [6d 3d 3s Ad] [7c]
caliberblue: bets $6
belik555: raises $6 to $12
caliberblue: calls $6
*** SHOW DOWN ***
belik555: shows [Ac 6c] (two pair, Aces and Sixes)
caliberblue: mucks hand
belik555 collected $59.50 from pot
*** SUMMARY ***
Total pot $60 | Rake $0.50
Board [6d 3d 3s Ad 7c]
Seat 5: caliberblue (big blind) mucked
Seat 6: belik555 (button) (small blind) showed [Ac 6c] and won ($59.50) with two pair, Aces and Sixes


PokerStars Hand #172235098178:  Hold'em Limit ($3/$6 USD) - 2017/06/25 16:10:49 ET
Table 'Pyxis II' 6-max Seat #6 is the button
Seat 5: caliberblue ($95.29 in chips)
Seat 6: belik555 ($192.21 in chips)
belik555: posts small blind $1
caliberblue: posts big blind $3
*** HOLE CARDS ***
belik555: raises $3 to $6
caliberblue: calls $3
*** FLOP *** [3d 3c Th]
caliberblue: checks
belik555: bets $3
caliberblue: folds
Uncalled bet ($3) returned to belik555
belik555 collected $11.76 from pot
belik555: doesn't show hand
*** SUMMARY ***
Total pot $12 | Rake $0.24
Board [3d 3c Th]
Seat 5: caliberblue (big blind) folded on the Flop
Seat 6: belik555 (button) (small blind) collected ($11.76)


PokerStars Hand #172235078361:  Hold'em Limit ($3/$6 USD) - 2017/06/25 16:10:26 ET
Table 'Pyxis II' 6-max Seat #5 is the button
Seat 5: caliberblue ($89.53 in chips)
Seat 6: belik555 ($198.21 in chips)
caliberblue: posts small blind $1
belik555: posts big blind $3
*** HOLE CARDS ***
caliberblue: raises $3 to $6
belik555: calls $3
*** FLOP *** [Th Jc Ac]
belik555: checks
caliberblue: checks
*** TURN *** [Th Jc Ac] [6c]
belik555: checks
caliberblue: bets $6
belik555: folds
Uncalled bet ($6) returned to caliberblue
caliberblue collected $11.76 from pot
*** SUMMARY ***
Total pot $12 | Rake $0.24
Board [Th Jc Ac 6c]
Seat 5: caliberblue (button) (small blind) collected ($11.76)
Seat 6: belik555 (big blind) folded on the Turn


PokerStars Hand #172235072082:  Hold'em Limit ($3/$6 USD) - 2017/06/25 16:10:18 ET
Table 'Pyxis II' 6-max Seat #6 is the button
Seat 5: caliberblue ($92.53 in chips)
Seat 6: belik555 ($195.21 in chips)
belik555: posts small blind $1
caliberblue: posts big blind $3
*** HOLE CARDS ***
belik555: raises $3 to $6
caliberblue: folds
Uncalled bet ($3) returned to belik555
belik555 collected $6 from pot
belik555: doesn't show hand
*** SUMMARY ***
Total pot $6 | Rake $0
Seat 5: caliberblue (big blind) folded before Flop
Seat 6: belik555 (button) (small blind) collected ($6)


PokerStars Hand #172235067207:  Hold'em Limit ($3/$6 USD) - 2017/06/25 16:10:13 ET
Table 'Pyxis II' 6-max Seat #5 is the button
Seat 5: caliberblue ($93.53 in chips)
Seat 6: belik555 ($194.21 in chips)
caliberblue: posts small blind $1
belik555: posts big blind $3
*** HOLE CARDS ***
caliberblue: folds
Uncalled bet ($2) returned to belik555
belik555 collected $2 from pot
belik555: doesn't show hand
*** SUMMARY ***
Total pot $2 | Rake $0
Seat 5: caliberblue (button) (small blind) folded before Flop
Seat 6: belik555 (big blind) collected ($2)


PokerStars Hand #172235052022:  Hold'em Limit ($3/$6 USD) - 2017/06/25 16:09:55 ET
Table 'Pyxis II' 6-max Seat #6 is the button
Seat 5: caliberblue ($70.03 in chips)
Seat 6: belik555 ($218.21 in chips)
belik555: posts small blind $1
caliberblue: posts big blind $3
*** HOLE CARDS ***
belik555: raises $3 to $6
caliberblue: raises $3 to $9
belik555: calls $3
*** FLOP *** [7c 8h 4c]
caliberblue: bets $3
belik555: calls $3
*** TURN *** [7c 8h 4c] [Ks]
caliberblue: bets $6
belik555: calls $6
*** RIVER *** [7c 8h 4c Ks] [3c]
caliberblue: bets $6
belik555: calls $6
*** SHOW DOWN ***
caliberblue: shows [Jc Js] (a pair of Jacks)
belik555: mucks hand
caliberblue collected $47.50 from pot
*** SUMMARY ***
Total pot $48 | Rake $0.50
Board [7c 8h 4c Ks 3c]
Seat 5: caliberblue (big blind) showed [Jc Js] and won ($47.50) with a pair of Jacks
Seat 6: belik555 (button) (small blind) mucked


PokerStars Hand #172235157970:  Hold'em Limit ($3/$6 USD) - 2017/06/25 16:11:58 ET
Table 'Pyxis II' 6-max Seat #5 is the button
Seat 5: caliberblue ($52.29 in chips)
Seat 6: belik555 ($234.11 in chips)
caliberblue: posts small blind $1
belik555: posts big blind $3
*** HOLE CARDS ***
caliberblue: folds
Uncalled bet ($2) returned to belik555
belik555 collected $2 from pot
belik555: doesn't show hand
*** SUMMARY ***
Total pot $2 | Rake $0
Seat 5: caliberblue (button) (small blind) folded before Flop
Seat 6: belik555 (big blind) collected ($2)


PokerStars Hand #172235137239:  Hold'em Limit ($3/$6 USD) - 2017/06/25 16:11:34 ET
Table 'Pyxis II' 6-max Seat #6 is the button
Seat 5: caliberblue ($76.29 in chips)
Seat 6: belik555 ($210.61 in chips)
belik555: posts small blind $1
caliberblue: posts big blind $3
*** HOLE CARDS ***
belik555: raises $3 to $6
caliberblue: raises $3 to $9
belik555: calls $3
*** FLOP *** [7s 9d 9s]
caliberblue: bets $3
belik555: calls $3
*** TURN *** [7s 9d 9s] [5h]
caliberblue: bets $6
belik555: calls $6
*** RIVER *** [7s 9d 9s 5h] [7c]
caliberblue: bets $6
belik555: calls $6
*** SHOW DOWN ***
caliberblue: shows [Jc Qc] (two pair, Nines and Sevens)
belik555: shows [8h Ah] (two pair, Nines and Sevens - Ace kicker)
belik555 collected $47.50 from pot
*** SUMMARY ***
Total pot $48 | Rake $0.50
Board [7s 9d 9s 5h 7c]
Seat 5: caliberblue (big blind) showed [Jc Qc] and lost with two pair, Nines and Sevens
Seat 6: belik555 (button) (small blind) showed [8h Ah] and won ($47.50) with two pair, Nines and Sevens


PokerStars Hand #172235131411:  Hold'em Limit ($3/$6 USD) - 2017/06/25 16:11:27 ET
Table 'Pyxis II' 6-max Seat #5 is the button
Seat 5: caliberblue ($77.29 in chips)
Seat 6: belik555 ($209.61 in chips)
caliberblue: posts small blind $1
belik555: posts big blind $3
*** HOLE CARDS ***
caliberblue: folds
Uncalled bet ($2) returned to belik555
belik555 collected $2 from pot
belik555: doesn't show hand
*** SUMMARY ***
Total pot $2 | Rake $0
Seat 5: caliberblue (button) (small blind) folded before Flop
Seat 6: belik555 (big blind) collected ($2)


PokerStars Hand #172235124492:  Hold'em Limit ($3/$6 USD) - 2017/06/25 16:11:19 ET
Table 'Pyxis II' 6-max Seat #6 is the button
Seat 5: caliberblue ($80.29 in chips)
Seat 6: belik555 ($206.61 in chips)
belik555: posts small blind $1
caliberblue: posts big blind $3
*** HOLE CARDS ***
belik555: raises $3 to $6
caliberblue: folds
Uncalled bet ($3) returned to belik555
belik555 collected $6 from pot
belik555: doesn't show hand
*** SUMMARY ***
Total pot $6 | Rake $0
Seat 5: caliberblue (big blind) folded before Flop
Seat 6: belik555 (button) (small blind) collected ($6)


PokerStars Hand #172235109139:  Hold'em Limit ($3/$6 USD) - 2017/06/25 16:11:01 ET
Table 'Pyxis II' 6-max Seat #5 is the button
Seat 5: caliberblue ($89.29 in chips)
Seat 6: belik555 ($197.97 in chips)
caliberblue: posts small blind $1
belik555: posts big blind $3
*** HOLE CARDS ***
caliberblue: raises $3 to $6
belik555: calls $3
*** FLOP *** [4c 5s 5c]
belik555: checks
caliberblue: bets $3
belik555: calls $3
*** TURN *** [4c 5s 5c] [7c]
belik555: checks
caliberblue: checks
*** RIVER *** [4c 5s 5c 7c] [Kd]
belik555: checks
caliberblue: checks
*** SHOW DOWN ***
belik555: shows [9h Qh] (a pair of Fives)
caliberblue: mucks hand
belik555 collected $17.64 from pot
*** SUMMARY ***
Total pot $18 | Rake $0.36
Board [4c 5s 5c 7c Kd]
Seat 5: caliberblue (button) (small blind) mucked
Seat 6: belik555 (big blind) showed [9h Qh] and won ($17.64) with a pair of Fives


PokerStars Hand #172235162717:  Hold'em Limit ($3/$6 USD) - 2017/06/25 16:12:03 ET
Table 'Pyxis II' 6-max Seat #6 is the button
Seat 5: caliberblue ($51.29 in chips)
Seat 6: belik555 ($235.11 in chips)
belik555: posts small blind $1
caliberblue: posts big blind $3
*** HOLE CARDS ***
belik555: raises $3 to $6
caliberblue: raises $3 to $9
belik555: calls $3
*** FLOP *** [9d 6h 2d]
caliberblue: bets $3
belik555: calls $3
*** TURN *** [9d 6h 2d] [Jc]
caliberblue: bets $6
belik555: calls $6
*** RIVER *** [9d 6h 2d Jc] [Kc]
caliberblue: bets $6
belik555: calls $6
*** SHOW DOWN ***
caliberblue: shows [Ah 8d] (high card Ace)
belik555: shows [Ts 9c] (a pair of Nines)
belik555 collected $47.50 from pot
*** SUMMARY ***
Total pot $48 | Rake $0.50
Board [9d 6h 2d Jc Kc]
Seat 5: caliberblue (big blind) showed [Ah 8d] and lost with high card Ace
Seat 6: belik555 (button) (small blind) showed [Ts 9c] and won ($47.50) with a pair of Nines


PokerStars Hand #172235248992:  Hold'em Limit ($3/$6 USD) - 2017/06/25 16:13:43 ET
Table 'Pyxis II' 6-max Seat #5 is the button
Seat 5: caliberblue ($41.79 in chips)
Seat 6: belik555 ($243.37 in chips)
caliberblue: posts small blind $1
belik555: posts big blind $3
*** HOLE CARDS ***
caliberblue: raises $3 to $6
belik555: calls $3
*** FLOP *** [7c Jc 6s]
belik555: checks
caliberblue: bets $3
belik555: calls $3
*** TURN *** [7c Jc 6s] [2h]
belik555: checks
caliberblue: bets $6
belik555: calls $6
*** RIVER *** [7c Jc 6s 2h] [2d]
belik555: checks
caliberblue: checks
*** SHOW DOWN ***
belik555: shows [7s 4s] (two pair, Sevens and Deuces)
caliberblue: mucks hand
belik555 collected $29.50 from pot
*** SUMMARY ***
Total pot $30 | Rake $0.50
Board [7c Jc 6s 2h 2d]
Seat 5: caliberblue (button) (small blind) mucked
Seat 6: belik555 (big blind) showed [7s 4s] and won ($29.50) with two pair, Sevens and Deuces


PokerStars Hand #172235235648:  Hold'em Limit ($3/$6 USD) - 2017/06/25 16:13:27 ET
Table 'Pyxis II' 6-max Seat #6 is the button
Seat 5: caliberblue ($47.79 in chips)
Seat 6: belik555 ($237.61 in chips)
belik555: posts small blind $1
caliberblue: posts big blind $3
*** HOLE CARDS ***
belik555: raises $3 to $6
caliberblue: calls $3
*** FLOP *** [Js 2d 8h]
caliberblue: checks
belik555: bets $3
caliberblue: folds
Uncalled bet ($3) returned to belik555
belik555 collected $11.76 from pot
belik555: doesn't show hand
*** SUMMARY ***
Total pot $12 | Rake $0.24
Board [Js 2d 8h]
Seat 5: caliberblue (big blind) folded on the Flop
Seat 6: belik555 (button) (small blind) collected ($11.76)


PokerStars Hand #172235194167:  Hold'em Limit ($3/$6 USD) - 2017/06/25 16:12:39 ET
Table 'Pyxis II' 6-max Seat #5 is the button
Seat 5: caliberblue ($27.29 in chips)
Seat 6: belik555 ($258.61 in chips)
caliberblue: posts small blind $1
belik555: posts big blind $3
*** HOLE CARDS ***
caliberblue: raises $3 to $6
belik555: calls $3
*** FLOP *** [5d Kh 8s]
belik555: checks
caliberblue: bets $3
belik555: calls $3
*** TURN *** [5d Kh 8s] [6s]
belik555: checks
caliberblue: bets $6
belik555: calls $6
*** RIVER *** [5d Kh 8s 6s] [Ks]
belik555: checks
caliberblue: bets $6
belik555: calls $6
*** SHOW DOWN ***
caliberblue: shows [Kc 8d] (a full house, Kings full of Eights)
belik555: mucks hand
caliberblue collected $41.50 from pot
*** SUMMARY ***
Total pot $42 | Rake $0.50
Board [5d Kh 8s 6s Ks]
Seat 5: caliberblue (button) (small blind) showed [Kc 8d] and won ($41.50) with a full house, Kings full of Eights
Seat 6: belik555 (big blind) mucked


PokerStars Hand #172235288952:  Hold'em Limit ($3/$6 USD) - 2017/06/25 16:14:29 ET
Table 'Pyxis II' 6-max Seat #5 is the button
Seat 5: caliberblue ($47.29 in chips)
Seat 6: belik555 ($236.87 in chips)
caliberblue: posts small blind $1
belik555: posts big blind $3
*** HOLE CARDS ***
caliberblue: raises $3 to $6
belik555: calls $3
*** FLOP *** [7h 4h 8d]
belik555: checks
caliberblue: bets $3
belik555: folds
Uncalled bet ($3) returned to caliberblue
caliberblue collected $11.76 from pot
*** SUMMARY ***
Total pot $12 | Rake $0.24
Board [7h 4h 8d]
Seat 5: caliberblue (button) (small blind) collected ($11.76)
Seat 6: belik555 (big blind) folded on the Flop


PokerStars Hand #172235270330:  Hold'em Limit ($3/$6 USD) - 2017/06/25 16:14:07 ET
Table 'Pyxis II' 6-max Seat #6 is the button
Seat 5: caliberblue ($26.79 in chips)
Seat 6: belik555 ($257.87 in chips)
belik555: posts small blind $1
caliberblue: posts big blind $3
*** HOLE CARDS ***
belik555: raises $3 to $6
caliberblue: calls $3
*** FLOP *** [Ts 8s 2h]
caliberblue: bets $3
belik555: calls $3
*** TURN *** [Ts 8s 2h] [Jc]
caliberblue: bets $6
belik555: calls $6
*** RIVER *** [Ts 8s 2h Jc] [As]
caliberblue: bets $6
belik555: calls $6
*** SHOW DOWN ***
caliberblue: shows [Jh 9c] (a pair of Jacks)
belik555: mucks hand
caliberblue collected $41.50 from pot
*** SUMMARY ***
Total pot $42 | Rake $0.50
Board [Ts 8s 2h Jc As]
Seat 5: caliberblue (big blind) showed [Jh 9c] and won ($41.50) with a pair of Jacks
Seat 6: belik555 (button) (small blind) mucked


PokerStars Hand #172235365815:  Hold'em Limit ($3/$6 USD) - 2017/06/25 16:15:57 ET
Table 'Pyxis II' 6-max Seat #6 is the button
Seat 5: caliberblue ($64.57 in chips)
Seat 6: belik555 ($218.87 in chips)
belik555: posts small blind $1
caliberblue: posts big blind $3
*** HOLE CARDS ***
belik555: raises $3 to $6
caliberblue: calls $3
*** FLOP *** [4c Qc 2c]
caliberblue: bets $3
belik555: folds
Uncalled bet ($3) returned to caliberblue
caliberblue collected $11.76 from pot
*** SUMMARY ***
Total pot $12 | Rake $0.24
Board [4c Qc 2c]
Seat 5: caliberblue (big blind) collected ($11.76)
Seat 6: belik555 (button) (small blind) folded on the Flop


PokerStars Hand #172235352085:  Hold'em Limit ($3/$6 USD) - 2017/06/25 16:15:41 ET
Table 'Pyxis II' 6-max Seat #5 is the button
Seat 5: caliberblue ($58.81 in chips)
Seat 6: belik555 ($224.87 in chips)
caliberblue: posts small blind $1
belik555: posts big blind $3
*** HOLE CARDS ***
caliberblue: raises $3 to $6
belik555: calls $3
*** FLOP *** [Qc 7d Ks]
belik555: checks
caliberblue: bets $3
belik555: folds
Uncalled bet ($3) returned to caliberblue
caliberblue collected $11.76 from pot
*** SUMMARY ***
Total pot $12 | Rake $0.24
Board [Qc 7d Ks]
Seat 5: caliberblue (button) (small blind) collected ($11.76)
Seat 6: belik555 (big blind) folded on the Flop


PokerStars Hand #172235304827:  Hold'em Limit ($3/$6 USD) - 2017/06/25 16:14:47 ET
Table 'Pyxis II' 6-max Seat #6 is the button
Seat 5: caliberblue ($53.05 in chips)
Seat 6: belik555 ($230.87 in chips)
belik555: posts small blind $1
caliberblue: posts big blind $3
*** HOLE CARDS ***
belik555: raises $3 to $6
caliberblue: calls $3
*** FLOP *** [7d 3d 4d]
caliberblue: checks
belik555: checks
*** TURN *** [7d 3d 4d] [2c]
caliberblue: checks
belik555: checks
*** RIVER *** [7d 3d 4d 2c] [8h]
caliberblue: checks
belik555: checks
*** SHOW DOWN ***
caliberblue: shows [Ac 2d] (a pair of Deuces)
belik555: mucks hand
caliberblue collected $11.76 from pot
*** SUMMARY ***
Total pot $12 | Rake $0.24
Board [7d 3d 4d 2c 8h]
Seat 5: caliberblue (big blind) showed [Ac 2d] and won ($11.76) with a pair of Deuces
Seat 6: belik555 (button) (small blind) mucked


PokerStars Hand #172235376835:  Hold'em Limit ($3/$6 USD) - 2017/06/25 16:16:09 ET
Table 'Pyxis II' 6-max Seat #5 is the button
Seat 5: caliberblue ($70.33 in chips)
Seat 6: belik555 ($212.87 in chips)
caliberblue: posts small blind $1
belik555: posts big blind $3
*** HOLE CARDS ***
caliberblue: raises $3 to $6
belik555: calls $3
*** FLOP *** [7c 4h 8s]
belik555: checks
caliberblue: bets $3
belik555: folds
Uncalled bet ($3) returned to caliberblue
caliberblue collected $11.76 from pot
*** SUMMARY ***
Total pot $12 | Rake $0.24
Board [7c 4h 8s]
Seat 5: caliberblue (button) (small blind) collected ($11.76)
Seat 6: belik555 (big blind) folded on the Flop


PokerStars Hand #172235387478:  Hold'em Limit ($3/$6 USD) - 2017/06/25 16:16:22 ET
Table 'Pyxis II' 6-max Seat #6 is the button
Seat 5: caliberblue ($76.09 in chips)
Seat 6: belik555 ($206.87 in chips)
belik555: posts small blind $1
caliberblue: posts big blind $3
*** HOLE CARDS ***
belik555: raises $3 to $6
caliberblue: folds
Uncalled bet ($3) returned to belik555
belik555 collected $6 from pot
belik555: doesn't show hand
*** SUMMARY ***
Total pot $6 | Rake $0
Seat 5: caliberblue (big blind) folded before Flop
Seat 6: belik555 (button) (small blind) collected ($6)


PokerStars Hand #172235399400:  Hold'em Limit ($3/$6 USD) - 2017/06/25 16:16:35 ET
Table 'Pyxis II' 6-max Seat #5 is the button
Seat 5: caliberblue ($73.09 in chips)
Seat 6: belik555 ($209.87 in chips)
caliberblue: posts small blind $1
belik555: posts big blind $3
*** HOLE CARDS ***
caliberblue: raises $3 to $6
belik555: calls $3
*** FLOP *** [6s 5c 6h]
belik555: checks
caliberblue: bets $3
belik555: calls $3
*** TURN *** [6s 5c 6h] [9h]
belik555: checks
caliberblue: checks
*** RIVER *** [6s 5c 6h 9h] [Jd]
belik555: checks
caliberblue: checks
*** SHOW DOWN ***
belik555: shows [8d 4h] (a pair of Sixes)
caliberblue: shows [Qs Ks] (a pair of Sixes - King kicker)
caliberblue collected $17.64 from pot
*** SUMMARY ***
Total pot $18 | Rake $0.36
Board [6s 5c 6h 9h Jd]
Seat 5: caliberblue (button) (small blind) showed [Qs Ks] and won ($17.64) with a pair of Sixes
Seat 6: belik555 (big blind) showed [8d 4h] and lost with a pair of Sixes


PokerStars Hand #172235436843:  Hold'em Limit ($3/$6 USD) - 2017/06/25 16:17:18 ET
Table 'Pyxis II' 6-max Seat #5 is the button
Seat 5: caliberblue ($75.73 in chips)
Seat 6: belik555 ($206.63 in chips)
caliberblue: posts small blind $1
belik555: posts big blind $3
*** HOLE CARDS ***
caliberblue: raises $3 to $6
belik555: calls $3
*** FLOP *** [Th 9s 2d]
belik555: checks
caliberblue: bets $3
belik555: calls $3
*** TURN *** [Th 9s 2d] [Ac]
belik555: checks
caliberblue: bets $6
belik555: calls $6
*** RIVER *** [Th 9s 2d Ac] [7s]
belik555: checks
caliberblue: checks
*** SHOW DOWN ***
belik555: shows [7h Jh] (a pair of Sevens)
caliberblue: mucks hand
belik555 collected $29.50 from pot
*** SUMMARY ***
Total pot $30 | Rake $0.50
Board [Th 9s 2d Ac 7s]
Seat 5: caliberblue (button) (small blind) mucked
Seat 6: belik555 (big blind) showed [7h Jh] and won ($29.50) with a pair of Sevens


PokerStars Hand #172235469432:  Hold'em Limit ($3/$6 USD) - 2017/06/25 16:17:55 ET
Table 'Pyxis II' 6-max Seat #5 is the button
Seat 5: caliberblue ($57.73 in chips)
Seat 6: belik555 ($224.13 in chips)
caliberblue: posts small blind $1
belik555: posts big blind $3
*** HOLE CARDS ***
caliberblue: folds
Uncalled bet ($2) returned to belik555
belik555 collected $2 from pot
belik555: doesn't show hand
*** SUMMARY ***
Total pot $2 | Rake $0
Seat 5: caliberblue (button) (small blind) folded before Flop
Seat 6: belik555 (big blind) collected ($2)


PokerStars Hand #172235462781:  Hold'em Limit ($3/$6 USD) - 2017/06/25 16:17:48 ET
Table 'Pyxis II' 6-max Seat #6 is the button
Seat 5: caliberblue ($60.73 in chips)
Seat 6: belik555 ($221.13 in chips)
belik555: posts small blind $1
caliberblue: posts big blind $3
*** HOLE CARDS ***
belik555: raises $3 to $6
caliberblue: folds
Uncalled bet ($3) returned to belik555
belik555 collected $6 from pot
belik555: doesn't show hand
*** SUMMARY ***
Total pot $6 | Rake $0
Seat 5: caliberblue (big blind) folded before Flop
Seat 6: belik555 (button) (small blind) collected ($6)


PokerStars Hand #172235474690:  Hold'em Limit ($3/$6 USD) - 2017/06/25 16:18:02 ET
Table 'Pyxis II' 6-max Seat #6 is the button
Seat 5: caliberblue ($56.73 in chips)
Seat 6: belik555 ($225.13 in chips)
belik555: posts small blind $1
caliberblue: posts big blind $3
*** HOLE CARDS ***
belik555: raises $3 to $6
caliberblue: folds
Uncalled bet ($3) returned to belik555
belik555 collected $6 from pot
belik555: doesn't show hand
*** SUMMARY ***
Total pot $6 | Rake $0
Seat 5: caliberblue (big blind) folded before Flop
Seat 6: belik555 (button) (small blind) collected ($6)


PokerStars Hand #172235420019:  Hold'em Limit ($3/$6 USD) - 2017/06/25 16:16:59 ET
Table 'Pyxis II' 6-max Seat #6 is the button
Seat 5: caliberblue ($81.73 in chips)
Seat 6: belik555 ($200.87 in chips)
belik555: posts small blind $1
caliberblue: posts big blind $3
*** HOLE CARDS ***
belik555: raises $3 to $6
caliberblue: calls $3
*** FLOP *** [Ac 2s 2c]
caliberblue: checks
belik555: bets $3
caliberblue: folds
Uncalled bet ($3) returned to belik555
belik555 collected $11.76 from pot
belik555: doesn't show hand
*** SUMMARY ***
Total pot $12 | Rake $0.24
Board [Ac 2s 2c]
Seat 5: caliberblue (big blind) folded on the Flop
Seat 6: belik555 (button) (small blind) collected ($11.76)


PokerStars Hand #172235484022:  Hold'em Limit ($3/$6 USD) - 2017/06/25 16:18:12 ET
Table 'Pyxis II' 6-max Seat #6 is the button
Seat 5: caliberblue ($52.73 in chips)
Seat 6: belik555 ($229.13 in chips)
belik555: posts small blind $1
caliberblue: posts big blind $3
*** HOLE CARDS ***
belik555: raises $3 to $6
caliberblue: folds
Uncalled bet ($3) returned to belik555
belik555 collected $6 from pot
belik555: doesn't show hand
*** SUMMARY ***
Total pot $6 | Rake $0
Seat 5: caliberblue (big blind) folded before Flop
Seat 6: belik555 (button) (small blind) collected ($6)


PokerStars Hand #172235479401:  Hold'em Limit ($3/$6 USD) - 2017/06/25 16:18:07 ET
Table 'Pyxis II' 6-max Seat #5 is the button
Seat 5: caliberblue ($53.73 in chips)
Seat 6: belik555 ($228.13 in chips)
caliberblue: posts small blind $1
belik555: posts big blind $3
*** HOLE CARDS ***
caliberblue: folds
Uncalled bet ($2) returned to belik555
belik555 collected $2 from pot
belik555: doesn't show hand
*** SUMMARY ***
Total pot $2 | Rake $0
Seat 5: caliberblue (button) (small blind) folded before Flop
Seat 6: belik555 (big blind) collected ($2)


PokerStars Hand #172235490628:  Hold'em Limit ($3/$6 USD) - 2017/06/25 16:18:20 ET
Table 'Pyxis II' 6-max Seat #5 is the button
Seat 5: caliberblue ($49.73 in chips)
Seat 6: belik555 ($232.13 in chips)
caliberblue: posts small blind $1
belik555: posts big blind $3
*** HOLE CARDS ***
caliberblue: raises $3 to $6
belik555: calls $3
*** FLOP *** [5d Js 3h]
belik555: checks
caliberblue: bets $3
belik555: calls $3
*** TURN *** [5d Js 3h] [6d]
belik555: checks
caliberblue: bets $6
belik555: calls $6
*** RIVER *** [5d Js 3h 6d] [Qd]
belik555: checks
caliberblue: bets $6
belik555: calls $6
*** SHOW DOWN ***
caliberblue: shows [3d Td] (a flush, Queen high)
belik555: mucks hand
caliberblue collected $41.50 from pot
*** SUMMARY ***
Total pot $42 | Rake $0.50
Board [5d Js 3h 6d Qd]
Seat 5: caliberblue (button) (small blind) showed [3d Td] and won ($41.50) with a flush, Queen high
Seat 6: belik555 (big blind) mucked


PokerStars Hand #172235507304:  Hold'em Limit ($3/$6 USD) - 2017/06/25 16:18:39 ET
Table 'Pyxis II' 6-max Seat #6 is the button
Seat 5: caliberblue ($70.23 in chips)
Seat 6: belik555 ($211.13 in chips)
belik555: posts small blind $1
caliberblue: posts big blind $3
*** HOLE CARDS ***
belik555: raises $3 to $6
caliberblue: folds
Uncalled bet ($3) returned to belik555
belik555 collected $6 from pot
belik555: doesn't show hand
*** SUMMARY ***
Total pot $6 | Rake $0
Seat 5: caliberblue (big blind) folded before Flop
Seat 6: belik555 (button) (small blind) collected ($6)


PokerStars Hand #172235514175:  Hold'em Limit ($3/$6 USD) - 2017/06/25 16:18:47 ET
Table 'Pyxis II' 6-max Seat #5 is the button
Seat 5: caliberblue ($67.23 in chips)
Seat 6: belik555 ($214.13 in chips)
caliberblue: posts small blind $1
belik555: posts big blind $3
*** HOLE CARDS ***
caliberblue: raises $3 to $6
belik555: raises $3 to $9
caliberblue: calls $3
*** FLOP *** [Jc Ac 2c]
belik555: bets $3
caliberblue: calls $3
*** TURN *** [Jc Ac 2c] [Kh]
belik555: checks
caliberblue: bets $6
belik555: folds
Uncalled bet ($6) returned to caliberblue
caliberblue collected $23.52 from pot
*** SUMMARY ***
Total pot $24 | Rake $0.48
Board [Jc Ac 2c Kh]
Seat 5: caliberblue (button) (small blind) collected ($23.52)
Seat 6: belik555 (big blind) folded on the Turn


PokerStars Hand #172235535689:  Hold'em Limit ($3/$6 USD) - 2017/06/25 16:19:12 ET
Table 'Pyxis II' 6-max Seat #6 is the button
Seat 5: caliberblue ($78.75 in chips)
Seat 6: belik555 ($202.13 in chips)
belik555: posts small blind $1
caliberblue: posts big blind $3
*** HOLE CARDS ***
belik555: raises $3 to $6
caliberblue: folds
Uncalled bet ($3) returned to belik555
belik555 collected $6 from pot
belik555: doesn't show hand
*** SUMMARY ***
Total pot $6 | Rake $0
Seat 5: caliberblue (big blind) folded before Flop
Seat 6: belik555 (button) (small blind) collected ($6)


PokerStars Hand #172235541898:  Hold'em Limit ($3/$6 USD) - 2017/06/25 16:19:19 ET
Table 'Pyxis II' 6-max Seat #5 is the button
Seat 5: caliberblue ($75.75 in chips)
Seat 6: belik555 ($205.13 in chips)
caliberblue: posts small blind $1
belik555: posts big blind $3
*** HOLE CARDS ***
caliberblue: folds
Uncalled bet ($2) returned to belik555
belik555 collected $2 from pot
belik555: doesn't show hand
*** SUMMARY ***
Total pot $2 | Rake $0
Seat 5: caliberblue (button) (small blind) folded before Flop
Seat 6: belik555 (big blind) collected ($2)


PokerStars Hand #172235581193:  Hold'em Limit ($3/$6 USD) - 2017/06/25 16:20:04 ET
Table 'Pyxis II' 6-max Seat #5 is the button
Seat 5: caliberblue ($53.75 in chips)
Seat 6: belik555 ($226.63 in chips)
caliberblue: posts small blind $1
belik555: posts big blind $3
*** HOLE CARDS ***
caliberblue: folds
Uncalled bet ($2) returned to belik555
belik555 collected $2 from pot
belik555: doesn't show hand
*** SUMMARY ***
Total pot $2 | Rake $0
Seat 5: caliberblue (button) (small blind) folded before Flop
Seat 6: belik555 (big blind) collected ($2)


PokerStars Hand #172235546325:  Hold'em Limit ($3/$6 USD) - 2017/06/25 16:19:24 ET
Table 'Pyxis II' 6-max Seat #6 is the button
Seat 5: caliberblue ($74.75 in chips)
Seat 6: belik555 ($206.13 in chips)
belik555: posts small blind $1
caliberblue: posts big blind $3
*** HOLE CARDS ***
belik555: raises $3 to $6
caliberblue: calls $3
*** FLOP *** [2h 3s 7d]
caliberblue: checks
belik555: bets $3
caliberblue: calls $3
*** TURN *** [2h 3s 7d] [Tc]
caliberblue: checks
belik555: bets $6
caliberblue: calls $6
*** RIVER *** [2h 3s 7d Tc] [7s]
caliberblue: checks
belik555: bets $6
caliberblue: calls $6
*** SHOW DOWN ***
belik555: shows [8c 7h] (three of a kind, Sevens)
caliberblue: mucks hand
belik555 collected $41.50 from pot
*** SUMMARY ***
Total pot $42 | Rake $0.50
Board [2h 3s 7d Tc 7s]
Seat 5: caliberblue (big blind) mucked
Seat 6: belik555 (button) (small blind) showed [8c 7h] and won ($41.50) with three of a kind, Sevens


PokerStars Hand #172235585465:  Hold'em Limit ($3/$6 USD) - 2017/06/25 16:20:09 ET
Table 'Pyxis II' 6-max Seat #6 is the button
Seat 5: caliberblue ($52.75 in chips)
Seat 6: belik555 ($227.63 in chips)
belik555: posts small blind $1
caliberblue: posts big blind $3
*** HOLE CARDS ***
belik555: raises $3 to $6
caliberblue: raises $3 to $9
belik555: calls $3
*** FLOP *** [6d Ad 9h]
caliberblue: bets $3
belik555: calls $3
*** TURN *** [6d Ad 9h] [6c]
caliberblue: bets $6
belik555: folds
Uncalled bet ($6) returned to caliberblue
caliberblue collected $23.52 from pot
*** SUMMARY ***
Total pot $24 | Rake $0.48
Board [6d Ad 9h 6c]
Seat 5: caliberblue (big blind) collected ($23.52)
Seat 6: belik555 (button) (small blind) folded on the Turn


PokerStars Hand #172235606798:  Hold'em Limit ($3/$6 USD) - 2017/06/25 16:20:34 ET
Table 'Pyxis II' 6-max Seat #6 is the button
Seat 5: caliberblue ($63.27 in chips)
Seat 6: belik555 ($216.63 in chips)
belik555: posts small blind $1
caliberblue: posts big blind $3
*** HOLE CARDS ***
belik555: raises $3 to $6
caliberblue: folds
Uncalled bet ($3) returned to belik555
belik555 collected $6 from pot
belik555: doesn't show hand
*** SUMMARY ***
Total pot $6 | Rake $0
Seat 5: caliberblue (big blind) folded before Flop
Seat 6: belik555 (button) (small blind) collected ($6)


PokerStars Hand #172235602658:  Hold'em Limit ($3/$6 USD) - 2017/06/25 16:20:29 ET
Table 'Pyxis II' 6-max Seat #5 is the button
Seat 5: caliberblue ($64.27 in chips)
Seat 6: belik555 ($215.63 in chips)
caliberblue: posts small blind $1
belik555: posts big blind $3
*** HOLE CARDS ***
caliberblue: folds
Uncalled bet ($2) returned to belik555
belik555 collected $2 from pot
belik555: doesn't show hand
*** SUMMARY ***
Total pot $2 | Rake $0
Seat 5: caliberblue (button) (small blind) folded before Flop
Seat 6: belik555 (big blind) collected ($2)


PokerStars Hand #172235614004:  Hold'em Limit ($3/$6 USD) - 2017/06/25 16:20:42 ET
Table 'Pyxis II' 6-max Seat #5 is the button
Seat 5: caliberblue ($60.27 in chips)
Seat 6: belik555 ($219.63 in chips)
caliberblue: posts small blind $1
belik555: posts big blind $3
*** HOLE CARDS ***
caliberblue: folds
Uncalled bet ($2) returned to belik555
belik555 collected $2 from pot
belik555: doesn't show hand
*** SUMMARY ***
Total pot $2 | Rake $0
Seat 5: caliberblue (button) (small blind) folded before Flop
Seat 6: belik555 (big blind) collected ($2)


PokerStars Hand #172235657885:  Hold'em Limit ($3/$6 USD) - 2017/06/25 16:21:33 ET
Table 'Pyxis II' 6-max Seat #5 is the button
Seat 5: caliberblue ($35.27 in chips)
Seat 6: belik555 ($244.13 in chips)
caliberblue: posts small blind $1
belik555: posts big blind $3
*** HOLE CARDS ***
caliberblue: folds
Uncalled bet ($2) returned to belik555
belik555 collected $2 from pot
belik555: doesn't show hand
*** SUMMARY ***
Total pot $2 | Rake $0
Seat 5: caliberblue (button) (small blind) folded before Flop
Seat 6: belik555 (big blind) collected ($2)


PokerStars Hand #172235624301:  Hold'em Limit ($3/$6 USD) - 2017/06/25 16:20:54 ET
Table 'Pyxis II' 6-max Seat #6 is the button
Seat 5: caliberblue ($59.27 in chips)
Seat 6: belik555 ($220.63 in chips)
belik555: posts small blind $1
caliberblue: posts big blind $3
*** HOLE CARDS ***
belik555: raises $3 to $6
caliberblue: calls $3
*** FLOP *** [4d Kh 5d]
caliberblue: checks
belik555: bets $3
caliberblue: raises $3 to $6
belik555: calls $3
*** TURN *** [4d Kh 5d] [Ks]
caliberblue: bets $6
belik555: calls $6
*** RIVER *** [4d Kh 5d Ks] [9c]
caliberblue: bets $6
belik555: calls $6
*** SHOW DOWN ***
caliberblue: shows [7d Jh] (a pair of Kings)
belik555: shows [Ad Ah] (two pair, Aces and Kings)
belik555 collected $47.50 from pot
*** SUMMARY ***
Total pot $48 | Rake $0.50
Board [4d Kh 5d Ks 9c]
Seat 5: caliberblue (big blind) showed [7d Jh] and lost with a pair of Kings
Seat 6: belik555 (button) (small blind) showed [Ad Ah] and won ($47.50) with two pair, Aces and Kings


PokerStars Hand #172235662586:  Hold'em Limit ($3/$6 USD) - 2017/06/25 16:21:38 ET
Table 'Pyxis II' 6-max Seat #6 is the button
Seat 5: caliberblue ($34.27 in chips)
Seat 6: belik555 ($245.13 in chips)
belik555: posts small blind $1
caliberblue: posts big blind $3
*** HOLE CARDS ***
belik555: raises $3 to $6
caliberblue: calls $3
*** FLOP *** [As 6c 2c]
caliberblue: bets $3
belik555: calls $3
*** TURN *** [As 6c 2c] [Qd]
caliberblue: checks
pdsnr joins the table at seat #1
belik555: checks
*** RIVER *** [As 6c 2c Qd] [Ac]
caliberblue: checks
belik555: bets $6
caliberblue: folds
Uncalled bet ($6) returned to belik555
belik555 collected $17.64 from pot
belik555: doesn't show hand
*** SUMMARY ***
Total pot $18 | Rake $0.36
Board [As 6c 2c Qd Ac]
Seat 5: caliberblue (big blind) folded on the River
Seat 6: belik555 (button) (small blind) collected ($17.64)


PokerStars Hand #172235689871:  Hold'em Limit ($3/$6 USD) - 2017/06/25 16:22:10 ET
Table 'Pyxis II' 6-max Seat #5 is the button
Seat 5: caliberblue ($25.27 in chips)
Seat 6: belik555 ($253.77 in chips)
caliberblue: posts small blind $1
belik555: posts big blind $3
*** HOLE CARDS ***
caliberblue: raises $3 to $6
belik555: calls $3
*** FLOP *** [4c Ts Ad]
belik555: bets $3
caliberblue: folds
Uncalled bet ($3) returned to belik555
belik555 collected $11.76 from pot
belik555: doesn't show hand
*** SUMMARY ***
Total pot $12 | Rake $0.24
Board [4c Ts Ad]
Seat 5: caliberblue (button) (small blind) folded on the Flop
Seat 6: belik555 (big blind) collected ($11.76)


