PokerStars Hand #149678980058:  Hold'em Limit ($3/$6 USD) - 2016/03/01 14:13:42 ET
Table 'Qinghai' 6-max Seat #4 is the button
Seat 3: Jatha09 ($65.31 in chips)
Seat 4: AzureCaper ($72 in chips)
AzureCaper: posts small blind $1
Jatha09: posts big blind $3
*** HOLE CARDS ***
AzureCaper: folds
Uncalled bet ($2) returned to Jatha09
Jatha09 collected $2 from pot
Jatha09: doesn't show hand
*** SUMMARY ***
Total pot $2 | Rake $0
Seat 3: Jatha09 (big blind) collected ($2)
Seat 4: AzureCaper (button) (small blind) folded before Flop


PokerStars Hand #149678969160:  Hold'em Limit ($3/$6 USD) - 2016/03/01 14:13:32 ET
Table 'Qinghai' 6-max Seat #3 is the button
Seat 3: Jatha09 ($59.55 in chips)
Seat 4: AzureCaper ($76.76 in chips)
Jatha09: posts small blind $1
AzureCaper: posts big blind $3
*** HOLE CARDS ***
Jatha09: raises $3 to $6
AzureCaper: calls $3
*** FLOP *** [As 7s Kc]
AzureCaper: checks
Jatha09: bets $3
AzureCaper: folds
Uncalled bet ($3) returned to Jatha09
Jatha09 collected $11.76 from pot
*** SUMMARY ***
Total pot $12 | Rake $0.24
Board [As 7s Kc]
Seat 3: Jatha09 (button) (small blind) collected ($11.76)
Seat 4: AzureCaper (big blind) folded on the Flop


PokerStars Hand #149679035511:  Hold'em Limit ($3/$6 USD) - 2016/03/01 14:14:38 ET
Table 'Qinghai' 6-max Seat #4 is the button
Seat 3: Jatha09 ($73.81 in chips)
Seat 4: AzureCaper ($81.64 in chips)
AzureCaper: posts small blind $1
Jatha09: posts big blind $3
*** HOLE CARDS ***
AzureCaper: folds
Uncalled bet ($2) returned to Jatha09
Jatha09 collected $2 from pot
Jatha09: doesn't show hand
*** SUMMARY ***
Total pot $2 | Rake $0
Seat 3: Jatha09 (big blind) collected ($2)
Seat 4: AzureCaper (button) (small blind) folded before Flop


PokerStars Hand #149679030247:  Hold'em Limit ($3/$6 USD) - 2016/03/01 14:14:33 ET
Table 'Qinghai' 6-max Seat #3 is the button
Seat 3: Jatha09 ($74.81 in chips)
Seat 4: AzureCaper ($80.64 in chips)
Jatha09: posts small blind $1
AzureCaper: posts big blind $3
*** HOLE CARDS ***
Jatha09: folds
Uncalled bet ($2) returned to AzureCaper
AzureCaper collected $2 from pot
AzureCaper: doesn't show hand
*** SUMMARY ***
Total pot $2 | Rake $0
Seat 3: Jatha09 (button) (small blind) folded before Flop
Seat 4: AzureCaper (big blind) collected ($2)


PokerStars Hand #149679012793:  Hold'em Limit ($3/$6 USD) - 2016/03/01 14:14:15 ET
Table 'Qinghai' 6-max Seat #4 is the button
Seat 3: Jatha09 ($83.81 in chips)
Seat 4: AzureCaper ($72 in chips)
AzureCaper: posts small blind $1
Jatha09: posts big blind $3
*** HOLE CARDS ***
AzureCaper: raises $3 to $6
Jatha09: calls $3
*** FLOP *** [4c 6s 2c]
Jatha09: checks
AzureCaper: bets $3
Jatha09: calls $3
*** TURN *** [4c 6s 2c] [8h]
Jatha09: checks
AzureCaper: bets $6
Jatha09: folds
Uncalled bet ($6) returned to AzureCaper
AzureCaper collected $17.64 from pot
AzureCaper: doesn't show hand
*** SUMMARY ***
Total pot $18 | Rake $0.36
Board [4c 6s 2c 8h]
Seat 3: Jatha09 (big blind) folded on the Turn
Seat 4: AzureCaper (button) (small blind) collected ($17.64)


PokerStars Hand #149678984168:  Hold'em Limit ($3/$6 USD) - 2016/03/01 14:13:47 ET
Table 'Qinghai' 6-max Seat #3 is the button
Seat 3: Jatha09 ($66.31 in chips)
Seat 4: AzureCaper ($72 in chips)
Jatha09: posts small blind $1
AzureCaper: posts big blind $3
*** HOLE CARDS ***
Jatha09: raises $3 to $6
AzureCaper: raises $3 to $9
Jatha09: calls $3
*** FLOP *** [2h 8c Tc]
AzureCaper: bets $3
Jatha09: calls $3
*** TURN *** [2h 8c Tc] [Qs]
AzureCaper: checks
Jatha09: bets $6
AzureCaper: calls $6
*** RIVER *** [2h 8c Tc Qs] [7c]
AzureCaper: checks
Jatha09: bets $6
AzureCaper: folds
Uncalled bet ($6) returned to Jatha09
Jatha09 collected $35.50 from pot
Jatha09: doesn't show hand
*** SUMMARY ***
Total pot $36 | Rake $0.50
Board [2h 8c Tc Qs 7c]
Seat 3: Jatha09 (button) (small blind) collected ($35.50)
Seat 4: AzureCaper (big blind) folded on the River


PokerStars Hand #149679074111:  Hold'em Limit ($3/$6 USD) - 2016/03/01 14:15:16 ET
Table 'Qinghai' 6-max Seat #3 is the button
Seat 3: Jatha09 ($74.81 in chips)
Seat 4: VolkovDmitri ($120 in chips)
Jatha09: posts small blind $1
VolkovDmitri: posts big blind $3
*** HOLE CARDS ***
Jatha09: folds
Uncalled bet ($2) returned to VolkovDmitri
VolkovDmitri collected $2 from pot
VolkovDmitri: doesn't show hand
*** SUMMARY ***
Total pot $2 | Rake $0
Seat 3: Jatha09 (button) (small blind) folded before Flop
Seat 4: VolkovDmitri (big blind) collected ($2)


PokerStars Hand #149679083527:  Hold'em Limit ($3/$6 USD) - 2016/03/01 14:15:25 ET
Table 'Qinghai' 6-max Seat #4 is the button
Seat 3: Jatha09 ($73.81 in chips)
Seat 4: VolkovDmitri ($121 in chips)
VolkovDmitri: posts small blind $1
Jatha09: posts big blind $3
*** HOLE CARDS ***
VolkovDmitri: raises $3 to $6
Jatha09: raises $3 to $9
VolkovDmitri: calls $3
*** FLOP *** [3h 4c 6d]
Jatha09: checks
VolkovDmitri: checks
*** TURN *** [3h 4c 6d] [4s]
Jatha09: checks
VolkovDmitri: bets $6
Jatha09: folds
Uncalled bet ($6) returned to VolkovDmitri
VolkovDmitri collected $17.64 from pot
VolkovDmitri: doesn't show hand
*** SUMMARY ***
Total pot $18 | Rake $0.36
Board [3h 4c 6d 4s]
Seat 3: Jatha09 (big blind) folded on the Turn
Seat 4: VolkovDmitri (button) (small blind) collected ($17.64)


