PokerStars Hand #148338876266:  Hold'em Limit ($3/$6 USD) - 2016/02/06 11:42:57 ET
Table 'Qinghai' 10-max Seat #8 is the button
Seat 1: LifeisagameX ($63 in chips)
Seat 8: perten ($117 in chips)
perten: posts small blind $1
LifeisagameX: posts big blind $3
*** HOLE CARDS ***
perten: raises $3 to $6
LifeisagameX: raises $3 to $9
perten: calls $3
*** FLOP *** [Td 6c 2h]
LifeisagameX: bets $3
perten: calls $3
*** TURN *** [Td 6c 2h] [Ad]
LifeisagameX: bets $6
perten: folds
Uncalled bet ($6) returned to LifeisagameX
LifeisagameX collected $23.52 from pot
LifeisagameX: doesn't show hand
*** SUMMARY ***
Total pot $24 | Rake $0.48
Board [Td 6c 2h Ad]
Seat 1: LifeisagameX (big blind) collected ($23.52)
Seat 8: perten (button) (small blind) folded on the Turn


PokerStars Hand #148338857971:  Hold'em Limit ($3/$6 USD) - 2016/02/06 11:42:37 ET
Table 'Qinghai' 10-max Seat #1 is the button
Seat 1: LifeisagameX ($60 in chips)
Seat 8: perten ($120 in chips)
LifeisagameX: posts small blind $1
perten: posts big blind $3
*** HOLE CARDS ***
LifeisagameX: raises $3 to $6
perten: folds
Uncalled bet ($3) returned to LifeisagameX
LifeisagameX collected $6 from pot
LifeisagameX: doesn't show hand
*** SUMMARY ***
Total pot $6 | Rake $0
Seat 1: LifeisagameX (button) (small blind) collected ($6)
Seat 8: perten (big blind) folded before Flop


PokerStars Hand #148338904865:  Hold'em Limit ($3/$6 USD) - 2016/02/06 11:43:29 ET
Table 'Qinghai' 10-max Seat #1 is the button
Seat 1: LifeisagameX ($74.52 in chips)
Seat 8: perten ($105 in chips)
LifeisagameX: posts small blind $1
perten: posts big blind $3
*** HOLE CARDS ***
LifeisagameX: raises $3 to $6
perten: calls $3
*** FLOP *** [2s 2d Jh]
perten: checks
LifeisagameX: bets $3
perten: folds
Uncalled bet ($3) returned to LifeisagameX
LifeisagameX collected $11.76 from pot
LifeisagameX: doesn't show hand
*** SUMMARY ***
Total pot $12 | Rake $0.24
Board [2s 2d Jh]
Seat 1: LifeisagameX (button) (small blind) collected ($11.76)
Seat 8: perten (big blind) folded on the Flop


PokerStars Hand #148338919512:  Hold'em Limit ($3/$6 USD) - 2016/02/06 11:43:44 ET
Table 'Qinghai' 10-max Seat #8 is the button
Seat 1: LifeisagameX ($80.28 in chips)
Seat 8: perten ($99 in chips)
perten: posts small blind $1
LifeisagameX: posts big blind $3
*** HOLE CARDS ***
perten: raises $3 to $6
LifeisagameX: calls $3
*** FLOP *** [9s Td 8d]
LifeisagameX: checks
perten: bets $3
LifeisagameX: calls $3
*** TURN *** [9s Td 8d] [Ts]
LifeisagameX: checks
perten: bets $6
LifeisagameX: raises $6 to $12
perten: raises $6 to $18
LifeisagameX: calls $6
*** RIVER *** [9s Td 8d Ts] [Ad]
LifeisagameX: checks
perten: bets $6
LifeisagameX: folds
Uncalled bet ($6) returned to perten
perten collected $53.50 from pot
perten: doesn't show hand
*** SUMMARY ***
Total pot $54 | Rake $0.50
Board [9s Td 8d Ts Ad]
Seat 1: LifeisagameX (big blind) folded on the River
Seat 8: perten (button) (small blind) collected ($53.50)


PokerStars Hand #148339004724:  Hold'em Limit ($3/$6 USD) - 2016/02/06 11:45:18 ET
Table 'Qinghai' 10-max Seat #1 is the button
Seat 1: LifeisagameX ($62.92 in chips)
Seat 8: perten ($115.50 in chips)
LifeisagameX: posts small blind $1
perten: posts big blind $3
*** HOLE CARDS ***
LifeisagameX: raises $3 to $6
perten: raises $3 to $9
LifeisagameX: calls $3
*** FLOP *** [9s 3c 6d]
perten: bets $3
LifeisagameX: calls $3
*** TURN *** [9s 3c 6d] [3h]
perten: bets $6
LifeisagameX: folds
Uncalled bet ($6) returned to perten
perten collected $23.52 from pot
perten: doesn't show hand
*** SUMMARY ***
Total pot $24 | Rake $0.48
Board [9s 3c 6d 3h]
Seat 1: LifeisagameX (button) (small blind) folded on the Turn
Seat 8: perten (big blind) collected ($23.52)


PokerStars Hand #148338999576:  Hold'em Limit ($3/$6 USD) - 2016/02/06 11:45:13 ET
Table 'Qinghai' 10-max Seat #8 is the button
Seat 1: LifeisagameX ($61.92 in chips)
Seat 8: perten ($116.50 in chips)
perten: posts small blind $1
LifeisagameX: posts big blind $3
*** HOLE CARDS ***
perten: folds
Uncalled bet ($2) returned to LifeisagameX
LifeisagameX collected $2 from pot
LifeisagameX: doesn't show hand
*** SUMMARY ***
Total pot $2 | Rake $0
Seat 1: LifeisagameX (big blind) collected ($2)
Seat 8: perten (button) (small blind) folded before Flop


PokerStars Hand #148338955329:  Hold'em Limit ($3/$6 USD) - 2016/02/06 11:44:24 ET
Table 'Qinghai' 10-max Seat #1 is the button
Seat 1: LifeisagameX ($53.28 in chips)
Seat 8: perten ($125.50 in chips)
LifeisagameX: posts small blind $1
perten: posts big blind $3
*** HOLE CARDS ***
LifeisagameX: raises $3 to $6
perten: calls $3
*** FLOP *** [7d 3c 3d]
perten: checks
LifeisagameX: bets $3
perten: calls $3
*** TURN *** [7d 3c 3d] [Ks]
perten: checks
LifeisagameX: bets $6
perten: folds
Uncalled bet ($6) returned to LifeisagameX
LifeisagameX collected $17.64 from pot
LifeisagameX: doesn't show hand
*** SUMMARY ***
Total pot $18 | Rake $0.36
Board [7d 3c 3d Ks]
Seat 1: LifeisagameX (button) (small blind) collected ($17.64)
Seat 8: perten (big blind) folded on the Turn


PokerStars Hand #148339021316:  Hold'em Limit ($3/$6 USD) - 2016/02/06 11:45:36 ET
Table 'Qinghai' 10-max Seat #8 is the button
Seat 1: LifeisagameX ($50.92 in chips)
Seat 8: perten ($127.02 in chips)
perten: posts small blind $1
LifeisagameX: posts big blind $3
*** HOLE CARDS ***
perten: raises $3 to $6
LifeisagameX: raises $3 to $9
perten: calls $3
*** FLOP *** [9s 7c 8h]
hectornino joins the table at seat #5
LifeisagameX: bets $3
perten: raises $3 to $6
SashaYuvelir joins the table at seat #6
LifeisagameX: raises $3 to $9
P0planu joins the table at seat #9
perten: calls $3
*** TURN *** [9s 7c 8h] [9c]
LifeisagameX: checks
perten: checks
*** RIVER *** [9s 7c 8h 9c] [4h]
LifeisagameX: bets $6
perten: calls $6
*** SHOW DOWN ***
LifeisagameX: shows [8s Ts] (two pair, Nines and Eights)
perten: mucks hand
rubiconmb joins the table at seat #4
LifeisagameX collected $47.50 from pot
*** SUMMARY ***
Total pot $48 | Rake $0.50
Board [9s 7c 8h 9c 4h]
Seat 1: LifeisagameX (big blind) showed [8s Ts] and won ($47.50) with two pair, Nines and Eights
Seat 8: perten (button) (small blind) mucked


PokerStars Hand #148347362850:  Hold'em Limit ($3/$6 USD) - 2016/02/06 14:16:10 ET
Table 'Qinghai' 10-max Seat #9 is the button
Seat 6: Great_Kang ($120 in chips)
Seat 9: Pokali ($178.72 in chips)
Pokali: posts small blind $1
ccashark: is sitting out
Great_Kang: posts big blind $3
*** HOLE CARDS ***
Pokali: raises $3 to $6
Great_Kang: calls $3
*** FLOP *** [8d 8h Tc]
Great_Kang: checks
Pokali: checks
*** TURN *** [8d 8h Tc] [2h]
Great_Kang: checks
Pokali: checks
*** RIVER *** [8d 8h Tc 2h] [Th]
Great_Kang: checks
Pokali: checks
*** SHOW DOWN ***
Great_Kang: shows [6c 4h] (two pair, Tens and Eights)
Pokali: shows [4d Kc] (two pair, Tens and Eights - King kicker)
Pokali collected $11.76 from pot
*** SUMMARY ***
Total pot $12 | Rake $0.24
Board [8d 8h Tc 2h Th]
Seat 6: Great_Kang (big blind) showed [6c 4h] and lost with two pair, Tens and Eights
Seat 9: Pokali (button) (small blind) showed [4d Kc] and won ($11.76) with two pair, Tens and Eights


