PokerStars Hand #167393813993:  Hold'em Limit ($3/$6 USD) - 2017/03/10 14:11:26 ET
Table 'Qinghai' 6-max Seat #3 is the button
Seat 3: arrow482 ($95.69 in chips)
Seat 4: Actionni13 ($155.76 in chips)
arrow482: posts small blind $1
Actionni13: posts big blind $3
*** HOLE CARDS ***
D87654321 joins the table at seat #5
arrow482: calls $2
Actionni13: checks
*** FLOP *** [Ts 3d As]
Actionni13: checks
arrow482: checks
*** TURN *** [Ts 3d As] [Jh]
Actionni13: checks
arrow482: bets $6
Actionni13: folds
Uncalled bet ($6) returned to arrow482
arrow482 collected $5.88 from pot
arrow482: doesn't show hand
*** SUMMARY ***
Total pot $6 | Rake $0.12
Board [Ts 3d As Jh]
Seat 3: arrow482 (button) (small blind) collected ($5.88)
Seat 4: Actionni13 (big blind) folded on the Turn


PokerStars Hand #167393803338:  Hold'em Limit ($3/$6 USD) - 2017/03/10 14:11:13 ET
Table 'Qinghai' 6-max Seat #4 is the button
Seat 3: arrow482 ($101.69 in chips)
Seat 4: Actionni13 ($150 in chips)
Actionni13: posts small blind $1
arrow482: posts big blind $3
*** HOLE CARDS ***
Actionni13: raises $3 to $6
arrow482: calls $3
*** FLOP *** [4s Th Kh]
arrow482: checks
Actionni13: bets $3
arrow482: folds
Uncalled bet ($3) returned to Actionni13
Actionni13 collected $11.76 from pot
Actionni13: doesn't show hand
*** SUMMARY ***
Total pot $12 | Rake $0.24
Board [4s Th Kh]
Seat 3: arrow482 (big blind) folded on the Flop
Seat 4: Actionni13 (button) (small blind) collected ($11.76)


PokerStars Hand #167393788783:  Hold'em Limit ($3/$6 USD) - 2017/03/10 14:10:55 ET
Table 'Qinghai' 6-max Seat #3 is the button
Seat 3: arrow482 ($93.05 in chips)
Seat 4: Actionni13 ($150 in chips)
arrow482: posts small blind $1
Actionni13: posts big blind $3
*** HOLE CARDS ***
arrow482: raises $3 to $6
Actionni13: calls $3
*** FLOP *** [Kc Tc 5s]
Actionni13: checks
arrow482: bets $3
Actionni13: calls $3
*** TURN *** [Kc Tc 5s] [Ah]
Actionni13: checks
arrow482: bets $6
Actionni13: folds
Uncalled bet ($6) returned to arrow482
arrow482 collected $17.64 from pot
arrow482: doesn't show hand
*** SUMMARY ***
Total pot $18 | Rake $0.36
Board [Kc Tc 5s Ah]
Seat 3: arrow482 (button) (small blind) collected ($17.64)
Seat 4: Actionni13 (big blind) folded on the Turn


PokerStars Hand #167394078262:  Hold'em Limit ($3/$6 USD) - 2017/03/10 14:16:40 ET
Table 'Qinghai' 6-max Seat #3 is the button
Seat 3: arrow482 ($141.53 in chips)
Seat 4: Actionni13 ($171.38 in chips)
arrow482: posts small blind $1
Actionni13: posts big blind $3
*** HOLE CARDS ***
arrow482: calls $2
Actionni13: checks
*** FLOP *** [7s 8c Td]
Actionni13: bets $3
arrow482: calls $3
*** TURN *** [7s 8c Td] [7h]
Actionni13: bets $6
arrow482: calls $6
*** RIVER *** [7s 8c Td 7h] [Kc]
Actionni13: checks
arrow482: bets $6
Actionni13: calls $6
*** SHOW DOWN ***
arrow482: shows [3d 9d] (a pair of Sevens)
Actionni13: shows [3c 8s] (two pair, Eights and Sevens)
Actionni13 collected $35.50 from pot
*** SUMMARY ***
Total pot $36 | Rake $0.50
Board [7s 8c Td 7h Kc]
Seat 3: arrow482 (button) (small blind) showed [3d 9d] and lost with a pair of Sevens
Seat 4: Actionni13 (big blind) showed [3c 8s] and won ($35.50) with two pair, Eights and Sevens


PokerStars Hand #167394071662:  Hold'em Limit ($3/$6 USD) - 2017/03/10 14:16:33 ET
Table 'Qinghai' 6-max Seat #4 is the button
Seat 3: arrow482 ($144.53 in chips)
Seat 4: Actionni13 ($168.38 in chips)
Actionni13: posts small blind $1
arrow482: posts big blind $3
*** HOLE CARDS ***
Actionni13: raises $3 to $6
arrow482: folds
Uncalled bet ($3) returned to Actionni13
Actionni13 collected $6 from pot
Actionni13: doesn't show hand
*** SUMMARY ***
Total pot $6 | Rake $0
Seat 3: arrow482 (big blind) folded before Flop
Seat 4: Actionni13 (button) (small blind) collected ($6)


PokerStars Hand #167394067888:  Hold'em Limit ($3/$6 USD) - 2017/03/10 14:16:28 ET
Table 'Qinghai' 6-max Seat #3 is the button
Seat 3: arrow482 ($145.53 in chips)
Seat 4: Actionni13 ($167.38 in chips)
arrow482: posts small blind $1
Actionni13: posts big blind $3
*** HOLE CARDS ***
arrow482: folds
Uncalled bet ($2) returned to Actionni13
Actionni13 collected $2 from pot
Actionni13: doesn't show hand
*** SUMMARY ***
Total pot $2 | Rake $0
Seat 3: arrow482 (button) (small blind) folded before Flop
Seat 4: Actionni13 (big blind) collected ($2)


PokerStars Hand #167394054337:  Hold'em Limit ($3/$6 USD) - 2017/03/10 14:16:12 ET
Table 'Qinghai' 6-max Seat #4 is the button
Seat 3: arrow482 ($136.89 in chips)
Seat 4: Actionni13 ($176.38 in chips)
Actionni13: posts small blind $1
Chessnok: is sitting out
arrow482: posts big blind $3
*** HOLE CARDS ***
Actionni13: raises $3 to $6
arrow482: calls $3
*** FLOP *** [5s Ts 6s]
arrow482: checks
Actionni13: bets $3
arrow482: calls $3
*** TURN *** [5s Ts 6s] [6c]
arrow482: checks
Actionni13: checks
*** RIVER *** [5s Ts 6s 6c] [8c]
arrow482: bets $6
Actionni13: folds
Uncalled bet ($6) returned to arrow482
arrow482 collected $17.64 from pot
arrow482: doesn't show hand
*** SUMMARY ***
Total pot $18 | Rake $0.36
Board [5s Ts 6s 6c 8c]
Seat 3: arrow482 (big blind) collected ($17.64)
Seat 4: Actionni13 (button) (small blind) folded on the River


PokerStars Hand #167394092546:  Hold'em Limit ($3/$6 USD) - 2017/03/10 14:16:58 ET
Table 'Qinghai' 6-max Seat #4 is the button
Seat 3: arrow482 ($123.53 in chips)
Seat 4: Actionni13 ($188.88 in chips)
Actionni13: posts small blind $1
arrow482: posts big blind $3
*** HOLE CARDS ***
Actionni13: raises $3 to $6
arrow482: folds
Uncalled bet ($3) returned to Actionni13
Actionni13 collected $6 from pot
Actionni13: doesn't show hand
*** SUMMARY ***
Total pot $6 | Rake $0
Seat 3: arrow482 (big blind) folded before Flop
Seat 4: Actionni13 (button) (small blind) collected ($6)


PokerStars Hand #167395956607:  Hold'em Limit ($3/$6 USD) - 2017/03/10 14:54:23 ET
Table 'Qinghai' 6-max Seat #4 is the button
Seat 3: Tercinho390 ($97.71 in chips)
Seat 4: Actionni13 ($176.88 in chips)
Actionni13: posts small blind $1
Tercinho390: posts big blind $3
*** HOLE CARDS ***
Actionni13: folds
Uncalled bet ($2) returned to Tercinho390
Tercinho390 collected $2 from pot
Tercinho390: doesn't show hand
*** SUMMARY ***
Total pot $2 | Rake $0
Seat 3: Tercinho390 (big blind) collected ($2)
Seat 4: Actionni13 (button) (small blind) folded before Flop


PokerStars Hand #167395936153:  Hold'em Limit ($3/$6 USD) - 2017/03/10 14:53:58 ET
Table 'Qinghai' 6-max Seat #3 is the button
Seat 3: Tercinho390 ($83.21 in chips)
Seat 4: Actionni13 ($191.88 in chips)
Tercinho390: posts small blind $1
Actionni13: posts big blind $3
*** HOLE CARDS ***
Tercinho390: calls $2
Actionni13: raises $3 to $6
Tercinho390: calls $3
*** FLOP *** [3c Td 9h]
Actionni13: bets $3
Tercinho390: calls $3
*** TURN *** [3c Td 9h] [Ts]
Actionni13: bets $6
Tercinho390: calls $6
*** RIVER *** [3c Td 9h Ts] [Js]
Actionni13: checks
Tercinho390: bets $6
Actionni13: folds
Uncalled bet ($6) returned to Tercinho390
Tercinho390 collected $29.50 from pot
Tercinho390: doesn't show hand
*** SUMMARY ***
Total pot $30 | Rake $0.50
Board [3c Td 9h Ts Js]
Seat 3: Tercinho390 (button) (small blind) collected ($29.50)
Seat 4: Actionni13 (big blind) folded on the River


PokerStars Hand #167396002336:  Hold'em Limit ($3/$6 USD) - 2017/03/10 14:55:20 ET
Table 'Qinghai' 6-max Seat #4 is the button
Seat 3: Tercinho390 ($121.85 in chips)
Seat 4: Actionni13 ($151.88 in chips)
Actionni13: posts small blind $1
Tercinho390: posts big blind $3
*** HOLE CARDS ***
Actionni13: raises $3 to $6
Tercinho390: folds
Uncalled bet ($3) returned to Actionni13
Actionni13 collected $6 from pot
Actionni13: doesn't show hand
*** SUMMARY ***
Total pot $6 | Rake $0
Seat 3: Tercinho390 (big blind) folded before Flop
Seat 4: Actionni13 (button) (small blind) collected ($6)


PokerStars Hand #167395994097:  Hold'em Limit ($3/$6 USD) - 2017/03/10 14:55:08 ET
Table 'Qinghai' 6-max Seat #3 is the button
Seat 3: Tercinho390 ($118.97 in chips)
Seat 4: Actionni13 ($154.88 in chips)
Tercinho390: posts small blind $1
Actionni13: posts big blind $3
*** HOLE CARDS ***
Tercinho390: calls $2
Actionni13: checks
*** FLOP *** [Tc Kc Ah]
Actionni13: checks
Tercinho390: bets $3
Actionni13: folds
Uncalled bet ($3) returned to Tercinho390
Tercinho390 collected $5.88 from pot
Tercinho390: doesn't show hand
*** SUMMARY ***
Total pot $6 | Rake $0.12
Board [Tc Kc Ah]
Seat 3: Tercinho390 (button) (small blind) collected ($5.88)
Seat 4: Actionni13 (big blind) folded on the Flop


PokerStars Hand #167395978208:  Hold'em Limit ($3/$6 USD) - 2017/03/10 14:54:49 ET
Table 'Qinghai' 6-max Seat #4 is the button
Seat 3: Tercinho390 ($104.47 in chips)
Seat 4: Actionni13 ($169.88 in chips)
Actionni13: posts small blind $1
Tercinho390: posts big blind $3
*** HOLE CARDS ***
Actionni13: raises $3 to $6
Tercinho390: calls $3
*** FLOP *** [Tc 4s Qh]
Tercinho390: checks
Actionni13: bets $3
Tercinho390: calls $3
*** TURN *** [Tc 4s Qh] [Ac]
Tercinho390: checks
Actionni13: checks
*** RIVER *** [Tc 4s Qh Ac] [Ah]
Tercinho390: bets $6
Actionni13: calls $6
*** SHOW DOWN ***
Tercinho390: shows [Ts Jc] (two pair, Aces and Tens)
Actionni13: mucks hand
Tercinho390 collected $29.50 from pot
*** SUMMARY ***
Total pot $30 | Rake $0.50
Board [Tc 4s Qh Ac Ah]
Seat 3: Tercinho390 (big blind) showed [Ts Jc] and won ($29.50) with two pair, Aces and Tens
Seat 4: Actionni13 (button) (small blind) mucked


PokerStars Hand #167395961196:  Hold'em Limit ($3/$6 USD) - 2017/03/10 14:54:28 ET
Table 'Qinghai' 6-max Seat #3 is the button
Seat 3: Tercinho390 ($98.71 in chips)
Seat 4: Actionni13 ($175.88 in chips)
Tercinho390: posts small blind $1
Actionni13: posts big blind $3
*** HOLE CARDS ***
Tercinho390: calls $2
Actionni13: checks
*** FLOP *** [Tc 5d Qd]
Actionni13: bets $3
Tercinho390: calls $3
*** TURN *** [Tc 5d Qd] [8s]
Actionni13: checks
Tercinho390: bets $6
Actionni13: folds
Uncalled bet ($6) returned to Tercinho390
Tercinho390 collected $11.76 from pot
Tercinho390: doesn't show hand
*** SUMMARY ***
Total pot $12 | Rake $0.24
Board [Tc 5d Qd 8s]
Seat 3: Tercinho390 (button) (small blind) collected ($11.76)
Seat 4: Actionni13 (big blind) folded on the Turn


