PokerStars Hand #146291743429:  Hold'em Limit ($3/$6 USD) - 2016/01/01 16:25:40 ET
Table 'Qinghai III' 2-max Seat #2 is the button
Seat 1: LenZay ($39.76 in chips)
Seat 2: dragon1893 ($150 in chips)
dragon1893: posts small blind $1
LenZay: posts big blind $3
*** HOLE CARDS ***
dragon1893: raises $3 to $6
LenZay: raises $3 to $9
dragon1893: calls $3
*** FLOP *** [Ad 9d 3d]
LenZay: bets $3
dragon1893: calls $3
*** TURN *** [Ad 9d 3d] [5d]
LenZay: bets $6
dragon1893: folds
Uncalled bet ($6) returned to LenZay
LenZay collected $23.52 from pot
*** SUMMARY ***
Total pot $24 | Rake $0.48
Board [Ad 9d 3d 5d]
Seat 1: LenZay (big blind) collected ($23.52)
Seat 2: dragon1893 (button) (small blind) folded on the Turn


PokerStars Hand #146291756704:  Hold'em Limit ($3/$6 USD) - 2016/01/01 16:25:53 ET
Table 'Qinghai III' 2-max Seat #1 is the button
Seat 1: LenZay ($51.28 in chips)
Seat 2: dragon1893 ($150 in chips)
LenZay: posts small blind $1
dragon1893: posts big blind $3
*** HOLE CARDS ***
LenZay: raises $3 to $6
dragon1893: calls $3
*** FLOP *** [Kh 4c 3s]
dragon1893: checks
LenZay: checks
*** TURN *** [Kh 4c 3s] [2c]
dragon1893: bets $6
LenZay: calls $6
*** RIVER *** [Kh 4c 3s 2c] [Js]
dragon1893: bets $6
LenZay: folds
Uncalled bet ($6) returned to dragon1893
dragon1893 collected $23.52 from pot
dragon1893: doesn't show hand
*** SUMMARY ***
Total pot $24 | Rake $0.48
Board [Kh 4c 3s 2c Js]
Seat 1: LenZay (button) (small blind) folded on the River
Seat 2: dragon1893 (big blind) collected ($23.52)


PokerStars Hand #146291776047:  Hold'em Limit ($3/$6 USD) - 2016/01/01 16:26:13 ET
Table 'Qinghai III' 2-max Seat #2 is the button
Seat 1: LenZay ($39.28 in chips)
Seat 2: dragon1893 ($161.52 in chips)
dragon1893: posts small blind $1
LenZay: posts big blind $3
*** HOLE CARDS ***
dragon1893: raises $3 to $6
LenZay: raises $3 to $9
dragon1893: calls $3
*** FLOP *** [6s Jc Qh]
LenZay: bets $3
dragon1893: calls $3
*** TURN *** [6s Jc Qh] [Ac]
LenZay: bets $6
dragon1893: raises $6 to $12
LenZay: folds
Uncalled bet ($6) returned to dragon1893
dragon1893 collected $35.50 from pot
dragon1893: doesn't show hand
*** SUMMARY ***
Total pot $36 | Rake $0.50
Board [6s Jc Qh Ac]
Seat 1: LenZay (big blind) folded on the Turn
Seat 2: dragon1893 (button) (small blind) collected ($35.50)


PokerStars Hand #146291789141:  Hold'em Limit ($3/$6 USD) - 2016/01/01 16:26:26 ET
Table 'Qinghai III' 2-max Seat #1 is the button
Seat 1: LenZay ($21.28 in chips)
Seat 2: dragon1893 ($179.02 in chips)
LenZay: posts small blind $1
dragon1893: posts big blind $3
*** HOLE CARDS ***
LenZay: raises $3 to $6
dragon1893: calls $3
*** FLOP *** [2s 5h Kh]
dragon1893: checks
LenZay: bets $3
dragon1893: raises $3 to $6
LenZay: calls $3
*** TURN *** [2s 5h Kh] [Qh]
dragon1893: bets $6
LenZay: raises $3.28 to $9.28 and is all-in
dragon1893: calls $3.28
*** RIVER *** [2s 5h Kh Qh] [3d]
*** SHOW DOWN ***
dragon1893: shows [Ah 5c] (a pair of Fives)
LenZay: shows [Jd 4s] (high card King)
dragon1893 collected $42.06 from pot
*** SUMMARY ***
Total pot $42.56 | Rake $0.50
Board [2s 5h Kh Qh 3d]
Seat 1: LenZay (button) (small blind) showed [Jd 4s] and lost with high card King
Seat 2: dragon1893 (big blind) showed [Ah 5c] and won ($42.06) with a pair of Fives


