PokerStars Hand #152747309327:  Hold'em Limit ($3/$6 USD) - 2016/05/02 8:53:37 ET
Table 'Quetzalcoatl' 6-max Seat #4 is the button
Seat 3: xxXguardXxx ($38.64 in chips)
Seat 4: Agrotait ($86.50 in chips)
Agrotait: posts small blind $1
xxXguardXxx: posts big blind $3
*** HOLE CARDS ***
Agrotait: raises $3 to $6
xxXguardXxx: calls $3
*** FLOP *** [6d 6s 5c]
xxXguardXxx: bets $3
Agrotait: calls $3
*** TURN *** [6d 6s 5c] [8h]
xxXguardXxx: bets $6
Agrotait: calls $6
*** RIVER *** [6d 6s 5c 8h] [Jc]
xxXguardXxx: checks
Agrotait: bets $6
xxXguardXxx: calls $6
*** SHOW DOWN ***
Agrotait: shows [6h As] (three of a kind, Sixes)
xxXguardXxx: mucks hand
Agrotait collected $41.50 from pot
*** SUMMARY ***
Total pot $42 | Rake $0.50
Board [6d 6s 5c 8h Jc]
Seat 3: xxXguardXxx (big blind) mucked
Seat 4: Agrotait (button) (small blind) showed [6h As] and won ($41.50) with three of a kind, Sixes


PokerStars Hand #152747305739:  Hold'em Limit ($3/$6 USD) - 2016/05/02 8:53:30 ET
Table 'Quetzalcoatl' 6-max Seat #3 is the button
Seat 3: xxXguardXxx ($39.64 in chips)
Seat 4: Agrotait ($85.50 in chips)
xxXguardXxx: posts small blind $1
Agrotait: posts big blind $3
*** HOLE CARDS ***
xxXguardXxx: folds
Uncalled bet ($2) returned to Agrotait
Agrotait collected $2 from pot
Agrotait: doesn't show hand
*** SUMMARY ***
Total pot $2 | Rake $0
Seat 3: xxXguardXxx (button) (small blind) folded before Flop
Seat 4: Agrotait (big blind) collected ($2)


PokerStars Hand #152747302688:  Hold'em Limit ($3/$6 USD) - 2016/05/02 8:53:25 ET
Table 'Quetzalcoatl' 6-max Seat #4 is the button
Seat 3: xxXguardXxx ($38.64 in chips)
Seat 4: Agrotait ($86.50 in chips)
Agrotait: posts small blind $1
xxXguardXxx: posts big blind $3
*** HOLE CARDS ***
Agrotait: folds
Uncalled bet ($2) returned to xxXguardXxx
xxXguardXxx collected $2 from pot
*** SUMMARY ***
Total pot $2 | Rake $0
Seat 3: xxXguardXxx (big blind) collected ($2)
Seat 4: Agrotait (button) (small blind) folded before Flop


PokerStars Hand #152747299568:  Hold'em Limit ($3/$6 USD) - 2016/05/02 8:53:19 ET
Table 'Quetzalcoatl' 6-max Seat #3 is the button
Seat 3: xxXguardXxx ($39.64 in chips)
Seat 4: Agrotait ($85.50 in chips)
xxXguardXxx: posts small blind $1
Agrotait: posts big blind $3
*** HOLE CARDS ***
xxXguardXxx: folds
Uncalled bet ($2) returned to Agrotait
Agrotait collected $2 from pot
Agrotait: doesn't show hand
*** SUMMARY ***
Total pot $2 | Rake $0
Seat 3: xxXguardXxx (button) (small blind) folded before Flop
Seat 4: Agrotait (big blind) collected ($2)


PokerStars Hand #152747322643:  Hold'em Limit ($3/$6 USD) - 2016/05/02 8:54:03 ET
Table 'Quetzalcoatl' 6-max Seat #3 is the button
Seat 3: xxXguardXxx ($17.64 in chips)
Seat 4: Agrotait ($107 in chips)
xxXguardXxx: posts small blind $1
Agrotait: posts big blind $3
*** HOLE CARDS ***
xxXguardXxx: calls $2
Agrotait: raises $3 to $6
xxXguardXxx: calls $3
*** FLOP *** [2h 3h Ks]
Agrotait: bets $3
xxXguardXxx: calls $3
*** TURN *** [2h 3h Ks] [9h]
Agrotait: bets $6
xxXguardXxx: folds
Uncalled bet ($6) returned to Agrotait
Agrotait collected $17.64 from pot
Agrotait: doesn't show hand
*** SUMMARY ***
Total pot $18 | Rake $0.36
Board [2h 3h Ks 9h]
Seat 3: xxXguardXxx (button) (small blind) folded on the Turn
Seat 4: Agrotait (big blind) collected ($17.64)


PokerStars Hand #152747343085:  Hold'em Limit ($3/$6 USD) - 2016/05/02 8:54:41 ET
Table 'Quetzalcoatl' 6-max Seat #4 is the button
Seat 3: xxXguardXxx ($15.93 in chips)
Seat 4: Agrotait ($108 in chips)
Agrotait: posts small blind $1
xxXguardXxx: posts big blind $3
*** HOLE CARDS ***
Agrotait: raises $3 to $6
xxXguardXxx: calls $3
*** FLOP *** [2h 4d 6d]
xxXguardXxx: bets $3
Agrotait: calls $3
*** TURN *** [2h 4d 6d] [5d]
xxXguardXxx: bets $6
Agrotait: raises $6 to $12
xxXguardXxx: folds
Uncalled bet ($6) returned to Agrotait
Agrotait collected $29.50 from pot
Agrotait: doesn't show hand
*** SUMMARY ***
Total pot $30 | Rake $0.50
Board [2h 4d 6d 5d]
Seat 3: xxXguardXxx (big blind) folded on the Turn
Seat 4: Agrotait (button) (small blind) collected ($29.50)


PokerStars Hand #152747339464:  Hold'em Limit ($3/$6 USD) - 2016/05/02 8:54:34 ET
Table 'Quetzalcoatl' 6-max Seat #3 is the button
Seat 3: xxXguardXxx ($16.93 in chips)
Seat 4: Agrotait ($107 in chips)
xxXguardXxx: posts small blind $1
Agrotait: posts big blind $3
*** HOLE CARDS ***
xxXguardXxx: folds
Uncalled bet ($2) returned to Agrotait
Agrotait collected $2 from pot
Agrotait: doesn't show hand
*** SUMMARY ***
Total pot $2 | Rake $0
Seat 3: xxXguardXxx (button) (small blind) folded before Flop
Seat 4: Agrotait (big blind) collected ($2)


PokerStars Hand #152747331453:  Hold'em Limit ($3/$6 USD) - 2016/05/02 8:54:19 ET
Table 'Quetzalcoatl' 6-max Seat #4 is the button
Seat 3: xxXguardXxx ($8.64 in chips)
Seat 4: Agrotait ($115.64 in chips)
Agrotait: posts small blind $1
xxXguardXxx: posts big blind $3
*** HOLE CARDS ***
Agrotait: raises $3 to $6
xxXguardXxx: raises $2.64 to $8.64 and is all-in
Agrotait: calls $2.64
*** FLOP *** [Kc 8h 6s]
*** TURN *** [Kc 8h 6s] [Kh]
*** RIVER *** [Kc 8h 6s Kh] [5d]
*** SHOW DOWN ***
xxXguardXxx: shows [9h 9d] (two pair, Kings and Nines)
Agrotait: shows [7h Ts] (a pair of Kings)
xxXguardXxx collected $16.93 from pot
*** SUMMARY ***
Total pot $17.28 | Rake $0.35
Board [Kc 8h 6s Kh 5d]
Seat 3: xxXguardXxx (big blind) showed [9h 9d] and won ($16.93) with two pair, Kings and Nines
Seat 4: Agrotait (button) (small blind) showed [7h Ts] and lost with a pair of Kings


