PokerStars Hand #162629571598:  Hold'em Limit ($3/$6 USD) - 2016/12/08 16:16:18 ET
Table 'Quetzalcoatl' 6-max Seat #5 is the button
Seat 3: Ahjorth87 ($123 in chips)
Seat 5: GoliafUa ($117 in chips)
GoliafUa: posts small blind $1
Ahjorth87: posts big blind $3
*** HOLE CARDS ***
GoliafUa: raises $3 to $6
Ahjorth87: calls $3
*** FLOP *** [3s Kh Jd]
Ahjorth87: checks
GoliafUa: bets $3
Ahjorth87: calls $3
*** TURN *** [3s Kh Jd] [Qd]
Ahjorth87: checks
GoliafUa: checks
*** RIVER *** [3s Kh Jd Qd] [8h]
Ahjorth87: bets $6
GoliafUa: folds
Uncalled bet ($6) returned to Ahjorth87
Ahjorth87 collected $17.64 from pot
Ahjorth87: doesn't show hand
*** SUMMARY ***
Total pot $18 | Rake $0.36
Board [3s Kh Jd Qd 8h]
Seat 3: Ahjorth87 (big blind) collected ($17.64)
Seat 5: GoliafUa (button) (small blind) folded on the River


PokerStars Hand #162629584629:  Hold'em Limit ($3/$6 USD) - 2016/12/08 16:16:31 ET
Table 'Quetzalcoatl' 6-max Seat #3 is the button
Seat 3: Ahjorth87 ($131.64 in chips)
Seat 5: GoliafUa ($108 in chips)
Ahjorth87: posts small blind $1
GoliafUa: posts big blind $3
*** HOLE CARDS ***
Ahjorth87: raises $3 to $6
GoliafUa: calls $3
*** FLOP *** [6s 7h 4d]
GoliafUa: checks
Ahjorth87: checks
*** TURN *** [6s 7h 4d] [2s]
GoliafUa: checks
Ahjorth87: checks
*** RIVER *** [6s 7h 4d 2s] [7c]
GoliafUa: checks
Ahjorth87: checks
*** SHOW DOWN ***
GoliafUa: shows [Ks 3h] (a pair of Sevens)
Ahjorth87: mucks hand
GoliafUa collected $11.76 from pot
*** SUMMARY ***
Total pot $12 | Rake $0.24
Board [6s 7h 4d 2s 7c]
Seat 3: Ahjorth87 (button) (small blind) mucked
Seat 5: GoliafUa (big blind) showed [Ks 3h] and won ($11.76) with a pair of Sevens


PokerStars Hand #162629598162:  Hold'em Limit ($3/$6 USD) - 2016/12/08 16:16:45 ET
Table 'Quetzalcoatl' 6-max Seat #5 is the button
Seat 3: Ahjorth87 ($125.64 in chips)
Seat 5: GoliafUa ($113.76 in chips)
GoliafUa: posts small blind $1
Ahjorth87: posts big blind $3
*** HOLE CARDS ***
GoliafUa: raises $3 to $6
Ahjorth87: calls $3
*** FLOP *** [5c Ts Jd]
Ahjorth87: checks
GoliafUa: bets $3
Ahjorth87: folds
Uncalled bet ($3) returned to GoliafUa
7superpoker joins the table at seat #6
GoliafUa collected $11.76 from pot
GoliafUa: doesn't show hand
*** SUMMARY ***
Total pot $12 | Rake $0.24
Board [5c Ts Jd]
Seat 3: Ahjorth87 (big blind) folded on the Flop
Seat 5: GoliafUa (button) (small blind) collected ($11.76)


PokerStars Hand #162629614109:  Hold'em Limit ($3/$6 USD) - 2016/12/08 16:17:01 ET
Table 'Quetzalcoatl' 6-max Seat #3 is the button
Seat 3: Ahjorth87 ($119.64 in chips)
Seat 5: GoliafUa ($119.52 in chips)
Ahjorth87: posts small blind $1
davyyyyyyy joins the table at seat #4
GoliafUa: posts big blind $3
*** HOLE CARDS ***
Ahjorth87: raises $3 to $6
GoliafUa: calls $3
*** FLOP *** [3c Ts 5d]
ValeryRon joins the table at seat #1
GoliafUa: checks
Ahjorth87: bets $3
GoliafUa: folds
Uncalled bet ($3) returned to Ahjorth87
Ahjorth87 collected $11.76 from pot
Ahjorth87: doesn't show hand
*** SUMMARY ***
Total pot $12 | Rake $0.24
Board [3c Ts 5d]
Seat 3: Ahjorth87 (button) (small blind) collected ($11.76)
Seat 5: GoliafUa (big blind) folded on the Flop


PokerStars Hand #162634595494:  Hold'em Limit ($3/$6 USD) - 2016/12/08 17:41:40 ET
Table 'Quetzalcoatl' 6-max Seat #6 is the button
Seat 2: Chessnok ($84.29 in chips)
Seat 6: ToDaFelt ($140.61 in chips)
ToDaFelt: posts small blind $1
Chessnok: posts big blind $3
*** HOLE CARDS ***
ToDaFelt: raises $3 to $6
mak7712 leaves the table
Chessnok: raises $3 to $9
ToDaFelt: calls $3
*** FLOP *** [6s Tc 7d]
Chessnok: bets $3
ToDaFelt: calls $3
*** TURN *** [6s Tc 7d] [Ah]
Chessnok: bets $6
ToDaFelt: raises $6 to $12
Chessnok: calls $6
*** RIVER *** [6s Tc 7d Ah] [4d]
Chessnok: checks
ToDaFelt: bets $6
Chessnok: folds
Uncalled bet ($6) returned to ToDaFelt
ToDaFelt collected $47.50 from pot
ToDaFelt: doesn't show hand
*** SUMMARY ***
Total pot $48 | Rake $0.50
Board [6s Tc 7d Ah 4d]
Seat 2: Chessnok (big blind) folded on the River
Seat 6: ToDaFelt (button) (small blind) collected ($47.50)


