PokerStars Hand #170458085300:  Hold'em Limit ($3/$6 USD) - 2017/05/15 13:05:35 ET
Table 'Queteleta II' 6-max Seat #1 is the button
Seat 1: CatPuppy1999 ($72 in chips)
Seat 6: Norbert-04 ($82.18 in chips)
CatPuppy1999: posts small blind $1
Ale4o: is sitting out
Norbert-04: posts big blind $3
*** HOLE CARDS ***
Ale4o leaves the table
CatPuppy1999: raises $3 to $6
Norbert-04: calls $3
*** FLOP *** [Js 9h Ad]
Norbert-04: checks
CatPuppy1999: bets $3
Norbert-04: folds
Uncalled bet ($3) returned to CatPuppy1999
CatPuppy1999 collected $11.76 from pot
CatPuppy1999: doesn't show hand
*** SUMMARY ***
Total pot $12 | Rake $0.24
Board [Js 9h Ad]
Seat 1: CatPuppy1999 (button) (small blind) collected ($11.76)
Seat 6: Norbert-04 (big blind) folded on the Flop


PokerStars Hand #170458134691:  Hold'em Limit ($3/$6 USD) - 2017/05/15 13:06:41 ET
Table 'Queteleta II' 6-max Seat #1 is the button
Seat 1: CatPuppy1999 ($76 in chips)
Seat 6: Norbert-04 ($92.68 in chips)
CatPuppy1999: posts small blind $1
Norbert-04: posts big blind $3
*** HOLE CARDS ***
CatPuppy1999: raises $3 to $6
Norbert-04: calls $3
*** FLOP *** [3h Js 7d]
Norbert-04: checks
CatPuppy1999: checks
*** TURN *** [3h Js 7d] [Ah]
Norbert-04: checks
CatPuppy1999: bets $6
Norbert-04: calls $6
*** RIVER *** [3h Js 7d Ah] [3s]
Norbert-04: bets $6
CatPuppy1999: folds
Uncalled bet ($6) returned to Norbert-04
Norbert-04 collected $23.52 from pot
Norbert-04: doesn't show hand
*** SUMMARY ***
Total pot $24 | Rake $0.48
Board [3h Js 7d Ah 3s]
Seat 1: CatPuppy1999 (button) (small blind) folded on the River
Seat 6: Norbert-04 (big blind) collected ($23.52)


PokerStars Hand #170458131401:  Hold'em Limit ($3/$6 USD) - 2017/05/15 13:06:36 ET
Table 'Queteleta II' 6-max Seat #6 is the button
Seat 1: CatPuppy1999 ($75 in chips)
Seat 6: Norbert-04 ($93.68 in chips)
Norbert-04: posts small blind $1
CatPuppy1999: posts big blind $3
*** HOLE CARDS ***
Norbert-04: folds
Uncalled bet ($2) returned to CatPuppy1999
CatPuppy1999 collected $2 from pot
CatPuppy1999: doesn't show hand
*** SUMMARY ***
Total pot $2 | Rake $0
Seat 1: CatPuppy1999 (big blind) collected ($2)
Seat 6: Norbert-04 (button) (small blind) folded before Flop


PokerStars Hand #170458126302:  Hold'em Limit ($3/$6 USD) - 2017/05/15 13:06:30 ET
Table 'Queteleta II' 6-max Seat #1 is the button
Seat 1: CatPuppy1999 ($72 in chips)
Seat 6: Norbert-04 ($96.68 in chips)
CatPuppy1999: posts small blind $1
Norbert-04: posts big blind $3
*** HOLE CARDS ***
CatPuppy1999: raises $3 to $6
Norbert-04: folds
Uncalled bet ($3) returned to CatPuppy1999
CatPuppy1999 collected $6 from pot
CatPuppy1999: doesn't show hand
*** SUMMARY ***
Total pot $6 | Rake $0
Seat 1: CatPuppy1999 (button) (small blind) collected ($6)
Seat 6: Norbert-04 (big blind) folded before Flop


PokerStars Hand #170458100306:  Hold'em Limit ($3/$6 USD) - 2017/05/15 13:05:55 ET
Table 'Queteleta II' 6-max Seat #6 is the button
Seat 1: CatPuppy1999 ($77.76 in chips)
Seat 6: Norbert-04 ($76.18 in chips)
Norbert-04: posts small blind $1
CatPuppy1999: posts big blind $3
*** HOLE CARDS ***
Norbert-04: raises $3 to $6
CatPuppy1999: calls $3
*** FLOP *** [9d Ah Jd]
CatPuppy1999: checks
Norbert-04: bets $3
CatPuppy1999: calls $3
*** TURN *** [9d Ah Jd] [Jh]
CatPuppy1999: checks
Norbert-04: bets $6
CatPuppy1999: calls $6
*** RIVER *** [9d Ah Jd Jh] [6d]
CatPuppy1999: checks
Norbert-04: bets $6
CatPuppy1999: calls $6
*** SHOW DOWN ***
Norbert-04: shows [Js 3s] (three of a kind, Jacks)
CatPuppy1999: mucks hand
Norbert-04 collected $41.50 from pot
*** SUMMARY ***
Total pot $42 | Rake $0.50
Board [9d Ah Jd Jh 6d]
Seat 1: CatPuppy1999 (big blind) mucked
Seat 6: Norbert-04 (button) (small blind) showed [Js 3s] and won ($41.50) with three of a kind, Jacks


PokerStars Hand #170458201730:  Hold'em Limit ($3/$6 USD) - 2017/05/15 13:08:08 ET
Table 'Queteleta II' 6-max Seat #6 is the button
Seat 1: CatPuppy1999 ($74.50 in chips)
Seat 6: Norbert-04 ($100.70 in chips)
Norbert-04: posts small blind $1
CatPuppy1999: posts big blind $3
*** HOLE CARDS ***
Norbert-04: folds
Uncalled bet ($2) returned to CatPuppy1999
CatPuppy1999 collected $2 from pot
CatPuppy1999: doesn't show hand
*** SUMMARY ***
Total pot $2 | Rake $0
Seat 1: CatPuppy1999 (big blind) collected ($2)
Seat 6: Norbert-04 (button) (small blind) folded before Flop


PokerStars Hand #170458170617:  Hold'em Limit ($3/$6 USD) - 2017/05/15 13:07:28 ET
Table 'Queteleta II' 6-max Seat #1 is the button
Seat 1: CatPuppy1999 ($89.50 in chips)
Seat 6: Norbert-04 ($86.20 in chips)
CatPuppy1999: posts small blind $1
Norbert-04: posts big blind $3
*** HOLE CARDS ***
CatPuppy1999: raises $3 to $6
Norbert-04: calls $3
*** FLOP *** [Ac 2d Th]
Norbert-04: checks
CatPuppy1999: bets $3
Norbert-04: calls $3
*** TURN *** [Ac 2d Th] [6d]
Norbert-04: checks
CatPuppy1999: checks
*** RIVER *** [Ac 2d Th 6d] [3h]
Norbert-04: bets $6
CatPuppy1999: calls $6
*** SHOW DOWN ***
Norbert-04: shows [Ad 6s] (two pair, Aces and Sixes)
CatPuppy1999: mucks hand
Norbert-04 collected $29.50 from pot
*** SUMMARY ***
Total pot $30 | Rake $0.50
Board [Ac 2d Th 6d 3h]
Seat 1: CatPuppy1999 (button) (small blind) mucked
Seat 6: Norbert-04 (big blind) showed [Ad 6s] and won ($29.50) with two pair, Aces and Sixes


PokerStars Hand #170458157177:  Hold'em Limit ($3/$6 USD) - 2017/05/15 13:07:10 ET
Table 'Queteleta II' 6-max Seat #6 is the button
Seat 1: CatPuppy1999 ($72 in chips)
Seat 6: Norbert-04 ($104.20 in chips)
Norbert-04: posts small blind $1
CatPuppy1999: posts big blind $3
*** HOLE CARDS ***
Norbert-04: raises $3 to $6
CatPuppy1999: raises $3 to $9
Norbert-04: calls $3
*** FLOP *** [9c 7c 2h]
CatPuppy1999: bets $3
Norbert-04: calls $3
*** TURN *** [9c 7c 2h] [Jd]
CatPuppy1999: bets $6
Norbert-04: calls $6
*** RIVER *** [9c 7c 2h Jd] [2s]
CatPuppy1999: bets $6
Norbert-04: folds
Uncalled bet ($6) returned to CatPuppy1999
CatPuppy1999 collected $35.50 from pot
CatPuppy1999: doesn't show hand
*** SUMMARY ***
Total pot $36 | Rake $0.50
Board [9c 7c 2h Jd 2s]
Seat 1: CatPuppy1999 (big blind) collected ($35.50)
Seat 6: Norbert-04 (button) (small blind) folded on the River


PokerStars Hand #170458228959:  Hold'em Limit ($3/$6 USD) - 2017/05/15 13:08:44 ET
Table 'Queteleta II' 6-max Seat #6 is the button
Seat 1: CatPuppy1999 ($84.14 in chips)
Seat 6: Norbert-04 ($90.70 in chips)
Norbert-04: posts small blind $1
CatPuppy1999: posts big blind $3
*** HOLE CARDS ***
Norbert-04: raises $3 to $6
CatPuppy1999: raises $3 to $9
Norbert-04: raises $3 to $12
Betting is capped
CatPuppy1999: calls $3
*** FLOP *** [5h 3h 5s]
CatPuppy1999: checks
Norbert-04: bets $3
CatPuppy1999: calls $3
*** TURN *** [5h 3h 5s] [2s]
CatPuppy1999: checks
Norbert-04: bets $6
CatPuppy1999: raises $6 to $12
Norbert-04: raises $6 to $18
CatPuppy1999: calls $6
*** RIVER *** [5h 3h 5s 2s] [Ad]
CatPuppy1999: checks
Norbert-04: bets $6
CatPuppy1999: calls $6
*** SHOW DOWN ***
Norbert-04: shows [Js Jd] (two pair, Jacks and Fives)
CatPuppy1999: mucks hand
Norbert-04 collected $77.50 from pot
*** SUMMARY ***
Total pot $78 | Rake $0.50
Board [5h 3h 5s 2s Ad]
Seat 1: CatPuppy1999 (big blind) mucked
Seat 6: Norbert-04 (button) (small blind) showed [Js Jd] and won ($77.50) with two pair, Jacks and Fives


PokerStars Hand #170458205336:  Hold'em Limit ($3/$6 USD) - 2017/05/15 13:08:13 ET
Table 'Queteleta II' 6-max Seat #1 is the button
Seat 1: CatPuppy1999 ($75.50 in chips)
Seat 6: Norbert-04 ($99.70 in chips)
CatPuppy1999: posts small blind $1
Norbert-04: posts big blind $3
*** HOLE CARDS ***
CatPuppy1999: raises $3 to $6
Norbert-04: calls $3
*** FLOP *** [3s Qc 6d]
Norbert-04: checks
CatPuppy1999: bets $3
Norbert-04: calls $3
*** TURN *** [3s Qc 6d] [Qd]
Norbert-04: checks
CatPuppy1999: bets $6
Norbert-04: folds
Uncalled bet ($6) returned to CatPuppy1999
CatPuppy1999 collected $17.64 from pot
CatPuppy1999: doesn't show hand
*** SUMMARY ***
Total pot $18 | Rake $0.36
Board [3s Qc 6d Qd]
Seat 1: CatPuppy1999 (button) (small blind) collected ($17.64)
Seat 6: Norbert-04 (big blind) folded on the Turn


PokerStars Hand #170458278295:  Hold'em Limit ($3/$6 USD) - 2017/05/15 13:09:49 ET
Table 'Queteleta II' 6-max Seat #6 is the button
Seat 1: CatPuppy1999 ($80.64 in chips)
Seat 6: Norbert-04 ($120.20 in chips)
Norbert-04: posts small blind $1
CatPuppy1999: posts big blind $3
*** HOLE CARDS ***
Norbert-04: raises $3 to $6
CatPuppy1999: calls $3
*** FLOP *** [Qc 2d 6d]
CatPuppy1999: checks
Norbert-04: bets $3
CatPuppy1999: folds
Uncalled bet ($3) returned to Norbert-04
Norbert-04 collected $11.76 from pot
Norbert-04: doesn't show hand
*** SUMMARY ***
Total pot $12 | Rake $0.24
Board [Qc 2d 6d]
Seat 1: CatPuppy1999 (big blind) folded on the Flop
Seat 6: Norbert-04 (button) (small blind) collected ($11.76)


PokerStars Hand #170458252739:  Hold'em Limit ($3/$6 USD) - 2017/05/15 13:09:15 ET
Table 'Queteleta II' 6-max Seat #1 is the button
Seat 1: CatPuppy1999 ($72 in chips)
Seat 6: Norbert-04 ($129.20 in chips)
CatPuppy1999: posts small blind $1
Norbert-04: posts big blind $3
*** HOLE CARDS ***
CatPuppy1999: raises $3 to $6
Norbert-04: calls $3
*** FLOP *** [2h 7c 6s]
Norbert-04: checks
CatPuppy1999: bets $3
Norbert-04: calls $3
*** TURN *** [2h 7c 6s] [Jh]
Norbert-04: checks
CatPuppy1999: checks
*** RIVER *** [2h 7c 6s Jh] [As]
Norbert-04: checks
CatPuppy1999: checks
*** SHOW DOWN ***
Norbert-04: shows [Qd 5d] (high card Ace)
CatPuppy1999: shows [Kc Ts] (high card Ace - King kicker)
CatPuppy1999 collected $17.64 from pot
*** SUMMARY ***
Total pot $18 | Rake $0.36
Board [2h 7c 6s Jh As]
Seat 1: CatPuppy1999 (button) (small blind) showed [Kc Ts] and won ($17.64) with high card Ace
Seat 6: Norbert-04 (big blind) showed [Qd 5d] and lost with high card Ace


PokerStars Hand #170458332488:  Hold'em Limit ($3/$6 USD) - 2017/05/15 13:11:00 ET
Table 'Queteleta II' 6-max Seat #1 is the button
Seat 1: CatPuppy1999 ($72 in chips)
Seat 6: Norbert-04 ($140.36 in chips)
CatPuppy1999: posts small blind $1
Norbert-04: posts big blind $3
*** HOLE CARDS ***
CatPuppy1999: raises $3 to $6
Norbert-04: calls $3
*** FLOP *** [6s Th 6c]
Norbert-04: checks
CatPuppy1999: bets $3
Norbert-04: calls $3
*** TURN *** [6s Th 6c] [7h]
Norbert-04: checks
CatPuppy1999: bets $6
Norbert-04: calls $6
*** RIVER *** [6s Th 6c 7h] [5h]
Norbert-04: checks
CatPuppy1999: bets $6
Norbert-04: calls $6
*** SHOW DOWN ***
CatPuppy1999: shows [Td Ts] (a full house, Tens full of Sixes)
Norbert-04: mucks hand
CatPuppy1999 collected $41.50 from pot
*** SUMMARY ***
Total pot $42 | Rake $0.50
Board [6s Th 6c 7h 5h]
Seat 1: CatPuppy1999 (button) (small blind) showed [Td Ts] and won ($41.50) with a full house, Tens full of Sixes
Seat 6: Norbert-04 (big blind) mucked


PokerStars Hand #170458320056:  Hold'em Limit ($3/$6 USD) - 2017/05/15 13:10:44 ET
Table 'Queteleta II' 6-max Seat #6 is the button
Seat 1: CatPuppy1999 ($72 in chips)
Seat 6: Norbert-04 ($131.72 in chips)
Norbert-04: posts small blind $1
CatPuppy1999: posts big blind $3
*** HOLE CARDS ***
Norbert-04: raises $3 to $6
CatPuppy1999: calls $3
*** FLOP *** [3c 7h 9d]
CatPuppy1999: checks
Norbert-04: bets $3
CatPuppy1999: calls $3
*** TURN *** [3c 7h 9d] [6s]
CatPuppy1999: checks
Norbert-04: bets $6
CatPuppy1999: folds
Uncalled bet ($6) returned to Norbert-04
Norbert-04 collected $17.64 from pot
Norbert-04: doesn't show hand
*** SUMMARY ***
Total pot $18 | Rake $0.36
Board [3c 7h 9d 6s]
Seat 1: CatPuppy1999 (big blind) folded on the Turn
Seat 6: Norbert-04 (button) (small blind) collected ($17.64)


PokerStars Hand #170458303297:  Hold'em Limit ($3/$6 USD) - 2017/05/15 13:10:22 ET
Table 'Queteleta II' 6-max Seat #1 is the button
Seat 1: CatPuppy1999 ($74.64 in chips)
Seat 6: Norbert-04 ($125.96 in chips)
CatPuppy1999: posts small blind $1
Norbert-04: posts big blind $3
*** HOLE CARDS ***
CatPuppy1999: raises $3 to $6
Norbert-04: calls $3
*** FLOP *** [2d 8s 6s]
Norbert-04: checks
CatPuppy1999: checks
*** TURN *** [2d 8s 6s] [6d]
Norbert-04: bets $6
CatPuppy1999: folds
Uncalled bet ($6) returned to Norbert-04
Norbert-04 collected $11.76 from pot
Norbert-04: doesn't show hand
*** SUMMARY ***
Total pot $12 | Rake $0.24
Board [2d 8s 6s 6d]
Seat 1: CatPuppy1999 (button) (small blind) folded on the Turn
Seat 6: Norbert-04 (big blind) collected ($11.76)


PokerStars Hand #170458351484:  Hold'em Limit ($3/$6 USD) - 2017/05/15 13:11:24 ET
Table 'Queteleta II' 6-max Seat #6 is the button
Seat 1: CatPuppy1999 ($92.50 in chips)
Seat 6: Norbert-04 ($119.36 in chips)
Norbert-04: posts small blind $1
CatPuppy1999: posts big blind $3
*** HOLE CARDS ***
Norbert-04: folds
Uncalled bet ($2) returned to CatPuppy1999
CatPuppy1999 collected $2 from pot
CatPuppy1999: doesn't show hand
*** SUMMARY ***
Total pot $2 | Rake $0
Seat 1: CatPuppy1999 (big blind) collected ($2)
Seat 6: Norbert-04 (button) (small blind) folded before Flop


PokerStars Hand #170458354890:  Hold'em Limit ($3/$6 USD) - 2017/05/15 13:11:28 ET
Table 'Queteleta II' 6-max Seat #1 is the button
Seat 1: CatPuppy1999 ($93.50 in chips)
Seat 6: Norbert-04 ($118.36 in chips)
CatPuppy1999: posts small blind $1
Norbert-04: posts big blind $3
*** HOLE CARDS ***
CatPuppy1999: raises $3 to $6
Norbert-04: calls $3
*** FLOP *** [Ad 7s 5h]
Norbert-04: checks
CatPuppy1999: bets $3
Norbert-04: calls $3
*** TURN *** [Ad 7s 5h] [Js]
Norbert-04: checks
rascal_319 joins the table at seat #2
CatPuppy1999: checks
*** RIVER *** [Ad 7s 5h Js] [5c]
Norbert-04: bets $6
CatPuppy1999: folds
Uncalled bet ($6) returned to Norbert-04
Norbert-04 collected $17.64 from pot
Norbert-04: doesn't show hand
*** SUMMARY ***
Total pot $18 | Rake $0.36
Board [Ad 7s 5h Js 5c]
Seat 1: CatPuppy1999 (button) (small blind) folded on the River
Seat 6: Norbert-04 (big blind) collected ($17.64)


PokerStars Hand #170458374408:  Hold'em Limit ($3/$6 USD) - 2017/05/15 13:11:54 ET
Table 'Queteleta II' 6-max Seat #6 is the button
Seat 1: CatPuppy1999 ($84.50 in chips)
Seat 6: Norbert-04 ($127 in chips)
Norbert-04: posts small blind $1
CatPuppy1999: posts big blind $3
*** HOLE CARDS ***
Norbert-04: folds
Uncalled bet ($2) returned to CatPuppy1999
CatPuppy1999 collected $2 from pot
CatPuppy1999: doesn't show hand
*** SUMMARY ***
Total pot $2 | Rake $0
Seat 1: CatPuppy1999 (big blind) collected ($2)
Seat 6: Norbert-04 (button) (small blind) folded before Flop


PokerStars Hand #170466630959:  Hold'em Limit ($3/$6 USD) - 2017/05/15 15:52:08 ET
Table 'Queteleta II' 6-max Seat #1 is the button
Seat 1: rascal_319 ($95.43 in chips)
Seat 3: krytalex ($248.14 in chips)
MadFox666 will be allowed to play after the button
rascal_319: posts small blind $1
AKADoDoubleG: is sitting out
krytalex: posts big blind $3
*** HOLE CARDS ***
rascal_319: folds
Uncalled bet ($2) returned to krytalex
krytalex collected $2 from pot
*** SUMMARY ***
Total pot $2 | Rake $0
Seat 1: rascal_319 (button) (small blind) folded before Flop
Seat 3: krytalex (big blind) collected ($2)


PokerStars Hand #170470273011:  Hold'em Limit ($3/$6 USD) - 2017/05/15 16:59:26 ET
Table 'Queteleta II' 6-max Seat #4 is the button
Seat 3: krytalex ($369 in chips)
Seat 4: Korish9506 ($7 in chips)
Korish9506: posts small blind $1
VolkovDmitri: is sitting out
krytalex: posts big blind $3
*** HOLE CARDS ***
VolkovDmitri leaves the table
Korish9506: calls $2
krytalex: raises $3 to $6
Korish9506: calls $3
*** FLOP *** [7d Kd 6c]
krytalex: bets $3
Korish9506: calls $1 and is all-in
Uncalled bet ($2) returned to krytalex
*** TURN *** [7d Kd 6c] [Tc]
*** RIVER *** [7d Kd 6c Tc] [Ks]
*** SHOW DOWN ***
krytalex: shows [8c Kh] (three of a kind, Kings)
Korish9506: shows [6d 9c] (two pair, Kings and Sixes)
krytalex collected $13.72 from pot
*** SUMMARY ***
Total pot $14 | Rake $0.28
Board [7d Kd 6c Tc Ks]
Seat 3: krytalex (big blind) showed [8c Kh] and won ($13.72) with three of a kind, Kings
Seat 4: Korish9506 (button) (small blind) showed [6d 9c] and lost with two pair, Kings and Sixes


