PokerStars Hand #159027612093:  Hold'em Limit ($3/$6 USD) - 2016/09/24 10:35:40 ET
Table 'Queteleta' 6-max Seat #1 is the button
Seat 1: my genitals ($136.26 in chips)
Seat 4: VolkovDmitri ($126.76 in chips)
my genitals: posts small blind $1
VolkovDmitri: posts big blind $3
*** HOLE CARDS ***
my genitals: folds
Uncalled bet ($2) returned to VolkovDmitri
VolkovDmitri collected $2 from pot
VolkovDmitri: doesn't show hand
*** SUMMARY ***
Total pot $2 | Rake $0
Seat 1: my genitals (button) (small blind) folded before Flop
Seat 4: VolkovDmitri (big blind) collected ($2)


PokerStars Hand #159027605168:  Hold'em Limit ($3/$6 USD) - 2016/09/24 10:35:29 ET
Table 'Queteleta' 6-max Seat #4 is the button
Seat 1: my genitals ($142.26 in chips)
Seat 4: VolkovDmitri ($121 in chips)
VolkovDmitri: posts small blind $1
my genitals: posts big blind $3
*** HOLE CARDS ***
VolkovDmitri: raises $3 to $6
my genitals: calls $3
*** FLOP *** [Ks 7h 3c]
my genitals: checks
VolkovDmitri: bets $3
my genitals: folds
Uncalled bet ($3) returned to VolkovDmitri
VolkovDmitri collected $11.76 from pot
VolkovDmitri: doesn't show hand
*** SUMMARY ***
Total pot $12 | Rake $0.24
Board [Ks 7h 3c]
Seat 1: my genitals (big blind) folded on the Flop
Seat 4: VolkovDmitri (button) (small blind) collected ($11.76)


PokerStars Hand #159027600907:  Hold'em Limit ($3/$6 USD) - 2016/09/24 10:35:22 ET
Table 'Queteleta' 6-max Seat #1 is the button
Seat 1: my genitals ($143.26 in chips)
Seat 4: VolkovDmitri ($120 in chips)
my genitals: posts small blind $1
VolkovDmitri: posts big blind $3
*** HOLE CARDS ***
my genitals: folds
Uncalled bet ($2) returned to VolkovDmitri
VolkovDmitri collected $2 from pot
VolkovDmitri: doesn't show hand
*** SUMMARY ***
Total pot $2 | Rake $0
Seat 1: my genitals (button) (small blind) folded before Flop
Seat 4: VolkovDmitri (big blind) collected ($2)


PokerStars Hand #159027582716:  Hold'em Limit ($3/$6 USD) - 2016/09/24 10:34:52 ET
Table 'Queteleta' 6-max Seat #4 is the button
Seat 1: my genitals ($125.76 in chips)
Seat 4: VolkovDmitri ($120 in chips)
VolkovDmitri: posts small blind $1
my genitals: posts big blind $3
*** HOLE CARDS ***
VolkovDmitri: raises $3 to $6
my genitals: raises $3 to $9
VolkovDmitri: calls $3
*** FLOP *** [7c 5d 9h]
my genitals: bets $3
VolkovDmitri: calls $3
*** TURN *** [7c 5d 9h] [5s]
my genitals: bets $6
VolkovDmitri: calls $6
*** RIVER *** [7c 5d 9h 5s] [2d]
my genitals: bets $6
VolkovDmitri: folds
Uncalled bet ($6) returned to my genitals
my genitals collected $35.50 from pot
my genitals: doesn't show hand
*** SUMMARY ***
Total pot $36 | Rake $0.50
Board [7c 5d 9h 5s 2d]
Seat 1: my genitals (big blind) collected ($35.50)
Seat 4: VolkovDmitri (button) (small blind) folded on the River


PokerStars Hand #159027615048:  Hold'em Limit ($3/$6 USD) - 2016/09/24 10:35:45 ET
Table 'Queteleta' 6-max Seat #4 is the button
Seat 1: my genitals ($135.26 in chips)
Seat 4: VolkovDmitri ($127.76 in chips)
VolkovDmitri: posts small blind $1
my genitals: posts big blind $3
*** HOLE CARDS ***
VolkovDmitri: raises $3 to $6
my genitals: calls $3
*** FLOP *** [6c 9d 5h]
my genitals: checks
VolkovDmitri: bets $3
my genitals: raises $3 to $6
VolkovDmitri: calls $3
*** TURN *** [6c 9d 5h] [3c]
my genitals: bets $6
VolkovDmitri: calls $6
*** RIVER *** [6c 9d 5h 3c] [Qs]
my genitals: checks
VolkovDmitri: checks
*** SHOW DOWN ***
my genitals: shows [7c 9s] (a pair of Nines)
VolkovDmitri: mucks hand
my genitals collected $35.50 from pot
*** SUMMARY ***
Total pot $36 | Rake $0.50
Board [6c 9d 5h 3c Qs]
Seat 1: my genitals (big blind) showed [7c 9s] and won ($35.50) with a pair of Nines
Seat 4: VolkovDmitri (button) (small blind) mucked


PokerStars Hand #159027688332:  Hold'em Limit ($3/$6 USD) - 2016/09/24 10:37:46 ET
Table 'Queteleta' 6-max Seat #1 is the button
Seat 1: my genitals ($160.40 in chips)
Seat 3: ADAM-BOS1 ($54 in chips)
my genitals: posts small blind $1
ADAM-BOS1: posts big blind $3
*** HOLE CARDS ***
my genitals: folds
Uncalled bet ($2) returned to ADAM-BOS1
ADAM-BOS1 collected $2 from pot
ADAM-BOS1: doesn't show hand
*** SUMMARY ***
Total pot $2 | Rake $0
Seat 1: my genitals (button) (small blind) folded before Flop
Seat 3: ADAM-BOS1 (big blind) collected ($2)


PokerStars Hand #159027659741:  Hold'em Limit ($3/$6 USD) - 2016/09/24 10:36:59 ET
Table 'Queteleta' 6-max Seat #4 is the button
Seat 1: my genitals ($151.76 in chips)
Seat 4: VolkovDmitri ($121 in chips)
VolkovDmitri: posts small blind $1
my genitals: posts big blind $3
*** HOLE CARDS ***
VolkovDmitri: raises $3 to $6
my genitals: calls $3
*** FLOP *** [Qc 3h Ad]
my genitals: checks
ADAM-BOS1 joins the table at seat #3
VolkovDmitri: bets $3
my genitals: calls $3
*** TURN *** [Qc 3h Ad] [2d]
my genitals: checks
VolkovDmitri: checks
*** RIVER *** [Qc 3h Ad 2d] [As]
my genitals: bets $6
VolkovDmitri: folds
Uncalled bet ($6) returned to my genitals
my genitals collected $17.64 from pot
*** SUMMARY ***
Total pot $18 | Rake $0.36
Board [Qc 3h Ad 2d As]
Seat 1: my genitals (big blind) collected ($17.64)
Seat 4: VolkovDmitri (button) (small blind) folded on the River


PokerStars Hand #159027656708:  Hold'em Limit ($3/$6 USD) - 2016/09/24 10:36:54 ET
Table 'Queteleta' 6-max Seat #1 is the button
Seat 1: my genitals ($152.76 in chips)
Seat 4: VolkovDmitri ($120 in chips)
my genitals: posts small blind $1
VolkovDmitri: posts big blind $3
*** HOLE CARDS ***
my genitals: folds
Uncalled bet ($2) returned to VolkovDmitri
VolkovDmitri collected $2 from pot
VolkovDmitri: doesn't show hand
*** SUMMARY ***
Total pot $2 | Rake $0
Seat 1: my genitals (button) (small blind) folded before Flop
Seat 4: VolkovDmitri (big blind) collected ($2)


PokerStars Hand #159027716246:  Hold'em Limit ($3/$6 USD) - 2016/09/24 10:38:33 ET
Table 'Queteleta' 6-max Seat #1 is the button
Seat 1: my genitals ($127.40 in chips)
Seat 3: ADAM-BOS1 ($86.26 in chips)
my genitals: posts small blind $1
ADAM-BOS1: posts big blind $3
*** HOLE CARDS ***
my genitals: folds
Uncalled bet ($2) returned to ADAM-BOS1
ADAM-BOS1 collected $2 from pot
ADAM-BOS1: doesn't show hand
*** SUMMARY ***
Total pot $2 | Rake $0
Seat 1: my genitals (button) (small blind) folded before Flop
Seat 3: ADAM-BOS1 (big blind) collected ($2)


PokerStars Hand #159027705520:  Hold'em Limit ($3/$6 USD) - 2016/09/24 10:38:15 ET
Table 'Queteleta' 6-max Seat #3 is the button
Seat 1: my genitals ($154.40 in chips)
Seat 3: ADAM-BOS1 ($59.76 in chips)
ADAM-BOS1: posts small blind $1
my genitals: posts big blind $3
*** HOLE CARDS ***
ADAM-BOS1: raises $3 to $6
my genitals: calls $3
*** FLOP *** [7s 2h 3s]
my genitals: checks
ADAM-BOS1: bets $3
my genitals: calls $3
*** TURN *** [7s 2h 3s] [6h]
my genitals: checks
ADAM-BOS1: bets $6
my genitals: calls $6
*** RIVER *** [7s 2h 3s 6h] [4d]
my genitals: checks
ADAM-BOS1: bets $6
my genitals: raises $6 to $12
ADAM-BOS1: calls $6
*** SHOW DOWN ***
my genitals: shows [4s 2s] (two pair, Fours and Deuces)
ADAM-BOS1: shows [6d 7d] (two pair, Sevens and Sixes)
ADAM-BOS1 collected $53.50 from pot
*** SUMMARY ***
Total pot $54 | Rake $0.50
Board [7s 2h 3s 6h 4d]
Seat 1: my genitals (big blind) showed [4s 2s] and lost with two pair, Fours and Deuces
Seat 3: ADAM-BOS1 (button) (small blind) showed [6d 7d] and won ($53.50) with two pair, Sevens and Sixes


PokerStars Hand #159027699888:  Hold'em Limit ($3/$6 USD) - 2016/09/24 10:38:05 ET
Table 'Queteleta' 6-max Seat #1 is the button
Seat 1: my genitals ($160.40 in chips)
Seat 3: ADAM-BOS1 ($54 in chips)
my genitals: posts small blind $1
ADAM-BOS1: posts big blind $3
*** HOLE CARDS ***
my genitals: calls $2
ADAM-BOS1: raises $3 to $6
my genitals: calls $3
*** FLOP *** [5d 4d Ks]
ADAM-BOS1: bets $3
my genitals: folds
Uncalled bet ($3) returned to ADAM-BOS1
ADAM-BOS1 collected $11.76 from pot
ADAM-BOS1: doesn't show hand
*** SUMMARY ***
Total pot $12 | Rake $0.24
Board [5d 4d Ks]
Seat 1: my genitals (button) (small blind) folded on the Flop
Seat 3: ADAM-BOS1 (big blind) collected ($11.76)


PokerStars Hand #159027696927:  Hold'em Limit ($3/$6 USD) - 2016/09/24 10:38:00 ET
Table 'Queteleta' 6-max Seat #3 is the button
Seat 1: my genitals ($159.40 in chips)
Seat 3: ADAM-BOS1 ($55 in chips)
ADAM-BOS1: posts small blind $1
my genitals: posts big blind $3
*** HOLE CARDS ***
ADAM-BOS1: folds
Uncalled bet ($2) returned to my genitals
my genitals collected $2 from pot
my genitals: doesn't show hand
*** SUMMARY ***
Total pot $2 | Rake $0
Seat 1: my genitals (big blind) collected ($2)
Seat 3: ADAM-BOS1 (button) (small blind) folded before Flop


PokerStars Hand #159027694223:  Hold'em Limit ($3/$6 USD) - 2016/09/24 10:37:56 ET
Table 'Queteleta' 6-max Seat #1 is the button
Seat 1: my genitals ($160.40 in chips)
Seat 3: ADAM-BOS1 ($54 in chips)
my genitals: posts small blind $1
ADAM-BOS1: posts big blind $3
*** HOLE CARDS ***
my genitals: folds
Uncalled bet ($2) returned to ADAM-BOS1
ADAM-BOS1 collected $2 from pot
ADAM-BOS1: doesn't show hand
*** SUMMARY ***
Total pot $2 | Rake $0
Seat 1: my genitals (button) (small blind) folded before Flop
Seat 3: ADAM-BOS1 (big blind) collected ($2)


PokerStars Hand #159027691094:  Hold'em Limit ($3/$6 USD) - 2016/09/24 10:37:51 ET
Table 'Queteleta' 6-max Seat #3 is the button
Seat 1: my genitals ($159.40 in chips)
Seat 3: ADAM-BOS1 ($55 in chips)
VolkovDmitri leaves the table
ADAM-BOS1: posts small blind $1
my genitals: posts big blind $3
*** HOLE CARDS ***
ADAM-BOS1: folds
Uncalled bet ($2) returned to my genitals
my genitals collected $2 from pot
my genitals: doesn't show hand
*** SUMMARY ***
Total pot $2 | Rake $0
Seat 1: my genitals (big blind) collected ($2)
Seat 3: ADAM-BOS1 (button) (small blind) folded before Flop


PokerStars Hand #159027760523:  Hold'em Limit ($3/$6 USD) - 2016/09/24 10:39:47 ET
Table 'Queteleta' 6-max Seat #1 is the button
Seat 1: my genitals ($110.04 in chips)
Seat 3: ADAM-BOS1 ($102.52 in chips)
my genitals: posts small blind $1
ADAM-BOS1: posts big blind $3
*** HOLE CARDS ***
my genitals: folds
Uncalled bet ($2) returned to ADAM-BOS1
ADAM-BOS1 collected $2 from pot
ADAM-BOS1: doesn't show hand
*** SUMMARY ***
Total pot $2 | Rake $0
Seat 1: my genitals (button) (small blind) folded before Flop
Seat 3: ADAM-BOS1 (big blind) collected ($2)


PokerStars Hand #159027752867:  Hold'em Limit ($3/$6 USD) - 2016/09/24 10:39:34 ET
Table 'Queteleta' 6-max Seat #3 is the button
Seat 1: my genitals ($116.04 in chips)
Seat 3: ADAM-BOS1 ($96.76 in chips)
ADAM-BOS1: posts small blind $1
my genitals: posts big blind $3
*** HOLE CARDS ***
ADAM-BOS1: raises $3 to $6
my genitals: calls $3
*** FLOP *** [8s 7d 7h]
my genitals: checks
ADAM-BOS1: bets $3
my genitals: folds
Uncalled bet ($3) returned to ADAM-BOS1
ADAM-BOS1 collected $11.76 from pot
ADAM-BOS1: doesn't show hand
*** SUMMARY ***
Total pot $12 | Rake $0.24
Board [8s 7d 7h]
Seat 1: my genitals (big blind) folded on the Flop
Seat 3: ADAM-BOS1 (button) (small blind) collected ($11.76)


PokerStars Hand #159027750253:  Hold'em Limit ($3/$6 USD) - 2016/09/24 10:39:30 ET
Table 'Queteleta' 6-max Seat #1 is the button
Seat 1: my genitals ($117.04 in chips)
Seat 3: ADAM-BOS1 ($95.76 in chips)
my genitals: posts small blind $1
ADAM-BOS1: posts big blind $3
*** HOLE CARDS ***
my genitals: folds
Uncalled bet ($2) returned to ADAM-BOS1
ADAM-BOS1 collected $2 from pot
ADAM-BOS1: doesn't show hand
*** SUMMARY ***
Total pot $2 | Rake $0
Seat 1: my genitals (button) (small blind) folded before Flop
Seat 3: ADAM-BOS1 (big blind) collected ($2)


PokerStars Hand #159027730150:  Hold'em Limit ($3/$6 USD) - 2016/09/24 10:38:56 ET
Table 'Queteleta' 6-max Seat #1 is the button
Seat 1: my genitals ($108.40 in chips)
Seat 3: ADAM-BOS1 ($104.76 in chips)
my genitals: posts small blind $1
ADAM-BOS1: posts big blind $3
*** HOLE CARDS ***
my genitals: calls $2
ADAM-BOS1: checks
*** FLOP *** [Qs 2c 6c]
ADAM-BOS1: checks
my genitals: checks
*** TURN *** [Qs 2c 6c] [8h]
ADAM-BOS1: checks
my genitals: checks
*** RIVER *** [Qs 2c 6c 8h] [4d]
ADAM-BOS1: checks
my genitals: checks
*** SHOW DOWN ***
ADAM-BOS1: shows [7h 3s] (high card Queen)
my genitals: shows [Jd Th] (high card Queen - Jack kicker)
my genitals collected $5.88 from pot
*** SUMMARY ***
Total pot $6 | Rake $0.12
Board [Qs 2c 6c 8h 4d]
Seat 1: my genitals (button) (small blind) showed [Jd Th] and won ($5.88) with high card Queen
Seat 3: ADAM-BOS1 (big blind) showed [7h 3s] and lost with high card Queen


PokerStars Hand #159027719300:  Hold'em Limit ($3/$6 USD) - 2016/09/24 10:38:38 ET
Table 'Queteleta' 6-max Seat #3 is the button
Seat 1: my genitals ($126.40 in chips)
Seat 3: ADAM-BOS1 ($87.26 in chips)
ADAM-BOS1: posts small blind $1
my genitals: posts big blind $3
*** HOLE CARDS ***
ADAM-BOS1: raises $3 to $6
my genitals: calls $3
*** FLOP *** [Ks 6s 6h]
my genitals: checks
ADAM-BOS1: bets $3
my genitals: raises $3 to $6
ADAM-BOS1: calls $3
*** TURN *** [Ks 6s 6h] [2s]
my genitals: checks
ADAM-BOS1: checks
*** RIVER *** [Ks 6s 6h 2s] [Ts]
my genitals: checks
ADAM-BOS1: bets $6
my genitals: calls $6
*** SHOW DOWN ***
ADAM-BOS1: shows [Th Td] (a full house, Tens full of Sixes)
my genitals: mucks hand
ADAM-BOS1 collected $35.50 from pot
*** SUMMARY ***
Total pot $36 | Rake $0.50
Board [Ks 6s 6h 2s Ts]
Seat 1: my genitals (big blind) mucked
Seat 3: ADAM-BOS1 (button) (small blind) showed [Th Td] and won ($35.50) with a full house, Tens full of Sixes


PokerStars Hand #159027795091:  Hold'em Limit ($3/$6 USD) - 2016/09/24 10:40:44 ET
Table 'Queteleta' 6-max Seat #1 is the button
Seat 1: my genitals ($108.80 in chips)
Seat 3: ADAM-BOS1 ($103.28 in chips)
my genitals: posts small blind $1
ADAM-BOS1: posts big blind $3
*** HOLE CARDS ***
my genitals: folds
Uncalled bet ($2) returned to ADAM-BOS1
ADAM-BOS1 collected $2 from pot
ADAM-BOS1: doesn't show hand
*** SUMMARY ***
Total pot $2 | Rake $0
Seat 1: my genitals (button) (small blind) folded before Flop
Seat 3: ADAM-BOS1 (big blind) collected ($2)


PokerStars Hand #159027792215:  Hold'em Limit ($3/$6 USD) - 2016/09/24 10:40:39 ET
Table 'Queteleta' 6-max Seat #3 is the button
Seat 1: my genitals ($107.80 in chips)
Seat 3: ADAM-BOS1 ($104.28 in chips)
ADAM-BOS1: posts small blind $1
my genitals: posts big blind $3
*** HOLE CARDS ***
ADAM-BOS1: folds
Uncalled bet ($2) returned to my genitals
my genitals collected $2 from pot
my genitals: doesn't show hand
*** SUMMARY ***
Total pot $2 | Rake $0
Seat 1: my genitals (big blind) collected ($2)
Seat 3: ADAM-BOS1 (button) (small blind) folded before Flop


PokerStars Hand #159027784275:  Hold'em Limit ($3/$6 USD) - 2016/09/24 10:40:26 ET
Table 'Queteleta' 6-max Seat #1 is the button
Seat 1: my genitals ($102.04 in chips)
Seat 3: ADAM-BOS1 ($110.28 in chips)
my genitals: posts small blind $1
ADAM-BOS1: posts big blind $3
*** HOLE CARDS ***
my genitals: raises $3 to $6
ADAM-BOS1: calls $3
*** FLOP *** [7d 9c Jh]
ADAM-BOS1: checks
my genitals: bets $3
ADAM-BOS1: folds
Uncalled bet ($3) returned to my genitals
my genitals collected $11.76 from pot
my genitals: doesn't show hand
*** SUMMARY ***
Total pot $12 | Rake $0.24
Board [7d 9c Jh]
Seat 1: my genitals (button) (small blind) collected ($11.76)
Seat 3: ADAM-BOS1 (big blind) folded on the Flop


PokerStars Hand #159027777590:  Hold'em Limit ($3/$6 USD) - 2016/09/24 10:40:15 ET
Table 'Queteleta' 6-max Seat #3 is the button
Seat 1: my genitals ($105.04 in chips)
Seat 3: ADAM-BOS1 ($107.40 in chips)
ADAM-BOS1: posts small blind $1
my genitals: posts big blind $3
*** HOLE CARDS ***
ADAM-BOS1: calls $2
my genitals: checks
*** FLOP *** [Qc Qh 8h]
my genitals: checks
ADAM-BOS1: bets $3
my genitals: folds
Uncalled bet ($3) returned to ADAM-BOS1
ADAM-BOS1 collected $5.88 from pot
ADAM-BOS1: doesn't show hand
*** SUMMARY ***
Total pot $6 | Rake $0.12
Board [Qc Qh 8h]
Seat 1: my genitals (big blind) folded on the Flop
Seat 3: ADAM-BOS1 (button) (small blind) collected ($5.88)


PokerStars Hand #159027774736:  Hold'em Limit ($3/$6 USD) - 2016/09/24 10:40:10 ET
Table 'Queteleta' 6-max Seat #1 is the button
Seat 1: my genitals ($106.04 in chips)
Seat 3: ADAM-BOS1 ($106.40 in chips)
my genitals: posts small blind $1
ADAM-BOS1: posts big blind $3
*** HOLE CARDS ***
my genitals: folds
Uncalled bet ($2) returned to ADAM-BOS1
ADAM-BOS1 collected $2 from pot
ADAM-BOS1: doesn't show hand
*** SUMMARY ***
Total pot $2 | Rake $0
Seat 1: my genitals (button) (small blind) folded before Flop
Seat 3: ADAM-BOS1 (big blind) collected ($2)


PokerStars Hand #159027771542:  Hold'em Limit ($3/$6 USD) - 2016/09/24 10:40:05 ET
Table 'Queteleta' 6-max Seat #3 is the button
Seat 1: my genitals ($105.04 in chips)
Seat 3: ADAM-BOS1 ($107.40 in chips)
ADAM-BOS1: posts small blind $1
my genitals: posts big blind $3
*** HOLE CARDS ***
ADAM-BOS1: folds
Uncalled bet ($2) returned to my genitals
my genitals collected $2 from pot
my genitals: doesn't show hand
*** SUMMARY ***
Total pot $2 | Rake $0
Seat 1: my genitals (big blind) collected ($2)
Seat 3: ADAM-BOS1 (button) (small blind) folded before Flop


PokerStars Hand #159027768842:  Hold'em Limit ($3/$6 USD) - 2016/09/24 10:40:00 ET
Table 'Queteleta' 6-max Seat #1 is the button
Seat 1: my genitals ($106.04 in chips)
Seat 3: ADAM-BOS1 ($106.40 in chips)
my genitals: posts small blind $1
ADAM-BOS1: posts big blind $3
*** HOLE CARDS ***
my genitals: folds
Uncalled bet ($2) returned to ADAM-BOS1
ADAM-BOS1 collected $2 from pot
ADAM-BOS1: doesn't show hand
*** SUMMARY ***
Total pot $2 | Rake $0
Seat 1: my genitals (button) (small blind) folded before Flop
Seat 3: ADAM-BOS1 (big blind) collected ($2)


PokerStars Hand #159027763223:  Hold'em Limit ($3/$6 USD) - 2016/09/24 10:39:51 ET
Table 'Queteleta' 6-max Seat #3 is the button
Seat 1: my genitals ($109.04 in chips)
Seat 3: ADAM-BOS1 ($103.52 in chips)
ADAM-BOS1: posts small blind $1
my genitals: posts big blind $3
*** HOLE CARDS ***
ADAM-BOS1: calls $2
my genitals: checks
*** FLOP *** [Js Td Jh]
my genitals: checks
ADAM-BOS1: bets $3
my genitals: folds
Uncalled bet ($3) returned to ADAM-BOS1
ADAM-BOS1 collected $5.88 from pot
ADAM-BOS1: doesn't show hand
*** SUMMARY ***
Total pot $6 | Rake $0.12
Board [Js Td Jh]
Seat 1: my genitals (big blind) folded on the Flop
Seat 3: ADAM-BOS1 (button) (small blind) collected ($5.88)


PokerStars Hand #159027831370:  Hold'em Limit ($3/$6 USD) - 2016/09/24 10:41:44 ET
Table 'Queteleta' 6-max Seat #3 is the button
Seat 1: my genitals ($112.30 in chips)
Seat 3: ADAM-BOS1 ($98.78 in chips)
ADAM-BOS1: posts small blind $1
my genitals: posts big blind $3
*** HOLE CARDS ***
ADAM-BOS1: folds
Uncalled bet ($2) returned to my genitals
my genitals collected $2 from pot
my genitals: doesn't show hand
*** SUMMARY ***
Total pot $2 | Rake $0
Seat 1: my genitals (big blind) collected ($2)
Seat 3: ADAM-BOS1 (button) (small blind) folded before Flop


PokerStars Hand #159027828913:  Hold'em Limit ($3/$6 USD) - 2016/09/24 10:41:40 ET
Table 'Queteleta' 6-max Seat #1 is the button
Seat 1: my genitals ($113.30 in chips)
Seat 3: ADAM-BOS1 ($97.78 in chips)
my genitals: posts small blind $1
ADAM-BOS1: posts big blind $3
*** HOLE CARDS ***
my genitals: folds
Uncalled bet ($2) returned to ADAM-BOS1
ADAM-BOS1 collected $2 from pot
ADAM-BOS1: doesn't show hand
*** SUMMARY ***
Total pot $2 | Rake $0
Seat 1: my genitals (button) (small blind) folded before Flop
Seat 3: ADAM-BOS1 (big blind) collected ($2)


PokerStars Hand #159027821354:  Hold'em Limit ($3/$6 USD) - 2016/09/24 10:41:27 ET
Table 'Queteleta' 6-max Seat #3 is the button
Seat 1: my genitals ($116.30 in chips)
Seat 3: ADAM-BOS1 ($94.78 in chips)
ADAM-BOS1: posts small blind $1
my genitals: posts big blind $3
*** HOLE CARDS ***
ADAM-BOS1: raises $3 to $6
my genitals: folds
Uncalled bet ($3) returned to ADAM-BOS1
ADAM-BOS1 collected $6 from pot
ADAM-BOS1: doesn't show hand
*** SUMMARY ***
Total pot $6 | Rake $0
Seat 1: my genitals (big blind) folded before Flop
Seat 3: ADAM-BOS1 (button) (small blind) collected ($6)


PokerStars Hand #159027807143:  Hold'em Limit ($3/$6 USD) - 2016/09/24 10:41:04 ET
Table 'Queteleta' 6-max Seat #1 is the button
Seat 1: my genitals ($92.80 in chips)
Seat 3: ADAM-BOS1 ($118.78 in chips)
my genitals: posts small blind $1
ADAM-BOS1: posts big blind $3
*** HOLE CARDS ***
my genitals: raises $3 to $6
ADAM-BOS1: raises $3 to $9
my genitals: calls $3
*** FLOP *** [6s Jh 7d]
ADAM-BOS1: bets $3
my genitals: calls $3
*** TURN *** [6s Jh 7d] [2s]
ADAM-BOS1: bets $6
my genitals: calls $6
*** RIVER *** [6s Jh 7d 2s] [7h]
ADAM-BOS1: checks
my genitals: bets $6
ADAM-BOS1: calls $6
*** SHOW DOWN ***
my genitals: shows [Kh Jc] (two pair, Jacks and Sevens)
ADAM-BOS1: mucks hand
my genitals collected $47.50 from pot
*** SUMMARY ***
Total pot $48 | Rake $0.50
Board [6s Jh 7d 2s 7h]
Seat 1: my genitals (button) (small blind) showed [Kh Jc] and won ($47.50) with two pair, Jacks and Sevens
Seat 3: ADAM-BOS1 (big blind) mucked


PokerStars Hand #159027797955:  Hold'em Limit ($3/$6 USD) - 2016/09/24 10:40:49 ET
Table 'Queteleta' 6-max Seat #3 is the button
Seat 1: my genitals ($107.80 in chips)
Seat 3: ADAM-BOS1 ($104.28 in chips)
ADAM-BOS1: posts small blind $1
my genitals: posts big blind $3
*** HOLE CARDS ***
ADAM-BOS1: raises $3 to $6
my genitals: calls $3
*** FLOP *** [As Ac 3h]
my genitals: checks
ADAM-BOS1: bets $3
my genitals: calls $3
*** TURN *** [As Ac 3h] [9h]
my genitals: checks
ADAM-BOS1: checks
*** RIVER *** [As Ac 3h 9h] [8s]
my genitals: checks
ADAM-BOS1: bets $6
my genitals: calls $6
*** SHOW DOWN ***
ADAM-BOS1: shows [6h Ad] (three of a kind, Aces)
my genitals: mucks hand
ADAM-BOS1 collected $29.50 from pot
*** SUMMARY ***
Total pot $30 | Rake $0.50
Board [As Ac 3h 9h 8s]
Seat 1: my genitals (big blind) mucked
Seat 3: ADAM-BOS1 (button) (small blind) showed [6h Ad] and won ($29.50) with three of a kind, Aces


PokerStars Hand #159027854131:  Hold'em Limit ($3/$6 USD) - 2016/09/24 10:42:21 ET
Table 'Queteleta' 6-max Seat #1 is the button
Seat 1: my genitals ($94.30 in chips)
Seat 3: ADAM-BOS1 ($116.18 in chips)
my genitals: posts small blind $1
ADAM-BOS1: posts big blind $3
*** HOLE CARDS ***
my genitals: calls $2
ADAM-BOS1: checks
*** FLOP *** [6c 8h Kc]
ADAM-BOS1: bets $3
my genitals: calls $3
*** TURN *** [6c 8h Kc] [5d]
ADAM-BOS1: bets $6
my genitals: calls $6
*** RIVER *** [6c 8h Kc 5d] [6s]
ADAM-BOS1: bets $6
my genitals: calls $6
*** SHOW DOWN ***
ADAM-BOS1: shows [4c 8d] (two pair, Eights and Sixes)
my genitals: shows [Ks Jh] (two pair, Kings and Sixes)
my genitals collected $35.50 from pot
*** SUMMARY ***
Total pot $36 | Rake $0.50
Board [6c 8h Kc 5d 6s]
Seat 1: my genitals (button) (small blind) showed [Ks Jh] and won ($35.50) with two pair, Kings and Sixes
Seat 3: ADAM-BOS1 (big blind) showed [4c 8d] and lost with two pair, Eights and Sixes


PokerStars Hand #159027849399:  Hold'em Limit ($3/$6 USD) - 2016/09/24 10:42:13 ET
Table 'Queteleta' 6-max Seat #3 is the button
Seat 1: my genitals ($97.30 in chips)
Seat 3: ADAM-BOS1 ($113.18 in chips)
ADAM-BOS1: posts small blind $1
my genitals: posts big blind $3
*** HOLE CARDS ***
ADAM-BOS1: raises $3 to $6
my genitals: folds
Uncalled bet ($3) returned to ADAM-BOS1
ADAM-BOS1 collected $6 from pot
ADAM-BOS1: doesn't show hand
*** SUMMARY ***
Total pot $6 | Rake $0
Seat 1: my genitals (big blind) folded before Flop
Seat 3: ADAM-BOS1 (button) (small blind) collected ($6)


PokerStars Hand #159027846670:  Hold'em Limit ($3/$6 USD) - 2016/09/24 10:42:09 ET
Table 'Queteleta' 6-max Seat #1 is the button
Seat 1: my genitals ($98.30 in chips)
Seat 3: ADAM-BOS1 ($112.18 in chips)
my genitals: posts small blind $1
ADAM-BOS1: posts big blind $3
*** HOLE CARDS ***
my genitals: folds
Uncalled bet ($2) returned to ADAM-BOS1
ADAM-BOS1 collected $2 from pot
ADAM-BOS1: doesn't show hand
*** SUMMARY ***
Total pot $2 | Rake $0
Seat 1: my genitals (button) (small blind) folded before Flop
Seat 3: ADAM-BOS1 (big blind) collected ($2)


PokerStars Hand #159027840753:  Hold'em Limit ($3/$6 USD) - 2016/09/24 10:41:59 ET
Table 'Queteleta' 6-max Seat #3 is the button
Seat 1: my genitals ($104.30 in chips)
Seat 3: ADAM-BOS1 ($106.42 in chips)
ADAM-BOS1: posts small blind $1
my genitals: posts big blind $3
*** HOLE CARDS ***
ADAM-BOS1: raises $3 to $6
my genitals: calls $3
*** FLOP *** [Jd 6d 3d]
my genitals: checks
ADAM-BOS1: bets $3
my genitals: folds
Uncalled bet ($3) returned to ADAM-BOS1
ADAM-BOS1 collected $11.76 from pot
ADAM-BOS1: doesn't show hand
*** SUMMARY ***
Total pot $12 | Rake $0.24
Board [Jd 6d 3d]
Seat 1: my genitals (big blind) folded on the Flop
Seat 3: ADAM-BOS1 (button) (small blind) collected ($11.76)


PokerStars Hand #159027834427:  Hold'em Limit ($3/$6 USD) - 2016/09/24 10:41:49 ET
Table 'Queteleta' 6-max Seat #1 is the button
Seat 1: my genitals ($113.30 in chips)
Seat 3: ADAM-BOS1 ($97.78 in chips)
my genitals: posts small blind $1
ADAM-BOS1: posts big blind $3
*** HOLE CARDS ***
my genitals: raises $3 to $6
ADAM-BOS1: raises $3 to $9
my genitals: calls $3
*** FLOP *** [Jc 6c 9c]
ADAM-BOS1: bets $3
my genitals: folds
Uncalled bet ($3) returned to ADAM-BOS1
ADAM-BOS1 collected $17.64 from pot
ADAM-BOS1: doesn't show hand
*** SUMMARY ***
Total pot $18 | Rake $0.36
Board [Jc 6c 9c]
Seat 1: my genitals (button) (small blind) folded on the Flop
Seat 3: ADAM-BOS1 (big blind) collected ($17.64)


PokerStars Hand #159027866850:  Hold'em Limit ($3/$6 USD) - 2016/09/24 10:42:42 ET
Table 'Queteleta' 6-max Seat #3 is the button
Seat 1: my genitals ($111.80 in chips)
Seat 3: ADAM-BOS1 ($98.18 in chips)
ADAM-BOS1: posts small blind $1
my genitals: posts big blind $3
*** HOLE CARDS ***
chrispy12345 joins the table at seat #2
ADAM-BOS1: raises $3 to $6
my genitals: calls $3
*** FLOP *** [Kc 4h 9s]
SpeedKing78 joins the table at seat #4
my genitals: checks
ADAM-BOS1: bets $3
my genitals: folds
Uncalled bet ($3) returned to ADAM-BOS1
ADAM-BOS1 collected $11.76 from pot
ADAM-BOS1: doesn't show hand
miezemuis joins the table at seat #6
*** SUMMARY ***
Total pot $12 | Rake $0.24
Board [Kc 4h 9s]
Seat 1: my genitals (big blind) folded on the Flop
Seat 3: ADAM-BOS1 (button) (small blind) collected ($11.76)


PokerStars Hand #159033593865:  Hold'em Limit ($3/$6 USD) - 2016/09/24 13:09:13 ET
Table 'Queteleta' 6-max Seat #5 is the button
Seat 4: Luanto 14 ($220.97 in chips)
Seat 5: Chari-fari ($13.65 in chips)
Chari-fari: posts small blind $1
GRAILKO: is sitting out
sim5sim5: is sitting out
Luanto 14: posts big blind $3
*** HOLE CARDS ***
Chari-fari: raises $3 to $6
Luanto 14: calls $3
*** FLOP *** [Js 9c 4h]
Luanto 14: checks
Chari-fari: bets $3
sim5sim5 leaves the table
Luanto 14: raises $3 to $6
Chari-fari: raises $1.65 to $7.65 and is all-in
Luanto 14: calls $1.65
*** TURN *** [Js 9c 4h] [2s]
*** RIVER *** [Js 9c 4h 2s] [8c]
*** SHOW DOWN ***
Luanto 14: shows [7h Jc] (a pair of Jacks)
Chari-fari: shows [Td Qh] (a straight, Eight to Queen)
Chari-fari collected $26.80 from pot
*** SUMMARY ***
Total pot $27.30 | Rake $0.50
Board [Js 9c 4h 2s 8c]
Seat 4: Luanto 14 (big blind) showed [7h Jc] and lost with a pair of Jacks
Seat 5: Chari-fari (button) (small blind) showed [Td Qh] and won ($26.80) with a straight, Eight to Queen


