PokerStars Hand #166678405895:  Hold'em Limit ($3/$6 USD) - 2017/02/23 20:07:37 ET
Table 'Quetzalcoatl II' 6-max Seat #3 is the button
Seat 1: Fabulous108 ($71.66 in chips)
Seat 3: GlamDragon ($214.83 in chips)
GlamDragon: posts small blind $1
thenuts999: is sitting out
Fabulous108: posts big blind $3
*** HOLE CARDS ***
GlamDragon: folds
Uncalled bet ($2) returned to Fabulous108
Fabulous108 collected $2 from pot
Fabulous108: doesn't show hand
*** SUMMARY ***
Total pot $2 | Rake $0
Seat 1: Fabulous108 (big blind) collected ($2)
Seat 3: GlamDragon (button) (small blind) folded before Flop


PokerStars Hand #166678408852:  Hold'em Limit ($3/$6 USD) - 2017/02/23 20:07:43 ET
Table 'Quetzalcoatl II' 6-max Seat #1 is the button
Seat 1: Fabulous108 ($72.66 in chips)
Seat 3: GlamDragon ($213.83 in chips)
Fabulous108: posts small blind $1
GlamDragon: posts big blind $3
*** HOLE CARDS ***
Fabulous108: raises $3 to $6
GlamDragon: folds
Uncalled bet ($3) returned to Fabulous108
Fabulous108 collected $6 from pot
Fabulous108: doesn't show hand
*** SUMMARY ***
Total pot $6 | Rake $0
Seat 1: Fabulous108 (button) (small blind) collected ($6)
Seat 3: GlamDragon (big blind) folded before Flop


PokerStars Hand #166678412466:  Hold'em Limit ($3/$6 USD) - 2017/02/23 20:07:50 ET
Table 'Quetzalcoatl II' 6-max Seat #3 is the button
Seat 1: Fabulous108 ($135.66 in chips)
Seat 3: GlamDragon ($210.83 in chips)
GlamDragon: posts small blind $1
Fabulous108: posts big blind $3
*** HOLE CARDS ***
GlamDragon: folds
Uncalled bet ($2) returned to Fabulous108
Fabulous108 collected $2 from pot
Fabulous108: doesn't show hand
thenuts999 leaves the table
*** SUMMARY ***
Total pot $2 | Rake $0
Seat 1: Fabulous108 (big blind) collected ($2)
Seat 3: GlamDragon (button) (small blind) folded before Flop


