PokerStars Hand #163710572060:  Hold'em Limit ($3/$6 USD) - 2016/12/29 8:43:45 ET
Table 'Quintilla' 6-max Seat #4 is the button
Seat 2: Gambler FZ ($34.43 in chips)
Seat 4: AzureCaper ($77 in chips)
AzureCaper: posts small blind $1
Gambler FZ: posts big blind $3
*** HOLE CARDS ***
AzureCaper: raises $3 to $6
Gambler FZ: calls $3
*** FLOP *** [Qh 3c 3d]
Gambler FZ: checks
AzureCaper: bets $3
Gambler FZ: folds
Uncalled bet ($3) returned to AzureCaper
AzureCaper collected $11.76 from pot
*** SUMMARY ***
Total pot $12 | Rake $0.24
Board [Qh 3c 3d]
Seat 2: Gambler FZ (big blind) folded on the Flop
Seat 4: AzureCaper (button) (small blind) collected ($11.76)


PokerStars Hand #163710567798:  Hold'em Limit ($3/$6 USD) - 2016/12/29 8:43:38 ET
Table 'Quintilla' 6-max Seat #2 is the button
Seat 2: Gambler FZ ($35.43 in chips)
Seat 4: AzureCaper ($76 in chips)
Gambler FZ: posts small blind $1
AzureCaper: posts big blind $3
*** HOLE CARDS ***
Gambler FZ: folds
Uncalled bet ($2) returned to AzureCaper
AzureCaper collected $2 from pot
AzureCaper: doesn't show hand
*** SUMMARY ***
Total pot $2 | Rake $0
Seat 2: Gambler FZ (button) (small blind) folded before Flop
Seat 4: AzureCaper (big blind) collected ($2)


PokerStars Hand #163710562214:  Hold'em Limit ($3/$6 USD) - 2016/12/29 8:43:29 ET
Table 'Quintilla' 6-max Seat #4 is the button
Seat 2: Gambler FZ ($38.43 in chips)
Seat 4: AzureCaper ($73 in chips)
AzureCaper: posts small blind $1
Gambler FZ: posts big blind $3
*** HOLE CARDS ***
AzureCaper: raises $3 to $6
Gambler FZ: folds
Uncalled bet ($3) returned to AzureCaper
AzureCaper collected $6 from pot
AzureCaper: doesn't show hand
*** SUMMARY ***
Total pot $6 | Rake $0
Seat 2: Gambler FZ (big blind) folded before Flop
Seat 4: AzureCaper (button) (small blind) collected ($6)


PokerStars Hand #163710606327:  Hold'em Limit ($3/$6 USD) - 2016/12/29 8:44:38 ET
Table 'Quintilla' 6-max Seat #2 is the button
Seat 2: Gambler FZ ($4.43 in chips)
Seat 4: AzureCaper ($105.90 in chips)
Gambler FZ: posts small blind $1
AzureCaper: posts big blind $3
*** HOLE CARDS ***
Gambler FZ: folds
Uncalled bet ($2) returned to AzureCaper
Gambler FZ leaves the table
AzureCaper collected $2 from pot
AzureCaper: doesn't show hand
*** SUMMARY ***
Total pot $2 | Rake $0
Seat 2: Gambler FZ (button) (small blind) folded before Flop
Seat 4: AzureCaper (big blind) collected ($2)


PokerStars Hand #163710593375:  Hold'em Limit ($3/$6 USD) - 2016/12/29 8:44:17 ET
Table 'Quintilla' 6-max Seat #4 is the button
Seat 2: Gambler FZ ($19.43 in chips)
Seat 4: AzureCaper ($91.40 in chips)
AzureCaper: posts small blind $1
Gambler FZ: posts big blind $3
*** HOLE CARDS ***
AzureCaper: raises $3 to $6
Gambler FZ: calls $3
*** FLOP *** [Ah 9s Kd]
Gambler FZ: bets $3
AzureCaper: calls $3
*** TURN *** [Ah 9s Kd] [Ks]
Gambler FZ: checks
AzureCaper: checks
*** RIVER *** [Ah 9s Kd Ks] [9h]
Gambler FZ: bets $6
AzureCaper: calls $6
*** SHOW DOWN ***
Gambler FZ: shows [Qh Td] (two pair, Kings and Nines)
AzureCaper: shows [Ac 9d] (a full house, Nines full of Aces)
AzureCaper collected $29.50 from pot
*** SUMMARY ***
Total pot $30 | Rake $0.50
Board [Ah 9s Kd Ks 9h]
Seat 2: Gambler FZ (big blind) showed [Qh Td] and lost with two pair, Kings and Nines
Seat 4: AzureCaper (button) (small blind) showed [Ac 9d] and won ($29.50) with a full house, Nines full of Aces


PokerStars Hand #163710583163:  Hold'em Limit ($3/$6 USD) - 2016/12/29 8:44:02 ET
Table 'Quintilla' 6-max Seat #2 is the button
Seat 2: Gambler FZ ($28.43 in chips)
Seat 4: AzureCaper ($82.76 in chips)
Gambler FZ: posts small blind $1
AzureCaper: posts big blind $3
*** HOLE CARDS ***
Gambler FZ: raises $3 to $6
AzureCaper: raises $3 to $9
Gambler FZ: calls $3
*** FLOP *** [4s 9d Kc]
AzureCaper: bets $3
Gambler FZ: folds
Uncalled bet ($3) returned to AzureCaper
AzureCaper collected $17.64 from pot
AzureCaper: doesn't show hand
*** SUMMARY ***
Total pot $18 | Rake $0.36
Board [4s 9d Kc]
Seat 2: Gambler FZ (button) (small blind) folded on the Flop
Seat 4: AzureCaper (big blind) collected ($17.64)


