PokerStars Hand #158270347822:  Hold'em Limit ($3/$6 USD) - 2016/09/07 1:46:32 ET
Table 'Quintilla III' 10-max Seat #5 is the button
Seat 5: LifeisagameX ($104.16 in chips)
Seat 6: Simpiwe ($113 in chips)
LifeisagameX: posts small blind $1
Simpiwe: posts big blind $3
*** HOLE CARDS ***
LifeisagameX: raises $3 to $6
Simpiwe: raises $3 to $9
LifeisagameX: calls $3
*** FLOP *** [Kc 7h Ad]
Simpiwe: bets $3
LifeisagameX: folds
Uncalled bet ($3) returned to Simpiwe
Simpiwe collected $17.64 from pot
Simpiwe: doesn't show hand
*** SUMMARY ***
Total pot $18 | Rake $0.36
Board [Kc 7h Ad]
Seat 5: LifeisagameX (button) (small blind) folded on the Flop
Seat 6: Simpiwe (big blind) collected ($17.64)


PokerStars Hand #158270346660:  Hold'em Limit ($3/$6 USD) - 2016/09/07 1:46:27 ET
Table 'Quintilla III' 10-max Seat #6 is the button
Seat 5: LifeisagameX ($103.16 in chips)
Seat 6: Simpiwe ($114 in chips)
Simpiwe: posts small blind $1
LifeisagameX: posts big blind $3
*** HOLE CARDS ***
Simpiwe: folds
Uncalled bet ($2) returned to LifeisagameX
LifeisagameX collected $2 from pot
LifeisagameX: doesn't show hand
*** SUMMARY ***
Total pot $2 | Rake $0
Seat 5: LifeisagameX (big blind) collected ($2)
Seat 6: Simpiwe (button) (small blind) folded before Flop


PokerStars Hand #158270341540:  Hold'em Limit ($3/$6 USD) - 2016/09/07 1:46:05 ET
Table 'Quintilla III' 10-max Seat #5 is the button
Seat 5: LifeisagameX ($97.40 in chips)
Seat 6: Simpiwe ($120 in chips)
LifeisagameX: posts small blind $1
Simpiwe: posts big blind $3
*** HOLE CARDS ***
LifeisagameX: raises $3 to $6
Simpiwe: calls $3
*** FLOP *** [Jc Ts 8c]
Simpiwe: checks
LifeisagameX: bets $3
Simpiwe: folds
Uncalled bet ($3) returned to LifeisagameX
LifeisagameX collected $11.76 from pot
LifeisagameX: doesn't show hand
*** SUMMARY ***
Total pot $12 | Rake $0.24
Board [Jc Ts 8c]
Seat 5: LifeisagameX (button) (small blind) collected ($11.76)
Seat 6: Simpiwe (big blind) folded on the Flop


PokerStars Hand #158270355150:  Hold'em Limit ($3/$6 USD) - 2016/09/07 1:47:03 ET
Table 'Quintilla III' 10-max Seat #6 is the button
Seat 5: LifeisagameX ($95.16 in chips)
Seat 6: Simpiwe ($121.64 in chips)
Simpiwe: posts small blind $1
LifeisagameX: posts big blind $3
*** HOLE CARDS ***
Simpiwe: raises $3 to $6
LifeisagameX: calls $3
*** FLOP *** [Th 2s Td]
LifeisagameX: checks
Simpiwe: bets $3
LifeisagameX: folds
Uncalled bet ($3) returned to Simpiwe
Simpiwe collected $11.76 from pot
Simpiwe: doesn't show hand
*** SUMMARY ***
Total pot $12 | Rake $0.24
Board [Th 2s Td]
Seat 5: LifeisagameX (big blind) folded on the Flop
Seat 6: Simpiwe (button) (small blind) collected ($11.76)


PokerStars Hand #158270364159:  Hold'em Limit ($3/$6 USD) - 2016/09/07 1:47:41 ET
Table 'Quintilla III' 10-max Seat #5 is the button
Seat 5: LifeisagameX ($89.16 in chips)
Seat 6: Simpiwe ($127.40 in chips)
LifeisagameX: posts small blind $1
Simpiwe: posts big blind $3
*** HOLE CARDS ***
LifeisagameX: folds
Uncalled bet ($2) returned to Simpiwe
Simpiwe collected $2 from pot
Simpiwe: doesn't show hand
*** SUMMARY ***
Total pot $2 | Rake $0
Seat 5: LifeisagameX (button) (small blind) folded before Flop
Seat 6: Simpiwe (big blind) collected ($2)


PokerStars Hand #158270366829:  Hold'em Limit ($3/$6 USD) - 2016/09/07 1:47:51 ET
Table 'Quintilla III' 10-max Seat #6 is the button
Seat 5: LifeisagameX ($88.16 in chips)
Seat 6: Simpiwe ($128.40 in chips)
Simpiwe: posts small blind $1
LifeisagameX: posts big blind $3
*** HOLE CARDS ***
Simpiwe: raises $3 to $6
LifeisagameX: raises $3 to $9
Simpiwe: calls $3
*** FLOP *** [Ts 5h 4s]
LifeisagameX: bets $3
Simpiwe: folds
Uncalled bet ($3) returned to LifeisagameX
LifeisagameX collected $17.64 from pot
LifeisagameX: doesn't show hand
*** SUMMARY ***
Total pot $18 | Rake $0.36
Board [Ts 5h 4s]
Seat 5: LifeisagameX (big blind) collected ($17.64)
Seat 6: Simpiwe (button) (small blind) folded on the Flop


PokerStars Hand #158270377179:  Hold'em Limit ($3/$6 USD) - 2016/09/07 1:48:35 ET
Table 'Quintilla III' 10-max Seat #6 is the button
Seat 5: LifeisagameX ($105.44 in chips)
Seat 6: Simpiwe ($110.40 in chips)
Simpiwe: posts small blind $1
LifeisagameX: posts big blind $3
*** HOLE CARDS ***
Simpiwe: folds
Uncalled bet ($2) returned to LifeisagameX
LifeisagameX collected $2 from pot
LifeisagameX: doesn't show hand
*** SUMMARY ***
Total pot $2 | Rake $0
Seat 5: LifeisagameX (big blind) collected ($2)
Seat 6: Simpiwe (button) (small blind) folded before Flop


PokerStars Hand #158270371257:  Hold'em Limit ($3/$6 USD) - 2016/09/07 1:48:10 ET
Table 'Quintilla III' 10-max Seat #5 is the button
Seat 5: LifeisagameX ($96.80 in chips)
Seat 6: Simpiwe ($119.40 in chips)
LifeisagameX: posts small blind $1
Simpiwe: posts big blind $3
*** HOLE CARDS ***
LifeisagameX: raises $3 to $6
Simpiwe: calls $3
*** FLOP *** [4s 3h Qh]
Simpiwe: checks
LifeisagameX: bets $3
Simpiwe: calls $3
*** TURN *** [4s 3h Qh] [Js]
Simpiwe: checks
LifeisagameX: bets $6
Simpiwe: folds
Uncalled bet ($6) returned to LifeisagameX
LifeisagameX collected $17.64 from pot
*** SUMMARY ***
Total pot $18 | Rake $0.36
Board [4s 3h Qh Js]
Seat 5: LifeisagameX (button) (small blind) collected ($17.64)
Seat 6: Simpiwe (big blind) folded on the Turn


PokerStars Hand #158270378496:  Hold'em Limit ($3/$6 USD) - 2016/09/07 1:48:40 ET
Table 'Quintilla III' 10-max Seat #5 is the button
Seat 5: LifeisagameX ($106.44 in chips)
Seat 6: Simpiwe ($109.40 in chips)
LifeisagameX: posts small blind $1
Simpiwe: posts big blind $3
*** HOLE CARDS ***
LifeisagameX: raises $3 to $6
Simpiwe: folds
Uncalled bet ($3) returned to LifeisagameX
LifeisagameX collected $6 from pot
LifeisagameX: doesn't show hand
*** SUMMARY ***
Total pot $6 | Rake $0
Seat 5: LifeisagameX (button) (small blind) collected ($6)
Seat 6: Simpiwe (big blind) folded before Flop


PokerStars Hand #158270393568:  Hold'em Limit ($3/$6 USD) - 2016/09/07 1:49:43 ET
Table 'Quintilla III' 10-max Seat #5 is the button
Seat 5: LifeisagameX ($94.44 in chips)
Seat 6: Simpiwe ($120.90 in chips)
LifeisagameX: posts small blind $1
Simpiwe: posts big blind $3
*** HOLE CARDS ***
LifeisagameX: raises $3 to $6
Simpiwe: folds
Uncalled bet ($3) returned to LifeisagameX
LifeisagameX collected $6 from pot
LifeisagameX: doesn't show hand
*** SUMMARY ***
Total pot $6 | Rake $0
Seat 5: LifeisagameX (button) (small blind) collected ($6)
Seat 6: Simpiwe (big blind) folded before Flop


PokerStars Hand #158270380795:  Hold'em Limit ($3/$6 USD) - 2016/09/07 1:48:50 ET
Table 'Quintilla III' 10-max Seat #6 is the button
Seat 5: LifeisagameX ($109.44 in chips)
Seat 6: Simpiwe ($106.40 in chips)
Simpiwe: posts small blind $1
LifeisagameX: posts big blind $3
*** HOLE CARDS ***
Simpiwe: raises $3 to $6
LifeisagameX: raises $3 to $9
Simpiwe: calls $3
*** FLOP *** [As 6c 7h]
LifeisagameX: bets $3
Simpiwe: raises $3 to $6
LifeisagameX: calls $3
*** TURN *** [As 6c 7h] [8s]
LifeisagameX: checks
Simpiwe: checks
*** RIVER *** [As 6c 7h 8s] [4s]
LifeisagameX: checks
Simpiwe: checks
*** SHOW DOWN ***
LifeisagameX: shows [Ks Qc] (high card Ace)
Simpiwe: shows [7d Qd] (a pair of Sevens)
Simpiwe collected $29.50 from pot
*** SUMMARY ***
Total pot $30 | Rake $0.50
Board [As 6c 7h 8s 4s]
Seat 5: LifeisagameX (big blind) showed [Ks Qc] and lost with high card Ace
Seat 6: Simpiwe (button) (small blind) showed [7d Qd] and won ($29.50) with a pair of Sevens


PokerStars Hand #158270395210:  Hold'em Limit ($3/$6 USD) - 2016/09/07 1:49:50 ET
Table 'Quintilla III' 10-max Seat #6 is the button
Seat 5: LifeisagameX ($97.44 in chips)
Seat 6: Simpiwe ($117.90 in chips)
Simpiwe: posts small blind $1
LifeisagameX: posts big blind $3
*** HOLE CARDS ***
Simpiwe: raises $3 to $6
LifeisagameX: raises $3 to $9
Simpiwe: calls $3
*** FLOP *** [3h 4h 7c]
LifeisagameX: bets $3
Simpiwe: raises $3 to $6
LifeisagameX: calls $3
*** TURN *** [3h 4h 7c] [4d]
LifeisagameX: checks
Simpiwe: bets $6
LifeisagameX: calls $6
*** RIVER *** [3h 4h 7c 4d] [3c]
LifeisagameX: checks
Simpiwe: bets $6
LifeisagameX: calls $6
*** SHOW DOWN ***
Simpiwe: shows [4c 6c] (a full house, Fours full of Threes)
LifeisagameX: mucks hand
Simpiwe collected $53.50 from pot
*** SUMMARY ***
Total pot $54 | Rake $0.50
Board [3h 4h 7c 4d 3c]
Seat 5: LifeisagameX (big blind) mucked
Seat 6: Simpiwe (button) (small blind) showed [4c 6c] and won ($53.50) with a full house, Fours full of Threes


PokerStars Hand #158270406900:  Hold'em Limit ($3/$6 USD) - 2016/09/07 1:50:38 ET
Table 'Quintilla III' 10-max Seat #5 is the button
Seat 5: LifeisagameX ($84 in chips)
Seat 6: Simpiwe ($144.40 in chips)
LifeisagameX: posts small blind $1
Simpiwe: posts big blind $3
*** HOLE CARDS ***
LifeisagameX: raises $3 to $6
Simpiwe: folds
Uncalled bet ($3) returned to LifeisagameX
LifeisagameX collected $6 from pot
LifeisagameX: doesn't show hand
*** SUMMARY ***
Total pot $6 | Rake $0
Seat 5: LifeisagameX (button) (small blind) collected ($6)
Seat 6: Simpiwe (big blind) folded before Flop


PokerStars Hand #158270418844:  Hold'em Limit ($3/$6 USD) - 2016/09/07 1:51:29 ET
Table 'Quintilla III' 10-max Seat #5 is the button
Seat 5: LifeisagameX ($84 in chips)
Seat 6: Simpiwe ($150.04 in chips)
LifeisagameX: posts small blind $1
Simpiwe: posts big blind $3
*** HOLE CARDS ***
LifeisagameX: raises $3 to $6
Simpiwe: calls $3
*** FLOP *** [2c Ts 7d]
Simpiwe: bets $3
LifeisagameX: folds
Uncalled bet ($3) returned to Simpiwe
Simpiwe collected $11.76 from pot
Simpiwe: doesn't show hand
*** SUMMARY ***
Total pot $12 | Rake $0.24
Board [2c Ts 7d]
Seat 5: LifeisagameX (button) (small blind) folded on the Flop
Seat 6: Simpiwe (big blind) collected ($11.76)


PokerStars Hand #158270408867:  Hold'em Limit ($3/$6 USD) - 2016/09/07 1:50:46 ET
Table 'Quintilla III' 10-max Seat #6 is the button
Seat 5: LifeisagameX ($87 in chips)
Seat 6: Simpiwe ($141.40 in chips)
Simpiwe: posts small blind $1
LifeisagameX: posts big blind $3
*** HOLE CARDS ***
Simpiwe: calls $2
LifeisagameX: checks
*** FLOP *** [2s 6h 4c]
LifeisagameX: checks
Simpiwe: checks
*** TURN *** [2s 6h 4c] [2c]
LifeisagameX: checks
Simpiwe: checks
*** RIVER *** [2s 6h 4c 2c] [Kc]
LifeisagameX: checks
Simpiwe: bets $6
LifeisagameX: calls $6
*** SHOW DOWN ***
Simpiwe: shows [3h Kd] (two pair, Kings and Deuces)
LifeisagameX: mucks hand
Simpiwe collected $17.64 from pot
*** SUMMARY ***
Total pot $18 | Rake $0.36
Board [2s 6h 4c 2c Kc]
Seat 5: LifeisagameX (big blind) mucked
Seat 6: Simpiwe (button) (small blind) showed [3h Kd] and won ($17.64) with two pair, Kings and Deuces


PokerStars Hand #158270447131:  Hold'em Limit ($3/$6 USD) - 2016/09/07 1:53:27 ET
Table 'Quintilla III' 10-max Seat #6 is the button
Seat 5: LifeisagameX ($84 in chips)
Seat 6: Simpiwe ($167.30 in chips)
Simpiwe: posts small blind $1
LifeisagameX: posts big blind $3
*** HOLE CARDS ***
Simpiwe: folds
Uncalled bet ($2) returned to LifeisagameX
LifeisagameX collected $2 from pot
LifeisagameX: doesn't show hand
*** SUMMARY ***
Total pot $2 | Rake $0
Seat 5: LifeisagameX (big blind) collected ($2)
Seat 6: Simpiwe (button) (small blind) folded before Flop


PokerStars Hand #158270435019:  Hold'em Limit ($3/$6 USD) - 2016/09/07 1:52:37 ET
Table 'Quintilla III' 10-max Seat #5 is the button
Seat 5: LifeisagameX ($92.64 in chips)
Seat 6: Simpiwe ($146.80 in chips)
LifeisagameX: posts small blind $1
Simpiwe: posts big blind $3
*** HOLE CARDS ***
LifeisagameX: raises $3 to $6
Simpiwe: calls $3
*** FLOP *** [3s Ac 6s]
Simpiwe: checks
LifeisagameX: bets $3
Simpiwe: calls $3
*** TURN *** [3s Ac 6s] [5h]
Simpiwe: checks
LifeisagameX: bets $6
Simpiwe: calls $6
*** RIVER *** [3s Ac 6s 5h] [Kc]
Simpiwe: checks
LifeisagameX: bets $6
Simpiwe: calls $6
*** SHOW DOWN ***
LifeisagameX: shows [7c 6h] (a pair of Sixes)
Simpiwe: shows [4s Kd] (a pair of Kings)
Simpiwe collected $41.50 from pot
*** SUMMARY ***
Total pot $42 | Rake $0.50
Board [3s Ac 6s 5h Kc]
Seat 5: LifeisagameX (button) (small blind) showed [7c 6h] and lost with a pair of Sixes
Seat 6: Simpiwe (big blind) showed [4s Kd] and won ($41.50) with a pair of Kings


PokerStars Hand #158270448278:  Hold'em Limit ($3/$6 USD) - 2016/09/07 1:53:32 ET
Table 'Quintilla III' 10-max Seat #5 is the button
Seat 5: LifeisagameX ($85 in chips)
Seat 6: Simpiwe ($166.30 in chips)
LifeisagameX: posts small blind $1
Simpiwe: posts big blind $3
*** HOLE CARDS ***
LifeisagameX: raises $3 to $6
Simpiwe: calls $3
*** FLOP *** [9d Jh 8d]
Simpiwe: checks
LifeisagameX: checks
*** TURN *** [9d Jh 8d] [As]
Simpiwe: bets $6
LifeisagameX: calls $6
*** RIVER *** [9d Jh 8d As] [5s]
Simpiwe: checks
LifeisagameX: bets $6
Simpiwe: calls $6
*** SHOW DOWN ***
LifeisagameX: shows [Kh Ks] (a pair of Kings)
Simpiwe: mucks hand
LifeisagameX collected $35.50 from pot
*** SUMMARY ***
Total pot $36 | Rake $0.50
Board [9d Jh 8d As 5s]
Seat 5: LifeisagameX (button) (small blind) showed [Kh Ks] and won ($35.50) with a pair of Kings
Seat 6: Simpiwe (big blind) mucked


PokerStars Hand #158270460963:  Hold'em Limit ($3/$6 USD) - 2016/09/07 1:54:25 ET
Table 'Quintilla III' 10-max Seat #6 is the button
Seat 5: LifeisagameX ($102.50 in chips)
Seat 6: Simpiwe ($148.30 in chips)
Simpiwe: posts small blind $1
LifeisagameX: posts big blind $3
*** HOLE CARDS ***
Simpiwe: calls $2
LifeisagameX: checks
*** FLOP *** [Qs 5h 4s]
LifeisagameX: bets $3
Simpiwe: calls $3
*** TURN *** [Qs 5h 4s] [Jh]
LifeisagameX: bets $6
Simpiwe: calls $6
*** RIVER *** [Qs 5h 4s Jh] [7s]
LifeisagameX: bets $6
Simpiwe: folds
Uncalled bet ($6) returned to LifeisagameX
LifeisagameX collected $23.52 from pot
LifeisagameX: doesn't show hand
*** SUMMARY ***
Total pot $24 | Rake $0.48
Board [Qs 5h 4s Jh 7s]
Seat 5: LifeisagameX (big blind) collected ($23.52)
Seat 6: Simpiwe (button) (small blind) folded on the River


PokerStars Hand #158270489404:  Hold'em Limit ($3/$6 USD) - 2016/09/07 1:56:34 ET
Table 'Quintilla III' 10-max Seat #6 is the button
Seat 5: LifeisagameX ($90.02 in chips)
Seat 6: Simpiwe ($159.80 in chips)
Simpiwe: posts small blind $1
LifeisagameX: posts big blind $3
*** HOLE CARDS ***
Simpiwe: folds
Uncalled bet ($2) returned to LifeisagameX
LifeisagameX collected $2 from pot
LifeisagameX: doesn't show hand
*** SUMMARY ***
Total pot $2 | Rake $0
Seat 5: LifeisagameX (big blind) collected ($2)
Seat 6: Simpiwe (button) (small blind) folded before Flop


PokerStars Hand #158270473722:  Hold'em Limit ($3/$6 USD) - 2016/09/07 1:55:20 ET
Table 'Quintilla III' 10-max Seat #5 is the button
Seat 5: LifeisagameX ($114.02 in chips)
Seat 6: Simpiwe ($136.30 in chips)
LifeisagameX: posts small blind $1
Simpiwe: posts big blind $3
*** HOLE CARDS ***
LifeisagameX: raises $3 to $6
Simpiwe: calls $3
*** FLOP *** [4h 2h Kd]
Simpiwe: checks
LifeisagameX: bets $3
Simpiwe: raises $3 to $6
LifeisagameX: calls $3
*** TURN *** [4h 2h Kd] [6d]
Simpiwe: bets $6
LifeisagameX: calls $6
*** RIVER *** [4h 2h Kd 6d] [Qd]
Simpiwe: bets $6
LifeisagameX: calls $6
*** SHOW DOWN ***
Simpiwe: shows [4d 7d] (a flush, King high)
LifeisagameX: mucks hand
Simpiwe collected $47.50 from pot
*** SUMMARY ***
Total pot $48 | Rake $0.50
Board [4h 2h Kd 6d Qd]
Seat 5: LifeisagameX (button) (small blind) mucked
Seat 6: Simpiwe (big blind) showed [4d 7d] and won ($47.50) with a flush, King high


PokerStars Hand #158270505826:  Hold'em Limit ($3/$6 USD) - 2016/09/07 1:57:51 ET
Table 'Quintilla III' 10-max Seat #6 is the button
Seat 5: LifeisagameX ($84 in chips)
Seat 6: Simpiwe ($170.32 in chips)
Simpiwe: posts small blind $1
LifeisagameX: posts big blind $3
*** HOLE CARDS ***
Simpiwe: folds
Uncalled bet ($2) returned to LifeisagameX
LifeisagameX collected $2 from pot
LifeisagameX: doesn't show hand
*** SUMMARY ***
Total pot $2 | Rake $0
Seat 5: LifeisagameX (big blind) collected ($2)
Seat 6: Simpiwe (button) (small blind) folded before Flop


PokerStars Hand #158270491206:  Hold'em Limit ($3/$6 USD) - 2016/09/07 1:56:42 ET
Table 'Quintilla III' 10-max Seat #5 is the button
Seat 5: LifeisagameX ($91.02 in chips)
Seat 6: Simpiwe ($158.80 in chips)
LifeisagameX: posts small blind $1
Simpiwe: posts big blind $3
*** HOLE CARDS ***
LifeisagameX: raises $3 to $6
Simpiwe: raises $3 to $9
LifeisagameX: calls $3
*** FLOP *** [6s Qd Ts]
Simpiwe: bets $3
LifeisagameX: calls $3
*** TURN *** [6s Qd Ts] [4s]
Simpiwe: checks
LifeisagameX: checks
*** RIVER *** [6s Qd Ts 4s] [Jh]
Simpiwe: bets $6
LifeisagameX: folds
Uncalled bet ($6) returned to Simpiwe
Simpiwe collected $23.52 from pot
Simpiwe: doesn't show hand
*** SUMMARY ***
Total pot $24 | Rake $0.48
Board [6s Qd Ts 4s Jh]
Seat 5: LifeisagameX (button) (small blind) folded on the River
Seat 6: Simpiwe (big blind) collected ($23.52)


