PokerStars Hand #153447398169:  Hold'em Limit ($3/$6 USD) - 2016/05/17 11:56:10 ET
Table 'Quintilla' 6-max Seat #1 is the button
Seat 1: asf5550 ($116.88 in chips)
Seat 2: TbIP-TbIP 88 ($77.76 in chips)
asf5550: posts small blind $1
TbIP-TbIP 88: posts big blind $3
*** HOLE CARDS ***
asf5550: calls $2
TbIP-TbIP 88: raises $3 to $6
asf5550: calls $3
*** FLOP *** [6s Ad 2s]
TbIP-TbIP 88: bets $3
asf5550: raises $3 to $6
TbIP-TbIP 88: calls $3
*** TURN *** [6s Ad 2s] [6h]
TbIP-TbIP 88: checks
asf5550: bets $6
TbIP-TbIP 88: calls $6
*** RIVER *** [6s Ad 2s 6h] [7s]
TbIP-TbIP 88: checks
asf5550: bets $6
TbIP-TbIP 88: calls $6
*** SHOW DOWN ***
asf5550: shows [5s 6c] (three of a kind, Sixes)
TbIP-TbIP 88: mucks hand
asf5550 collected $47.50 from pot
*** SUMMARY ***
Total pot $48 | Rake $0.50
Board [6s Ad 2s 6h 7s]
Seat 1: asf5550 (button) (small blind) showed [5s 6c] and won ($47.50) with three of a kind, Sixes
Seat 2: TbIP-TbIP 88 (big blind) mucked


PokerStars Hand #153447389320:  Hold'em Limit ($3/$6 USD) - 2016/05/17 11:55:55 ET
Table 'Quintilla' 6-max Seat #2 is the button
Seat 1: asf5550 ($122.88 in chips)
Seat 2: TbIP-TbIP 88 ($72 in chips)
TbIP-TbIP 88: posts small blind $1
asf5550: posts big blind $3
*** HOLE CARDS ***
TbIP-TbIP 88: raises $3 to $6
asf5550: calls $3
*** FLOP *** [9h Ad Kh]
asf5550: checks
TbIP-TbIP 88: bets $3
asf5550: folds
Uncalled bet ($3) returned to TbIP-TbIP 88
TbIP-TbIP 88 collected $11.76 from pot
TbIP-TbIP 88: doesn't show hand
*** SUMMARY ***
Total pot $12 | Rake $0.24
Board [9h Ad Kh]
Seat 1: asf5550 (big blind) folded on the Flop
Seat 2: TbIP-TbIP 88 (button) (small blind) collected ($11.76)


PokerStars Hand #153447378381:  Hold'em Limit ($3/$6 USD) - 2016/05/17 11:55:36 ET
Table 'Quintilla' 6-max Seat #1 is the button
Seat 1: asf5550 ($120 in chips)
Seat 2: TbIP-TbIP 88 ($72 in chips)
asf5550: posts small blind $1
TbIP-TbIP 88: posts big blind $3
*** HOLE CARDS ***
asf5550: calls $2
TbIP-TbIP 88: checks
*** FLOP *** [Qd Jh 8d]
TbIP-TbIP 88: checks
asf5550: bets $3
TbIP-TbIP 88: folds
Uncalled bet ($3) returned to asf5550
asf5550 collected $5.88 from pot
asf5550: doesn't show hand
*** SUMMARY ***
Total pot $6 | Rake $0.12
Board [Qd Jh 8d]
Seat 1: asf5550 (button) (small blind) collected ($5.88)
Seat 2: TbIP-TbIP 88 (big blind) folded on the Flop


PokerStars Hand #153447414486:  Hold'em Limit ($3/$6 USD) - 2016/05/17 11:56:38 ET
Table 'Quintilla' 6-max Seat #1 is the button
Seat 1: asf5550 ($141.38 in chips)
Seat 2: TbIP-TbIP 88 ($72 in chips)
asf5550: posts small blind $1
TbIP-TbIP 88: posts big blind $3
*** HOLE CARDS ***
asf5550: calls $2
TbIP-TbIP 88: checks
*** FLOP *** [9h 6c Qh]
TbIP-TbIP 88: bets $3
asf5550: calls $3
*** TURN *** [9h 6c Qh] [Th]
TbIP-TbIP 88: bets $6
asf5550: raises $6 to $12
TbIP-TbIP 88: calls $6
*** RIVER *** [9h 6c Qh Th] [8c]
TbIP-TbIP 88: checks
asf5550: bets $6
TbIP-TbIP 88: folds
Uncalled bet ($6) returned to asf5550
asf5550 collected $35.50 from pot
asf5550: doesn't show hand
*** SUMMARY ***
Total pot $36 | Rake $0.50
Board [9h 6c Qh Th 8c]
Seat 1: asf5550 (button) (small blind) collected ($35.50)
Seat 2: TbIP-TbIP 88 (big blind) folded on the River


PokerStars Hand #153447410521:  Hold'em Limit ($3/$6 USD) - 2016/05/17 11:56:31 ET
Table 'Quintilla' 6-max Seat #2 is the button
Seat 1: asf5550 ($140.38 in chips)
Seat 2: TbIP-TbIP 88 ($72 in chips)
TbIP-TbIP 88: posts small blind $1
asf5550: posts big blind $3
*** HOLE CARDS ***
belik555 joins the table at seat #3
TbIP-TbIP 88: folds
Uncalled bet ($2) returned to asf5550
asf5550 collected $2 from pot
asf5550: doesn't show hand
*** SUMMARY ***
Total pot $2 | Rake $0
Seat 1: asf5550 (big blind) collected ($2)
Seat 2: TbIP-TbIP 88 (button) (small blind) folded before Flop


PokerStars Hand #153447605941:  Hold'em Limit ($3/$6 USD) - 2016/05/17 12:01:52 ET
Table 'Quintilla' 6-max Seat #3 is the button
Seat 3: 5PRUT5 ($31 in chips)
Seat 4: conanboy ($138.53 in chips)
5PRUT5: posts small blind $1
conanboy: posts big blind $3
*** HOLE CARDS ***
5PRUT5: calls $2
conanboy: checks
*** FLOP *** [7c 7s 3c]
conanboy: checks
5PRUT5: checks
*** TURN *** [7c 7s 3c] [6h]
conanboy: bets $6
5PRUT5: raises $6 to $12
conanboy: calls $6
*** RIVER *** [7c 7s 3c 6h] [Th]
conanboy: checks
5PRUT5: bets $6
conanboy: folds
Uncalled bet ($6) returned to 5PRUT5
5PRUT5 collected $29.50 from pot
5PRUT5: doesn't show hand
*** SUMMARY ***
Total pot $30 | Rake $0.50
Board [7c 7s 3c 6h Th]
Seat 3: 5PRUT5 (button) (small blind) collected ($29.50)
Seat 4: conanboy (big blind) folded on the River


PokerStars Hand #153447601280:  Hold'em Limit ($3/$6 USD) - 2016/05/17 12:01:45 ET
Table 'Quintilla' 6-max Seat #4 is the button
Seat 3: 5PRUT5 ($30 in chips)
Seat 4: conanboy ($139.53 in chips)
conanboy: posts small blind $1
5PRUT5: posts big blind $3
*** HOLE CARDS ***
BuzovaPro joins the table at seat #6
conanboy: folds
Uncalled bet ($2) returned to 5PRUT5
5PRUT5 collected $2 from pot
5PRUT5: doesn't show hand
*** SUMMARY ***
Total pot $2 | Rake $0
Seat 3: 5PRUT5 (big blind) collected ($2)
Seat 4: conanboy (button) (small blind) folded before Flop


PokerStars Hand #153447873993:  Hold'em Limit ($3/$6 USD) - 2016/05/17 12:08:02 ET
Table 'Quintilla' 6-max Seat #6 is the button
Seat 4: conanboy ($70.01 in chips)
Seat 6: BuzovaPro ($117.30 in chips)
BuzovaPro: posts small blind $1
conanboy: posts big blind $3
*** HOLE CARDS ***
BuzovaPro: folds
Uncalled bet ($2) returned to conanboy
conanboy collected $2 from pot
conanboy: doesn't show hand
*** SUMMARY ***
Total pot $2 | Rake $0
Seat 4: conanboy (big blind) collected ($2)
Seat 6: BuzovaPro (button) (small blind) folded before Flop


PokerStars Hand #153447865457:  Hold'em Limit ($3/$6 USD) - 2016/05/17 12:07:51 ET
Table 'Quintilla' 6-max Seat #4 is the button
Seat 4: conanboy ($71.01 in chips)
Seat 6: BuzovaPro ($116.30 in chips)
conanboy: posts small blind $1
liolilove: is sitting out
BuzovaPro: posts big blind $3
*** HOLE CARDS ***
5PRUT5 leaves the table
conanboy: folds
Uncalled bet ($2) returned to BuzovaPro
BuzovaPro collected $2 from pot
BuzovaPro: doesn't show hand
*** SUMMARY ***
Total pot $2 | Rake $0
Seat 4: conanboy (button) (small blind) folded before Flop
Seat 6: BuzovaPro (big blind) collected ($2)


PokerStars Hand #153447877913:  Hold'em Limit ($3/$6 USD) - 2016/05/17 12:08:08 ET
Table 'Quintilla' 6-max Seat #4 is the button
Seat 4: conanboy ($71.01 in chips)
Seat 6: BuzovaPro ($116.30 in chips)
conanboy: posts small blind $1
BuzovaPro: posts big blind $3
*** HOLE CARDS ***
conanboy: raises $3 to $6
BuzovaPro: raises $3 to $9
conanboy: calls $3
*** FLOP *** [2c 5s 3h]
BuzovaPro: bets $3
conanboy: raises $3 to $6
BuzovaPro: raises $3 to $9
conanboy: calls $3
*** TURN *** [2c 5s 3h] [Jc]
BuzovaPro: bets $6
conanboy: calls $6
*** RIVER *** [2c 5s 3h Jc] [Qd]
BuzovaPro: bets $6
conanboy: folds
Uncalled bet ($6) returned to BuzovaPro
BuzovaPro collected $47.50 from pot
BuzovaPro: doesn't show hand
*** SUMMARY ***
Total pot $48 | Rake $0.50
Board [2c 5s 3h Jc Qd]
Seat 4: conanboy (button) (small blind) folded on the River
Seat 6: BuzovaPro (big blind) collected ($47.50)


PokerStars Hand #153447912484:  Hold'em Limit ($3/$6 USD) - 2016/05/17 12:08:55 ET
Table 'Quintilla' 6-max Seat #6 is the button
Seat 4: conanboy ($47.01 in chips)
Seat 6: BuzovaPro ($139.80 in chips)
BuzovaPro: posts small blind $1
conanboy: posts big blind $3
*** HOLE CARDS ***
BuzovaPro: raises $3 to $6
conanboy: folds
Uncalled bet ($3) returned to BuzovaPro
BuzovaPro collected $6 from pot
BuzovaPro: doesn't show hand
*** SUMMARY ***
Total pot $6 | Rake $0
Seat 4: conanboy (big blind) folded before Flop
Seat 6: BuzovaPro (button) (small blind) collected ($6)


PokerStars Hand #153447918461:  Hold'em Limit ($3/$6 USD) - 2016/05/17 12:09:03 ET
Table 'Quintilla' 6-max Seat #4 is the button
Seat 4: conanboy ($44.01 in chips)
Seat 6: BuzovaPro ($142.80 in chips)
conanboy: posts small blind $1
BuzovaPro: posts big blind $3
*** HOLE CARDS ***
conanboy: raises $3 to $6
BuzovaPro: calls $3
*** FLOP *** [7d 4h As]
BuzovaPro: checks
conanboy: bets $3
BuzovaPro: calls $3
*** TURN *** [7d 4h As] [7h]
BuzovaPro: checks
conanboy: checks
*** RIVER *** [7d 4h As 7h] [8c]
BuzovaPro: bets $6
conanboy: folds
Uncalled bet ($6) returned to BuzovaPro
BuzovaPro collected $17.64 from pot
BuzovaPro: doesn't show hand
*** SUMMARY ***
Total pot $18 | Rake $0.36
Board [7d 4h As 7h 8c]
Seat 4: conanboy (button) (small blind) folded on the River
Seat 6: BuzovaPro (big blind) collected ($17.64)


PokerStars Hand #153447946548:  Hold'em Limit ($3/$6 USD) - 2016/05/17 12:09:41 ET
Table 'Quintilla' 6-max Seat #6 is the button
Seat 4: conanboy ($35.01 in chips)
Seat 6: BuzovaPro ($151.44 in chips)
BuzovaPro: posts small blind $1
conanboy: posts big blind $3
*** HOLE CARDS ***
BuzovaPro: raises $3 to $6
conanboy: calls $3
*** FLOP *** [5s Jc 3c]
conanboy: checks
BuzovaPro: bets $3
conanboy: raises $3 to $6
BuzovaPro: calls $3
*** TURN *** [5s Jc 3c] [2s]
conanboy: bets $6
BuzovaPro: calls $6
*** RIVER *** [5s Jc 3c 2s] [7s]
conanboy: bets $6
BuzovaPro: folds
Uncalled bet ($6) returned to conanboy
conanboy collected $35.50 from pot
conanboy: doesn't show hand
*** SUMMARY ***
Total pot $36 | Rake $0.50
Board [5s Jc 3c 2s 7s]
Seat 4: conanboy (big blind) collected ($35.50)
Seat 6: BuzovaPro (button) (small blind) folded on the River


PokerStars Hand #153447995967:  Hold'em Limit ($3/$6 USD) - 2016/05/17 12:10:48 ET
Table 'Quintilla' 6-max Seat #6 is the button
Seat 4: conanboy ($58.27 in chips)
Seat 6: BuzovaPro ($127.44 in chips)
BuzovaPro: posts small blind $1
conanboy: posts big blind $3
*** HOLE CARDS ***
BuzovaPro: folds
Uncalled bet ($2) returned to conanboy
conanboy collected $2 from pot
conanboy: doesn't show hand
*** SUMMARY ***
Total pot $2 | Rake $0
Seat 4: conanboy (big blind) collected ($2)
Seat 6: BuzovaPro (button) (small blind) folded before Flop


PokerStars Hand #153447980144:  Hold'em Limit ($3/$6 USD) - 2016/05/17 12:10:27 ET
Table 'Quintilla' 6-max Seat #4 is the button
Seat 4: conanboy ($52.51 in chips)
Seat 6: BuzovaPro ($133.44 in chips)
conanboy: posts small blind $1
BuzovaPro: posts big blind $3
*** HOLE CARDS ***
conanboy: raises $3 to $6
BuzovaPro: calls $3
*** FLOP *** [6s Kh 9h]
BuzovaPro: checks
conanboy: bets $3
BuzovaPro: folds
Uncalled bet ($3) returned to conanboy
conanboy collected $11.76 from pot
conanboy: doesn't show hand
*** SUMMARY ***
Total pot $12 | Rake $0.24
Board [6s Kh 9h]
Seat 4: conanboy (button) (small blind) collected ($11.76)
Seat 6: BuzovaPro (big blind) folded on the Flop


PokerStars Hand #153447999817:  Hold'em Limit ($3/$6 USD) - 2016/05/17 12:10:54 ET
Table 'Quintilla' 6-max Seat #4 is the button
Seat 4: conanboy ($59.27 in chips)
Seat 6: BuzovaPro ($126.44 in chips)
conanboy: posts small blind $1
BuzovaPro: posts big blind $3
*** HOLE CARDS ***
conanboy: raises $3 to $6
BuzovaPro: calls $3
*** FLOP *** [Ks Kd 8d]
BuzovaPro: checks
conanboy: bets $3
BuzovaPro: raises $3 to $6
conanboy: calls $3
*** TURN *** [Ks Kd 8d] [Js]
BuzovaPro: checks
conanboy: bets $6
BuzovaPro: calls $6
*** RIVER *** [Ks Kd 8d Js] [9c]
BuzovaPro: checks
conanboy: bets $6
BuzovaPro: calls $6
*** SHOW DOWN ***
conanboy: shows [Jd 7h] (two pair, Kings and Jacks)
BuzovaPro: mucks hand
conanboy collected $47.50 from pot
*** SUMMARY ***
Total pot $48 | Rake $0.50
Board [Ks Kd 8d Js 9c]
Seat 4: conanboy (button) (small blind) showed [Jd 7h] and won ($47.50) with two pair, Kings and Jacks
Seat 6: BuzovaPro (big blind) mucked


PokerStars Hand #153448027178:  Hold'em Limit ($3/$6 USD) - 2016/05/17 12:11:31 ET
Table 'Quintilla' 6-max Seat #4 is the button
Seat 4: conanboy ($83.77 in chips)
Seat 6: BuzovaPro ($101.44 in chips)
conanboy: posts small blind $1
BuzovaPro: posts big blind $3
*** HOLE CARDS ***
conanboy: folds
Uncalled bet ($2) returned to BuzovaPro
BuzovaPro collected $2 from pot
BuzovaPro: doesn't show hand
*** SUMMARY ***
Total pot $2 | Rake $0
Seat 4: conanboy (button) (small blind) folded before Flop
Seat 6: BuzovaPro (big blind) collected ($2)


PokerStars Hand #153448023585:  Hold'em Limit ($3/$6 USD) - 2016/05/17 12:11:26 ET
Table 'Quintilla' 6-max Seat #6 is the button
Seat 4: conanboy ($82.77 in chips)
Seat 6: BuzovaPro ($102.44 in chips)
BuzovaPro: posts small blind $1
conanboy: posts big blind $3
*** HOLE CARDS ***
BuzovaPro: folds
Uncalled bet ($2) returned to conanboy
conanboy collected $2 from pot
conanboy: doesn't show hand
*** SUMMARY ***
Total pot $2 | Rake $0
Seat 4: conanboy (big blind) collected ($2)
Seat 6: BuzovaPro (button) (small blind) folded before Flop


PokerStars Hand #153448031839:  Hold'em Limit ($3/$6 USD) - 2016/05/17 12:11:37 ET
Table 'Quintilla' 6-max Seat #6 is the button
Seat 4: conanboy ($82.77 in chips)
Seat 6: BuzovaPro ($102.44 in chips)
BuzovaPro: posts small blind $1
conanboy: posts big blind $3
*** HOLE CARDS ***
BuzovaPro: raises $3 to $6
conanboy: raises $3 to $9
BuzovaPro: calls $3
*** FLOP *** [3h 5c 5h]
conanboy: bets $3
BuzovaPro: folds
Uncalled bet ($3) returned to conanboy
conanboy collected $17.64 from pot
conanboy: doesn't show hand
*** SUMMARY ***
Total pot $18 | Rake $0.36
Board [3h 5c 5h]
Seat 4: conanboy (big blind) collected ($17.64)
Seat 6: BuzovaPro (button) (small blind) folded on the Flop


PokerStars Hand #153448044662:  Hold'em Limit ($3/$6 USD) - 2016/05/17 12:11:54 ET
Table 'Quintilla' 6-max Seat #4 is the button
Seat 4: conanboy ($91.41 in chips)
Seat 6: BuzovaPro ($93.44 in chips)
conanboy: posts small blind $1
BuzovaPro: posts big blind $3
*** HOLE CARDS ***
conanboy: folds
Uncalled bet ($2) returned to BuzovaPro
BuzovaPro collected $2 from pot
BuzovaPro: doesn't show hand
*** SUMMARY ***
Total pot $2 | Rake $0
Seat 4: conanboy (button) (small blind) folded before Flop
Seat 6: BuzovaPro (big blind) collected ($2)


PokerStars Hand #153448051002:  Hold'em Limit ($3/$6 USD) - 2016/05/17 12:12:03 ET
Table 'Quintilla' 6-max Seat #6 is the button
Seat 4: conanboy ($90.41 in chips)
Seat 6: BuzovaPro ($94.44 in chips)
BuzovaPro: posts small blind $1
conanboy: posts big blind $3
*** HOLE CARDS ***
BuzovaPro: raises $3 to $6
conanboy: calls $3
*** FLOP *** [9c 3h Td]
conanboy: checks
BuzovaPro: bets $3
conanboy: raises $3 to $6
BuzovaPro: calls $3
*** TURN *** [9c 3h Td] [9d]
conanboy: bets $6
BuzovaPro: calls $6
*** RIVER *** [9c 3h Td 9d] [2d]
conanboy: bets $6
BuzovaPro: calls $6
*** SHOW DOWN ***
conanboy: shows [8c 7d] (a pair of Nines)
BuzovaPro: shows [5s Th] (two pair, Tens and Nines)
BuzovaPro collected $47.50 from pot
*** SUMMARY ***
Total pot $48 | Rake $0.50
Board [9c 3h Td 9d 2d]
Seat 4: conanboy (big blind) showed [8c 7d] and lost with a pair of Nines
Seat 6: BuzovaPro (button) (small blind) showed [5s Th] and won ($47.50) with two pair, Tens and Nines


PokerStars Hand #153448070432:  Hold'em Limit ($3/$6 USD) - 2016/05/17 12:12:29 ET
Table 'Quintilla' 6-max Seat #4 is the button
Seat 4: conanboy ($66.41 in chips)
Seat 6: BuzovaPro ($117.94 in chips)
conanboy: posts small blind $1
BuzovaPro: posts big blind $3
*** HOLE CARDS ***
conanboy: raises $3 to $6
BuzovaPro: calls $3
*** FLOP *** [3h 9d 5h]
BuzovaPro: checks
conanboy: bets $3
BuzovaPro: raises $3 to $6
conanboy: calls $3
*** TURN *** [3h 9d 5h] [5d]
BuzovaPro: bets $6
conanboy: calls $6
*** RIVER *** [3h 9d 5h 5d] [Qc]
BuzovaPro: bets $6
conanboy: calls $6
*** SHOW DOWN ***
BuzovaPro: shows [3c 5c] (a full house, Fives full of Threes)
conanboy: mucks hand
BuzovaPro collected $47.50 from pot
*** SUMMARY ***
Total pot $48 | Rake $0.50
Board [3h 9d 5h 5d Qc]
Seat 4: conanboy (button) (small blind) mucked
Seat 6: BuzovaPro (big blind) showed [3c 5c] and won ($47.50) with a full house, Fives full of Threes


PokerStars Hand #153448095956:  Hold'em Limit ($3/$6 USD) - 2016/05/17 12:13:04 ET
Table 'Quintilla' 6-max Seat #6 is the button
Seat 4: conanboy ($42.41 in chips)
Seat 6: BuzovaPro ($141.44 in chips)
BuzovaPro: posts small blind $1
conanboy: posts big blind $3
*** HOLE CARDS ***
BuzovaPro: raises $3 to $6
conanboy: folds
Uncalled bet ($3) returned to BuzovaPro
BuzovaPro collected $6 from pot
BuzovaPro: doesn't show hand
*** SUMMARY ***
Total pot $6 | Rake $0
Seat 4: conanboy (big blind) folded before Flop
Seat 6: BuzovaPro (button) (small blind) collected ($6)


PokerStars Hand #153448728573:  Hold'em Limit ($3/$6 USD) - 2016/05/17 12:27:18 ET
Table 'Quintilla' 6-max Seat #4 is the button
Seat 4: Agrotait ($72 in chips)
Seat 5: SeanPeary ($60 in chips)
Agrotait: posts small blind $1
SeanPeary: posts big blind $3
*** HOLE CARDS ***
Agrotait: raises $3 to $6
SeanPeary: calls $3
*** FLOP *** [3d 7s 6c]
SeanPeary: checks
Agrotait: bets $3
SeanPeary: calls $3
*** TURN *** [3d 7s 6c] [6h]
SeanPeary: checks
Agrotait: bets $6
SeanPeary: folds
Uncalled bet ($6) returned to Agrotait
Agrotait collected $17.64 from pot
Agrotait: doesn't show hand
*** SUMMARY ***
Total pot $18 | Rake $0.36
Board [3d 7s 6c 6h]
Seat 4: Agrotait (button) (small blind) collected ($17.64)
Seat 5: SeanPeary (big blind) folded on the Turn


PokerStars Hand #153448804755:  Hold'em Limit ($3/$6 USD) - 2016/05/17 12:28:54 ET
Table 'Quintilla' 6-max Seat #4 is the button
Seat 4: Agrotait ($71.64 in chips)
Seat 5: SeanPeary ($59.64 in chips)
Agrotait: posts small blind $1
SeanPeary: posts big blind $3
*** HOLE CARDS ***
Agrotait: raises $3 to $6
SeanPeary: calls $3
*** FLOP *** [4h 9h 4c]
SeanPeary: checks
Agrotait: bets $3
SeanPeary: calls $3
*** TURN *** [4h 9h 4c] [3d]
SeanPeary: checks
Agrotait: bets $6
SeanPeary: raises $6 to $12
Agrotait: calls $6
*** RIVER *** [4h 9h 4c 3d] [Ad]
SeanPeary: bets $6
Agrotait: calls $6
*** SHOW DOWN ***
SeanPeary: shows [5h 7h] (a pair of Fours)
Agrotait: shows [7c 9s] (two pair, Nines and Fours)
Agrotait collected $53.50 from pot
*** SUMMARY ***
Total pot $54 | Rake $0.50
Board [4h 9h 4c 3d Ad]
Seat 4: Agrotait (button) (small blind) showed [7c 9s] and won ($53.50) with two pair, Nines and Fours
Seat 5: SeanPeary (big blind) showed [5h 7h] and lost with a pair of Fours


PokerStars Hand #153448767100:  Hold'em Limit ($3/$6 USD) - 2016/05/17 12:28:09 ET
Table 'Quintilla' 6-max Seat #5 is the button
Seat 4: Agrotait ($80.64 in chips)
Seat 5: SeanPeary ($51 in chips)
SeanPeary: posts small blind $1
Agrotait: posts big blind $3
*** HOLE CARDS ***
SeanPeary: raises $3 to $6
Agrotait: calls $3
*** FLOP *** [Jd 3c 7h]
Agrotait: checks
SeanPeary: bets $3
Agrotait: calls $3
*** TURN *** [Jd 3c 7h] [As]
Agrotait: checks
SeanPeary: bets $6
Agrotait: folds
Uncalled bet ($6) returned to SeanPeary
SeanPeary collected $17.64 from pot
SeanPeary: doesn't show hand
*** SUMMARY ***
Total pot $18 | Rake $0.36
Board [Jd 3c 7h As]
Seat 4: Agrotait (big blind) folded on the Turn
Seat 5: SeanPeary (button) (small blind) collected ($17.64)


PokerStars Hand #153448845106:  Hold'em Limit ($3/$6 USD) - 2016/05/17 12:29:49 ET
Table 'Quintilla' 6-max Seat #4 is the button
Seat 4: Agrotait ($95.14 in chips)
Seat 5: SeanPeary ($35.64 in chips)
Agrotait: posts small blind $1
SeanPeary: posts big blind $3
*** HOLE CARDS ***
Agrotait: raises $3 to $6
SeanPeary: folds
Uncalled bet ($3) returned to Agrotait
Agrotait collected $6 from pot
Agrotait: doesn't show hand
*** SUMMARY ***
Total pot $6 | Rake $0
Seat 4: Agrotait (button) (small blind) collected ($6)
Seat 5: SeanPeary (big blind) folded before Flop


PokerStars Hand #153448831940:  Hold'em Limit ($3/$6 USD) - 2016/05/17 12:29:31 ET
Table 'Quintilla' 6-max Seat #5 is the button
Seat 4: Agrotait ($98.14 in chips)
Seat 5: SeanPeary ($32.64 in chips)
SeanPeary: posts small blind $1
Agrotait: posts big blind $3
*** HOLE CARDS ***
SeanPeary: raises $3 to $6
Agrotait: folds
Uncalled bet ($3) returned to SeanPeary
SeanPeary collected $6 from pot
SeanPeary: doesn't show hand
*** SUMMARY ***
Total pot $6 | Rake $0
Seat 4: Agrotait (big blind) folded before Flop
Seat 5: SeanPeary (button) (small blind) collected ($6)


PokerStars Hand #153448849600:  Hold'em Limit ($3/$6 USD) - 2016/05/17 12:29:55 ET
Table 'Quintilla' 6-max Seat #5 is the button
Seat 4: Agrotait ($98.14 in chips)
Seat 5: SeanPeary ($32.64 in chips)
SeanPeary: posts small blind $1
Agrotait: posts big blind $3
*** HOLE CARDS ***
SeanPeary: raises $3 to $6
Agrotait: folds
Uncalled bet ($3) returned to SeanPeary
SeanPeary collected $6 from pot
SeanPeary: doesn't show hand
*** SUMMARY ***
Total pot $6 | Rake $0
Seat 4: Agrotait (big blind) folded before Flop
Seat 5: SeanPeary (button) (small blind) collected ($6)


PokerStars Hand #153448855894:  Hold'em Limit ($3/$6 USD) - 2016/05/17 12:30:03 ET
Table 'Quintilla' 6-max Seat #4 is the button
Seat 4: Agrotait ($95.14 in chips)
Seat 5: SeanPeary ($35.64 in chips)
Agrotait: posts small blind $1
SeanPeary: posts big blind $3
*** HOLE CARDS ***
Agrotait: raises $3 to $6
SeanPeary: raises $3 to $9
Agrotait: calls $3
*** FLOP *** [6s 3d Ac]
SeanPeary: bets $3
Agrotait: calls $3
*** TURN *** [6s 3d Ac] [7d]
SeanPeary: checks
Agrotait: checks
*** RIVER *** [6s 3d Ac 7d] [7h]
SeanPeary: checks
Agrotait: checks
*** SHOW DOWN ***
SeanPeary: shows [Js Kc] (a pair of Sevens)
Agrotait: mucks hand
SeanPeary collected $23.52 from pot
*** SUMMARY ***
Total pot $24 | Rake $0.48
Board [6s 3d Ac 7d 7h]
Seat 4: Agrotait (button) (small blind) mucked
Seat 5: SeanPeary (big blind) showed [Js Kc] and won ($23.52) with a pair of Sevens


