PokerStars Hand #175789409081:  Hold'em Limit ($3/$6 USD) - 2017/09/17 21:16:53 ET
Table 'Quintilla' 6-max Seat #3 is the button
Seat 2: uglyghost101 ($120 in chips)
Seat 3: belik555 ($90 in chips)
belik555: posts small blind $1
uglyghost101: posts big blind $3
*** HOLE CARDS ***
belik555: raises $3 to $6
uglyghost101: raises $3 to $9
belik555: calls $3
*** FLOP *** [3s 5h 4s]
uglyghost101: bets $3
belik555: calls $3
*** TURN *** [3s 5h 4s] [6d]
uglyghost101: bets $6
belik555: calls $6
*** RIVER *** [3s 5h 4s 6d] [6h]
uglyghost101: checks
belik555: bets $6
uglyghost101: calls $6
*** SHOW DOWN ***
belik555: shows [6c Td] (three of a kind, Sixes)
uglyghost101: mucks hand
belik555 collected $47.50 from pot
*** SUMMARY ***
Total pot $48 | Rake $0.50
Board [3s 5h 4s 6d 6h]
Seat 2: uglyghost101 (big blind) mucked
Seat 3: belik555 (button) (small blind) showed [6c Td] and won ($47.50) with three of a kind, Sixes


PokerStars Hand #175789430862:  Hold'em Limit ($3/$6 USD) - 2017/09/17 21:17:47 ET
Table 'Quintilla' 6-max Seat #2 is the button
Seat 2: uglyghost101 ($96 in chips)
Seat 3: belik555 ($113.50 in chips)
uglyghost101: posts small blind $1
belik555: posts big blind $3
*** HOLE CARDS ***
uglyghost101: raises $3 to $6
belik555: calls $3
*** FLOP *** [9d Ah 3s]
belik555: checks
uglyghost101: bets $3
belik555: folds
Uncalled bet ($3) returned to uglyghost101
uglyghost101 collected $11.76 from pot
uglyghost101: doesn't show hand
*** SUMMARY ***
Total pot $12 | Rake $0.24
Board [9d Ah 3s]
Seat 2: uglyghost101 (button) (small blind) collected ($11.76)
Seat 3: belik555 (big blind) folded on the Flop


PokerStars Hand #175789442875:  Hold'em Limit ($3/$6 USD) - 2017/09/17 21:18:16 ET
Table 'Quintilla' 6-max Seat #3 is the button
Seat 2: uglyghost101 ($101.76 in chips)
Seat 3: belik555 ($107.50 in chips)
belik555: posts small blind $1
uglyghost101: posts big blind $3
*** HOLE CARDS ***
belik555: raises $3 to $6
uglyghost101: raises $3 to $9
belik555: calls $3
*** FLOP *** [Td 7h Qc]
uglyghost101: bets $3
belik555: folds
Uncalled bet ($3) returned to uglyghost101
uglyghost101 collected $17.64 from pot
uglyghost101: doesn't show hand
*** SUMMARY ***
Total pot $18 | Rake $0.36
Board [Td 7h Qc]
Seat 2: uglyghost101 (big blind) collected ($17.64)
Seat 3: belik555 (button) (small blind) folded on the Flop


PokerStars Hand #175789610461:  Hold'em Limit ($3/$6 USD) - 2017/09/17 21:25:19 ET
Table 'Quintilla' 6-max Seat #2 is the button
Seat 2: uglyghost101 ($110.40 in chips)
Seat 6: SongOnur ($40 in chips)
uglyghost101: posts small blind $1
SongOnur: posts big blind $3
*** HOLE CARDS ***
uglyghost101: raises $3 to $6
SongOnur: raises $3 to $9
uglyghost101: calls $3
*** FLOP *** [3h 9c Jh]
SongOnur: bets $3
uglyghost101: calls $3
*** TURN *** [3h 9c Jh] [7s]
SongOnur: bets $6
kote1969 joins the table at seat #5
uglyghost101: calls $6
*** RIVER *** [3h 9c Jh 7s] [6h]
SongOnur: bets $6
uglyghost101: raises $6 to $12
SongOnur: calls $6
*** SHOW DOWN ***
uglyghost101: shows [9h 8h] (a flush, Jack high)
SongOnur: mucks hand
uglyghost101 collected $59.50 from pot
*** SUMMARY ***
Total pot $60 | Rake $0.50
Board [3h 9c Jh 7s 6h]
Seat 2: uglyghost101 (button) (small blind) showed [9h 8h] and won ($59.50) with a flush, Jack high
Seat 6: SongOnur (big blind) mucked


PokerStars Hand #175791942333:  Hold'em Limit ($3/$6 USD) - 2017/09/17 23:25:22 ET
Table 'Quintilla' 6-max Seat #3 is the button
Seat 3: habari786 ($60 in chips)
Seat 4: VolkovDmitri ($120 in chips)
habari786: posts small blind $1
VolkovDmitri: posts big blind $3
*** HOLE CARDS ***
habari786: raises $3 to $6
VolkovDmitri: calls $3
*** FLOP *** [Jh 5s Jd]
VolkovDmitri: checks
habari786: bets $3
VolkovDmitri: calls $3
*** TURN *** [Jh 5s Jd] [4h]
yayaya joins the table at seat #1
VolkovDmitri: checks
habari786: bets $6
VolkovDmitri: calls $6
*** RIVER *** [Jh 5s Jd 4h] [5d]
VolkovDmitri: checks
habari786: bets $6
VolkovDmitri: calls $6
*** SHOW DOWN ***
habari786: shows [Ks 5h] (a full house, Fives full of Jacks)
VolkovDmitri: mucks hand
habari786 collected $41.50 from pot
*** SUMMARY ***
Total pot $42 | Rake $0.50
Board [Jh 5s Jd 4h 5d]
Seat 3: habari786 (button) (small blind) showed [Ks 5h] and won ($41.50) with a full house, Fives full of Jacks
Seat 4: VolkovDmitri (big blind) mucked


