PokerStars Hand #176223241837:  Hold'em Limit ($3/$6 USD) - 2017/09/28 8:40:32 ET
Table 'Rabe' 6-max Seat #4 is the button
Seat 1: anebodil ($118.76 in chips)
Seat 4: Agrotait ($66.76 in chips)
Agrotait: posts small blind $1
anebodil: posts big blind $3
*** HOLE CARDS ***
Agrotait: raises $3 to $6
anebodil: calls $3
*** FLOP *** [As 5h Ts]
anebodil: checks
Agrotait: bets $3
anebodil: folds
Uncalled bet ($3) returned to Agrotait
Agrotait collected $11.76 from pot
Agrotait: doesn't show hand
*** SUMMARY ***
Total pot $12 | Rake $0.24
Board [As 5h Ts]
Seat 1: anebodil (big blind) folded on the Flop
Seat 4: Agrotait (button) (small blind) collected ($11.76)


PokerStars Hand #176223239173:  Hold'em Limit ($3/$6 USD) - 2017/09/28 8:40:26 ET
Table 'Rabe' 6-max Seat #1 is the button
Seat 1: anebodil ($119.76 in chips)
Seat 4: Agrotait ($65.76 in chips)
anebodil: posts small blind $1
Agrotait: posts big blind $3
*** HOLE CARDS ***
anebodil: folds
Uncalled bet ($2) returned to Agrotait
Agrotait collected $2 from pot
Agrotait: doesn't show hand
*** SUMMARY ***
Total pot $2 | Rake $0
Seat 1: anebodil (button) (small blind) folded before Flop
Seat 4: Agrotait (big blind) collected ($2)


PokerStars Hand #176223231020:  Hold'em Limit ($3/$6 USD) - 2017/09/28 8:40:08 ET
Table 'Rabe' 6-max Seat #4 is the button
Seat 1: anebodil ($114 in chips)
Seat 4: Agrotait ($71.76 in chips)
Agrotait: posts small blind $1
anebodil: posts big blind $3
*** HOLE CARDS ***
Agrotait: raises $3 to $6
anebodil: calls $3
*** FLOP *** [Qd 3d 9h]
anebodil: bets $3
Agrotait: folds
Uncalled bet ($3) returned to anebodil
anebodil collected $11.76 from pot
*** SUMMARY ***
Total pot $12 | Rake $0.24
Board [Qd 3d 9h]
Seat 1: anebodil (big blind) collected ($11.76)
Seat 4: Agrotait (button) (small blind) folded on the Flop


PokerStars Hand #176223221458:  Hold'em Limit ($3/$6 USD) - 2017/09/28 8:39:46 ET
Table 'Rabe' 6-max Seat #1 is the button
Seat 1: anebodil ($120 in chips)
Seat 4: Agrotait ($66 in chips)
anebodil: posts small blind $1
Agrotait: posts big blind $3
*** HOLE CARDS ***
anebodil: calls $2
Agrotait: raises $3 to $6
anebodil: calls $3
*** FLOP *** [Jd Qh 4h]
Agrotait: bets $3
anebodil: folds
Uncalled bet ($3) returned to Agrotait
Agrotait collected $11.76 from pot
Agrotait: doesn't show hand
*** SUMMARY ***
Total pot $12 | Rake $0.24
Board [Jd Qh 4h]
Seat 1: anebodil (button) (small blind) folded on the Flop
Seat 4: Agrotait (big blind) collected ($11.76)


PokerStars Hand #176223252608:  Hold'em Limit ($3/$6 USD) - 2017/09/28 8:40:56 ET
Table 'Rabe' 6-max Seat #1 is the button
Seat 1: anebodil ($112.76 in chips)
Seat 4: Agrotait ($72.52 in chips)
anebodil: posts small blind $1
Agrotait: posts big blind $3
*** HOLE CARDS ***
anebodil: raises $3 to $6
Agrotait: calls $3
*** FLOP *** [5c Jd 5h]
Agrotait: checks
anebodil: bets $3
Agrotait: folds
Uncalled bet ($3) returned to anebodil
anebodil collected $11.76 from pot
*** SUMMARY ***
Total pot $12 | Rake $0.24
Board [5c Jd 5h]
Seat 1: anebodil (button) (small blind) collected ($11.76)
Seat 4: Agrotait (big blind) folded on the Flop


PokerStars Hand #176223263318:  Hold'em Limit ($3/$6 USD) - 2017/09/28 8:41:19 ET
Table 'Rabe' 6-max Seat #4 is the button
Seat 1: anebodil ($118.52 in chips)
Seat 4: Agrotait ($66.52 in chips)
Agrotait: posts small blind $1
anebodil: posts big blind $3
*** HOLE CARDS ***
Agrotait: raises $3 to $6
anebodil: calls $3
*** FLOP *** [2s Tc 2c]
anebodil: bets $3
zimin10 joins the table at seat #2
Agrotait: calls $3
*** TURN *** [2s Tc 2c] [4s]
anebodil: bets $6
Agrotait: calls $6
*** RIVER *** [2s Tc 2c 4s] [4h]
anebodil: bets $6
Agrotait: calls $6
*** SHOW DOWN ***
anebodil: shows [5c Qc] (two pair, Fours and Deuces)
Agrotait: shows [Kh 6h] (two pair, Fours and Deuces - King kicker)
Agrotait collected $41.50 from pot
*** SUMMARY ***
Total pot $42 | Rake $0.50
Board [2s Tc 2c 4s 4h]
Seat 1: anebodil (big blind) showed [5c Qc] and lost with two pair, Fours and Deuces
Seat 4: Agrotait (button) (small blind) showed [Kh 6h] and won ($41.50) with two pair, Fours and Deuces


PokerStars Hand #176223298679:  Hold'em Limit ($3/$6 USD) - 2017/09/28 8:42:38 ET
Table 'Rabe' 6-max Seat #1 is the button
Seat 1: anebodil ($96.52 in chips)
Seat 2: zimin10 ($72 in chips)
anebodil: posts small blind $1
zimin10: posts big blind $3
*** HOLE CARDS ***
anebodil: folds
Uncalled bet ($2) returned to zimin10
zimin10 collected $2 from pot
*** SUMMARY ***
Total pot $2 | Rake $0
Seat 1: anebodil (button) (small blind) folded before Flop
Seat 2: zimin10 (big blind) collected ($2)


PokerStars Hand #176223312592:  Hold'em Limit ($3/$6 USD) - 2017/09/28 8:43:09 ET
Table 'Rabe' 6-max Seat #1 is the button
Seat 1: anebodil ($122.02 in chips)
Seat 2: zimin10 ($72 in chips)
anebodil: posts small blind $1
zimin10: posts big blind $3
*** HOLE CARDS ***
anebodil: raises $3 to $6
zimin10: calls $3
*** FLOP *** [8s 2h 7s]
zimin10: checks
anebodil: checks
*** TURN *** [8s 2h 7s] [9s]
zimin10: bets $6
anebodil: calls $6
*** RIVER *** [8s 2h 7s 9s] [Qh]
zimin10: checks
anebodil: checks
*** SHOW DOWN ***
zimin10: shows [Th 9h] (a pair of Nines)
krytalex joins the table at seat #3
anebodil: mucks hand
zimin10 collected $23.52 from pot
*** SUMMARY ***
Total pot $24 | Rake $0.48
Board [8s 2h 7s 9s Qh]
Seat 1: anebodil (button) (small blind) mucked
Seat 2: zimin10 (big blind) showed [Th 9h] and won ($23.52) with a pair of Nines


PokerStars Hand #176223302078:  Hold'em Limit ($3/$6 USD) - 2017/09/28 8:42:46 ET
Table 'Rabe' 6-max Seat #2 is the button
Seat 1: anebodil ($95.52 in chips)
Seat 2: zimin10 ($73 in chips)
zimin10: posts small blind $1
anebodil: posts big blind $3
*** HOLE CARDS ***
zimin10: raises $3 to $6
anebodil: calls $3
*** FLOP *** [Jc 9c 2s]
anebodil: bets $3
zimin10: calls $3
*** TURN *** [Jc 9c 2s] [5h]
anebodil: bets $6
zimin10: raises $6 to $12
anebodil: calls $6
*** RIVER *** [Jc 9c 2s 5h] [Kh]
anebodil: bets $6
zimin10: calls $6
*** SHOW DOWN ***
anebodil: shows [2d Kc] (two pair, Kings and Deuces)
zimin10: mucks hand
anebodil collected $53.50 from pot
*** SUMMARY ***
Total pot $54 | Rake $0.50
Board [Jc 9c 2s 5h Kh]
Seat 1: anebodil (big blind) showed [2d Kc] and won ($53.50) with two pair, Kings and Deuces
Seat 2: zimin10 (button) (small blind) mucked


PokerStars Hand #176223608454:  Hold'em Limit ($3/$6 USD) - 2017/09/28 8:54:03 ET
Table 'Rabe' 6-max Seat #3 is the button
Seat 1: anebodil ($31.20 in chips)
Seat 3: krytalex ($92.63 in chips)
krytalex: posts small blind $1
anebodil: posts big blind $3
*** HOLE CARDS ***
krytalex: raises $3 to $6
anebodil: folds
Uncalled bet ($3) returned to krytalex
krytalex collected $6 from pot
*** SUMMARY ***
Total pot $6 | Rake $0
Seat 1: anebodil (big blind) folded before Flop
Seat 3: krytalex (button) (small blind) collected ($6)


PokerStars Hand #176223605788:  Hold'em Limit ($3/$6 USD) - 2017/09/28 8:53:58 ET
Table 'Rabe' 6-max Seat #1 is the button
Seat 1: anebodil ($32.20 in chips)
Seat 3: krytalex ($91.63 in chips)
anebodil: posts small blind $1
zimin10: is sitting out
krytalex: posts big blind $3
*** HOLE CARDS ***
anebodil: folds
Uncalled bet ($2) returned to krytalex
krytalex collected $2 from pot
*** SUMMARY ***
Total pot $2 | Rake $0
Seat 1: anebodil (button) (small blind) folded before Flop
Seat 3: krytalex (big blind) collected ($2)


PokerStars Hand #176223685303:  Hold'em Limit ($3/$6 USD) - 2017/09/28 8:57:03 ET
Table 'Rabe' 6-max Seat #2 is the button
Seat 2: zimin10 ($167.01 in chips)
Seat 3: krytalex ($101 in chips)
SEQUOIA2012 will be allowed to play after the button
zimin10: posts small blind $1
krytalex: posts big blind $3
*** HOLE CARDS ***
zimin10: raises $3 to $6
krytalex: folds
Uncalled bet ($3) returned to zimin10
zimin10 collected $6 from pot
*** SUMMARY ***
Total pot $6 | Rake $0
Seat 2: zimin10 (button) (small blind) collected ($6)
Seat 3: krytalex (big blind) folded before Flop


PokerStars Hand #176223699074:  Hold'em Limit ($3/$6 USD) - 2017/09/28 8:57:37 ET
Table 'Rabe' 6-max Seat #3 is the button
Seat 1: anebodil ($46.08 in chips)
Seat 3: krytalex ($98 in chips)
krytalex: posts small blind $1
anebodil: posts big blind $3
*** HOLE CARDS ***
krytalex: raises $3 to $6
anebodil: calls $3
*** FLOP *** [9d 3h 6s]
anebodil: checks
krytalex: bets $3
anebodil: calls $3
*** TURN *** [9d 3h 6s] [8d]
anebodil: checks
krytalex: bets $6
anebodil: folds
Uncalled bet ($6) returned to krytalex
krytalex collected $17.64 from pot
*** SUMMARY ***
Total pot $18 | Rake $0.36
Board [9d 3h 6s 8d]
Seat 1: anebodil (big blind) folded on the Turn
Seat 3: krytalex (button) (small blind) collected ($17.64)


PokerStars Hand #176223691316:  Hold'em Limit ($3/$6 USD) - 2017/09/28 8:57:18 ET
Table 'Rabe' 6-max Seat #6 is the button
Seat 3: krytalex ($97 in chips)
Seat 6: SEQUOIA2012 ($301 in chips)
SEQUOIA2012: posts small blind $1
zimin10: is sitting out
krytalex: posts big blind $3
*** HOLE CARDS ***
zimin10 leaves the table
SEQUOIA2012: folds
Uncalled bet ($2) returned to krytalex
krytalex collected $2 from pot
*** SUMMARY ***
Total pot $2 | Rake $0
Seat 3: krytalex (big blind) collected ($2)
Seat 6: SEQUOIA2012 (button) (small blind) folded before Flop


PokerStars Hand #176223730839:  Hold'em Limit ($3/$6 USD) - 2017/09/28 8:58:56 ET
Table 'Rabe' 6-max Seat #3 is the button
Seat 1: anebodil ($36.08 in chips)
Seat 3: krytalex ($107.64 in chips)
krytalex: posts small blind $1
anebodil: posts big blind $3
*** HOLE CARDS ***
krytalex: folds
Uncalled bet ($2) returned to anebodil
anebodil collected $2 from pot
*** SUMMARY ***
Total pot $2 | Rake $0
Seat 1: anebodil (big blind) collected ($2)
Seat 3: krytalex (button) (small blind) folded before Flop


PokerStars Hand #176223733476:  Hold'em Limit ($3/$6 USD) - 2017/09/28 8:59:02 ET
Table 'Rabe' 6-max Seat #1 is the button
Seat 1: anebodil ($37.08 in chips)
Seat 3: krytalex ($106.64 in chips)
anebodil: posts small blind $1
krytalex: posts big blind $3
*** HOLE CARDS ***
anebodil: folds
Uncalled bet ($2) returned to krytalex
krytalex collected $2 from pot
*** SUMMARY ***
Total pot $2 | Rake $0
Seat 1: anebodil (button) (small blind) folded before Flop
Seat 3: krytalex (big blind) collected ($2)


PokerStars Hand #176223713717:  Hold'em Limit ($3/$6 USD) - 2017/09/28 8:58:14 ET
Table 'Rabe' 6-max Seat #1 is the button
Seat 1: anebodil ($37.08 in chips)
Seat 3: krytalex ($106.64 in chips)
anebodil: posts small blind $1
krytalex: posts big blind $3
*** HOLE CARDS ***
anebodil has timed out
anebodil: folds
Uncalled bet ($2) returned to krytalex
krytalex collected $2 from pot
*** SUMMARY ***
Total pot $2 | Rake $0
Seat 1: anebodil (button) (small blind) folded before Flop
Seat 3: krytalex (big blind) collected ($2)


PokerStars Hand #176223736463:  Hold'em Limit ($3/$6 USD) - 2017/09/28 8:59:09 ET
Table 'Rabe' 6-max Seat #3 is the button
Seat 1: anebodil ($36.08 in chips)
Seat 3: krytalex ($107.64 in chips)
krytalex: posts small blind $1
anebodil: posts big blind $3
*** HOLE CARDS ***
krytalex: raises $3 to $6
anebodil: folds
Uncalled bet ($3) returned to krytalex
krytalex collected $6 from pot
*** SUMMARY ***
Total pot $6 | Rake $0
Seat 1: anebodil (big blind) folded before Flop
Seat 3: krytalex (button) (small blind) collected ($6)


PokerStars Hand #176223740679:  Hold'em Limit ($3/$6 USD) - 2017/09/28 8:59:20 ET
Table 'Rabe' 6-max Seat #1 is the button
Seat 1: anebodil ($33.08 in chips)
Seat 3: krytalex ($110.64 in chips)
anebodil: posts small blind $1
krytalex: posts big blind $3
*** HOLE CARDS ***
anebodil: raises $3 to $6
krytalex: calls $3
*** FLOP *** [2d 6c 9c]
krytalex: checks
anebodil: bets $3
krytalex: raises $3 to $6
anebodil: calls $3
*** TURN *** [2d 6c 9c] [4c]
krytalex: bets $6
anebodil: calls $6
*** RIVER *** [2d 6c 9c 4c] [5c]
krytalex: bets $6
anebodil: calls $6
*** SHOW DOWN ***
krytalex: shows [Kc 9h] (a flush, King high)
anebodil: mucks hand
krytalex collected $47.50 from pot
*** SUMMARY ***
Total pot $48 | Rake $0.50
Board [2d 6c 9c 4c 5c]
Seat 1: anebodil (button) (small blind) mucked
Seat 3: krytalex (big blind) showed [Kc 9h] and won ($47.50) with a flush, King high


PokerStars Hand #176223752386:  Hold'em Limit ($3/$6 USD) - 2017/09/28 8:59:48 ET
Table 'Rabe' 6-max Seat #3 is the button
Seat 1: anebodil ($9.08 in chips)
Seat 3: krytalex ($134.14 in chips)
krytalex: posts small blind $1
anebodil: posts big blind $3
*** HOLE CARDS ***
krytalex: raises $3 to $6
anebodil: calls $3
*** FLOP *** [As 5d 4d]
anebodil: bets $3
krytalex: raises $3 to $6
anebodil: calls $0.08 and is all-in
Uncalled bet ($2.92) returned to krytalex
*** TURN *** [As 5d 4d] [5h]
*** RIVER *** [As 5d 4d 5h] [7d]
*** SHOW DOWN ***
anebodil: shows [6d Qh] (a pair of Fives)
krytalex: shows [6h 6s] (two pair, Sixes and Fives)
krytalex collected $17.80 from pot
*** SUMMARY ***
Total pot $18.16 | Rake $0.36
Board [As 5d 4d 5h 7d]
Seat 1: anebodil (big blind) showed [6d Qh] and lost with a pair of Fives
Seat 3: krytalex (button) (small blind) showed [6h 6s] and won ($17.80) with two pair, Sixes and Fives


PokerStars Hand #176224807473:  Hold'em Limit ($3/$6 USD) - 2017/09/28 9:35:56 ET
Table 'Rabe' 6-max Seat #3 is the button
Seat 3: krytalex ($146.62 in chips)
Seat 6: hooverr ($116.24 in chips)
krytalex: posts small blind $1
hooverr: posts big blind $3
*** HOLE CARDS ***
krytalex: raises $3 to $6
hooverr: folds
Uncalled bet ($3) returned to krytalex
krytalex collected $6 from pot
*** SUMMARY ***
Total pot $6 | Rake $0
Seat 3: krytalex (button) (small blind) collected ($6)
Seat 6: hooverr (big blind) folded before Flop


PokerStars Hand #176224803027:  Hold'em Limit ($3/$6 USD) - 2017/09/28 9:35:48 ET
Table 'Rabe' 6-max Seat #6 is the button
Seat 3: krytalex ($145.62 in chips)
Seat 6: hooverr ($117.24 in chips)
hooverr: posts small blind $1
krytalex: posts big blind $3
*** HOLE CARDS ***
hooverr: folds
Uncalled bet ($2) returned to krytalex
krytalex collected $2 from pot
*** SUMMARY ***
Total pot $2 | Rake $0
Seat 3: krytalex (big blind) collected ($2)
Seat 6: hooverr (button) (small blind) folded before Flop


PokerStars Hand #176224792131:  Hold'em Limit ($3/$6 USD) - 2017/09/28 9:35:25 ET
Table 'Rabe' 6-max Seat #3 is the button
Seat 3: krytalex ($139.86 in chips)
Seat 6: hooverr ($123.24 in chips)
krytalex: posts small blind $1
hooverr: posts big blind $3
*** HOLE CARDS ***
krytalex: raises $3 to $6
hooverr: calls $3
*** FLOP *** [7d 6s Ac]
hooverr: checks
krytalex: bets $3
hooverr: folds
Uncalled bet ($3) returned to krytalex
krytalex collected $11.76 from pot
*** SUMMARY ***
Total pot $12 | Rake $0.24
Board [7d 6s Ac]
Seat 3: krytalex (button) (small blind) collected ($11.76)
Seat 6: hooverr (big blind) folded on the Flop


PokerStars Hand #176224816969:  Hold'em Limit ($3/$6 USD) - 2017/09/28 9:36:16 ET
Table 'Rabe' 6-max Seat #6 is the button
Seat 3: krytalex ($149.62 in chips)
Seat 6: hooverr ($113.24 in chips)
hooverr: posts small blind $1
krytalex: posts big blind $3
*** HOLE CARDS ***
hooverr: folds
Uncalled bet ($2) returned to krytalex
krytalex collected $2 from pot
*** SUMMARY ***
Total pot $2 | Rake $0
Seat 3: krytalex (big blind) collected ($2)
Seat 6: hooverr (button) (small blind) folded before Flop


PokerStars Hand #176224820964:  Hold'em Limit ($3/$6 USD) - 2017/09/28 9:36:23 ET
Table 'Rabe' 6-max Seat #3 is the button
Seat 3: krytalex ($150.62 in chips)
Seat 6: hooverr ($112.24 in chips)
krytalex: posts small blind $1
hooverr: posts big blind $3
*** HOLE CARDS ***
krytalex: raises $3 to $6
hooverr: folds
Uncalled bet ($3) returned to krytalex
krytalex collected $6 from pot
*** SUMMARY ***
Total pot $6 | Rake $0
Seat 3: krytalex (button) (small blind) collected ($6)
Seat 6: hooverr (big blind) folded before Flop


PokerStars Hand #176224825245:  Hold'em Limit ($3/$6 USD) - 2017/09/28 9:36:32 ET
Table 'Rabe' 6-max Seat #6 is the button
Seat 3: krytalex ($153.62 in chips)
Seat 6: hooverr ($109.24 in chips)
hooverr: posts small blind $1
krytalex: posts big blind $3
*** HOLE CARDS ***
hooverr: raises $3 to $6
krytalex: calls $3
*** FLOP *** [7s As Jc]
krytalex: checks
hooverr: bets $3
krytalex: calls $3
*** TURN *** [7s As Jc] [5d]
krytalex: checks
hooverr: checks
*** RIVER *** [7s As Jc 5d] [2c]
krytalex: checks
hooverr: checks
*** SHOW DOWN ***
krytalex: shows [9h Th] (high card Ace)
hooverr: shows [3h Qd] (high card Ace - Queen kicker)
hooverr collected $17.64 from pot
*** SUMMARY ***
Total pot $18 | Rake $0.36
Board [7s As Jc 5d 2c]
Seat 3: krytalex (big blind) showed [9h Th] and lost with high card Ace
Seat 6: hooverr (button) (small blind) showed [3h Qd] and won ($17.64) with high card Ace


PokerStars Hand #176224868464:  Hold'em Limit ($3/$6 USD) - 2017/09/28 9:37:59 ET
Table 'Rabe' 6-max Seat #3 is the button
Seat 3: krytalex ($154.26 in chips)
Seat 6: hooverr ($107.88 in chips)
krytalex: posts small blind $1
hooverr: posts big blind $3
*** HOLE CARDS ***
krytalex: raises $3 to $6
hooverr: calls $3
*** FLOP *** [9h Qd 9d]
hooverr: checks
krytalex: bets $3
hooverr: folds
Uncalled bet ($3) returned to krytalex
krytalex collected $11.76 from pot
*** SUMMARY ***
Total pot $12 | Rake $0.24
Board [9h Qd 9d]
Seat 3: krytalex (button) (small blind) collected ($11.76)
Seat 6: hooverr (big blind) folded on the Flop


PokerStars Hand #176224846917:  Hold'em Limit ($3/$6 USD) - 2017/09/28 9:37:16 ET
Table 'Rabe' 6-max Seat #3 is the button
Seat 3: krytalex ($144.62 in chips)
Seat 6: hooverr ($117.88 in chips)
krytalex: posts small blind $1
hooverr: posts big blind $3
*** HOLE CARDS ***
krytalex: raises $3 to $6
hooverr: calls $3
*** FLOP *** [Qc 4d 2c]
hooverr: checks
krytalex: bets $3
hooverr: calls $3
*** TURN *** [Qc 4d 2c] [Jh]
hooverr: checks
krytalex: bets $6
hooverr: folds
Uncalled bet ($6) returned to krytalex
krytalex collected $17.64 from pot
*** SUMMARY ***
Total pot $18 | Rake $0.36
Board [Qc 4d 2c Jh]
Seat 3: krytalex (button) (small blind) collected ($17.64)
Seat 6: hooverr (big blind) folded on the Turn


PokerStars Hand #176224864822:  Hold'em Limit ($3/$6 USD) - 2017/09/28 9:37:51 ET
Table 'Rabe' 6-max Seat #6 is the button
Seat 3: krytalex ($153.26 in chips)
Seat 6: hooverr ($108.88 in chips)
hooverr: posts small blind $1
krytalex: posts big blind $3
*** HOLE CARDS ***
hooverr: folds
Uncalled bet ($2) returned to krytalex
krytalex collected $2 from pot
*** SUMMARY ***
Total pot $2 | Rake $0
Seat 3: krytalex (big blind) collected ($2)
Seat 6: hooverr (button) (small blind) folded before Flop


PokerStars Hand #176224893572:  Hold'em Limit ($3/$6 USD) - 2017/09/28 9:38:49 ET
Table 'Rabe' 6-max Seat #3 is the button
Seat 3: krytalex ($154.02 in chips)
Seat 6: hooverr ($107.64 in chips)
krytalex: posts small blind $1
hooverr: posts big blind $3
*** HOLE CARDS ***
krytalex: raises $3 to $6
hooverr: calls $3
*** FLOP *** [6d 9s 2d]
hooverr: checks
krytalex: bets $3
hooverr: calls $3
*** TURN *** [6d 9s 2d] [3c]
hooverr: checks
krytalex: bets $6
hooverr: calls $6
*** RIVER *** [6d 9s 2d 3c] [As]
hooverr: checks
krytalex: bets $6
hooverr: calls $6
*** SHOW DOWN ***
krytalex: shows [6c 9h] (two pair, Nines and Sixes)
hooverr: mucks hand
krytalex collected $41.50 from pot
*** SUMMARY ***
Total pot $42 | Rake $0.50
Board [6d 9s 2d 3c As]
Seat 3: krytalex (button) (small blind) showed [6c 9h] and won ($41.50) with two pair, Nines and Sixes
Seat 6: hooverr (big blind) mucked


PokerStars Hand #176224878465:  Hold'em Limit ($3/$6 USD) - 2017/09/28 9:38:19 ET
Table 'Rabe' 6-max Seat #6 is the button
Seat 3: krytalex ($160.02 in chips)
Seat 6: hooverr ($101.88 in chips)
hooverr: posts small blind $1
krytalex: posts big blind $3
*** HOLE CARDS ***
hooverr: raises $3 to $6
krytalex: calls $3
*** FLOP *** [2s 5d Ac]
krytalex: checks
hooverr: bets $3
krytalex: folds
Uncalled bet ($3) returned to hooverr
hooverr collected $11.76 from pot
hooverr: doesn't show hand
*** SUMMARY ***
Total pot $12 | Rake $0.24
Board [2s 5d Ac]
Seat 3: krytalex (big blind) folded on the Flop
Seat 6: hooverr (button) (small blind) collected ($11.76)


PokerStars Hand #176224912411:  Hold'em Limit ($3/$6 USD) - 2017/09/28 9:39:27 ET
Table 'Rabe' 6-max Seat #6 is the button
Seat 3: krytalex ($174.52 in chips)
Seat 6: hooverr ($86.64 in chips)
hooverr: posts small blind $1
krytalex: posts big blind $3
*** HOLE CARDS ***
hooverr: raises $3 to $6
krytalex: raises $3 to $9
hooverr: raises $3 to $12
Betting is capped
krytalex: calls $3
*** FLOP *** [4h 8d Ks]
krytalex: checks
hooverr: bets $3
krytalex: calls $3
*** TURN *** [4h 8d Ks] [5s]
krytalex: checks
hooverr: bets $6
krytalex: calls $6
*** RIVER *** [4h 8d Ks 5s] [As]
krytalex: checks
hooverr: bets $6
krytalex: calls $6
*** SHOW DOWN ***
hooverr: shows [Qs Ah] (a pair of Aces)
krytalex: mucks hand
hooverr collected $53.50 from pot
*** SUMMARY ***
Total pot $54 | Rake $0.50
Board [4h 8d Ks 5s As]
Seat 3: krytalex (big blind) mucked
Seat 6: hooverr (button) (small blind) showed [Qs Ah] and won ($53.50) with a pair of Aces


PokerStars Hand #176224948898:  Hold'em Limit ($3/$6 USD) - 2017/09/28 9:40:41 ET
Table 'Rabe' 6-max Seat #3 is the button
Seat 3: krytalex ($147.52 in chips)
Seat 6: hooverr ($113.14 in chips)
krytalex: posts small blind $1
hooverr: posts big blind $3
*** HOLE CARDS ***
krytalex: raises $3 to $6
hooverr: calls $3
*** FLOP *** [7c 2c 3d]
hooverr: checks
krytalex: bets $3
hooverr: calls $3
*** TURN *** [7c 2c 3d] [Ad]
hooverr: checks
krytalex: bets $6
hooverr: folds
Uncalled bet ($6) returned to krytalex
krytalex collected $17.64 from pot
*** SUMMARY ***
Total pot $18 | Rake $0.36
Board [7c 2c 3d Ad]
Seat 3: krytalex (button) (small blind) collected ($17.64)
Seat 6: hooverr (big blind) folded on the Turn


PokerStars Hand #176224966542:  Hold'em Limit ($3/$6 USD) - 2017/09/28 9:41:17 ET
Table 'Rabe' 6-max Seat #6 is the button
Seat 3: krytalex ($156.16 in chips)
Seat 6: hooverr ($104.14 in chips)
hooverr: posts small blind $1
krytalex: posts big blind $3
*** HOLE CARDS ***
hooverr: raises $3 to $6
krytalex: folds
Uncalled bet ($3) returned to hooverr
hooverr collected $6 from pot
hooverr: doesn't show hand
*** SUMMARY ***
Total pot $6 | Rake $0
Seat 3: krytalex (big blind) folded before Flop
Seat 6: hooverr (button) (small blind) collected ($6)


PokerStars Hand #176224964019:  Hold'em Limit ($3/$6 USD) - 2017/09/28 9:41:11 ET
Table 'Rabe' 6-max Seat #3 is the button
Seat 3: krytalex ($153.16 in chips)
Seat 6: hooverr ($107.14 in chips)
krytalex: posts small blind $1
hooverr: posts big blind $3
*** HOLE CARDS ***
krytalex: raises $3 to $6
hooverr: folds
Uncalled bet ($3) returned to krytalex
krytalex collected $6 from pot
*** SUMMARY ***
Total pot $6 | Rake $0
Seat 3: krytalex (button) (small blind) collected ($6)
Seat 6: hooverr (big blind) folded before Flop


PokerStars Hand #176224959047:  Hold'em Limit ($3/$6 USD) - 2017/09/28 9:41:01 ET
Table 'Rabe' 6-max Seat #6 is the button
Seat 3: krytalex ($156.16 in chips)
Seat 6: hooverr ($104.14 in chips)
hooverr: posts small blind $1
krytalex: posts big blind $3
*** HOLE CARDS ***
hooverr: raises $3 to $6
krytalex: folds
Uncalled bet ($3) returned to hooverr
hooverr collected $6 from pot
hooverr: doesn't show hand
*** SUMMARY ***
Total pot $6 | Rake $0
Seat 3: krytalex (big blind) folded before Flop
Seat 6: hooverr (button) (small blind) collected ($6)


PokerStars Hand #176224977670:  Hold'em Limit ($3/$6 USD) - 2017/09/28 9:41:39 ET
Table 'Rabe' 6-max Seat #3 is the button
Seat 3: krytalex ($157.16 in chips)
Seat 6: hooverr ($103.14 in chips)
krytalex: posts small blind $1
hooverr: posts big blind $3
*** HOLE CARDS ***
krytalex: raises $3 to $6
hooverr: calls $3
*** FLOP *** [7h 3h 6s]
hooverr: checks
krytalex: bets $3
hooverr: calls $3
*** TURN *** [7h 3h 6s] [Ah]
hooverr: checks
krytalex: bets $6
hooverr: folds
Uncalled bet ($6) returned to krytalex
krytalex collected $17.64 from pot
*** SUMMARY ***
Total pot $18 | Rake $0.36
Board [7h 3h 6s Ah]
Seat 3: krytalex (button) (small blind) collected ($17.64)
Seat 6: hooverr (big blind) folded on the Turn


PokerStars Hand #176224970839:  Hold'em Limit ($3/$6 USD) - 2017/09/28 9:41:25 ET
Table 'Rabe' 6-max Seat #3 is the button
Seat 3: krytalex ($153.16 in chips)
Seat 6: hooverr ($107.14 in chips)
krytalex: posts small blind $1
hooverr: posts big blind $3
*** HOLE CARDS ***
krytalex: raises $3 to $6
hooverr: folds
Uncalled bet ($3) returned to krytalex
krytalex collected $6 from pot
*** SUMMARY ***
Total pot $6 | Rake $0
Seat 3: krytalex (button) (small blind) collected ($6)
Seat 6: hooverr (big blind) folded before Flop


PokerStars Hand #176225026334:  Hold'em Limit ($3/$6 USD) - 2017/09/28 9:43:18 ET
Table 'Rabe' 6-max Seat #6 is the button
Seat 3: krytalex ($137.80 in chips)
Seat 6: hooverr ($121.14 in chips)
hooverr: posts small blind $1
krytalex: posts big blind $3
*** HOLE CARDS ***
hooverr: folds
Uncalled bet ($2) returned to krytalex
krytalex collected $2 from pot
*** SUMMARY ***
Total pot $2 | Rake $0
Seat 3: krytalex (big blind) collected ($2)
Seat 6: hooverr (button) (small blind) folded before Flop


PokerStars Hand #176225010003:  Hold'em Limit ($3/$6 USD) - 2017/09/28 9:42:44 ET
Table 'Rabe' 6-max Seat #3 is the button
Seat 3: krytalex ($152.80 in chips)
Seat 6: hooverr ($106.64 in chips)
krytalex: posts small blind $1
hooverr: posts big blind $3
*** HOLE CARDS ***
krytalex: raises $3 to $6
hooverr: calls $3
*** FLOP *** [5s 7h 4d]
hooverr: checks
krytalex: bets $3
hooverr: calls $3
*** TURN *** [5s 7h 4d] [8d]
hooverr: checks
krytalex: checks
*** RIVER *** [5s 7h 4d 8d] [As]
hooverr: bets $6
krytalex: calls $6
*** SHOW DOWN ***
hooverr: shows [6c Td] (a straight, Four to Eight)
krytalex: mucks hand
hooverr collected $29.50 from pot
*** SUMMARY ***
Total pot $30 | Rake $0.50
Board [5s 7h 4d 8d As]
Seat 3: krytalex (button) (small blind) mucked
Seat 6: hooverr (big blind) showed [6c Td] and won ($29.50) with a straight, Four to Eight


PokerStars Hand #176224993956:  Hold'em Limit ($3/$6 USD) - 2017/09/28 9:42:12 ET
Table 'Rabe' 6-max Seat #3 is the button
Seat 3: krytalex ($166.80 in chips)
Seat 6: hooverr ($93.14 in chips)
krytalex: posts small blind $1
hooverr: posts big blind $3
*** HOLE CARDS ***
krytalex: raises $3 to $6
hooverr: calls $3
*** FLOP *** [7d 9s Qh]
hooverr: checks
krytalex: bets $3
hooverr: calls $3
*** TURN *** [7d 9s Qh] [7h]
hooverr: checks
krytalex: bets $6
hooverr: calls $6
*** RIVER *** [7d 9s Qh 7h] [2d]
hooverr: checks
krytalex: checks
*** SHOW DOWN ***
hooverr: shows [4d Qd] (two pair, Queens and Sevens)
krytalex: mucks hand
hooverr collected $29.50 from pot
*** SUMMARY ***
Total pot $30 | Rake $0.50
Board [7d 9s Qh 7h 2d]
Seat 3: krytalex (button) (small blind) mucked
Seat 6: hooverr (big blind) showed [4d Qd] and won ($29.50) with two pair, Queens and Sevens


PokerStars Hand #176225007300:  Hold'em Limit ($3/$6 USD) - 2017/09/28 9:42:39 ET
Table 'Rabe' 6-max Seat #6 is the button
Seat 3: krytalex ($151.80 in chips)
Seat 6: hooverr ($107.64 in chips)
hooverr: posts small blind $1
krytalex: posts big blind $3
*** HOLE CARDS ***
hooverr: folds
Uncalled bet ($2) returned to krytalex
krytalex collected $2 from pot
*** SUMMARY ***
Total pot $2 | Rake $0
Seat 3: krytalex (big blind) collected ($2)
Seat 6: hooverr (button) (small blind) folded before Flop


PokerStars Hand #176225040955:  Hold'em Limit ($3/$6 USD) - 2017/09/28 9:43:47 ET
Table 'Rabe' 6-max Seat #6 is the button
Seat 3: krytalex ($137.80 in chips)
Seat 6: hooverr ($121.14 in chips)
hooverr: posts small blind $1
krytalex: posts big blind $3
*** HOLE CARDS ***
hooverr: raises $3 to $6
krytalex: calls $3
*** FLOP *** [Td 7h Qh]
krytalex: checks
hooverr: bets $3
krytalex: folds
Uncalled bet ($3) returned to hooverr
hooverr collected $11.76 from pot
hooverr: doesn't show hand
*** SUMMARY ***
Total pot $12 | Rake $0.24
Board [Td 7h Qh]
Seat 3: krytalex (big blind) folded on the Flop
Seat 6: hooverr (button) (small blind) collected ($11.76)


PokerStars Hand #176225037774:  Hold'em Limit ($3/$6 USD) - 2017/09/28 9:43:41 ET
Table 'Rabe' 6-max Seat #3 is the button
Seat 3: krytalex ($138.80 in chips)
Seat 6: hooverr ($120.14 in chips)
krytalex: posts small blind $1
hooverr: posts big blind $3
*** HOLE CARDS ***
krytalex: folds
Uncalled bet ($2) returned to hooverr
hooverr collected $2 from pot
hooverr: doesn't show hand
*** SUMMARY ***
Total pot $2 | Rake $0
Seat 3: krytalex (button) (small blind) folded before Flop
Seat 6: hooverr (big blind) collected ($2)


PokerStars Hand #176225033551:  Hold'em Limit ($3/$6 USD) - 2017/09/28 9:43:32 ET
Table 'Rabe' 6-max Seat #6 is the button
Seat 3: krytalex ($141.80 in chips)
Seat 6: hooverr ($117.14 in chips)
hooverr: posts small blind $1
krytalex: posts big blind $3
*** HOLE CARDS ***
hooverr: raises $3 to $6
krytalex: folds
Uncalled bet ($3) returned to hooverr
hooverr collected $6 from pot
hooverr: doesn't show hand
*** SUMMARY ***
Total pot $6 | Rake $0
Seat 3: krytalex (big blind) folded before Flop
Seat 6: hooverr (button) (small blind) collected ($6)


PokerStars Hand #176225029208:  Hold'em Limit ($3/$6 USD) - 2017/09/28 9:43:23 ET
Table 'Rabe' 6-max Seat #3 is the button
Seat 3: krytalex ($138.80 in chips)
Seat 6: hooverr ($120.14 in chips)
krytalex: posts small blind $1
hooverr: posts big blind $3
*** HOLE CARDS ***
krytalex: raises $3 to $6
hooverr: folds
Uncalled bet ($3) returned to krytalex
krytalex collected $6 from pot
*** SUMMARY ***
Total pot $6 | Rake $0
Seat 3: krytalex (button) (small blind) collected ($6)
Seat 6: hooverr (big blind) folded before Flop


PokerStars Hand #176225051824:  Hold'em Limit ($3/$6 USD) - 2017/09/28 9:44:09 ET
Table 'Rabe' 6-max Seat #3 is the button
Seat 3: krytalex ($131.80 in chips)
Seat 6: hooverr ($126.90 in chips)
krytalex: posts small blind $1
hooverr: posts big blind $3
*** HOLE CARDS ***
krytalex: raises $3 to $6
hooverr: calls $3
*** FLOP *** [Ts 9d Ah]
hooverr: checks
krytalex: bets $3
hooverr: raises $3 to $6
krytalex: folds
Uncalled bet ($3) returned to hooverr
hooverr collected $17.64 from pot
hooverr: doesn't show hand
*** SUMMARY ***
Total pot $18 | Rake $0.36
Board [Ts 9d Ah]
Seat 3: krytalex (button) (small blind) folded on the Flop
Seat 6: hooverr (big blind) collected ($17.64)


PokerStars Hand #176225084031:  Hold'em Limit ($3/$6 USD) - 2017/09/28 9:45:15 ET
Table 'Rabe' 6-max Seat #3 is the button
Seat 3: krytalex ($120.80 in chips)
Seat 6: hooverr ($137.30 in chips)
krytalex: posts small blind $1
hooverr: posts big blind $3
*** HOLE CARDS ***
krytalex: raises $3 to $6
hooverr: calls $3
*** FLOP *** [5s 9s 3c]
hooverr: checks
krytalex: bets $3
hooverr: folds
Uncalled bet ($3) returned to krytalex
krytalex collected $11.76 from pot
*** SUMMARY ***
Total pot $12 | Rake $0.24
Board [5s 9s 3c]
Seat 3: krytalex (button) (small blind) collected ($11.76)
Seat 6: hooverr (big blind) folded on the Flop


PokerStars Hand #176225076303:  Hold'em Limit ($3/$6 USD) - 2017/09/28 9:44:59 ET
Table 'Rabe' 6-max Seat #3 is the button
Seat 3: krytalex ($116.80 in chips)
Seat 6: hooverr ($141.30 in chips)
krytalex: posts small blind $1
hooverr: posts big blind $3
*** HOLE CARDS ***
krytalex: raises $3 to $6
hooverr: folds
Uncalled bet ($3) returned to krytalex
krytalex collected $6 from pot
*** SUMMARY ***
Total pot $6 | Rake $0
Seat 3: krytalex (button) (small blind) collected ($6)
Seat 6: hooverr (big blind) folded before Flop


PokerStars Hand #176225080879:  Hold'em Limit ($3/$6 USD) - 2017/09/28 9:45:09 ET
Table 'Rabe' 6-max Seat #6 is the button
Seat 3: krytalex ($119.80 in chips)
Seat 6: hooverr ($138.30 in chips)
hooverr: posts small blind $1
krytalex: posts big blind $3
*** HOLE CARDS ***
hooverr: folds
Uncalled bet ($2) returned to krytalex
krytalex collected $2 from pot
*** SUMMARY ***
Total pot $2 | Rake $0
Seat 3: krytalex (big blind) collected ($2)
Seat 6: hooverr (button) (small blind) folded before Flop


PokerStars Hand #176225108649:  Hold'em Limit ($3/$6 USD) - 2017/09/28 9:46:05 ET
Table 'Rabe' 6-max Seat #6 is the button
Seat 3: krytalex ($112.56 in chips)
Seat 6: hooverr ($144.80 in chips)
hooverr: posts small blind $1
krytalex: posts big blind $3
*** HOLE CARDS ***
hooverr: raises $3 to $6
krytalex: calls $3
*** FLOP *** [Jh Ah 4c]
krytalex: checks
hooverr: checks
*** TURN *** [Jh Ah 4c] [6d]
krytalex: bets $6
hooverr: folds
Uncalled bet ($6) returned to krytalex
krytalex collected $11.76 from pot
*** SUMMARY ***
Total pot $12 | Rake $0.24
Board [Jh Ah 4c 6d]
Seat 3: krytalex (big blind) collected ($11.76)
Seat 6: hooverr (button) (small blind) folded on the Turn


PokerStars Hand #176225091076:  Hold'em Limit ($3/$6 USD) - 2017/09/28 9:45:29 ET
Table 'Rabe' 6-max Seat #6 is the button
Seat 3: krytalex ($126.56 in chips)
Seat 6: hooverr ($131.30 in chips)
hooverr: posts small blind $1
krytalex: posts big blind $3
*** HOLE CARDS ***
hooverr: folds
Uncalled bet ($2) returned to krytalex
krytalex collected $2 from pot
*** SUMMARY ***
Total pot $2 | Rake $0
Seat 3: krytalex (big blind) collected ($2)
Seat 6: hooverr (button) (small blind) folded before Flop


PokerStars Hand #176225093810:  Hold'em Limit ($3/$6 USD) - 2017/09/28 9:45:35 ET
Table 'Rabe' 6-max Seat #3 is the button
Seat 3: krytalex ($127.56 in chips)
Seat 6: hooverr ($130.30 in chips)
krytalex: posts small blind $1
hooverr: posts big blind $3
*** HOLE CARDS ***
krytalex: raises $3 to $6
hooverr: calls $3
*** FLOP *** [2c 9d 2s]
hooverr: checks
krytalex: bets $3
hooverr: calls $3
*** TURN *** [2c 9d 2s] [Qh]
hooverr: checks
krytalex: bets $6
hooverr: calls $6
*** RIVER *** [2c 9d 2s Qh] [Ad]
hooverr: checks
krytalex: checks
*** SHOW DOWN ***
hooverr: shows [As 6h] (two pair, Aces and Deuces)
krytalex: mucks hand
hooverr collected $29.50 from pot
*** SUMMARY ***
Total pot $30 | Rake $0.50
Board [2c 9d 2s Qh Ad]
Seat 3: krytalex (button) (small blind) mucked
Seat 6: hooverr (big blind) showed [As 6h] and won ($29.50) with two pair, Aces and Deuces


PokerStars Hand #176225140421:  Hold'em Limit ($3/$6 USD) - 2017/09/28 9:47:08 ET
Table 'Rabe' 6-max Seat #6 is the button
Seat 3: krytalex ($106.32 in chips)
Seat 6: hooverr ($150.32 in chips)
hooverr: posts small blind $1
krytalex: posts big blind $3
*** HOLE CARDS ***
hooverr: folds
Uncalled bet ($2) returned to krytalex
krytalex collected $2 from pot
*** SUMMARY ***
Total pot $2 | Rake $0
Seat 3: krytalex (big blind) collected ($2)
Seat 6: hooverr (button) (small blind) folded before Flop


PokerStars Hand #176225119822:  Hold'em Limit ($3/$6 USD) - 2017/09/28 9:46:27 ET
Table 'Rabe' 6-max Seat #3 is the button
Seat 3: krytalex ($118.32 in chips)
Seat 6: hooverr ($138.80 in chips)
krytalex: posts small blind $1
hooverr: posts big blind $3
*** HOLE CARDS ***
krytalex: raises $3 to $6
hooverr: calls $3
*** FLOP *** [5h Ts 8c]
hooverr: checks
krytalex: bets $3
hooverr: raises $3 to $6
krytalex: calls $3
*** TURN *** [5h Ts 8c] [8h]
hooverr: checks
krytalex: checks
*** RIVER *** [5h Ts 8c 8h] [Kh]
hooverr: bets $6
krytalex: folds
Uncalled bet ($6) returned to hooverr
hooverr collected $23.52 from pot
hooverr: doesn't show hand
*** SUMMARY ***
Total pot $24 | Rake $0.48
Board [5h Ts 8c 8h Kh]
Seat 3: krytalex (button) (small blind) folded on the River
Seat 6: hooverr (big blind) collected ($23.52)


PokerStars Hand #176225142903:  Hold'em Limit ($3/$6 USD) - 2017/09/28 9:47:13 ET
Table 'Rabe' 6-max Seat #3 is the button
Seat 3: krytalex ($107.32 in chips)
Seat 6: hooverr ($149.32 in chips)
krytalex: posts small blind $1
hooverr: posts big blind $3
*** HOLE CARDS ***
krytalex: raises $3 to $6
hooverr: folds
Uncalled bet ($3) returned to krytalex
krytalex collected $6 from pot
*** SUMMARY ***
Total pot $6 | Rake $0
Seat 3: krytalex (button) (small blind) collected ($6)
Seat 6: hooverr (big blind) folded before Flop


PokerStars Hand #176225154073:  Hold'em Limit ($3/$6 USD) - 2017/09/28 9:47:36 ET
Table 'Rabe' 6-max Seat #3 is the button
Seat 3: krytalex ($118.96 in chips)
Seat 6: hooverr ($137.32 in chips)
krytalex: posts small blind $1
hooverr: posts big blind $3
*** HOLE CARDS ***
krytalex: raises $3 to $6
hooverr: calls $3
*** FLOP *** [9d Ts 7d]
hooverr: checks
krytalex: bets $3
hooverr: calls $3
*** TURN *** [9d Ts 7d] [5h]
hooverr: checks
krytalex: bets $6
hooverr: calls $6
*** RIVER *** [9d Ts 7d 5h] [Jh]
hooverr: checks
krytalex: checks
*** SHOW DOWN ***
hooverr: shows [9s Ks] (a pair of Nines)
krytalex: shows [Kh 9c] (a pair of Nines)
hooverr collected $14.75 from pot
krytalex collected $14.75 from pot
*** SUMMARY ***
Total pot $30 | Rake $0.50
Board [9d Ts 7d 5h Jh]
Seat 3: krytalex (button) (small blind) showed [Kh 9c] and won ($14.75) with a pair of Nines
Seat 6: hooverr (big blind) showed [9s Ks] and won ($14.75) with a pair of Nines


PokerStars Hand #176225177525:  Hold'em Limit ($3/$6 USD) - 2017/09/28 9:48:23 ET
Table 'Rabe' 6-max Seat #3 is the button
Seat 3: krytalex ($112.71 in chips)
Seat 6: hooverr ($142.83 in chips)
krytalex: posts small blind $1
hooverr: posts big blind $3
*** HOLE CARDS ***
krytalex: raises $3 to $6
hooverr: folds
Uncalled bet ($3) returned to krytalex
krytalex collected $6 from pot
*** SUMMARY ***
Total pot $6 | Rake $0
Seat 3: krytalex (button) (small blind) collected ($6)
Seat 6: hooverr (big blind) folded before Flop


PokerStars Hand #176225166179:  Hold'em Limit ($3/$6 USD) - 2017/09/28 9:48:00 ET
Table 'Rabe' 6-max Seat #6 is the button
Seat 3: krytalex ($118.71 in chips)
Seat 6: hooverr ($137.07 in chips)
hooverr: posts small blind $1
krytalex: posts big blind $3
*** HOLE CARDS ***
hooverr: raises $3 to $6
krytalex: calls $3
*** FLOP *** [8s 8h 2h]
krytalex: checks
hooverr: checks
*** TURN *** [8s 8h 2h] [As]
krytalex: checks
hooverr: bets $6
krytalex: folds
Uncalled bet ($6) returned to hooverr
hooverr collected $11.76 from pot
hooverr: doesn't show hand
*** SUMMARY ***
Total pot $12 | Rake $0.24
Board [8s 8h 2h As]
Seat 3: krytalex (big blind) folded on the Turn
Seat 6: hooverr (button) (small blind) collected ($11.76)


PokerStars Hand #176225181005:  Hold'em Limit ($3/$6 USD) - 2017/09/28 9:48:30 ET
Table 'Rabe' 6-max Seat #6 is the button
Seat 3: krytalex ($115.71 in chips)
Seat 6: hooverr ($139.83 in chips)
hooverr: posts small blind $1
krytalex: posts big blind $3
*** HOLE CARDS ***
hooverr: raises $3 to $6
krytalex: raises $3 to $9
hooverr: calls $3
*** FLOP *** [3c 3s 7c]
krytalex: bets $3
hooverr: calls $3
*** TURN *** [3c 3s 7c] [2c]
krytalex: bets $6
hooverr: folds
Uncalled bet ($6) returned to krytalex
krytalex collected $23.52 from pot
*** SUMMARY ***
Total pot $24 | Rake $0.48
Board [3c 3s 7c 2c]
Seat 3: krytalex (big blind) collected ($23.52)
Seat 6: hooverr (button) (small blind) folded on the Turn


PokerStars Hand #176225227428:  Hold'em Limit ($3/$6 USD) - 2017/09/28 9:50:03 ET
Table 'Rabe' 6-max Seat #3 is the button
Seat 3: krytalex ($106.23 in chips)
Seat 6: hooverr ($147.99 in chips)
krytalex: posts small blind $1
hooverr: posts big blind $3
*** HOLE CARDS ***
krytalex: folds
Uncalled bet ($2) returned to hooverr
hooverr collected $2 from pot
hooverr: doesn't show hand
*** SUMMARY ***
Total pot $2 | Rake $0
Seat 3: krytalex (button) (small blind) folded before Flop
Seat 6: hooverr (big blind) collected ($2)


PokerStars Hand #176225211454:  Hold'em Limit ($3/$6 USD) - 2017/09/28 9:49:31 ET
Table 'Rabe' 6-max Seat #6 is the button
Seat 3: krytalex ($118.23 in chips)
Seat 6: hooverr ($136.47 in chips)
hooverr: posts small blind $1
krytalex: posts big blind $3
*** HOLE CARDS ***
hooverr: raises $3 to $6
krytalex: raises $3 to $9
hooverr: raises $3 to $12
Betting is capped
krytalex: calls $3
*** FLOP *** [Qd 8h Jc]
krytalex: checks
hooverr: bets $3
krytalex: folds
Uncalled bet ($3) returned to hooverr
hooverr collected $23.52 from pot
hooverr: doesn't show hand
*** SUMMARY ***
Total pot $24 | Rake $0.48
Board [Qd 8h Jc]
Seat 3: krytalex (big blind) folded on the Flop
Seat 6: hooverr (button) (small blind) collected ($23.52)


PokerStars Hand #176225234711:  Hold'em Limit ($3/$6 USD) - 2017/09/28 9:50:18 ET
Table 'Rabe' 6-max Seat #3 is the button
Seat 3: krytalex ($102.23 in chips)
Seat 6: hooverr ($151.99 in chips)
krytalex: posts small blind $1
hooverr: posts big blind $3
*** HOLE CARDS ***
aremom4e joins the table at seat #2
krytalex: raises $3 to $6
hooverr: folds
Uncalled bet ($3) returned to krytalex
krytalex collected $6 from pot
*** SUMMARY ***
Total pot $6 | Rake $0
Seat 3: krytalex (button) (small blind) collected ($6)
Seat 6: hooverr (big blind) folded before Flop


PokerStars Hand #176225231244:  Hold'em Limit ($3/$6 USD) - 2017/09/28 9:50:11 ET
Table 'Rabe' 6-max Seat #6 is the button
Seat 3: krytalex ($105.23 in chips)
Seat 6: hooverr ($148.99 in chips)
hooverr: posts small blind $1
krytalex: posts big blind $3
*** HOLE CARDS ***
hooverr: raises $3 to $6
krytalex: folds
Uncalled bet ($3) returned to hooverr
hooverr collected $6 from pot
hooverr: doesn't show hand
*** SUMMARY ***
Total pot $6 | Rake $0
Seat 3: krytalex (big blind) folded before Flop
Seat 6: hooverr (button) (small blind) collected ($6)


PokerStars Hand #176225200189:  Hold'em Limit ($3/$6 USD) - 2017/09/28 9:49:09 ET
Table 'Rabe' 6-max Seat #3 is the button
Seat 3: krytalex ($127.23 in chips)
Seat 6: hooverr ($127.83 in chips)
krytalex: posts small blind $1
hooverr: posts big blind $3
*** HOLE CARDS ***
krytalex: raises $3 to $6
hooverr: raises $3 to $9
krytalex: calls $3
*** FLOP *** [4s Qc Jc]
hooverr: bets $3
krytalex: folds
Uncalled bet ($3) returned to hooverr
hooverr collected $17.64 from pot
hooverr: doesn't show hand
*** SUMMARY ***
Total pot $18 | Rake $0.36
Board [4s Qc Jc]
Seat 3: krytalex (button) (small blind) folded on the Flop
Seat 6: hooverr (big blind) collected ($17.64)


PokerStars Hand #176225752035:  Hold'em Limit ($3/$6 USD) - 2017/09/28 10:08:08 ET
Table 'Rabe' 6-max Seat #1 is the button
Seat 1: aleks_4ym ($118.56 in chips)
Seat 3: krytalex ($262.48 in chips)
aleks_4ym: posts small blind $1
krytalex: posts big blind $3
*** HOLE CARDS ***
aleks_4ym: raises $3 to $6
hooverr leaves the table
krytalex: calls $3
*** FLOP *** [Tc 5h 9d]
krytalex: checks
aleks_4ym: bets $3
krytalex: raises $3 to $6
aleks_4ym: calls $3
*** TURN *** [Tc 5h 9d] [Jd]
krytalex: bets $6
aleks_4ym: folds
Uncalled bet ($6) returned to krytalex
krytalex collected $23.52 from pot
*** SUMMARY ***
Total pot $24 | Rake $0.48
Board [Tc 5h 9d Jd]
Seat 1: aleks_4ym (button) (small blind) folded on the Turn
Seat 3: krytalex (big blind) collected ($23.52)


