PokerStars Hand #147979373873:  Hold'em Limit ($3/$6 USD) - 2016/01/31 4:49:23 ET
Table 'Rabe II' 2-max Seat #1 is the button
Seat 1: LifeisagameX ($61 in chips)
Seat 2: hudecam ($29 in chips)
LifeisagameX: posts small blind $1
hudecam: posts big blind $3
*** HOLE CARDS ***
LifeisagameX: raises $3 to $6
hudecam: calls $3
*** FLOP *** [2h 6d 4h]
hudecam: checks
LifeisagameX: bets $3
hudecam: raises $3 to $6
LifeisagameX: calls $3
*** TURN *** [2h 6d 4h] [Js]
hudecam: bets $6
LifeisagameX: raises $6 to $12
hudecam: calls $6
*** RIVER *** [2h 6d 4h Js] [5h]
hudecam: bets $5 and is all-in
LifeisagameX: calls $5
*** SHOW DOWN ***
hudecam: shows [2c Ah] (a pair of Deuces)
LifeisagameX: shows [Qs Qd] (a pair of Queens)
hudecam leaves the table
LifeisagameX collected $57.50 from pot
*** SUMMARY ***
Total pot $58 | Rake $0.50
Board [2h 6d 4h Js 5h]
Seat 1: LifeisagameX (button) (small blind) showed [Qs Qd] and won ($57.50) with a pair of Queens
Seat 2: hudecam (big blind) showed [2c Ah] and lost with a pair of Deuces


PokerStars Hand #147980886070:  Hold'em Limit ($3/$6 USD) - 2016/01/31 5:36:27 ET
Table 'Rabe II' 2-max Seat #1 is the button
Seat 1: LifeisagameX ($104 in chips)
Seat 2: hudecam ($15 in chips)
LifeisagameX: posts small blind $1
hudecam: posts big blind $3
*** HOLE CARDS ***
LifeisagameX: raises $3 to $6
hudecam: raises $3 to $9
LifeisagameX: calls $3
*** FLOP *** [Kh 2s 9s]
hudecam: bets $3
LifeisagameX: raises $3 to $6
hudecam: calls $3 and is all-in
*** TURN *** [Kh 2s 9s] [9c]
*** RIVER *** [Kh 2s 9s 9c] [7d]
*** SHOW DOWN ***
hudecam: shows [4h Qh] (a pair of Nines)
LifeisagameX: shows [8c As] (a pair of Nines - Ace kicker)
hudecam leaves the table
LifeisagameX collected $29.50 from pot
*** SUMMARY ***
Total pot $30 | Rake $0.50
Board [Kh 2s 9s 9c 7d]
Seat 1: LifeisagameX (button) (small blind) showed [8c As] and won ($29.50) with a pair of Nines
Seat 2: hudecam (big blind) showed [4h Qh] and lost with a pair of Nines


PokerStars Hand #147980875227:  Hold'em Limit ($3/$6 USD) - 2016/01/31 5:36:08 ET
Table 'Rabe II' 2-max Seat #2 is the button
Seat 1: LifeisagameX ($89.50 in chips)
Seat 2: hudecam ($30 in chips)
hudecam: posts small blind $1
LifeisagameX: posts big blind $3
*** HOLE CARDS ***
hudecam: raises $3 to $6
LifeisagameX: calls $3
*** FLOP *** [6h 9s 8h]
LifeisagameX: checks
hudecam: bets $3
LifeisagameX: calls $3
*** TURN *** [6h 9s 8h] [Ts]
LifeisagameX: checks
hudecam: checks
*** RIVER *** [6h 9s 8h Ts] [9d]
LifeisagameX: bets $6
hudecam: calls $6
*** SHOW DOWN ***
LifeisagameX: shows [4s Th] (two pair, Tens and Nines)
hudecam: mucks hand
LifeisagameX collected $29.50 from pot
*** SUMMARY ***
Total pot $30 | Rake $0.50
Board [6h 9s 8h Ts 9d]
Seat 1: LifeisagameX (big blind) showed [4s Th] and won ($29.50) with two pair, Tens and Nines
Seat 2: hudecam (button) (small blind) mucked


