PokerStars Hand #145018136327:  Hold'em Limit ($3/$6 USD) - 2015/12/08 8:56:22 ET
Table 'Rabe' 2-max Seat #1 is the button
Seat 1: HEADEKBAT ($73 in chips)
Seat 2: KARAVAN-999 ($99 in chips)
HEADEKBAT: posts small blind $1
KARAVAN-999: posts big blind $3
*** HOLE CARDS ***
HEADEKBAT: raises $3 to $6
KARAVAN-999: calls $3
*** FLOP *** [8d 5h As]
KARAVAN-999: checks
HEADEKBAT: bets $3
KARAVAN-999: calls $3
*** TURN *** [8d 5h As] [3s]
KARAVAN-999: checks
HEADEKBAT: checks
*** RIVER *** [8d 5h As 3s] [Tc]
KARAVAN-999: bets $6
HEADEKBAT: calls $6
*** SHOW DOWN ***
KARAVAN-999: shows [7c Ad] (a pair of Aces)
HEADEKBAT: mucks hand
KARAVAN-999 collected $29.50 from pot
*** SUMMARY ***
Total pot $30 | Rake $0.50
Board [8d 5h As 3s Tc]
Seat 1: HEADEKBAT (button) (small blind) mucked
Seat 2: KARAVAN-999 (big blind) showed [7c Ad] and won ($29.50) with a pair of Aces


PokerStars Hand #145018147581:  Hold'em Limit ($3/$6 USD) - 2015/12/08 8:56:43 ET
Table 'Rabe' 2-max Seat #2 is the button
Seat 1: HEADEKBAT ($72 in chips)
Seat 2: KARAVAN-999 ($113.50 in chips)
KARAVAN-999: posts small blind $1
HEADEKBAT: posts big blind $3
*** HOLE CARDS ***
KARAVAN-999: folds
Uncalled bet ($2) returned to HEADEKBAT
HEADEKBAT collected $2 from pot
HEADEKBAT: doesn't show hand
*** SUMMARY ***
Total pot $2 | Rake $0
Seat 1: HEADEKBAT (big blind) collected ($2)
Seat 2: KARAVAN-999 (button) (small blind) folded before Flop


PokerStars Hand #145018150201:  Hold'em Limit ($3/$6 USD) - 2015/12/08 8:56:48 ET
Table 'Rabe' 2-max Seat #1 is the button
Seat 1: HEADEKBAT ($73 in chips)
Seat 2: KARAVAN-999 ($112.50 in chips)
HEADEKBAT: posts small blind $1
KARAVAN-999: posts big blind $3
*** HOLE CARDS ***
HEADEKBAT: raises $3 to $6
KARAVAN-999: calls $3
*** FLOP *** [3d 5d Js]
KARAVAN-999: checks
HEADEKBAT: bets $3
KARAVAN-999: calls $3
*** TURN *** [3d 5d Js] [3h]
KARAVAN-999: checks
HEADEKBAT: bets $6
KARAVAN-999: calls $6
*** RIVER *** [3d 5d Js 3h] [Kc]
KARAVAN-999: checks
HEADEKBAT: bets $6
KARAVAN-999: calls $6
*** SHOW DOWN ***
HEADEKBAT: shows [6c Kd] (two pair, Kings and Threes)
KARAVAN-999: mucks hand
HEADEKBAT collected $41.50 from pot
*** SUMMARY ***
Total pot $42 | Rake $0.50
Board [3d 5d Js 3h Kc]
Seat 1: HEADEKBAT (button) (small blind) showed [6c Kd] and won ($41.50) with two pair, Kings and Threes
Seat 2: KARAVAN-999 (big blind) mucked


PokerStars Hand #145018181177:  Hold'em Limit ($3/$6 USD) - 2015/12/08 8:57:45 ET
Table 'Rabe' 2-max Seat #1 is the button
Seat 1: HEADEKBAT ($72 in chips)
Seat 2: KARAVAN-999 ($118 in chips)
HEADEKBAT: posts small blind $1
KARAVAN-999: posts big blind $3
*** HOLE CARDS ***
HEADEKBAT: folds
Uncalled bet ($2) returned to KARAVAN-999
KARAVAN-999 collected $2 from pot
KARAVAN-999: doesn't show hand
*** SUMMARY ***
Total pot $2 | Rake $0
Seat 1: HEADEKBAT (button) (small blind) folded before Flop
Seat 2: KARAVAN-999 (big blind) collected ($2)


PokerStars Hand #145018162440:  Hold'em Limit ($3/$6 USD) - 2015/12/08 8:57:11 ET
Table 'Rabe' 2-max Seat #2 is the button
Seat 1: HEADEKBAT ($93.50 in chips)
Seat 2: KARAVAN-999 ($91.50 in chips)
KARAVAN-999: posts small blind $1
HEADEKBAT: posts big blind $3
*** HOLE CARDS ***
KARAVAN-999: raises $3 to $6
HEADEKBAT: calls $3
*** FLOP *** [6s Js 2c]
HEADEKBAT: checks
KARAVAN-999: bets $3
HEADEKBAT: calls $3
*** TURN *** [6s Js 2c] [7c]
HEADEKBAT: checks
KARAVAN-999: bets $6
HEADEKBAT: raises $6 to $12
KARAVAN-999: calls $6
*** RIVER *** [6s Js 2c 7c] [Jd]
HEADEKBAT: bets $6
KARAVAN-999: raises $6 to $12
HEADEKBAT: folds
Uncalled bet ($6) returned to KARAVAN-999
KARAVAN-999 collected $53.50 from pot
KARAVAN-999: doesn't show hand
*** SUMMARY ***
Total pot $54 | Rake $0.50
Board [6s Js 2c 7c Jd]
Seat 1: HEADEKBAT (big blind) folded on the River
Seat 2: KARAVAN-999 (button) (small blind) collected ($53.50)


PokerStars Hand #145018210866:  Hold'em Limit ($3/$6 USD) - 2015/12/08 8:58:39 ET
Table 'Rabe' 2-max Seat #2 is the button
Seat 1: HEADEKBAT ($77.50 in chips)
Seat 2: KARAVAN-999 ($112.50 in chips)
KARAVAN-999: posts small blind $1
HEADEKBAT: posts big blind $3
*** HOLE CARDS ***
KARAVAN-999: raises $3 to $6
HEADEKBAT: raises $3 to $9
KARAVAN-999: calls $3
*** FLOP *** [7c 3s Tc]
HEADEKBAT: bets $3
KARAVAN-999: calls $3
*** TURN *** [7c 3s Tc] [4h]
HEADEKBAT: bets $6
KARAVAN-999: calls $6
*** RIVER *** [7c 3s Tc 4h] [Ad]
HEADEKBAT: bets $6
KARAVAN-999: raises $6 to $12
HEADEKBAT: folds
Uncalled bet ($6) returned to KARAVAN-999
KARAVAN-999 collected $47.50 from pot
KARAVAN-999: doesn't show hand
*** SUMMARY ***
Total pot $48 | Rake $0.50
Board [7c 3s Tc 4h Ad]
Seat 1: HEADEKBAT (big blind) folded on the River
Seat 2: KARAVAN-999 (button) (small blind) collected ($47.50)


PokerStars Hand #145018183559:  Hold'em Limit ($3/$6 USD) - 2015/12/08 8:57:49 ET
Table 'Rabe' 2-max Seat #2 is the button
Seat 1: HEADEKBAT ($72 in chips)
Seat 2: KARAVAN-999 ($119 in chips)
KARAVAN-999: posts small blind $1
HEADEKBAT: posts big blind $3
*** HOLE CARDS ***
KARAVAN-999: raises $3 to $6
HEADEKBAT: calls $3
*** FLOP *** [Ts 8s As]
HEADEKBAT: checks
KARAVAN-999: bets $3
HEADEKBAT: raises $3 to $6
KARAVAN-999: calls $3
*** TURN *** [Ts 8s As] [8c]
HEADEKBAT: bets $6
KARAVAN-999: calls $6
*** RIVER *** [Ts 8s As 8c] [7d]
HEADEKBAT: bets $6
KARAVAN-999: calls $6
*** SHOW DOWN ***
HEADEKBAT: shows [5d Ah] (two pair, Aces and Eights)
KARAVAN-999: mucks hand
HEADEKBAT collected $47.50 from pot
*** SUMMARY ***
Total pot $48 | Rake $0.50
Board [Ts 8s As 8c 7d]
Seat 1: HEADEKBAT (big blind) showed [5d Ah] and won ($47.50) with two pair, Aces and Eights
Seat 2: KARAVAN-999 (button) (small blind) mucked


PokerStars Hand #145018197467:  Hold'em Limit ($3/$6 USD) - 2015/12/08 8:58:15 ET
Table 'Rabe' 2-max Seat #1 is the button
Seat 1: HEADEKBAT ($95.50 in chips)
Seat 2: KARAVAN-999 ($95 in chips)
HEADEKBAT: posts small blind $1
KARAVAN-999: posts big blind $3
*** HOLE CARDS ***
HEADEKBAT: raises $3 to $6
KARAVAN-999: raises $3 to $9
HEADEKBAT: calls $3
*** FLOP *** [Jd 9h Qc]
KARAVAN-999: bets $3
HEADEKBAT: calls $3
*** TURN *** [Jd 9h Qc] [2h]
KARAVAN-999: bets $6
HEADEKBAT: calls $6
*** RIVER *** [Jd 9h Qc 2h] [Kc]
KARAVAN-999: bets $6
HEADEKBAT: folds
Uncalled bet ($6) returned to KARAVAN-999
KARAVAN-999 collected $35.50 from pot
KARAVAN-999: doesn't show hand
*** SUMMARY ***
Total pot $36 | Rake $0.50
Board [Jd 9h Qc 2h Kc]
Seat 1: HEADEKBAT (button) (small blind) folded on the River
Seat 2: KARAVAN-999 (big blind) collected ($35.50)


PokerStars Hand #145018226245:  Hold'em Limit ($3/$6 USD) - 2015/12/08 8:59:08 ET
Table 'Rabe' 2-max Seat #2 is the button
Seat 1: HEADEKBAT ($75 in chips)
Seat 2: KARAVAN-999 ($133 in chips)
KARAVAN-999: posts small blind $1
HEADEKBAT: posts big blind $3
*** HOLE CARDS ***
KARAVAN-999: folds
Uncalled bet ($2) returned to HEADEKBAT
HEADEKBAT collected $2 from pot
HEADEKBAT: doesn't show hand
*** SUMMARY ***
Total pot $2 | Rake $0
Seat 1: HEADEKBAT (big blind) collected ($2)
Seat 2: KARAVAN-999 (button) (small blind) folded before Flop


PokerStars Hand #145018223151:  Hold'em Limit ($3/$6 USD) - 2015/12/08 8:59:02 ET
Table 'Rabe' 2-max Seat #1 is the button
Seat 1: HEADEKBAT ($72 in chips)
Seat 2: KARAVAN-999 ($136 in chips)
HEADEKBAT: posts small blind $1
KARAVAN-999: posts big blind $3
*** HOLE CARDS ***
HEADEKBAT: raises $3 to $6
KARAVAN-999: folds
Uncalled bet ($3) returned to HEADEKBAT
HEADEKBAT collected $6 from pot
HEADEKBAT: doesn't show hand
*** SUMMARY ***
Total pot $6 | Rake $0
Seat 1: HEADEKBAT (button) (small blind) collected ($6)
Seat 2: KARAVAN-999 (big blind) folded before Flop


PokerStars Hand #145018236366:  Hold'em Limit ($3/$6 USD) - 2015/12/08 8:59:26 ET
Table 'Rabe' 2-max Seat #1 is the button
Seat 1: HEADEKBAT ($76 in chips)
Seat 2: KARAVAN-999 ($132 in chips)
HEADEKBAT: posts small blind $1
KARAVAN-999: posts big blind $3
*** HOLE CARDS ***
HEADEKBAT: raises $3 to $6
KARAVAN-999: calls $3
*** FLOP *** [Ts 4c 2d]
KARAVAN-999: bets $3
HEADEKBAT: raises $3 to $6
KARAVAN-999: calls $3
*** TURN *** [Ts 4c 2d] [Td]
KARAVAN-999: checks
HEADEKBAT: bets $6
KARAVAN-999: folds
Uncalled bet ($6) returned to HEADEKBAT
HEADEKBAT collected $23.52 from pot
HEADEKBAT: doesn't show hand
*** SUMMARY ***
Total pot $24 | Rake $0.48
Board [Ts 4c 2d Td]
Seat 1: HEADEKBAT (button) (small blind) collected ($23.52)
Seat 2: KARAVAN-999 (big blind) folded on the Turn


PokerStars Hand #145018232025:  Hold'em Limit ($3/$6 USD) - 2015/12/08 8:59:18 ET
Table 'Rabe' 2-max Seat #2 is the button
Seat 1: HEADEKBAT ($79 in chips)
Seat 2: KARAVAN-999 ($129 in chips)
KARAVAN-999: posts small blind $1
HEADEKBAT: posts big blind $3
*** HOLE CARDS ***
KARAVAN-999: raises $3 to $6
HEADEKBAT: folds
Uncalled bet ($3) returned to KARAVAN-999
KARAVAN-999 collected $6 from pot
KARAVAN-999: doesn't show hand
*** SUMMARY ***
Total pot $6 | Rake $0
Seat 1: HEADEKBAT (big blind) folded before Flop
Seat 2: KARAVAN-999 (button) (small blind) collected ($6)


PokerStars Hand #145018228927:  Hold'em Limit ($3/$6 USD) - 2015/12/08 8:59:13 ET
Table 'Rabe' 2-max Seat #1 is the button
Seat 1: HEADEKBAT ($76 in chips)
Seat 2: KARAVAN-999 ($132 in chips)
HEADEKBAT: posts small blind $1
KARAVAN-999: posts big blind $3
*** HOLE CARDS ***
HEADEKBAT: raises $3 to $6
KARAVAN-999: folds
Uncalled bet ($3) returned to HEADEKBAT
HEADEKBAT collected $6 from pot
HEADEKBAT: doesn't show hand
*** SUMMARY ***
Total pot $6 | Rake $0
Seat 1: HEADEKBAT (button) (small blind) collected ($6)
Seat 2: KARAVAN-999 (big blind) folded before Flop


PokerStars Hand #145018280712:  Hold'em Limit ($3/$6 USD) - 2015/12/08 9:00:41 ET
Table 'Rabe' 2-max Seat #2 is the button
Seat 1: HEADEKBAT ($76 in chips)
Seat 2: KARAVAN-999 ($157 in chips)
KARAVAN-999: posts small blind $1
HEADEKBAT: posts big blind $3
*** HOLE CARDS ***
KARAVAN-999: raises $3 to $6
HEADEKBAT: calls $3
*** FLOP *** [8d 3d 2s]
HEADEKBAT: checks
KARAVAN-999: bets $3
HEADEKBAT: folds
Uncalled bet ($3) returned to KARAVAN-999
KARAVAN-999 collected $11.76 from pot
KARAVAN-999: doesn't show hand
*** SUMMARY ***
Total pot $12 | Rake $0.24
Board [8d 3d 2s]
Seat 1: HEADEKBAT (big blind) folded on the Flop
Seat 2: KARAVAN-999 (button) (small blind) collected ($11.76)


PokerStars Hand #145018247307:  Hold'em Limit ($3/$6 USD) - 2015/12/08 8:59:46 ET
Table 'Rabe' 2-max Seat #2 is the button
Seat 1: HEADEKBAT ($87.52 in chips)
Seat 2: KARAVAN-999 ($120 in chips)
KARAVAN-999: posts small blind $1
HEADEKBAT: posts big blind $3
*** HOLE CARDS ***
KARAVAN-999: raises $3 to $6
HEADEKBAT: raises $3 to $9
KARAVAN-999: calls $3
*** FLOP *** [4h 7s Qc]
HEADEKBAT: bets $3
KARAVAN-999: calls $3
*** TURN *** [4h 7s Qc] [Td]
HEADEKBAT: bets $6
KARAVAN-999: raises $6 to $12
HEADEKBAT: calls $6
*** RIVER *** [4h 7s Qc Td] [5s]
HEADEKBAT: checks
KARAVAN-999: bets $6
HEADEKBAT: folds
Uncalled bet ($6) returned to KARAVAN-999
KARAVAN-999 collected $47.50 from pot
KARAVAN-999: doesn't show hand
*** SUMMARY ***
Total pot $48 | Rake $0.50
Board [4h 7s Qc Td 5s]
Seat 1: HEADEKBAT (big blind) folded on the River
Seat 2: KARAVAN-999 (button) (small blind) collected ($47.50)


PokerStars Hand #145018277593:  Hold'em Limit ($3/$6 USD) - 2015/12/08 9:00:36 ET
Table 'Rabe' 2-max Seat #1 is the button
Seat 1: HEADEKBAT ($73 in chips)
Seat 2: KARAVAN-999 ($160 in chips)
HEADEKBAT: posts small blind $1
KARAVAN-999: posts big blind $3
*** HOLE CARDS ***
HEADEKBAT: raises $3 to $6
KARAVAN-999: folds
Uncalled bet ($3) returned to HEADEKBAT
HEADEKBAT collected $6 from pot
HEADEKBAT: doesn't show hand
*** SUMMARY ***
Total pot $6 | Rake $0
Seat 1: HEADEKBAT (button) (small blind) collected ($6)
Seat 2: KARAVAN-999 (big blind) folded before Flop


PokerStars Hand #145018274983:  Hold'em Limit ($3/$6 USD) - 2015/12/08 9:00:31 ET
Table 'Rabe' 2-max Seat #2 is the button
Seat 1: HEADEKBAT ($72 in chips)
Seat 2: KARAVAN-999 ($161 in chips)
KARAVAN-999: posts small blind $1
HEADEKBAT: posts big blind $3
*** HOLE CARDS ***
KARAVAN-999: folds
Uncalled bet ($2) returned to HEADEKBAT
HEADEKBAT collected $2 from pot
HEADEKBAT: doesn't show hand
*** SUMMARY ***
Total pot $2 | Rake $0
Seat 1: HEADEKBAT (big blind) collected ($2)
Seat 2: KARAVAN-999 (button) (small blind) folded before Flop


PokerStars Hand #145018263284:  Hold'em Limit ($3/$6 USD) - 2015/12/08 9:00:11 ET
Table 'Rabe' 2-max Seat #1 is the button
Seat 1: HEADEKBAT ($72 in chips)
Seat 2: KARAVAN-999 ($143.50 in chips)
HEADEKBAT: posts small blind $1
KARAVAN-999: posts big blind $3
*** HOLE CARDS ***
HEADEKBAT: raises $3 to $6
KARAVAN-999: raises $3 to $9
HEADEKBAT: calls $3
*** FLOP *** [Qh 8c 5h]
KARAVAN-999: bets $3
HEADEKBAT: calls $3
*** TURN *** [Qh 8c 5h] [7d]
KARAVAN-999: bets $6
HEADEKBAT: calls $6
*** RIVER *** [Qh 8c 5h 7d] [9h]
KARAVAN-999: bets $6
HEADEKBAT: folds
Uncalled bet ($6) returned to KARAVAN-999
KARAVAN-999 collected $35.50 from pot
KARAVAN-999: doesn't show hand
*** SUMMARY ***
Total pot $36 | Rake $0.50
Board [Qh 8c 5h 7d 9h]
Seat 1: HEADEKBAT (button) (small blind) folded on the River
Seat 2: KARAVAN-999 (big blind) collected ($35.50)


PokerStars Hand #145018300095:  Hold'em Limit ($3/$6 USD) - 2015/12/08 9:01:12 ET
Table 'Rabe' 2-max Seat #2 is the button
Seat 1: HEADEKBAT ($72 in chips)
Seat 2: KARAVAN-999 ($171.40 in chips)
KARAVAN-999: posts small blind $1
HEADEKBAT: posts big blind $3
*** HOLE CARDS ***
KARAVAN-999: folds
Uncalled bet ($2) returned to HEADEKBAT
HEADEKBAT collected $2 from pot
HEADEKBAT: doesn't show hand
*** SUMMARY ***
Total pot $2 | Rake $0
Seat 1: HEADEKBAT (big blind) collected ($2)
Seat 2: KARAVAN-999 (button) (small blind) folded before Flop


PokerStars Hand #145018303248:  Hold'em Limit ($3/$6 USD) - 2015/12/08 9:01:17 ET
Table 'Rabe' 2-max Seat #1 is the button
Seat 1: HEADEKBAT ($73 in chips)
Seat 2: KARAVAN-999 ($170.40 in chips)
HEADEKBAT: posts small blind $1
KARAVAN-999: posts big blind $3
*** HOLE CARDS ***
HEADEKBAT: raises $3 to $6
KARAVAN-999: calls $3
*** FLOP *** [3d 6c 8h]
KARAVAN-999: checks
HEADEKBAT: checks
*** TURN *** [3d 6c 8h] [2d]
KARAVAN-999: bets $6
HEADEKBAT: folds
Uncalled bet ($6) returned to KARAVAN-999
KARAVAN-999 collected $11.76 from pot
KARAVAN-999: doesn't show hand
*** SUMMARY ***
Total pot $12 | Rake $0.24
Board [3d 6c 8h 2d]
Seat 1: HEADEKBAT (button) (small blind) folded on the Turn
Seat 2: KARAVAN-999 (big blind) collected ($11.76)


PokerStars Hand #145018312677:  Hold'em Limit ($3/$6 USD) - 2015/12/08 9:01:32 ET
Table 'Rabe' 2-max Seat #2 is the button
Seat 1: HEADEKBAT ($72 in chips)
Seat 2: KARAVAN-999 ($176.16 in chips)
KARAVAN-999: posts small blind $1
HEADEKBAT: posts big blind $3
*** HOLE CARDS ***
KARAVAN-999: folds
Uncalled bet ($2) returned to HEADEKBAT
HEADEKBAT collected $2 from pot
HEADEKBAT: doesn't show hand
*** SUMMARY ***
Total pot $2 | Rake $0
Seat 1: HEADEKBAT (big blind) collected ($2)
Seat 2: KARAVAN-999 (button) (small blind) folded before Flop


PokerStars Hand #145018286769:  Hold'em Limit ($3/$6 USD) - 2015/12/08 9:00:51 ET
Table 'Rabe' 2-max Seat #1 is the button
Seat 1: HEADEKBAT ($72 in chips)
Seat 2: KARAVAN-999 ($162.76 in chips)
HEADEKBAT: posts small blind $1
KARAVAN-999: posts big blind $3
*** HOLE CARDS ***
HEADEKBAT: raises $3 to $6
KARAVAN-999: calls $3
*** FLOP *** [Ks 4h Tc]
KARAVAN-999: checks
HEADEKBAT: bets $3
KARAVAN-999: calls $3
*** TURN *** [Ks 4h Tc] [Td]
KARAVAN-999: checks
HEADEKBAT: checks
*** RIVER *** [Ks 4h Tc Td] [Kc]
KARAVAN-999: bets $6
HEADEKBAT: folds
Uncalled bet ($6) returned to KARAVAN-999
KARAVAN-999 collected $17.64 from pot
KARAVAN-999: doesn't show hand
*** SUMMARY ***
Total pot $18 | Rake $0.36
Board [Ks 4h Tc Td Kc]
Seat 1: HEADEKBAT (button) (small blind) folded on the River
Seat 2: KARAVAN-999 (big blind) collected ($17.64)


PokerStars Hand #145018315976:  Hold'em Limit ($3/$6 USD) - 2015/12/08 9:01:37 ET
Table 'Rabe' 2-max Seat #1 is the button
Seat 1: HEADEKBAT ($73 in chips)
Seat 2: KARAVAN-999 ($175.16 in chips)
HEADEKBAT: posts small blind $1
KARAVAN-999: posts big blind $3
*** HOLE CARDS ***
HEADEKBAT: raises $3 to $6
KARAVAN-999 is disconnected
KARAVAN-999 is connected
KARAVAN-999: folds
Uncalled bet ($3) returned to HEADEKBAT
HEADEKBAT collected $6 from pot
HEADEKBAT: doesn't show hand
*** SUMMARY ***
Total pot $6 | Rake $0
Seat 1: HEADEKBAT (button) (small blind) collected ($6)
Seat 2: KARAVAN-999 (big blind) folded before Flop


PokerStars Hand #145018348959:  Hold'em Limit ($3/$6 USD) - 2015/12/08 9:02:26 ET
Table 'Rabe' 2-max Seat #2 is the button
Seat 1: HEADEKBAT ($76 in chips)
Seat 2: KARAVAN-999 ($172.16 in chips)
KARAVAN-999: posts small blind $1
HEADEKBAT: posts big blind $3
*** HOLE CARDS ***
KARAVAN-999: folds
Uncalled bet ($2) returned to HEADEKBAT
HEADEKBAT collected $2 from pot
HEADEKBAT: doesn't show hand
*** SUMMARY ***
Total pot $2 | Rake $0
Seat 1: HEADEKBAT (big blind) collected ($2)
Seat 2: KARAVAN-999 (button) (small blind) folded before Flop


PokerStars Hand #145018352668:  Hold'em Limit ($3/$6 USD) - 2015/12/08 9:02:31 ET
Table 'Rabe' 2-max Seat #1 is the button
Seat 1: HEADEKBAT ($77 in chips)
Seat 2: KARAVAN-999 ($171.16 in chips)
HEADEKBAT: posts small blind $1
KARAVAN-999: posts big blind $3
*** HOLE CARDS ***
HEADEKBAT: raises $3 to $6
KARAVAN-999: folds
Uncalled bet ($3) returned to HEADEKBAT
HEADEKBAT collected $6 from pot
HEADEKBAT: doesn't show hand
*** SUMMARY ***
Total pot $6 | Rake $0
Seat 1: HEADEKBAT (button) (small blind) collected ($6)
Seat 2: KARAVAN-999 (big blind) folded before Flop


PokerStars Hand #145018356342:  Hold'em Limit ($3/$6 USD) - 2015/12/08 9:02:37 ET
Table 'Rabe' 2-max Seat #2 is the button
Seat 1: HEADEKBAT ($80 in chips)
Seat 2: KARAVAN-999 ($168.16 in chips)
KARAVAN-999: posts small blind $1
HEADEKBAT: posts big blind $3
*** HOLE CARDS ***
KARAVAN-999: raises $3 to $6
HEADEKBAT: calls $3
*** FLOP *** [3s Td 6s]
HEADEKBAT: checks
KARAVAN-999: bets $3
HEADEKBAT: calls $3
*** TURN *** [3s Td 6s] [Ah]
HEADEKBAT: checks
KARAVAN-999: bets $6
HEADEKBAT: folds
Uncalled bet ($6) returned to KARAVAN-999
KARAVAN-999 collected $17.64 from pot
KARAVAN-999: doesn't show hand
*** SUMMARY ***
Total pot $18 | Rake $0.36
Board [3s Td 6s Ah]
Seat 1: HEADEKBAT (big blind) folded on the Turn
Seat 2: KARAVAN-999 (button) (small blind) collected ($17.64)


PokerStars Hand #145018368993:  Hold'em Limit ($3/$6 USD) - 2015/12/08 9:02:54 ET
Table 'Rabe' 2-max Seat #1 is the button
Seat 1: HEADEKBAT ($72 in chips)
Seat 2: KARAVAN-999 ($176.80 in chips)
HEADEKBAT: posts small blind $1
KARAVAN-999: posts big blind $3
*** HOLE CARDS ***
HEADEKBAT: raises $3 to $6
KARAVAN-999: raises $3 to $9
HEADEKBAT: calls $3
*** FLOP *** [5s 8c Ah]
KARAVAN-999: bets $3
HEADEKBAT: folds
Uncalled bet ($3) returned to KARAVAN-999
KARAVAN-999 collected $17.64 from pot
KARAVAN-999: doesn't show hand
*** SUMMARY ***
Total pot $18 | Rake $0.36
Board [5s 8c Ah]
Seat 1: HEADEKBAT (button) (small blind) folded on the Flop
Seat 2: KARAVAN-999 (big blind) collected ($17.64)


PokerStars Hand #145018383492:  Hold'em Limit ($3/$6 USD) - 2015/12/08 9:03:15 ET
Table 'Rabe' 2-max Seat #2 is the button
Seat 1: HEADEKBAT ($76 in chips)
Seat 2: KARAVAN-999 ($181.44 in chips)
KARAVAN-999: posts small blind $1
HEADEKBAT: posts big blind $3
*** HOLE CARDS ***
KARAVAN-999: raises $3 to $6
HEADEKBAT: calls $3
*** FLOP *** [5s 5d 6h]
HEADEKBAT: checks
KARAVAN-999: bets $3
HEADEKBAT: folds
Uncalled bet ($3) returned to KARAVAN-999
KARAVAN-999 collected $11.76 from pot
KARAVAN-999: doesn't show hand
*** SUMMARY ***
Total pot $12 | Rake $0.24
Board [5s 5d 6h]
Seat 1: HEADEKBAT (big blind) folded on the Flop
Seat 2: KARAVAN-999 (button) (small blind) collected ($11.76)


PokerStars Hand #145018391304:  Hold'em Limit ($3/$6 USD) - 2015/12/08 9:03:26 ET
Table 'Rabe' 2-max Seat #1 is the button
Seat 1: HEADEKBAT ($72 in chips)
Seat 2: KARAVAN-999 ($187.20 in chips)
HEADEKBAT: posts small blind $1
KARAVAN-999: posts big blind $3
*** HOLE CARDS ***
HEADEKBAT: raises $3 to $6
KARAVAN-999: calls $3
*** FLOP *** [5s Qh Qc]
KARAVAN-999: checks
HEADEKBAT: bets $3
KARAVAN-999: calls $3
*** TURN *** [5s Qh Qc] [7h]
KARAVAN-999: checks
HEADEKBAT: bets $6
KARAVAN-999: calls $6
*** RIVER *** [5s Qh Qc 7h] [4s]
KARAVAN-999: checks
HEADEKBAT: bets $6
KARAVAN-999: calls $6
*** SHOW DOWN ***
HEADEKBAT: shows [Qd 3d] (three of a kind, Queens)
KARAVAN-999: mucks hand
HEADEKBAT collected $41.50 from pot
*** SUMMARY ***
Total pot $42 | Rake $0.50
Board [5s Qh Qc 7h 4s]
Seat 1: HEADEKBAT (button) (small blind) showed [Qd 3d] and won ($41.50) with three of a kind, Queens
Seat 2: KARAVAN-999 (big blind) mucked


PokerStars Hand #145018407298:  Hold'em Limit ($3/$6 USD) - 2015/12/08 9:03:48 ET
Table 'Rabe' 2-max Seat #2 is the button
Seat 1: HEADEKBAT ($92.50 in chips)
Seat 2: KARAVAN-999 ($166.20 in chips)
KARAVAN-999: posts small blind $1
HEADEKBAT: posts big blind $3
*** HOLE CARDS ***
KARAVAN-999: raises $3 to $6
HEADEKBAT: folds
Uncalled bet ($3) returned to KARAVAN-999
KARAVAN-999 collected $6 from pot
KARAVAN-999: doesn't show hand
*** SUMMARY ***
Total pot $6 | Rake $0
Seat 1: HEADEKBAT (big blind) folded before Flop
Seat 2: KARAVAN-999 (button) (small blind) collected ($6)


PokerStars Hand #145018379393:  Hold'em Limit ($3/$6 USD) - 2015/12/08 9:03:09 ET
Table 'Rabe' 2-max Seat #1 is the button
Seat 1: HEADEKBAT ($73 in chips)
Seat 2: KARAVAN-999 ($184.44 in chips)
HEADEKBAT: posts small blind $1
KARAVAN-999: posts big blind $3
*** HOLE CARDS ***
HEADEKBAT: raises $3 to $6
KARAVAN-999: folds
Uncalled bet ($3) returned to HEADEKBAT
HEADEKBAT collected $6 from pot
HEADEKBAT: doesn't show hand
*** SUMMARY ***
Total pot $6 | Rake $0
Seat 1: HEADEKBAT (button) (small blind) collected ($6)
Seat 2: KARAVAN-999 (big blind) folded before Flop


PokerStars Hand #145018376092:  Hold'em Limit ($3/$6 USD) - 2015/12/08 9:03:04 ET
Table 'Rabe' 2-max Seat #2 is the button
Seat 1: HEADEKBAT ($72 in chips)
Seat 2: KARAVAN-999 ($185.44 in chips)
KARAVAN-999: posts small blind $1
HEADEKBAT: posts big blind $3
*** HOLE CARDS ***
KARAVAN-999: folds
Uncalled bet ($2) returned to HEADEKBAT
HEADEKBAT collected $2 from pot
HEADEKBAT: doesn't show hand
*** SUMMARY ***
Total pot $2 | Rake $0
Seat 1: HEADEKBAT (big blind) collected ($2)
Seat 2: KARAVAN-999 (button) (small blind) folded before Flop


PokerStars Hand #145018435730:  Hold'em Limit ($3/$6 USD) - 2015/12/08 9:04:28 ET
Table 'Rabe' 2-max Seat #1 is the button
Seat 1: HEADEKBAT ($101.14 in chips)
Seat 2: KARAVAN-999 ($157.20 in chips)
HEADEKBAT: posts small blind $1
KARAVAN-999: posts big blind $3
*** HOLE CARDS ***
HEADEKBAT: raises $3 to $6
KARAVAN-999: folds
Uncalled bet ($3) returned to HEADEKBAT
HEADEKBAT collected $6 from pot
HEADEKBAT: doesn't show hand
*** SUMMARY ***
Total pot $6 | Rake $0
Seat 1: HEADEKBAT (button) (small blind) collected ($6)
Seat 2: KARAVAN-999 (big blind) folded before Flop


PokerStars Hand #145018423036:  Hold'em Limit ($3/$6 USD) - 2015/12/08 9:04:10 ET
Table 'Rabe' 2-max Seat #2 is the button
Seat 1: HEADEKBAT ($92.50 in chips)
Seat 2: KARAVAN-999 ($166.20 in chips)
KARAVAN-999: posts small blind $1
HEADEKBAT: posts big blind $3
*** HOLE CARDS ***
KARAVAN-999: raises $3 to $6
HEADEKBAT: calls $3
*** FLOP *** [Ts 6d Jh]
HEADEKBAT: checks
KARAVAN-999: bets $3
HEADEKBAT: raises $3 to $6
KARAVAN-999: folds
Uncalled bet ($3) returned to HEADEKBAT
HEADEKBAT collected $17.64 from pot
HEADEKBAT: doesn't show hand
*** SUMMARY ***
Total pot $18 | Rake $0.36
Board [Ts 6d Jh]
Seat 1: HEADEKBAT (big blind) collected ($17.64)
Seat 2: KARAVAN-999 (button) (small blind) folded on the Flop


PokerStars Hand #145018449607:  Hold'em Limit ($3/$6 USD) - 2015/12/08 9:04:47 ET
Table 'Rabe' 2-max Seat #1 is the button
Seat 1: HEADEKBAT ($109.90 in chips)
Seat 2: KARAVAN-999 ($148.20 in chips)
HEADEKBAT: posts small blind $1
KARAVAN-999: posts big blind $3
*** HOLE CARDS ***
HEADEKBAT: raises $3 to $6
KARAVAN-999: folds
Uncalled bet ($3) returned to HEADEKBAT
HEADEKBAT collected $6 from pot
HEADEKBAT: doesn't show hand
*** SUMMARY ***
Total pot $6 | Rake $0
Seat 1: HEADEKBAT (button) (small blind) collected ($6)
Seat 2: KARAVAN-999 (big blind) folded before Flop


PokerStars Hand #145018439725:  Hold'em Limit ($3/$6 USD) - 2015/12/08 9:04:33 ET
Table 'Rabe' 2-max Seat #2 is the button
Seat 1: HEADEKBAT ($104.14 in chips)
Seat 2: KARAVAN-999 ($154.20 in chips)
KARAVAN-999: posts small blind $1
HEADEKBAT: posts big blind $3
*** HOLE CARDS ***
KARAVAN-999: raises $3 to $6
HEADEKBAT: calls $3
*** FLOP *** [Qh Th 5h]
HEADEKBAT: checks
KARAVAN-999: checks
*** TURN *** [Qh Th 5h] [9d]
HEADEKBAT: bets $6
KARAVAN-999: folds
Uncalled bet ($6) returned to HEADEKBAT
HEADEKBAT collected $11.76 from pot
HEADEKBAT: doesn't show hand
*** SUMMARY ***
Total pot $12 | Rake $0.24
Board [Qh Th 5h 9d]
Seat 1: HEADEKBAT (big blind) collected ($11.76)
Seat 2: KARAVAN-999 (button) (small blind) folded on the Turn


PokerStars Hand #145018417042:  Hold'em Limit ($3/$6 USD) - 2015/12/08 9:04:02 ET
Table 'Rabe' 2-max Seat #1 is the button
Seat 1: HEADEKBAT ($89.50 in chips)
Seat 2: KARAVAN-999 ($169.20 in chips)
HEADEKBAT: posts small blind $1
KARAVAN-999: posts big blind $3
*** HOLE CARDS ***
HEADEKBAT: raises $3 to $6
KARAVAN-999: folds
Uncalled bet ($3) returned to HEADEKBAT
HEADEKBAT collected $6 from pot
HEADEKBAT: doesn't show hand
*** SUMMARY ***
Total pot $6 | Rake $0
Seat 1: HEADEKBAT (button) (small blind) collected ($6)
Seat 2: KARAVAN-999 (big blind) folded before Flop


PokerStars Hand #145018469177:  Hold'em Limit ($3/$6 USD) - 2015/12/08 9:05:15 ET
Table 'Rabe' 2-max Seat #2 is the button
Seat 1: HEADEKBAT ($109.90 in chips)
Seat 2: KARAVAN-999 ($147.96 in chips)
KARAVAN-999: posts small blind $1
HEADEKBAT: posts big blind $3
*** HOLE CARDS ***
KARAVAN-999: raises $3 to $6
HEADEKBAT: raises $3 to $9
KARAVAN-999: calls $3
*** FLOP *** [Js 7s 2c]
HEADEKBAT: bets $3
KARAVAN-999: calls $3
*** TURN *** [Js 7s 2c] [5s]
HEADEKBAT: checks
KARAVAN-999: checks
*** RIVER *** [Js 7s 2c 5s] [Kc]
HEADEKBAT: checks
KARAVAN-999: bets $6
HEADEKBAT: raises $6 to $12
KARAVAN-999: raises $6 to $18
HEADEKBAT: calls $6
*** SHOW DOWN ***
KARAVAN-999: shows [6s 9s] (a flush, Jack high)
HEADEKBAT: mucks hand
KARAVAN-999 collected $59.50 from pot
*** SUMMARY ***
Total pot $60 | Rake $0.50
Board [Js 7s 2c 5s Kc]
Seat 1: HEADEKBAT (big blind) mucked
Seat 2: KARAVAN-999 (button) (small blind) showed [6s 9s] and won ($59.50) with a flush, Jack high


PokerStars Hand #145018490960:  Hold'em Limit ($3/$6 USD) - 2015/12/08 9:05:45 ET
Table 'Rabe' 2-max Seat #1 is the button
Seat 1: HEADEKBAT ($79.90 in chips)
Seat 2: KARAVAN-999 ($177.46 in chips)
HEADEKBAT: posts small blind $1
KARAVAN-999: posts big blind $3
*** HOLE CARDS ***
HEADEKBAT: folds
Uncalled bet ($2) returned to KARAVAN-999
KARAVAN-999 collected $2 from pot
KARAVAN-999: doesn't show hand
*** SUMMARY ***
Total pot $2 | Rake $0
Seat 1: HEADEKBAT (button) (small blind) folded before Flop
Seat 2: KARAVAN-999 (big blind) collected ($2)


PokerStars Hand #145018495407:  Hold'em Limit ($3/$6 USD) - 2015/12/08 9:05:51 ET
Table 'Rabe' 2-max Seat #2 is the button
Seat 1: HEADEKBAT ($78.90 in chips)
Seat 2: KARAVAN-999 ($178.46 in chips)
KARAVAN-999: posts small blind $1
HEADEKBAT: posts big blind $3
*** HOLE CARDS ***
KARAVAN-999: raises $3 to $6
HEADEKBAT: calls $3
*** FLOP *** [8d 6h 6c]
HEADEKBAT: checks
KARAVAN-999: checks
*** TURN *** [8d 6h 6c] [9d]
HEADEKBAT: bets $6
KARAVAN-999: folds
Uncalled bet ($6) returned to HEADEKBAT
HEADEKBAT collected $11.76 from pot
HEADEKBAT: doesn't show hand
*** SUMMARY ***
Total pot $12 | Rake $0.24
Board [8d 6h 6c 9d]
Seat 1: HEADEKBAT (big blind) collected ($11.76)
Seat 2: KARAVAN-999 (button) (small blind) folded on the Turn


PokerStars Hand #145018464678:  Hold'em Limit ($3/$6 USD) - 2015/12/08 9:05:08 ET
Table 'Rabe' 2-max Seat #1 is the button
Seat 1: HEADEKBAT ($106.90 in chips)
Seat 2: KARAVAN-999 ($150.96 in chips)
HEADEKBAT: posts small blind $1
KARAVAN-999: posts big blind $3
*** HOLE CARDS ***
HEADEKBAT: raises $3 to $6
KARAVAN-999: folds
Uncalled bet ($3) returned to HEADEKBAT
HEADEKBAT collected $6 from pot
HEADEKBAT: doesn't show hand
*** SUMMARY ***
Total pot $6 | Rake $0
Seat 1: HEADEKBAT (button) (small blind) collected ($6)
Seat 2: KARAVAN-999 (big blind) folded before Flop


PokerStars Hand #145018453555:  Hold'em Limit ($3/$6 USD) - 2015/12/08 9:04:53 ET
Table 'Rabe' 2-max Seat #2 is the button
Seat 1: HEADEKBAT ($112.90 in chips)
Seat 2: KARAVAN-999 ($145.20 in chips)
KARAVAN-999: posts small blind $1
HEADEKBAT: posts big blind $3
*** HOLE CARDS ***
KARAVAN-999: raises $3 to $6
HEADEKBAT: calls $3
*** FLOP *** [6h 3h Ks]
HEADEKBAT: checks
KARAVAN-999: bets $3
HEADEKBAT: folds
Uncalled bet ($3) returned to KARAVAN-999
KARAVAN-999 collected $11.76 from pot
KARAVAN-999: doesn't show hand
*** SUMMARY ***
Total pot $12 | Rake $0.24
Board [6h 3h Ks]
Seat 1: HEADEKBAT (big blind) folded on the Flop
Seat 2: KARAVAN-999 (button) (small blind) collected ($11.76)


PokerStars Hand #145018521911:  Hold'em Limit ($3/$6 USD) - 2015/12/08 9:06:27 ET
Table 'Rabe' 2-max Seat #2 is the button
Seat 1: HEADEKBAT ($72 in chips)
Seat 2: KARAVAN-999 ($186.96 in chips)
KARAVAN-999: posts small blind $1
HEADEKBAT: posts big blind $3
*** HOLE CARDS ***
KARAVAN-999: folds
Uncalled bet ($2) returned to HEADEKBAT
HEADEKBAT collected $2 from pot
HEADEKBAT: doesn't show hand
*** SUMMARY ***
Total pot $2 | Rake $0
Seat 1: HEADEKBAT (big blind) collected ($2)
Seat 2: KARAVAN-999 (button) (small blind) folded before Flop


PokerStars Hand #145018504825:  Hold'em Limit ($3/$6 USD) - 2015/12/08 9:06:04 ET
Table 'Rabe' 2-max Seat #1 is the button
Seat 1: HEADEKBAT ($84.66 in chips)
Seat 2: KARAVAN-999 ($172.46 in chips)
HEADEKBAT: posts small blind $1
KARAVAN-999: posts big blind $3
*** HOLE CARDS ***
HEADEKBAT: raises $3 to $6
KARAVAN-999: calls $3
*** FLOP *** [8d 4c 9d]
KARAVAN-999: checks
HEADEKBAT: bets $3
KARAVAN-999: calls $3
*** TURN *** [8d 4c 9d] [4h]
KARAVAN-999: checks
HEADEKBAT: bets $6
KARAVAN-999: calls $6
*** RIVER *** [8d 4c 9d 4h] [7d]
KARAVAN-999: checks
HEADEKBAT: checks
*** SHOW DOWN ***
KARAVAN-999: shows [Js Td] (a straight, Seven to Jack)
HEADEKBAT: mucks hand
KARAVAN-999 collected $29.50 from pot
*** SUMMARY ***
Total pot $30 | Rake $0.50
Board [8d 4c 9d 4h 7d]
Seat 1: HEADEKBAT (button) (small blind) mucked
Seat 2: KARAVAN-999 (big blind) showed [Js Td] and won ($29.50) with a straight, Seven to Jack


PokerStars Hand #145018525242:  Hold'em Limit ($3/$6 USD) - 2015/12/08 9:06:32 ET
Table 'Rabe' 2-max Seat #1 is the button
Seat 1: HEADEKBAT ($73 in chips)
Seat 2: KARAVAN-999 ($185.96 in chips)
HEADEKBAT: posts small blind $1
KARAVAN-999: posts big blind $3
*** HOLE CARDS ***
HEADEKBAT: raises $3 to $6
KARAVAN-999: folds
Uncalled bet ($3) returned to HEADEKBAT
HEADEKBAT collected $6 from pot
HEADEKBAT: doesn't show hand
*** SUMMARY ***
Total pot $6 | Rake $0
Seat 1: HEADEKBAT (button) (small blind) collected ($6)
Seat 2: KARAVAN-999 (big blind) folded before Flop


PokerStars Hand #145018532935:  Hold'em Limit ($3/$6 USD) - 2015/12/08 9:06:43 ET
Table 'Rabe' 2-max Seat #1 is the button
Seat 1: HEADEKBAT ($77 in chips)
Seat 2: KARAVAN-999 ($181.96 in chips)
HEADEKBAT: posts small blind $1
KARAVAN-999: posts big blind $3
*** HOLE CARDS ***
HEADEKBAT: raises $3 to $6
KARAVAN-999: calls $3
*** FLOP *** [Td 6s 9c]
KARAVAN-999: checks
HEADEKBAT: bets $3
KARAVAN-999: calls $3
*** TURN *** [Td 6s 9c] [3h]
KARAVAN-999: checks
HEADEKBAT: checks
*** RIVER *** [Td 6s 9c 3h] [3c]
KARAVAN-999: bets $6
HEADEKBAT: folds
Uncalled bet ($6) returned to KARAVAN-999
KARAVAN-999 collected $17.64 from pot
KARAVAN-999: doesn't show hand
*** SUMMARY ***
Total pot $18 | Rake $0.36
Board [Td 6s 9c 3h 3c]
Seat 1: HEADEKBAT (button) (small blind) folded on the River
Seat 2: KARAVAN-999 (big blind) collected ($17.64)


PokerStars Hand #145018562620:  Hold'em Limit ($3/$6 USD) - 2015/12/08 9:07:24 ET
Table 'Rabe' 2-max Seat #2 is the button
Seat 1: HEADEKBAT ($79.64 in chips)
Seat 2: KARAVAN-999 ($182.60 in chips)
KARAVAN-999: posts small blind $1
HEADEKBAT: posts big blind $3
*** HOLE CARDS ***
KARAVAN-999: raises $3 to $6
HEADEKBAT: calls $3
*** FLOP *** [2s 2d Qs]
HEADEKBAT: checks
KARAVAN-999: bets $3
HEADEKBAT: folds
Uncalled bet ($3) returned to KARAVAN-999
KARAVAN-999 collected $11.76 from pot
KARAVAN-999: doesn't show hand
*** SUMMARY ***
Total pot $12 | Rake $0.24
Board [2s 2d Qs]
Seat 1: HEADEKBAT (big blind) folded on the Flop
Seat 2: KARAVAN-999 (button) (small blind) collected ($11.76)


PokerStars Hand #145018571760:  Hold'em Limit ($3/$6 USD) - 2015/12/08 9:07:36 ET
Table 'Rabe' 2-max Seat #1 is the button
Seat 1: HEADEKBAT ($73.64 in chips)
Seat 2: KARAVAN-999 ($188.36 in chips)
HEADEKBAT: posts small blind $1
KARAVAN-999: posts big blind $3
*** HOLE CARDS ***
HEADEKBAT: raises $3 to $6
KARAVAN-999: calls $3
*** FLOP *** [4s 4c Ah]
KARAVAN-999: checks
HEADEKBAT: checks
*** TURN *** [4s 4c Ah] [Ks]
KARAVAN-999: checks
HEADEKBAT: checks
*** RIVER *** [4s 4c Ah Ks] [Kd]
KARAVAN-999: bets $6
HEADEKBAT: calls $6
*** SHOW DOWN ***
KARAVAN-999: shows [Ad 7h] (two pair, Aces and Kings)
HEADEKBAT: mucks hand
KARAVAN-999 collected $23.52 from pot
*** SUMMARY ***
Total pot $24 | Rake $0.48
Board [4s 4c Ah Ks Kd]
Seat 1: HEADEKBAT (button) (small blind) mucked
Seat 2: KARAVAN-999 (big blind) showed [Ad 7h] and won ($23.52) with two pair, Aces and Kings


PokerStars Hand #145018559394:  Hold'em Limit ($3/$6 USD) - 2015/12/08 9:07:19 ET
Table 'Rabe' 2-max Seat #1 is the button
Seat 1: HEADEKBAT ($80.64 in chips)
Seat 2: KARAVAN-999 ($181.60 in chips)
HEADEKBAT: posts small blind $1
KARAVAN-999: posts big blind $3
*** HOLE CARDS ***
HEADEKBAT: folds
Uncalled bet ($2) returned to KARAVAN-999
KARAVAN-999 collected $2 from pot
KARAVAN-999: doesn't show hand
*** SUMMARY ***
Total pot $2 | Rake $0
Seat 1: HEADEKBAT (button) (small blind) folded before Flop
Seat 2: KARAVAN-999 (big blind) collected ($2)


PokerStars Hand #145018546065:  Hold'em Limit ($3/$6 USD) - 2015/12/08 9:07:01 ET
Table 'Rabe' 2-max Seat #2 is the button
Seat 1: HEADEKBAT ($72 in chips)
Seat 2: KARAVAN-999 ($190.60 in chips)
KARAVAN-999: posts small blind $1
HEADEKBAT: posts big blind $3
*** HOLE CARDS ***
KARAVAN-999: raises $3 to $6
HEADEKBAT: calls $3
*** FLOP *** [Kd 9h 5s]
HEADEKBAT: checks
KARAVAN-999: bets $3
HEADEKBAT: raises $3 to $6
KARAVAN-999: folds
Uncalled bet ($3) returned to HEADEKBAT
HEADEKBAT collected $17.64 from pot
HEADEKBAT: doesn't show hand
*** SUMMARY ***
Total pot $18 | Rake $0.36
Board [Kd 9h 5s]
Seat 1: HEADEKBAT (big blind) collected ($17.64)
Seat 2: KARAVAN-999 (button) (small blind) folded on the Flop


PokerStars Hand #145018586993:  Hold'em Limit ($3/$6 USD) - 2015/12/08 9:07:57 ET
Table 'Rabe' 2-max Seat #1 is the button
Seat 1: HEADEKBAT ($73 in chips)
Seat 2: KARAVAN-999 ($198.88 in chips)
HEADEKBAT: posts small blind $1
KARAVAN-999: posts big blind $3
*** HOLE CARDS ***
HEADEKBAT: raises $3 to $6
KARAVAN-999: folds
Uncalled bet ($3) returned to HEADEKBAT
HEADEKBAT collected $6 from pot
HEADEKBAT: doesn't show hand
*** SUMMARY ***
Total pot $6 | Rake $0
Seat 1: HEADEKBAT (button) (small blind) collected ($6)
Seat 2: KARAVAN-999 (big blind) folded before Flop


PokerStars Hand #145018606259:  Hold'em Limit ($3/$6 USD) - 2015/12/08 9:08:24 ET
Table 'Rabe' 2-max Seat #1 is the button
Seat 1: HEADEKBAT ($75.76 in chips)
Seat 2: KARAVAN-999 ($195.88 in chips)
HEADEKBAT: posts small blind $1
KARAVAN-999: posts big blind $3
*** HOLE CARDS ***
HEADEKBAT: raises $3 to $6
KARAVAN-999: calls $3
*** FLOP *** [7c Qh Ts]
KARAVAN-999: checks
HEADEKBAT: bets $3
KARAVAN-999: folds
Uncalled bet ($3) returned to HEADEKBAT
HEADEKBAT collected $11.76 from pot
HEADEKBAT: doesn't show hand
*** SUMMARY ***
Total pot $12 | Rake $0.24
Board [7c Qh Ts]
Seat 1: HEADEKBAT (button) (small blind) collected ($11.76)
Seat 2: KARAVAN-999 (big blind) folded on the Flop


PokerStars Hand #145018614171:  Hold'em Limit ($3/$6 USD) - 2015/12/08 9:08:35 ET
Table 'Rabe' 2-max Seat #2 is the button
Seat 1: HEADEKBAT ($81.52 in chips)
Seat 2: KARAVAN-999 ($189.88 in chips)
KARAVAN-999: posts small blind $1
HEADEKBAT: posts big blind $3
*** HOLE CARDS ***
KARAVAN-999: folds
Uncalled bet ($2) returned to HEADEKBAT
HEADEKBAT collected $2 from pot
HEADEKBAT: doesn't show hand
*** SUMMARY ***
Total pot $2 | Rake $0
Seat 1: HEADEKBAT (big blind) collected ($2)
Seat 2: KARAVAN-999 (button) (small blind) folded before Flop


PokerStars Hand #145018618225:  Hold'em Limit ($3/$6 USD) - 2015/12/08 9:08:40 ET
Table 'Rabe' 2-max Seat #1 is the button
Seat 1: HEADEKBAT ($82.52 in chips)
Seat 2: KARAVAN-999 ($188.88 in chips)
HEADEKBAT: posts small blind $1
KARAVAN-999: posts big blind $3
*** HOLE CARDS ***
HEADEKBAT: raises $3 to $6
KARAVAN-999: calls $3
*** FLOP *** [9h Js Ts]
KARAVAN-999: checks
HEADEKBAT: checks
*** TURN *** [9h Js Ts] [3d]
KARAVAN-999: checks
HEADEKBAT: bets $6
KARAVAN-999: folds
Uncalled bet ($6) returned to HEADEKBAT
HEADEKBAT collected $11.76 from pot
HEADEKBAT: doesn't show hand
*** SUMMARY ***
Total pot $12 | Rake $0.24
Board [9h Js Ts 3d]
Seat 1: HEADEKBAT (button) (small blind) collected ($11.76)
Seat 2: KARAVAN-999 (big blind) folded on the Turn


PokerStars Hand #145018602218:  Hold'em Limit ($3/$6 USD) - 2015/12/08 9:08:18 ET
Table 'Rabe' 2-max Seat #2 is the button
Seat 1: HEADEKBAT ($78.76 in chips)
Seat 2: KARAVAN-999 ($192.88 in chips)
KARAVAN-999: posts small blind $1
HEADEKBAT: posts big blind $3
*** HOLE CARDS ***
KARAVAN-999: raises $3 to $6
HEADEKBAT: folds
Uncalled bet ($3) returned to KARAVAN-999
KARAVAN-999 collected $6 from pot
KARAVAN-999: doesn't show hand
*** SUMMARY ***
Total pot $6 | Rake $0
Seat 1: HEADEKBAT (big blind) folded before Flop
Seat 2: KARAVAN-999 (button) (small blind) collected ($6)


PokerStars Hand #145018594969:  Hold'em Limit ($3/$6 USD) - 2015/12/08 9:08:08 ET
Table 'Rabe' 2-max Seat #1 is the button
Seat 1: HEADEKBAT ($73 in chips)
Seat 2: KARAVAN-999 ($198.88 in chips)
HEADEKBAT: posts small blind $1
KARAVAN-999: posts big blind $3
*** HOLE CARDS ***
HEADEKBAT: raises $3 to $6
KARAVAN-999: calls $3
*** FLOP *** [6s Kh Ah]
KARAVAN-999: checks
HEADEKBAT: bets $3
KARAVAN-999: folds
Uncalled bet ($3) returned to HEADEKBAT
HEADEKBAT collected $11.76 from pot
HEADEKBAT: doesn't show hand
*** SUMMARY ***
Total pot $12 | Rake $0.24
Board [6s Kh Ah]
Seat 1: HEADEKBAT (button) (small blind) collected ($11.76)
Seat 2: KARAVAN-999 (big blind) folded on the Flop


PokerStars Hand #145018629539:  Hold'em Limit ($3/$6 USD) - 2015/12/08 9:08:56 ET
Table 'Rabe' 2-max Seat #2 is the button
Seat 1: HEADEKBAT ($88.28 in chips)
Seat 2: KARAVAN-999 ($182.88 in chips)
KARAVAN-999: posts small blind $1
HEADEKBAT: posts big blind $3
*** HOLE CARDS ***
KARAVAN-999: folds
Uncalled bet ($2) returned to HEADEKBAT
HEADEKBAT collected $2 from pot
HEADEKBAT: doesn't show hand
*** SUMMARY ***
Total pot $2 | Rake $0
Seat 1: HEADEKBAT (big blind) collected ($2)
Seat 2: KARAVAN-999 (button) (small blind) folded before Flop


PokerStars Hand #145018590961:  Hold'em Limit ($3/$6 USD) - 2015/12/08 9:08:03 ET
Table 'Rabe' 2-max Seat #2 is the button
Seat 1: HEADEKBAT ($76 in chips)
Seat 2: KARAVAN-999 ($195.88 in chips)
KARAVAN-999: posts small blind $1
HEADEKBAT: posts big blind $3
*** HOLE CARDS ***
KARAVAN-999: raises $3 to $6
HEADEKBAT: folds
Uncalled bet ($3) returned to KARAVAN-999
KARAVAN-999 collected $6 from pot
KARAVAN-999: doesn't show hand
*** SUMMARY ***
Total pot $6 | Rake $0
Seat 1: HEADEKBAT (big blind) folded before Flop
Seat 2: KARAVAN-999 (button) (small blind) collected ($6)


PokerStars Hand #145018648810:  Hold'em Limit ($3/$6 USD) - 2015/12/08 9:09:22 ET
Table 'Rabe' 2-max Seat #2 is the button
Seat 1: HEADEKBAT ($72 in chips)
Seat 2: KARAVAN-999 ($202.38 in chips)
KARAVAN-999: posts small blind $1
HEADEKBAT: posts big blind $3
*** HOLE CARDS ***
KARAVAN-999: raises $3 to $6
HEADEKBAT: calls $3
*** FLOP *** [9h 6s As]
HEADEKBAT: checks
KARAVAN-999: bets $3
HEADEKBAT: raises $3 to $6
KARAVAN-999: folds
Uncalled bet ($3) returned to HEADEKBAT
HEADEKBAT collected $17.64 from pot
HEADEKBAT: doesn't show hand
*** SUMMARY ***
Total pot $18 | Rake $0.36
Board [9h 6s As]
Seat 1: HEADEKBAT (big blind) collected ($17.64)
Seat 2: KARAVAN-999 (button) (small blind) folded on the Flop


PokerStars Hand #145018657527:  Hold'em Limit ($3/$6 USD) - 2015/12/08 9:09:34 ET
Table 'Rabe' 2-max Seat #1 is the button
Seat 1: HEADEKBAT ($80.64 in chips)
Seat 2: KARAVAN-999 ($193.38 in chips)
HEADEKBAT: posts small blind $1
KARAVAN-999: posts big blind $3
*** HOLE CARDS ***
HEADEKBAT: raises $3 to $6
KARAVAN-999: calls $3
*** FLOP *** [Qs 6d 9s]
KARAVAN-999: checks
HEADEKBAT: bets $3
KARAVAN-999: calls $3
*** TURN *** [Qs 6d 9s] [4c]
KARAVAN-999: checks
HEADEKBAT: checks
*** RIVER *** [Qs 6d 9s 4c] [Ks]
KARAVAN-999: bets $6
HEADEKBAT: raises $6 to $12
KARAVAN-999: calls $6
*** SHOW DOWN ***
HEADEKBAT: shows [Th Jh] (a straight, Nine to King)
KARAVAN-999: mucks hand
HEADEKBAT collected $41.50 from pot
*** SUMMARY ***
Total pot $42 | Rake $0.50
Board [Qs 6d 9s 4c Ks]
Seat 1: HEADEKBAT (button) (small blind) showed [Th Jh] and won ($41.50) with a straight, Nine to King
Seat 2: KARAVAN-999 (big blind) mucked


PokerStars Hand #145018632807:  Hold'em Limit ($3/$6 USD) - 2015/12/08 9:09:01 ET
Table 'Rabe' 2-max Seat #1 is the button
Seat 1: HEADEKBAT ($89.28 in chips)
Seat 2: KARAVAN-999 ($181.88 in chips)
HEADEKBAT: posts small blind $1
KARAVAN-999: posts big blind $3
*** HOLE CARDS ***
HEADEKBAT: raises $3 to $6
KARAVAN-999: calls $3
*** FLOP *** [8c 3d 6c]
KARAVAN-999: checks
HEADEKBAT: bets $3
KARAVAN-999: calls $3
*** TURN *** [8c 3d 6c] [Ah]
KARAVAN-999: checks
HEADEKBAT: bets $6
KARAVAN-999: calls $6
*** RIVER *** [8c 3d 6c Ah] [4h]
KARAVAN-999: checks
HEADEKBAT: bets $6
KARAVAN-999: calls $6
*** SHOW DOWN ***
HEADEKBAT: shows [Td Jh] (high card Ace)
KARAVAN-999: shows [7c 4c] (a pair of Fours)
KARAVAN-999 collected $41.50 from pot
*** SUMMARY ***
Total pot $42 | Rake $0.50
Board [8c 3d 6c Ah 4h]
Seat 1: HEADEKBAT (button) (small blind) showed [Td Jh] and lost with high card Ace
Seat 2: KARAVAN-999 (big blind) showed [7c 4c] and won ($41.50) with a pair of Fours


PokerStars Hand #145018671657:  Hold'em Limit ($3/$6 USD) - 2015/12/08 9:09:54 ET
Table 'Rabe' 2-max Seat #2 is the button
Seat 1: HEADEKBAT ($101.14 in chips)
Seat 2: KARAVAN-999 ($172.38 in chips)
KARAVAN-999: posts small blind $1
HEADEKBAT: posts big blind $3
*** HOLE CARDS ***
KARAVAN-999: folds
Uncalled bet ($2) returned to HEADEKBAT
HEADEKBAT collected $2 from pot
HEADEKBAT: doesn't show hand
*** SUMMARY ***
Total pot $2 | Rake $0
Seat 1: HEADEKBAT (big blind) collected ($2)
Seat 2: KARAVAN-999 (button) (small blind) folded before Flop


PokerStars Hand #145018720384:  Hold'em Limit ($3/$6 USD) - 2015/12/08 9:11:01 ET
Table 'Rabe' 2-max Seat #1 is the button
Seat 1: HEADEKBAT ($83.14 in chips)
Seat 2: KARAVAN-999 ($189.64 in chips)
HEADEKBAT: posts small blind $1
KARAVAN-999: posts big blind $3
*** HOLE CARDS ***
HEADEKBAT: raises $3 to $6
KARAVAN-999: folds
Uncalled bet ($3) returned to HEADEKBAT
HEADEKBAT collected $6 from pot
HEADEKBAT: doesn't show hand
*** SUMMARY ***
Total pot $6 | Rake $0
Seat 1: HEADEKBAT (button) (small blind) collected ($6)
Seat 2: KARAVAN-999 (big blind) folded before Flop


PokerStars Hand #145018715964:  Hold'em Limit ($3/$6 USD) - 2015/12/08 9:10:55 ET
Table 'Rabe' 2-max Seat #2 is the button
Seat 1: HEADEKBAT ($86.14 in chips)
Seat 2: KARAVAN-999 ($186.64 in chips)
KARAVAN-999: posts small blind $1
HEADEKBAT: posts big blind $3
*** HOLE CARDS ***
KARAVAN-999: raises $3 to $6
HEADEKBAT: folds
Uncalled bet ($3) returned to KARAVAN-999
KARAVAN-999 collected $6 from pot
KARAVAN-999: doesn't show hand
*** SUMMARY ***
Total pot $6 | Rake $0
Seat 1: HEADEKBAT (big blind) folded before Flop
Seat 2: KARAVAN-999 (button) (small blind) collected ($6)


PokerStars Hand #145018692032:  Hold'em Limit ($3/$6 USD) - 2015/12/08 9:10:22 ET
Table 'Rabe' 2-max Seat #1 is the button
Seat 1: HEADEKBAT ($97.14 in chips)
Seat 2: KARAVAN-999 ($176.14 in chips)
HEADEKBAT: posts small blind $1
KARAVAN-999: posts big blind $3
*** HOLE CARDS ***
HEADEKBAT: raises $3 to $6
KARAVAN-999: calls $3
*** FLOP *** [5h 8d 9c]
KARAVAN-999: checks
HEADEKBAT: bets $3
KARAVAN-999: calls $3
*** TURN *** [5h 8d 9c] [Qd]
KARAVAN-999: checks
HEADEKBAT: bets $6
KARAVAN-999: calls $6
*** RIVER *** [5h 8d 9c Qd] [6s]
KARAVAN-999: checks
HEADEKBAT: checks
*** SHOW DOWN ***
KARAVAN-999: shows [As 7d] (a straight, Five to Nine)
HEADEKBAT: mucks hand
KARAVAN-999 collected $29.50 from pot
*** SUMMARY ***
Total pot $30 | Rake $0.50
Board [5h 8d 9c Qd 6s]
Seat 1: HEADEKBAT (button) (small blind) mucked
Seat 2: KARAVAN-999 (big blind) showed [As 7d] and won ($29.50) with a straight, Five to Nine


PokerStars Hand #145018711998:  Hold'em Limit ($3/$6 USD) - 2015/12/08 9:10:49 ET
Table 'Rabe' 2-max Seat #1 is the button
Seat 1: HEADEKBAT ($83.14 in chips)
Seat 2: KARAVAN-999 ($189.64 in chips)
HEADEKBAT: posts small blind $1
KARAVAN-999: posts big blind $3
*** HOLE CARDS ***
HEADEKBAT: raises $3 to $6
KARAVAN-999: folds
Uncalled bet ($3) returned to HEADEKBAT
HEADEKBAT collected $6 from pot
HEADEKBAT: doesn't show hand
*** SUMMARY ***
Total pot $6 | Rake $0
Seat 1: HEADEKBAT (button) (small blind) collected ($6)
Seat 2: KARAVAN-999 (big blind) folded before Flop


PokerStars Hand #145018708568:  Hold'em Limit ($3/$6 USD) - 2015/12/08 9:10:45 ET
Table 'Rabe' 2-max Seat #2 is the button
Seat 1: HEADEKBAT ($82.14 in chips)
Seat 2: KARAVAN-999 ($190.64 in chips)
KARAVAN-999: posts small blind $1
HEADEKBAT: posts big blind $3
*** HOLE CARDS ***
KARAVAN-999: folds
Uncalled bet ($2) returned to HEADEKBAT
HEADEKBAT collected $2 from pot
HEADEKBAT: doesn't show hand
*** SUMMARY ***
Total pot $2 | Rake $0
Seat 1: HEADEKBAT (big blind) collected ($2)
Seat 2: KARAVAN-999 (button) (small blind) folded before Flop


PokerStars Hand #145018688685:  Hold'em Limit ($3/$6 USD) - 2015/12/08 9:10:17 ET
Table 'Rabe' 2-max Seat #2 is the button
Seat 1: HEADEKBAT ($96.14 in chips)
Seat 2: KARAVAN-999 ($177.14 in chips)
KARAVAN-999: posts small blind $1
HEADEKBAT: posts big blind $3
*** HOLE CARDS ***
KARAVAN-999: folds
Uncalled bet ($2) returned to HEADEKBAT
HEADEKBAT collected $2 from pot
HEADEKBAT: doesn't show hand
*** SUMMARY ***
Total pot $2 | Rake $0
Seat 1: HEADEKBAT (big blind) collected ($2)
Seat 2: KARAVAN-999 (button) (small blind) folded before Flop


PokerStars Hand #145018675088:  Hold'em Limit ($3/$6 USD) - 2015/12/08 9:09:58 ET
Table 'Rabe' 2-max Seat #1 is the button
Seat 1: HEADEKBAT ($102.14 in chips)
Seat 2: KARAVAN-999 ($171.38 in chips)
HEADEKBAT: posts small blind $1
KARAVAN-999: posts big blind $3
*** HOLE CARDS ***
HEADEKBAT: raises $3 to $6
KARAVAN-999: calls $3
*** FLOP *** [8c 8s Th]
KARAVAN-999: checks
HEADEKBAT: checks
*** TURN *** [8c 8s Th] [3d]
KARAVAN-999: checks
HEADEKBAT: checks
*** RIVER *** [8c 8s Th 3d] [Tc]
KARAVAN-999: bets $6
HEADEKBAT: folds
Uncalled bet ($6) returned to KARAVAN-999
KARAVAN-999 collected $11.76 from pot
KARAVAN-999: doesn't show hand
*** SUMMARY ***
Total pot $12 | Rake $0.24
Board [8c 8s Th 3d Tc]
Seat 1: HEADEKBAT (button) (small blind) folded on the River
Seat 2: KARAVAN-999 (big blind) collected ($11.76)


PokerStars Hand #145018727493:  Hold'em Limit ($3/$6 USD) - 2015/12/08 9:11:11 ET
Table 'Rabe' 2-max Seat #1 is the button
Seat 1: HEADEKBAT ($87.14 in chips)
Seat 2: KARAVAN-999 ($185.64 in chips)
HEADEKBAT: posts small blind $1
KARAVAN-999: posts big blind $3
*** HOLE CARDS ***
HEADEKBAT: folds
Uncalled bet ($2) returned to KARAVAN-999
KARAVAN-999 collected $2 from pot
KARAVAN-999: doesn't show hand
*** SUMMARY ***
Total pot $2 | Rake $0
Seat 1: HEADEKBAT (button) (small blind) folded before Flop
Seat 2: KARAVAN-999 (big blind) collected ($2)


PokerStars Hand #145018724208:  Hold'em Limit ($3/$6 USD) - 2015/12/08 9:11:06 ET
Table 'Rabe' 2-max Seat #2 is the button
Seat 1: HEADEKBAT ($86.14 in chips)
Seat 2: KARAVAN-999 ($186.64 in chips)
KARAVAN-999: posts small blind $1
HEADEKBAT: posts big blind $3
*** HOLE CARDS ***
KARAVAN-999: folds
Uncalled bet ($2) returned to HEADEKBAT
HEADEKBAT collected $2 from pot
HEADEKBAT: doesn't show hand
*** SUMMARY ***
Total pot $2 | Rake $0
Seat 1: HEADEKBAT (big blind) collected ($2)
Seat 2: KARAVAN-999 (button) (small blind) folded before Flop


PokerStars Hand #145018730945:  Hold'em Limit ($3/$6 USD) - 2015/12/08 9:11:15 ET
Table 'Rabe' 2-max Seat #2 is the button
Seat 1: HEADEKBAT ($86.14 in chips)
Seat 2: KARAVAN-999 ($186.64 in chips)
KARAVAN-999: posts small blind $1
HEADEKBAT: posts big blind $3
*** HOLE CARDS ***
KARAVAN-999: raises $3 to $6
HEADEKBAT: raises $3 to $9
KARAVAN-999: calls $3
*** FLOP *** [Jc 4h Td]
HEADEKBAT: bets $3
KARAVAN-999: calls $3
*** TURN *** [Jc 4h Td] [8h]
HEADEKBAT: checks
KARAVAN-999: bets $6
HEADEKBAT: calls $6
*** RIVER *** [Jc 4h Td 8h] [2h]
HEADEKBAT: checks
KARAVAN-999: bets $6
HEADEKBAT: folds
Uncalled bet ($6) returned to KARAVAN-999
KARAVAN-999 collected $35.50 from pot
KARAVAN-999: doesn't show hand
*** SUMMARY ***
Total pot $36 | Rake $0.50
Board [Jc 4h Td 8h 2h]
Seat 1: HEADEKBAT (big blind) folded on the River
Seat 2: KARAVAN-999 (button) (small blind) collected ($35.50)


PokerStars Hand #145018747019:  Hold'em Limit ($3/$6 USD) - 2015/12/08 9:11:37 ET
Table 'Rabe' 2-max Seat #1 is the button
Seat 1: HEADEKBAT ($72 in chips)
Seat 2: KARAVAN-999 ($204.14 in chips)
HEADEKBAT: posts small blind $1
KARAVAN-999: posts big blind $3
*** HOLE CARDS ***
HEADEKBAT: raises $3 to $6
KARAVAN-999: folds
Uncalled bet ($3) returned to HEADEKBAT
HEADEKBAT collected $6 from pot
HEADEKBAT: doesn't show hand
*** SUMMARY ***
Total pot $6 | Rake $0
Seat 1: HEADEKBAT (button) (small blind) collected ($6)
Seat 2: KARAVAN-999 (big blind) folded before Flop


PokerStars Hand #145018750907:  Hold'em Limit ($3/$6 USD) - 2015/12/08 9:11:42 ET
Table 'Rabe' 2-max Seat #2 is the button
Seat 1: HEADEKBAT ($75 in chips)
Seat 2: KARAVAN-999 ($201.14 in chips)
KARAVAN-999: posts small blind $1
HEADEKBAT: posts big blind $3
*** HOLE CARDS ***
KARAVAN-999: raises $3 to $6
HEADEKBAT: calls $3
*** FLOP *** [3c 8h 2d]
HEADEKBAT: checks
KARAVAN-999: bets $3
HEADEKBAT: calls $3
*** TURN *** [3c 8h 2d] [7c]
HEADEKBAT: checks
KARAVAN-999: bets $6
HEADEKBAT: calls $6
*** RIVER *** [3c 8h 2d 7c] [6c]
HEADEKBAT: bets $6
KARAVAN-999: calls $6
*** SHOW DOWN ***
HEADEKBAT: shows [Jc Qh] (high card Queen)
KARAVAN-999: shows [9d 6h] (a pair of Sixes)
KARAVAN-999 collected $41.50 from pot
*** SUMMARY ***
Total pot $42 | Rake $0.50
Board [3c 8h 2d 7c 6c]
Seat 1: HEADEKBAT (big blind) showed [Jc Qh] and lost with high card Queen
Seat 2: KARAVAN-999 (button) (small blind) showed [9d 6h] and won ($41.50) with a pair of Sixes


PokerStars Hand #145018768014:  Hold'em Limit ($3/$6 USD) - 2015/12/08 9:12:06 ET
Table 'Rabe' 2-max Seat #1 is the button
Seat 1: HEADEKBAT ($72 in chips)
Seat 2: KARAVAN-999 ($221.64 in chips)
HEADEKBAT: posts small blind $1
KARAVAN-999: posts big blind $3
*** HOLE CARDS ***
HEADEKBAT: raises $3 to $6
KARAVAN-999: calls $3
*** FLOP *** [5c Qh Tc]
KARAVAN-999: checks
HEADEKBAT: bets $3
KARAVAN-999: calls $3
*** TURN *** [5c Qh Tc] [5s]
KARAVAN-999: checks
HEADEKBAT: bets $6
KARAVAN-999: calls $6
*** RIVER *** [5c Qh Tc 5s] [7h]
KARAVAN-999: checks
HEADEKBAT: checks
*** SHOW DOWN ***
KARAVAN-999: shows [3c 6c] (a pair of Fives)
HEADEKBAT: shows [Ad 8c] (a pair of Fives - Ace kicker)
HEADEKBAT collected $29.50 from pot
*** SUMMARY ***
Total pot $30 | Rake $0.50
Board [5c Qh Tc 5s 7h]
Seat 1: HEADEKBAT (button) (small blind) showed [Ad 8c] and won ($29.50) with a pair of Fives
Seat 2: KARAVAN-999 (big blind) showed [3c 6c] and lost with a pair of Fives


PokerStars Hand #145018786192:  Hold'em Limit ($3/$6 USD) - 2015/12/08 9:12:31 ET
Table 'Rabe' 2-max Seat #1 is the button
Seat 1: HEADEKBAT ($87.50 in chips)
Seat 2: KARAVAN-999 ($205.64 in chips)
HEADEKBAT: posts small blind $1
KARAVAN-999: posts big blind $3
*** HOLE CARDS ***
HEADEKBAT: raises $3 to $6
KARAVAN-999: folds
Uncalled bet ($3) returned to HEADEKBAT
HEADEKBAT collected $6 from pot
HEADEKBAT: doesn't show hand
*** SUMMARY ***
Total pot $6 | Rake $0
Seat 1: HEADEKBAT (button) (small blind) collected ($6)
Seat 2: KARAVAN-999 (big blind) folded before Flop


PokerStars Hand #145018782710:  Hold'em Limit ($3/$6 USD) - 2015/12/08 9:12:26 ET
Table 'Rabe' 2-max Seat #2 is the button
Seat 1: HEADEKBAT ($86.50 in chips)
Seat 2: KARAVAN-999 ($206.64 in chips)
KARAVAN-999: posts small blind $1
HEADEKBAT: posts big blind $3
*** HOLE CARDS ***
KARAVAN-999: folds
Uncalled bet ($2) returned to HEADEKBAT
HEADEKBAT collected $2 from pot
HEADEKBAT: doesn't show hand
*** SUMMARY ***
Total pot $2 | Rake $0
Seat 1: HEADEKBAT (big blind) collected ($2)
Seat 2: KARAVAN-999 (button) (small blind) folded before Flop


PokerStars Hand #145018790018:  Hold'em Limit ($3/$6 USD) - 2015/12/08 9:12:36 ET
Table 'Rabe' 2-max Seat #2 is the button
Seat 1: HEADEKBAT ($90.50 in chips)
Seat 2: KARAVAN-999 ($202.64 in chips)
KARAVAN-999: posts small blind $1
HEADEKBAT: posts big blind $3
*** HOLE CARDS ***
KARAVAN-999: raises $3 to $6
HEADEKBAT: calls $3
*** FLOP *** [8s 7c 4h]
HEADEKBAT: checks
KARAVAN-999: bets $3
HEADEKBAT: calls $3
*** TURN *** [8s 7c 4h] [Ts]
HEADEKBAT: checks
KARAVAN-999: checks
*** RIVER *** [8s 7c 4h Ts] [2s]
HEADEKBAT: checks
KARAVAN-999: checks
*** SHOW DOWN ***
HEADEKBAT: shows [9d Ac] (high card Ace)
KARAVAN-999: mucks hand
HEADEKBAT collected $17.64 from pot
*** SUMMARY ***
Total pot $18 | Rake $0.36
Board [8s 7c 4h Ts 2s]
Seat 1: HEADEKBAT (big blind) showed [9d Ac] and won ($17.64) with high card Ace
Seat 2: KARAVAN-999 (button) (small blind) mucked


PokerStars Hand #145018804904:  Hold'em Limit ($3/$6 USD) - 2015/12/08 9:12:57 ET
Table 'Rabe' 2-max Seat #1 is the button
Seat 1: HEADEKBAT ($99.14 in chips)
Seat 2: KARAVAN-999 ($193.64 in chips)
HEADEKBAT: posts small blind $1
KARAVAN-999: posts big blind $3
*** HOLE CARDS ***
HEADEKBAT: raises $3 to $6
KARAVAN-999: calls $3
*** FLOP *** [Ac Th 6c]
KARAVAN-999: checks
HEADEKBAT: bets $3
KARAVAN-999: calls $3
*** TURN *** [Ac Th 6c] [As]
KARAVAN-999: checks
HEADEKBAT: bets $6
KARAVAN-999: calls $6
*** RIVER *** [Ac Th 6c As] [9d]
KARAVAN-999: bets $6
HEADEKBAT: raises $6 to $12
KARAVAN-999: calls $6
*** SHOW DOWN ***
HEADEKBAT: shows [Ah 6s] (a full house, Aces full of Sixes)
KARAVAN-999: mucks hand
HEADEKBAT collected $53.50 from pot
*** SUMMARY ***
Total pot $54 | Rake $0.50
Board [Ac Th 6c As 9d]
Seat 1: HEADEKBAT (button) (small blind) showed [Ah 6s] and won ($53.50) with a full house, Aces full of Sixes
Seat 2: KARAVAN-999 (big blind) mucked


PokerStars Hand #145018826180:  Hold'em Limit ($3/$6 USD) - 2015/12/08 9:13:26 ET
Table 'Rabe' 2-max Seat #1 is the button
Seat 1: HEADEKBAT ($126.64 in chips)
Seat 2: KARAVAN-999 ($165.64 in chips)
HEADEKBAT: posts small blind $1
KARAVAN-999: posts big blind $3
*** HOLE CARDS ***
HEADEKBAT: raises $3 to $6
KARAVAN-999: calls $3
*** FLOP *** [6h 6c 9d]
KARAVAN-999: bets $3
HEADEKBAT: calls $3
*** TURN *** [6h 6c 9d] [Ks]
KARAVAN-999: bets $6
HEADEKBAT: calls $6
*** RIVER *** [6h 6c 9d Ks] [Qc]
KARAVAN-999: checks
HEADEKBAT: checks
*** SHOW DOWN ***
KARAVAN-999: shows [Ac 2d] (a pair of Sixes)
HEADEKBAT: shows [5d 9h] (two pair, Nines and Sixes)
HEADEKBAT collected $29.50 from pot
*** SUMMARY ***
Total pot $30 | Rake $0.50
Board [6h 6c 9d Ks Qc]
Seat 1: HEADEKBAT (button) (small blind) showed [5d 9h] and won ($29.50) with two pair, Nines and Sixes
Seat 2: KARAVAN-999 (big blind) showed [Ac 2d] and lost with a pair of Sixes


PokerStars Hand #145018858663:  Hold'em Limit ($3/$6 USD) - 2015/12/08 9:14:10 ET
Table 'Rabe' 2-max Seat #1 is the button
Seat 1: HEADEKBAT ($158.64 in chips)
Seat 2: KARAVAN-999 ($132.64 in chips)
HEADEKBAT: posts small blind $1
KARAVAN-999: posts big blind $3
*** HOLE CARDS ***
HEADEKBAT: raises $3 to $6
KARAVAN-999: folds
Uncalled bet ($3) returned to HEADEKBAT
HEADEKBAT collected $6 from pot
HEADEKBAT: doesn't show hand
*** SUMMARY ***
Total pot $6 | Rake $0
Seat 1: HEADEKBAT (button) (small blind) collected ($6)
Seat 2: KARAVAN-999 (big blind) folded before Flop


PokerStars Hand #145018843178:  Hold'em Limit ($3/$6 USD) - 2015/12/08 9:13:49 ET
Table 'Rabe' 2-max Seat #2 is the button
Seat 1: HEADEKBAT ($141.14 in chips)
Seat 2: KARAVAN-999 ($150.64 in chips)
KARAVAN-999: posts small blind $1
HEADEKBAT: posts big blind $3
*** HOLE CARDS ***
KARAVAN-999: raises $3 to $6
HEADEKBAT: raises $3 to $9
KARAVAN-999: calls $3
*** FLOP *** [7h Ad Qd]
HEADEKBAT: bets $3
KARAVAN-999: calls $3
*** TURN *** [7h Ad Qd] [8c]
HEADEKBAT: bets $6
KARAVAN-999: calls $6
*** RIVER *** [7h Ad Qd 8c] [3h]
HEADEKBAT: bets $6
KARAVAN-999: folds
Uncalled bet ($6) returned to HEADEKBAT
HEADEKBAT collected $35.50 from pot
HEADEKBAT: doesn't show hand
*** SUMMARY ***
Total pot $36 | Rake $0.50
Board [7h Ad Qd 8c 3h]
Seat 1: HEADEKBAT (big blind) collected ($35.50)
Seat 2: KARAVAN-999 (button) (small blind) folded on the River


PokerStars Hand #145018893628:  Hold'em Limit ($3/$6 USD) - 2015/12/08 9:14:58 ET
Table 'Rabe' 2-max Seat #2 is the button
Seat 1: HEADEKBAT ($143.64 in chips)
Seat 2: KARAVAN-999 ($147.14 in chips)
KARAVAN-999: posts small blind $1
HEADEKBAT: posts big blind $3
*** HOLE CARDS ***
KARAVAN-999: raises $3 to $6
HEADEKBAT: folds
Uncalled bet ($3) returned to KARAVAN-999
KARAVAN-999 collected $6 from pot
KARAVAN-999: doesn't show hand
*** SUMMARY ***
Total pot $6 | Rake $0
Seat 1: HEADEKBAT (big blind) folded before Flop
Seat 2: KARAVAN-999 (button) (small blind) collected ($6)


PokerStars Hand #145018882047:  Hold'em Limit ($3/$6 USD) - 2015/12/08 9:14:42 ET
Table 'Rabe' 2-max Seat #1 is the button
Seat 1: HEADEKBAT ($140.64 in chips)
Seat 2: KARAVAN-999 ($150.14 in chips)
HEADEKBAT: posts small blind $1
KARAVAN-999: posts big blind $3
*** HOLE CARDS ***
HEADEKBAT: raises $3 to $6
KARAVAN-999: folds
Uncalled bet ($3) returned to HEADEKBAT
HEADEKBAT collected $6 from pot
HEADEKBAT: doesn't show hand
*** SUMMARY ***
Total pot $6 | Rake $0
Seat 1: HEADEKBAT (button) (small blind) collected ($6)
Seat 2: KARAVAN-999 (big blind) folded before Flop


PokerStars Hand #145018889681:  Hold'em Limit ($3/$6 USD) - 2015/12/08 9:14:52 ET
Table 'Rabe' 2-max Seat #1 is the button
Seat 1: HEADEKBAT ($140.64 in chips)
Seat 2: KARAVAN-999 ($150.14 in chips)
HEADEKBAT: posts small blind $1
KARAVAN-999: posts big blind $3
*** HOLE CARDS ***
HEADEKBAT: raises $3 to $6
KARAVAN-999: folds
Uncalled bet ($3) returned to HEADEKBAT
HEADEKBAT collected $6 from pot
HEADEKBAT: doesn't show hand
*** SUMMARY ***
Total pot $6 | Rake $0
Seat 1: HEADEKBAT (button) (small blind) collected ($6)
Seat 2: KARAVAN-999 (big blind) folded before Flop


PokerStars Hand #145018885881:  Hold'em Limit ($3/$6 USD) - 2015/12/08 9:14:47 ET
Table 'Rabe' 2-max Seat #2 is the button
Seat 1: HEADEKBAT ($143.64 in chips)
Seat 2: KARAVAN-999 ($147.14 in chips)
KARAVAN-999: posts small blind $1
HEADEKBAT: posts big blind $3
*** HOLE CARDS ***
KARAVAN-999: raises $3 to $6
HEADEKBAT: folds
Uncalled bet ($3) returned to KARAVAN-999
KARAVAN-999 collected $6 from pot
KARAVAN-999: doesn't show hand
*** SUMMARY ***
Total pot $6 | Rake $0
Seat 1: HEADEKBAT (big blind) folded before Flop
Seat 2: KARAVAN-999 (button) (small blind) collected ($6)


PokerStars Hand #145018936885:  Hold'em Limit ($3/$6 USD) - 2015/12/08 9:15:56 ET
Table 'Rabe' 2-max Seat #1 is the button
Seat 1: HEADEKBAT ($158.14 in chips)
Seat 2: KARAVAN-999 ($131.66 in chips)
HEADEKBAT: posts small blind $1
KARAVAN-999: posts big blind $3
*** HOLE CARDS ***
HEADEKBAT: raises $3 to $6
KARAVAN-999: folds
Uncalled bet ($3) returned to HEADEKBAT
HEADEKBAT collected $6 from pot
HEADEKBAT: doesn't show hand
*** SUMMARY ***
Total pot $6 | Rake $0
Seat 1: HEADEKBAT (button) (small blind) collected ($6)
Seat 2: KARAVAN-999 (big blind) folded before Flop


PokerStars Hand #145018901887:  Hold'em Limit ($3/$6 USD) - 2015/12/08 9:15:09 ET
Table 'Rabe' 2-max Seat #1 is the button
Seat 1: HEADEKBAT ($140.64 in chips)
Seat 2: KARAVAN-999 ($150.14 in chips)
HEADEKBAT: posts small blind $1
KARAVAN-999: posts big blind $3
*** HOLE CARDS ***
HEADEKBAT: raises $3 to $6
KARAVAN-999: calls $3
*** FLOP *** [4c 8c 8d]
KARAVAN-999: checks
HEADEKBAT: checks
*** TURN *** [4c 8c 8d] [9h]
KARAVAN-999: checks
HEADEKBAT: checks
*** RIVER *** [4c 8c 8d 9h] [Kd]
KARAVAN-999: checks
HEADEKBAT: bets $6
KARAVAN-999: calls $6
*** SHOW DOWN ***
HEADEKBAT: shows [6c Th] (a pair of Eights)
KARAVAN-999: shows [7h As] (a pair of Eights - Ace kicker)
KARAVAN-999 collected $23.52 from pot
*** SUMMARY ***
Total pot $24 | Rake $0.48
Board [4c 8c 8d 9h Kd]
Seat 1: HEADEKBAT (button) (small blind) showed [6c Th] and lost with a pair of Eights
Seat 2: KARAVAN-999 (big blind) showed [7h As] and won ($23.52) with a pair of Eights


PokerStars Hand #145018917140:  Hold'em Limit ($3/$6 USD) - 2015/12/08 9:15:30 ET
Table 'Rabe' 2-max Seat #2 is the button
Seat 1: HEADEKBAT ($128.64 in chips)
Seat 2: KARAVAN-999 ($161.66 in chips)
KARAVAN-999: posts small blind $1
HEADEKBAT: posts big blind $3
*** HOLE CARDS ***
KARAVAN-999: raises $3 to $6
HEADEKBAT: calls $3
*** FLOP *** [6s Kh 8s]
HEADEKBAT: checks
KARAVAN-999: bets $3
HEADEKBAT: raises $3 to $6
KARAVAN-999: calls $3
*** TURN *** [6s Kh 8s] [Js]
HEADEKBAT: bets $6
KARAVAN-999: raises $6 to $12
HEADEKBAT: calls $6
*** RIVER *** [6s Kh 8s Js] [7s]
HEADEKBAT: bets $6
KARAVAN-999: calls $6
*** SHOW DOWN ***
HEADEKBAT: shows [8c Ts] (a flush, Jack high)
KARAVAN-999: mucks hand
HEADEKBAT collected $59.50 from pot
*** SUMMARY ***
Total pot $60 | Rake $0.50
Board [6s Kh 8s Js 7s]
Seat 1: HEADEKBAT (big blind) showed [8c Ts] and won ($59.50) with a flush, Jack high
Seat 2: KARAVAN-999 (button) (small blind) mucked


PokerStars Hand #145018948477:  Hold'em Limit ($3/$6 USD) - 2015/12/08 9:16:12 ET
Table 'Rabe' 2-max Seat #2 is the button
Seat 1: HEADEKBAT ($161.14 in chips)
Seat 2: KARAVAN-999 ($128.66 in chips)
KARAVAN-999: posts small blind $1
HEADEKBAT: posts big blind $3
*** HOLE CARDS ***
KARAVAN-999: raises $3 to $6
HEADEKBAT: calls $3
*** FLOP *** [4s 9d Th]
HEADEKBAT: checks
KARAVAN-999: bets $3
HEADEKBAT: folds
Uncalled bet ($3) returned to KARAVAN-999
KARAVAN-999 collected $11.76 from pot
KARAVAN-999: doesn't show hand
*** SUMMARY ***
Total pot $12 | Rake $0.24
Board [4s 9d Th]
Seat 1: HEADEKBAT (big blind) folded on the Flop
Seat 2: KARAVAN-999 (button) (small blind) collected ($11.76)


PokerStars Hand #145018970330:  Hold'em Limit ($3/$6 USD) - 2015/12/08 9:16:41 ET
Table 'Rabe' 2-max Seat #1 is the button
Seat 1: HEADEKBAT ($154.90 in chips)
Seat 2: KARAVAN-999 ($134.18 in chips)
HEADEKBAT: posts small blind $1
KARAVAN-999: posts big blind $3
*** HOLE CARDS ***
HEADEKBAT: raises $3 to $6
KARAVAN-999: folds
Uncalled bet ($3) returned to HEADEKBAT
HEADEKBAT collected $6 from pot
HEADEKBAT: doesn't show hand
*** SUMMARY ***
Total pot $6 | Rake $0
Seat 1: HEADEKBAT (button) (small blind) collected ($6)
Seat 2: KARAVAN-999 (big blind) folded before Flop


PokerStars Hand #145018962965:  Hold'em Limit ($3/$6 USD) - 2015/12/08 9:16:32 ET
Table 'Rabe' 2-max Seat #2 is the button
Seat 1: HEADEKBAT ($160.90 in chips)
Seat 2: KARAVAN-999 ($128.42 in chips)
KARAVAN-999: posts small blind $1
HEADEKBAT: posts big blind $3
*** HOLE CARDS ***
KARAVAN-999: raises $3 to $6
HEADEKBAT: calls $3
*** FLOP *** [3h 4h 2h]
HEADEKBAT: checks
KARAVAN-999: bets $3
HEADEKBAT: folds
Uncalled bet ($3) returned to KARAVAN-999
KARAVAN-999 collected $11.76 from pot
KARAVAN-999: doesn't show hand
*** SUMMARY ***
Total pot $12 | Rake $0.24
Board [3h 4h 2h]
Seat 1: HEADEKBAT (big blind) folded on the Flop
Seat 2: KARAVAN-999 (button) (small blind) collected ($11.76)


PokerStars Hand #145018955509:  Hold'em Limit ($3/$6 USD) - 2015/12/08 9:16:21 ET
Table 'Rabe' 2-max Seat #1 is the button
Seat 1: HEADEKBAT ($155.14 in chips)
Seat 2: KARAVAN-999 ($134.42 in chips)
HEADEKBAT: posts small blind $1
KARAVAN-999: posts big blind $3
*** HOLE CARDS ***
HEADEKBAT: raises $3 to $6
KARAVAN-999: calls $3
*** FLOP *** [7d As Qc]
KARAVAN-999: checks
HEADEKBAT: bets $3
KARAVAN-999: folds
Uncalled bet ($3) returned to HEADEKBAT
HEADEKBAT collected $11.76 from pot
HEADEKBAT: doesn't show hand
*** SUMMARY ***
Total pot $12 | Rake $0.24
Board [7d As Qc]
Seat 1: HEADEKBAT (button) (small blind) collected ($11.76)
Seat 2: KARAVAN-999 (big blind) folded on the Flop


PokerStars Hand #145018974504:  Hold'em Limit ($3/$6 USD) - 2015/12/08 9:16:47 ET
Table 'Rabe' 2-max Seat #2 is the button
Seat 1: HEADEKBAT ($157.90 in chips)
Seat 2: KARAVAN-999 ($131.18 in chips)
KARAVAN-999: posts small blind $1
HEADEKBAT: posts big blind $3
*** HOLE CARDS ***
KARAVAN-999: raises $3 to $6
HEADEKBAT: calls $3
*** FLOP *** [9h 6c Kc]
HEADEKBAT: checks
KARAVAN-999: checks
*** TURN *** [9h 6c Kc] [Tc]
HEADEKBAT: checks
KARAVAN-999: checks
*** RIVER *** [9h 6c Kc Tc] [2s]
HEADEKBAT: bets $6
KARAVAN-999: calls $6
*** SHOW DOWN ***
HEADEKBAT: shows [9s Qc] (a pair of Nines)
KARAVAN-999: mucks hand
HEADEKBAT collected $23.52 from pot
*** SUMMARY ***
Total pot $24 | Rake $0.48
Board [9h 6c Kc Tc 2s]
Seat 1: HEADEKBAT (big blind) showed [9s Qc] and won ($23.52) with a pair of Nines
Seat 2: KARAVAN-999 (button) (small blind) mucked


PokerStars Hand #145019020863:  Hold'em Limit ($3/$6 USD) - 2015/12/08 9:17:49 ET
Table 'Rabe' 2-max Seat #1 is the button
Seat 1: HEADEKBAT ($161.18 in chips)
Seat 2: KARAVAN-999 ($126.58 in chips)
HEADEKBAT: posts small blind $1
KARAVAN-999: posts big blind $3
*** HOLE CARDS ***
HEADEKBAT: raises $3 to $6
KARAVAN-999: folds
Uncalled bet ($3) returned to HEADEKBAT
HEADEKBAT collected $6 from pot
HEADEKBAT: doesn't show hand
*** SUMMARY ***
Total pot $6 | Rake $0
Seat 1: HEADEKBAT (button) (small blind) collected ($6)
Seat 2: KARAVAN-999 (big blind) folded before Flop


PokerStars Hand #145019016961:  Hold'em Limit ($3/$6 USD) - 2015/12/08 9:17:44 ET
Table 'Rabe' 2-max Seat #2 is the button
Seat 1: HEADEKBAT ($160.18 in chips)
Seat 2: KARAVAN-999 ($127.58 in chips)
KARAVAN-999: posts small blind $1
HEADEKBAT: posts big blind $3
*** HOLE CARDS ***
KARAVAN-999: folds
Uncalled bet ($2) returned to HEADEKBAT
HEADEKBAT collected $2 from pot
HEADEKBAT: doesn't show hand
*** SUMMARY ***
Total pot $2 | Rake $0
Seat 1: HEADEKBAT (big blind) collected ($2)
Seat 2: KARAVAN-999 (button) (small blind) folded before Flop


PokerStars Hand #145019000998:  Hold'em Limit ($3/$6 USD) - 2015/12/08 9:17:22 ET
Table 'Rabe' 2-max Seat #1 is the button
Seat 1: HEADEKBAT ($154.42 in chips)
Seat 2: KARAVAN-999 ($133.58 in chips)
HEADEKBAT: posts small blind $1
KARAVAN-999: posts big blind $3
*** HOLE CARDS ***
HEADEKBAT: raises $3 to $6
KARAVAN-999: calls $3
*** FLOP *** [Tc 3h Th]
KARAVAN-999: checks
HEADEKBAT: bets $3
KARAVAN-999: folds
Uncalled bet ($3) returned to HEADEKBAT
HEADEKBAT collected $11.76 from pot
HEADEKBAT: doesn't show hand
*** SUMMARY ***
Total pot $12 | Rake $0.24
Board [Tc 3h Th]
Seat 1: HEADEKBAT (button) (small blind) collected ($11.76)
Seat 2: KARAVAN-999 (big blind) folded on the Flop


PokerStars Hand #145018993888:  Hold'em Limit ($3/$6 USD) - 2015/12/08 9:17:13 ET
Table 'Rabe' 2-max Seat #2 is the button
Seat 1: HEADEKBAT ($160.42 in chips)
Seat 2: KARAVAN-999 ($127.82 in chips)
KARAVAN-999: posts small blind $1
HEADEKBAT: posts big blind $3
*** HOLE CARDS ***
KARAVAN-999: raises $3 to $6
HEADEKBAT: calls $3
*** FLOP *** [3s As Ah]
HEADEKBAT: checks
KARAVAN-999: bets $3
HEADEKBAT: folds
Uncalled bet ($3) returned to KARAVAN-999
KARAVAN-999 collected $11.76 from pot
KARAVAN-999: doesn't show hand
*** SUMMARY ***
Total pot $12 | Rake $0.24
Board [3s As Ah]
Seat 1: HEADEKBAT (big blind) folded on the Flop
Seat 2: KARAVAN-999 (button) (small blind) collected ($11.76)


PokerStars Hand #145018986773:  Hold'em Limit ($3/$6 USD) - 2015/12/08 9:17:04 ET
Table 'Rabe' 2-max Seat #1 is the button
Seat 1: HEADEKBAT ($169.42 in chips)
Seat 2: KARAVAN-999 ($119.18 in chips)
HEADEKBAT: posts small blind $1
KARAVAN-999: posts big blind $3
*** HOLE CARDS ***
HEADEKBAT: raises $3 to $6
KARAVAN-999: raises $3 to $9
HEADEKBAT: calls $3
*** FLOP *** [Kh 8d Qc]
KARAVAN-999: bets $3
HEADEKBAT: folds
Uncalled bet ($3) returned to KARAVAN-999
KARAVAN-999 collected $17.64 from pot
KARAVAN-999: doesn't show hand
*** SUMMARY ***
Total pot $18 | Rake $0.36
Board [Kh 8d Qc]
Seat 1: HEADEKBAT (button) (small blind) folded on the Flop
Seat 2: KARAVAN-999 (big blind) collected ($17.64)


PokerStars Hand #145019062649:  Hold'em Limit ($3/$6 USD) - 2015/12/08 9:18:45 ET
Table 'Rabe' 2-max Seat #2 is the button
Seat 1: HEADEKBAT ($133.18 in chips)
Seat 2: KARAVAN-999 ($153.58 in chips)
KARAVAN-999: posts small blind $1
HEADEKBAT: posts big blind $3
*** HOLE CARDS ***
KARAVAN-999: raises $3 to $6
HEADEKBAT: calls $3
*** FLOP *** [9d Js 2s]
HEADEKBAT: checks
KARAVAN-999: bets $3
HEADEKBAT: folds
Uncalled bet ($3) returned to KARAVAN-999
KARAVAN-999 collected $11.76 from pot
KARAVAN-999: doesn't show hand
*** SUMMARY ***
Total pot $12 | Rake $0.24
Board [9d Js 2s]
Seat 1: HEADEKBAT (big blind) folded on the Flop
Seat 2: KARAVAN-999 (button) (small blind) collected ($11.76)


PokerStars Hand #145019048876:  Hold'em Limit ($3/$6 USD) - 2015/12/08 9:18:27 ET
Table 'Rabe' 2-max Seat #1 is the button
Seat 1: HEADEKBAT ($148.18 in chips)
Seat 2: KARAVAN-999 ($139.08 in chips)
HEADEKBAT: posts small blind $1
KARAVAN-999: posts big blind $3
*** HOLE CARDS ***
HEADEKBAT: raises $3 to $6
KARAVAN-999: calls $3
*** FLOP *** [5d 6c Tc]
KARAVAN-999: checks
HEADEKBAT: bets $3
KARAVAN-999: calls $3
*** TURN *** [5d 6c Tc] [8c]
KARAVAN-999: checks
HEADEKBAT: checks
*** RIVER *** [5d 6c Tc 8c] [4s]
KARAVAN-999: bets $6
HEADEKBAT: calls $6
*** SHOW DOWN ***
KARAVAN-999: shows [Qc 4c] (a flush, Queen high)
HEADEKBAT: mucks hand
KARAVAN-999 collected $29.50 from pot
*** SUMMARY ***
Total pot $30 | Rake $0.50
Board [5d 6c Tc 8c 4s]
Seat 1: HEADEKBAT (button) (small blind) mucked
Seat 2: KARAVAN-999 (big blind) showed [Qc 4c] and won ($29.50) with a flush, Queen high


PokerStars Hand #145019029195:  Hold'em Limit ($3/$6 USD) - 2015/12/08 9:18:01 ET
Table 'Rabe' 2-max Seat #1 is the button
Seat 1: HEADEKBAT ($165.18 in chips)
Seat 2: KARAVAN-999 ($122.58 in chips)
HEADEKBAT: posts small blind $1
KARAVAN-999: posts big blind $3
*** HOLE CARDS ***
HEADEKBAT: raises $3 to $6
KARAVAN-999: raises $3 to $9
HEADEKBAT: calls $3
*** FLOP *** [3c 8h 7h]
KARAVAN-999: bets $3
HEADEKBAT: calls $3
*** TURN *** [3c 8h 7h] [6c]
KARAVAN-999: bets $6
HEADEKBAT: calls $6
*** RIVER *** [3c 8h 7h 6c] [4c]
KARAVAN-999: bets $6
HEADEKBAT: folds
Uncalled bet ($6) returned to KARAVAN-999
KARAVAN-999 collected $35.50 from pot
KARAVAN-999: doesn't show hand
*** SUMMARY ***
Total pot $36 | Rake $0.50
Board [3c 8h 7h 6c 4c]
Seat 1: HEADEKBAT (button) (small blind) folded on the River
Seat 2: KARAVAN-999 (big blind) collected ($35.50)


PokerStars Hand #145019069773:  Hold'em Limit ($3/$6 USD) - 2015/12/08 9:18:55 ET
Table 'Rabe' 2-max Seat #1 is the button
Seat 1: HEADEKBAT ($127.18 in chips)
Seat 2: KARAVAN-999 ($159.34 in chips)
HEADEKBAT: posts small blind $1
KARAVAN-999: posts big blind $3
*** HOLE CARDS ***
HEADEKBAT: raises $3 to $6
KARAVAN-999: raises $3 to $9
HEADEKBAT: calls $3
*** FLOP *** [6d 4s 8h]
KARAVAN-999: bets $3
HEADEKBAT: raises $3 to $6
KARAVAN-999: calls $3
*** TURN *** [6d 4s 8h] [6h]
KARAVAN-999: checks
HEADEKBAT: bets $6
KARAVAN-999: folds
Uncalled bet ($6) returned to HEADEKBAT
HEADEKBAT collected $29.50 from pot
HEADEKBAT: doesn't show hand
*** SUMMARY ***
Total pot $30 | Rake $0.50
Board [6d 4s 8h 6h]
Seat 1: HEADEKBAT (button) (small blind) collected ($29.50)
Seat 2: KARAVAN-999 (big blind) folded on the Turn


