PokerStars Hand #169132489860:  Hold'em Limit ($3/$6 USD) - 2017/04/16 15:05:26 ET
Table 'Rabe' 6-max Seat #3 is the button
Seat 1: Chessnok ($100.76 in chips)
Seat 3: NeilDars ($270.56 in chips)
NeilDars: posts small blind $1
Chessnok: posts big blind $3
*** HOLE CARDS ***
NeilDars: folds
Uncalled bet ($2) returned to Chessnok
Chessnok collected $2 from pot
Chessnok: doesn't show hand
*** SUMMARY ***
Total pot $2 | Rake $0
Seat 1: Chessnok (big blind) collected ($2)
Seat 3: NeilDars (button) (small blind) folded before Flop


PokerStars Hand #169132478479:  Hold'em Limit ($3/$6 USD) - 2017/04/16 15:05:14 ET
Table 'Rabe' 6-max Seat #1 is the button
Seat 1: Chessnok ($95 in chips)
Seat 3: NeilDars ($276.56 in chips)
Chessnok: posts small blind $1
NeilDars: posts big blind $3
*** HOLE CARDS ***
Chessnok: raises $3 to $6
NeilDars: calls $3
*** FLOP *** [6c 9c 4h]
NeilDars: checks
Chessnok: bets $3
NeilDars: folds
Uncalled bet ($3) returned to Chessnok
Chessnok collected $11.76 from pot
Chessnok: doesn't show hand
*** SUMMARY ***
Total pot $12 | Rake $0.24
Board [6c 9c 4h]
Seat 1: Chessnok (button) (small blind) collected ($11.76)
Seat 3: NeilDars (big blind) folded on the Flop


PokerStars Hand #169132463094:  Hold'em Limit ($3/$6 USD) - 2017/04/16 15:04:57 ET
Table 'Rabe' 6-max Seat #3 is the button
Seat 1: Chessnok ($104 in chips)
Seat 3: NeilDars ($267.92 in chips)
NeilDars: posts small blind $1
Chessnok: posts big blind $3
*** HOLE CARDS ***
NeilDars: raises $3 to $6
Chessnok: calls $3
*** FLOP *** [Qs 6c 8h]
Chessnok: checks
NeilDars: bets $3
Chessnok: calls $3
*** TURN *** [Qs 6c 8h] [7d]
Chessnok: checks
NeilDars: bets $6
Chessnok: folds
Uncalled bet ($6) returned to NeilDars
NeilDars collected $17.64 from pot
NeilDars: doesn't show hand
*** SUMMARY ***
Total pot $18 | Rake $0.36
Board [Qs 6c 8h 7d]
Seat 1: Chessnok (big blind) folded on the Turn
Seat 3: NeilDars (button) (small blind) collected ($17.64)


PokerStars Hand #169132459026:  Hold'em Limit ($3/$6 USD) - 2017/04/16 15:04:53 ET
Table 'Rabe' 6-max Seat #1 is the button
Seat 1: Chessnok ($105 in chips)
Seat 3: NeilDars ($266.92 in chips)
Chessnok: posts small blind $1
NeilDars: posts big blind $3
*** HOLE CARDS ***
Chessnok: folds
Uncalled bet ($2) returned to NeilDars
NeilDars collected $2 from pot
NeilDars: doesn't show hand
*** SUMMARY ***
Total pot $2 | Rake $0
Seat 1: Chessnok (button) (small blind) folded before Flop
Seat 3: NeilDars (big blind) collected ($2)


PokerStars Hand #169132454468:  Hold'em Limit ($3/$6 USD) - 2017/04/16 15:04:48 ET
Table 'Rabe' 6-max Seat #3 is the button
Seat 1: Chessnok ($104 in chips)
Seat 3: NeilDars ($267.92 in chips)
NeilDars: posts small blind $1
Chessnok: posts big blind $3
*** HOLE CARDS ***
NeilDars: folds
Uncalled bet ($2) returned to Chessnok
Chessnok collected $2 from pot
Chessnok: doesn't show hand
*** SUMMARY ***
Total pot $2 | Rake $0
Seat 1: Chessnok (big blind) collected ($2)
Seat 3: NeilDars (button) (small blind) folded before Flop


PokerStars Hand #169132450123:  Hold'em Limit ($3/$6 USD) - 2017/04/16 15:04:43 ET
Table 'Rabe' 6-max Seat #1 is the button
Seat 1: Chessnok ($105 in chips)
Seat 3: NeilDars ($266.92 in chips)
Chessnok: posts small blind $1
NeilDars: posts big blind $3
*** HOLE CARDS ***
Chessnok: folds
Uncalled bet ($2) returned to NeilDars
NeilDars collected $2 from pot
NeilDars: doesn't show hand
*** SUMMARY ***
Total pot $2 | Rake $0
Seat 1: Chessnok (button) (small blind) folded before Flop
Seat 3: NeilDars (big blind) collected ($2)


PokerStars Hand #169132419367:  Hold'em Limit ($3/$6 USD) - 2017/04/16 15:04:10 ET
Table 'Rabe' 6-max Seat #3 is the button
Seat 1: Chessnok ($111 in chips)
Seat 3: NeilDars ($261.16 in chips)
NeilDars: posts small blind $1
Chessnok: posts big blind $3
*** HOLE CARDS ***
NeilDars: raises $3 to $6
Chessnok: calls $3
*** FLOP *** [8h Kh 6h]
Chessnok: checks
NeilDars: checks
*** TURN *** [8h Kh 6h] [4d]
Chessnok: checks
NeilDars: checks
*** RIVER *** [8h Kh 6h 4d] [As]
Chessnok: checks
NeilDars: bets $6
Chessnok: folds
Uncalled bet ($6) returned to NeilDars
NeilDars collected $11.76 from pot
NeilDars: doesn't show hand
*** SUMMARY ***
Total pot $12 | Rake $0.24
Board [8h Kh 6h 4d As]
Seat 1: Chessnok (big blind) folded on the River
Seat 3: NeilDars (button) (small blind) collected ($11.76)


PokerStars Hand #169132494930:  Hold'em Limit ($3/$6 USD) - 2017/04/16 15:05:31 ET
Table 'Rabe' 6-max Seat #1 is the button
Seat 1: Chessnok ($101.76 in chips)
Seat 3: NeilDars ($269.56 in chips)
Chessnok: posts small blind $1
NeilDars: posts big blind $3
*** HOLE CARDS ***
Chessnok: raises $3 to $6
NeilDars: calls $3
*** FLOP *** [3d 9d 8h]
NeilDars: checks
Chessnok: bets $3
NeilDars: calls $3
*** TURN *** [3d 9d 8h] [5h]
NeilDars: checks
Chessnok: checks
*** RIVER *** [3d 9d 8h 5h] [3c]
Great_Kang joins the table at seat #4
NeilDars: bets $6
Chessnok: calls $6
*** SHOW DOWN ***
NeilDars: shows [7c 7s] (two pair, Sevens and Threes)
Chessnok: mucks hand
NeilDars collected $29.50 from pot
*** SUMMARY ***
Total pot $30 | Rake $0.50
Board [3d 9d 8h 5h 3c]
Seat 1: Chessnok (button) (small blind) mucked
Seat 3: NeilDars (big blind) showed [7c 7s] and won ($29.50) with two pair, Sevens and Threes


PokerStars Hand #169134643668:  Hold'em Limit ($3/$6 USD) - 2017/04/16 15:43:46 ET
Table 'Rabe' 6-max Seat #1 is the button
Seat 1: Chessnok ($60 in chips)
Seat 3: NeilDars ($258.90 in chips)
vestimokrec will be allowed to play after the button
Chessnok: posts small blind $1
NeilDars: posts big blind $3
*** HOLE CARDS ***
Chessnok: raises $3 to $6
NeilDars: folds
Uncalled bet ($3) returned to Chessnok
Chessnok collected $6 from pot
Chessnok: doesn't show hand
*** SUMMARY ***
Total pot $6 | Rake $0
Seat 1: Chessnok (button) (small blind) collected ($6)
Seat 3: NeilDars (big blind) folded before Flop


PokerStars Hand #169134805959:  Hold'em Limit ($3/$6 USD) - 2017/04/16 15:46:42 ET
Table 'Rabe' 6-max Seat #3 is the button
Seat 1: Chessnok ($60 in chips)
Seat 3: NeilDars ($261.09 in chips)
NeilDars: posts small blind $1
vestimokrec: is sitting out
Chessnok: posts big blind $3
*** HOLE CARDS ***
NeilDars: raises $3 to $6
Chessnok: calls $3
*** FLOP *** [As 8c 2d]
Chessnok: checks
NeilDars: bets $3
Chessnok: calls $3
*** TURN *** [As 8c 2d] [Qh]
Chessnok: checks
NeilDars: bets $6
Chessnok: raises $6 to $12
NeilDars: calls $6
*** RIVER *** [As 8c 2d Qh] [Js]
vestimokrec leaves the table
Chessnok: bets $6
NeilDars: calls $6
*** SHOW DOWN ***
Chessnok: shows [6c Ac] (a pair of Aces)
NeilDars: mucks hand
Chessnok collected $53.50 from pot
*** SUMMARY ***
Total pot $54 | Rake $0.50
Board [As 8c 2d Qh Js]
Seat 1: Chessnok (big blind) showed [6c Ac] and won ($53.50) with a pair of Aces
Seat 3: NeilDars (button) (small blind) mucked


PokerStars Hand #169134827895:  Hold'em Limit ($3/$6 USD) - 2017/04/16 15:47:05 ET
Table 'Rabe' 6-max Seat #1 is the button
Seat 1: Chessnok ($86.50 in chips)
Seat 3: NeilDars ($234.09 in chips)
Chessnok: posts small blind $1
NeilDars: posts big blind $3
*** HOLE CARDS ***
Chessnok: raises $3 to $6
NeilDars: calls $3
*** FLOP *** [Jd Qs 7d]
NeilDars: checks
Chessnok: bets $3
NeilDars: calls $3
*** TURN *** [Jd Qs 7d] [7s]
NeilDars: checks
Chessnok: checks
*** RIVER *** [Jd Qs 7d 7s] [Ah]
NeilDars: bets $6
Chessnok: raises $6 to $12
NeilDars: calls $6
*** SHOW DOWN ***
Chessnok: shows [Ac Js] (two pair, Aces and Jacks)
NeilDars: shows [3c 7c] (three of a kind, Sevens)
NeilDars collected $41.50 from pot
*** SUMMARY ***
Total pot $42 | Rake $0.50
Board [Jd Qs 7d 7s Ah]
Seat 1: Chessnok (button) (small blind) showed [Ac Js] and lost with two pair, Aces and Jacks
Seat 3: NeilDars (big blind) showed [3c 7c] and won ($41.50) with three of a kind, Sevens


PokerStars Hand #169134849950:  Hold'em Limit ($3/$6 USD) - 2017/04/16 15:47:29 ET
Table 'Rabe' 6-max Seat #3 is the button
Seat 1: Chessnok ($65.50 in chips)
Seat 3: NeilDars ($254.59 in chips)
NeilDars: posts small blind $1
Chessnok: posts big blind $3
*** HOLE CARDS ***
NeilDars: raises $3 to $6
Chessnok: raises $3 to $9
NeilDars: calls $3
*** FLOP *** [4s Kc 7d]
Chessnok: bets $3
NeilDars: calls $3
*** TURN *** [4s Kc 7d] [2d]
Chessnok: bets $6
NeilDars: calls $6
*** RIVER *** [4s Kc 7d 2d] [5s]
Chessnok: bets $6
NeilDars: folds
Uncalled bet ($6) returned to Chessnok
Chessnok collected $35.50 from pot
Chessnok: doesn't show hand
*** SUMMARY ***
Total pot $36 | Rake $0.50
Board [4s Kc 7d 2d 5s]
Seat 1: Chessnok (big blind) collected ($35.50)
Seat 3: NeilDars (button) (small blind) folded on the River


PokerStars Hand #169134869717:  Hold'em Limit ($3/$6 USD) - 2017/04/16 15:47:50 ET
Table 'Rabe' 6-max Seat #1 is the button
Seat 1: Chessnok ($83 in chips)
Seat 3: NeilDars ($236.59 in chips)
Chessnok: posts small blind $1
NeilDars: posts big blind $3
*** HOLE CARDS ***
Chessnok: raises $3 to $6
NeilDars: raises $3 to $9
Chessnok: raises $3 to $12
Betting is capped
NeilDars: calls $3
*** FLOP *** [5d 7s 8c]
manly70 joins the table at seat #5
NeilDars: checks
Chessnok: bets $3
NeilDars: calls $3
*** TURN *** [5d 7s 8c] [8h]
NeilDars: checks
Chessnok: bets $6
NeilDars: calls $6
*** RIVER *** [5d 7s 8c 8h] [Qs]
NeilDars: checks
Chessnok: bets $6
NeilDars: folds
Uncalled bet ($6) returned to Chessnok
Chessnok collected $41.50 from pot
Chessnok: doesn't show hand
*** SUMMARY ***
Total pot $42 | Rake $0.50
Board [5d 7s 8c 8h Qs]
Seat 1: Chessnok (button) (small blind) collected ($41.50)
Seat 3: NeilDars (big blind) folded on the River


PokerStars Hand #169138991854:  Hold'em Limit ($3/$6 USD) - 2017/04/16 17:06:12 ET
Table 'Rabe' 6-max Seat #3 is the button
Seat 1: Chessnok ($89.25 in chips)
Seat 3: Qvidde ($150.32 in chips)
Qvidde: posts small blind $1
EVBET: is sitting out
EVBET leaves the table
Chessnok: posts big blind $3
*** HOLE CARDS ***
Qvidde: raises $3 to $6
Chessnok: calls $3
*** FLOP *** [3h 4h Js]
Chessnok: checks
Qvidde: bets $3
Chessnok: raises $3 to $6
Qvidde: calls $3
*** TURN *** [3h 4h Js] [Qc]
Chessnok: bets $6
Qvidde: calls $6
*** RIVER *** [3h 4h Js Qc] [4c]
Chessnok: bets $6
Qvidde: folds
Uncalled bet ($6) returned to Chessnok
Chessnok collected $35.50 from pot
Chessnok: doesn't show hand
*** SUMMARY ***
Total pot $36 | Rake $0.50
Board [3h 4h Js Qc 4c]
Seat 1: Chessnok (big blind) collected ($35.50)
Seat 3: Qvidde (button) (small blind) folded on the River


