PokerStars Hand #147866053842:  Hold'em Limit ($3/$6 USD) - 2016/01/29 5:48:26 ET
Table 'Rabe' 6-max Seat #3 is the button
Seat 2: Andredias950 ($29.85 in chips)
Seat 3: BelSv ($79 in chips)
BelSv: posts small blind $1
Andredias950: posts big blind $3
*** HOLE CARDS ***
BelSv: raises $3 to $6
Andredias950: folds
Uncalled bet ($3) returned to BelSv
BelSv collected $6 from pot
BelSv: doesn't show hand
*** SUMMARY ***
Total pot $6 | Rake $0
Seat 2: Andredias950 (big blind) folded before Flop
Seat 3: BelSv (button) (small blind) collected ($6)


PokerStars Hand #147866058320:  Hold'em Limit ($3/$6 USD) - 2016/01/29 5:48:36 ET
Table 'Rabe' 6-max Seat #3 is the button
Seat 2: Andredias950 ($25.85 in chips)
Seat 3: BelSv ($83 in chips)
BelSv: posts small blind $1
Andredias950: posts big blind $3
*** HOLE CARDS ***
BelSv: folds
Uncalled bet ($2) returned to Andredias950
Andredias950 collected $2 from pot
Andredias950: doesn't show hand
*** SUMMARY ***
Total pot $2 | Rake $0
Seat 2: Andredias950 (big blind) collected ($2)
Seat 3: BelSv (button) (small blind) folded before Flop


PokerStars Hand #147866056264:  Hold'em Limit ($3/$6 USD) - 2016/01/29 5:48:31 ET
Table 'Rabe' 6-max Seat #2 is the button
Seat 2: Andredias950 ($26.85 in chips)
Seat 3: BelSv ($82 in chips)
Andredias950: posts small blind $1
BelSv: posts big blind $3
*** HOLE CARDS ***
Andredias950: folds
Uncalled bet ($2) returned to BelSv
BelSv collected $2 from pot
BelSv: doesn't show hand
*** SUMMARY ***
Total pot $2 | Rake $0
Seat 2: Andredias950 (button) (small blind) folded before Flop
Seat 3: BelSv (big blind) collected ($2)


PokerStars Hand #147866060880:  Hold'em Limit ($3/$6 USD) - 2016/01/29 5:48:41 ET
Table 'Rabe' 6-max Seat #2 is the button
Seat 2: Andredias950 ($26.85 in chips)
Seat 3: BelSv ($82 in chips)
Andredias950: posts small blind $1
BelSv: posts big blind $3
*** HOLE CARDS ***
Andredias950: raises $3 to $6
BelSv: raises $3 to $9
Andredias950: calls $3
*** FLOP *** [Kc 7s 4h]
BelSv: bets $3
Andredias950: calls $3
*** TURN *** [Kc 7s 4h] [Ah]
BelSv: bets $6
Andredias950: folds
Uncalled bet ($6) returned to BelSv
BelSv collected $23.52 from pot
BelSv: doesn't show hand
*** SUMMARY ***
Total pot $24 | Rake $0.48
Board [Kc 7s 4h Ah]
Seat 2: Andredias950 (button) (small blind) folded on the Turn
Seat 3: BelSv (big blind) collected ($23.52)


PokerStars Hand #147866074381:  Hold'em Limit ($3/$6 USD) - 2016/01/29 5:49:08 ET
Table 'Rabe' 6-max Seat #2 is the button
Seat 2: Andredias950 ($23.49 in chips)
Seat 3: BelSv ($84.52 in chips)
Andredias950: posts small blind $1
BelSv: posts big blind $3
*** HOLE CARDS ***
Andredias950: folds
Uncalled bet ($2) returned to BelSv
BelSv collected $2 from pot
BelSv: doesn't show hand
*** SUMMARY ***
Total pot $2 | Rake $0
Seat 2: Andredias950 (button) (small blind) folded before Flop
Seat 3: BelSv (big blind) collected ($2)


PokerStars Hand #147866068975:  Hold'em Limit ($3/$6 USD) - 2016/01/29 5:48:57 ET
Table 'Rabe' 6-max Seat #3 is the button
Seat 2: Andredias950 ($14.85 in chips)
Seat 3: BelSv ($93.52 in chips)
BelSv: posts small blind $1
Andredias950: posts big blind $3
*** HOLE CARDS ***
BelSv: raises $3 to $6
Andredias950: raises $3 to $9
BelSv: calls $3
*** FLOP *** [6s Ks Ts]
Andredias950: bets $3
BelSv: folds
Uncalled bet ($3) returned to Andredias950
Andredias950 collected $17.64 from pot
Andredias950: doesn't show hand
*** SUMMARY ***
Total pot $18 | Rake $0.36
Board [6s Ks Ts]
Seat 2: Andredias950 (big blind) collected ($17.64)
Seat 3: BelSv (button) (small blind) folded on the Flop


PokerStars Hand #147866078975:  Hold'em Limit ($3/$6 USD) - 2016/01/29 5:49:17 ET
Table 'Rabe' 6-max Seat #2 is the button
Seat 2: Andredias950 ($19.49 in chips)
Seat 3: BelSv ($88.52 in chips)
Andredias950: posts small blind $1
BelSv: posts big blind $3
*** HOLE CARDS ***
Andredias950: folds
Uncalled bet ($2) returned to BelSv
BelSv collected $2 from pot
BelSv: doesn't show hand
*** SUMMARY ***
Total pot $2 | Rake $0
Seat 2: Andredias950 (button) (small blind) folded before Flop
Seat 3: BelSv (big blind) collected ($2)


PokerStars Hand #147866076528:  Hold'em Limit ($3/$6 USD) - 2016/01/29 5:49:12 ET
Table 'Rabe' 6-max Seat #3 is the button
Seat 2: Andredias950 ($22.49 in chips)
Seat 3: BelSv ($85.52 in chips)
BelSv: posts small blind $1
Andredias950: posts big blind $3
*** HOLE CARDS ***
BelSv: raises $3 to $6
Andredias950: folds
Uncalled bet ($3) returned to BelSv
BelSv collected $6 from pot
BelSv: doesn't show hand
*** SUMMARY ***
Total pot $6 | Rake $0
Seat 2: Andredias950 (big blind) folded before Flop
Seat 3: BelSv (button) (small blind) collected ($6)


PokerStars Hand #147866081224:  Hold'em Limit ($3/$6 USD) - 2016/01/29 5:49:22 ET
Table 'Rabe' 6-max Seat #3 is the button
Seat 2: Andredias950 ($18.49 in chips)
Seat 3: BelSv ($89.52 in chips)
BelSv: posts small blind $1
Andredias950: posts big blind $3
*** HOLE CARDS ***
BelSv: raises $3 to $6
Andredias950: raises $3 to $9
BelSv: calls $3
*** FLOP *** [Js 2c 7s]
Andredias950: bets $3
BelSv: calls $3
*** TURN *** [Js 2c 7s] [Jd]
Andredias950: bets $6
BelSv: folds
Uncalled bet ($6) returned to Andredias950
Andredias950 collected $23.52 from pot
Andredias950: doesn't show hand
*** SUMMARY ***
Total pot $24 | Rake $0.48
Board [Js 2c 7s Jd]
Seat 2: Andredias950 (big blind) collected ($23.52)
Seat 3: BelSv (button) (small blind) folded on the Turn


PokerStars Hand #147866087020:  Hold'em Limit ($3/$6 USD) - 2016/01/29 5:49:33 ET
Table 'Rabe' 6-max Seat #2 is the button
Seat 2: Andredias950 ($30.01 in chips)
Seat 3: BelSv ($78 in chips)
Andredias950: posts small blind $1
BelSv: posts big blind $3
*** HOLE CARDS ***
Andredias950: folds
Uncalled bet ($2) returned to BelSv
BelSv collected $2 from pot
BelSv: doesn't show hand
*** SUMMARY ***
Total pot $2 | Rake $0
Seat 2: Andredias950 (button) (small blind) folded before Flop
Seat 3: BelSv (big blind) collected ($2)


PokerStars Hand #147866089182:  Hold'em Limit ($3/$6 USD) - 2016/01/29 5:49:38 ET
Table 'Rabe' 6-max Seat #3 is the button
Seat 2: Andredias950 ($29.01 in chips)
Seat 3: BelSv ($79 in chips)
BelSv: posts small blind $1
Andredias950: posts big blind $3
*** HOLE CARDS ***
BelSv: raises $3 to $6
Andredias950: raises $3 to $9
BelSv: calls $3
*** FLOP *** [8s 7h 7c]
Andredias950: bets $3
BelSv: calls $3
*** TURN *** [8s 7h 7c] [Ac]
Andredias950: bets $6
BelSv: calls $6
*** RIVER *** [8s 7h 7c Ac] [3s]
Andredias950: bets $6
BelSv: calls $6
*** SHOW DOWN ***
Andredias950: shows [Ts Td] (two pair, Tens and Sevens)
BelSv: mucks hand
Andredias950 collected $47.50 from pot
*** SUMMARY ***
Total pot $48 | Rake $0.50
Board [8s 7h 7c Ac 3s]
Seat 2: Andredias950 (big blind) showed [Ts Td] and won ($47.50) with two pair, Tens and Sevens
Seat 3: BelSv (button) (small blind) mucked


PokerStars Hand #147866099115:  Hold'em Limit ($3/$6 USD) - 2016/01/29 5:49:57 ET
Table 'Rabe' 6-max Seat #3 is the button
Seat 2: Andredias950 ($51.51 in chips)
Seat 3: BelSv ($79 in chips)
BelSv: posts small blind $1
Andredias950: posts big blind $3
*** HOLE CARDS ***
BelSv: raises $3 to $6
Andredias950: folds
Uncalled bet ($3) returned to BelSv
BelSv collected $6 from pot
BelSv: doesn't show hand
*** SUMMARY ***
Total pot $6 | Rake $0
Seat 2: Andredias950 (big blind) folded before Flop
Seat 3: BelSv (button) (small blind) collected ($6)


PokerStars Hand #147866096081:  Hold'em Limit ($3/$6 USD) - 2016/01/29 5:49:52 ET
Table 'Rabe' 6-max Seat #2 is the button
Seat 2: Andredias950 ($52.51 in chips)
Seat 3: BelSv ($78 in chips)
Andredias950: posts small blind $1
BelSv: posts big blind $3
*** HOLE CARDS ***
Andredias950: folds
Uncalled bet ($2) returned to BelSv
BelSv collected $2 from pot
BelSv: doesn't show hand
*** SUMMARY ***
Total pot $2 | Rake $0
Seat 2: Andredias950 (button) (small blind) folded before Flop
Seat 3: BelSv (big blind) collected ($2)


PokerStars Hand #147866101501:  Hold'em Limit ($3/$6 USD) - 2016/01/29 5:50:02 ET
Table 'Rabe' 6-max Seat #2 is the button
Seat 2: Andredias950 ($48.51 in chips)
Seat 3: BelSv ($82 in chips)
Andredias950: posts small blind $1
BelSv: posts big blind $3
*** HOLE CARDS ***
Andredias950: calls $2
BelSv: checks
*** FLOP *** [4s 5h Ah]
BelSv: bets $3
Andredias950: calls $3
*** TURN *** [4s 5h Ah] [7s]
BelSv: bets $6
Andredias950: calls $6
*** RIVER *** [4s 5h Ah 7s] [5c]
BelSv: bets $6
Andredias950: calls $6
*** SHOW DOWN ***
BelSv: shows [3d 6c] (a straight, Three to Seven)
Andredias950: mucks hand
BelSv collected $35.50 from pot
*** SUMMARY ***
Total pot $36 | Rake $0.50
Board [4s 5h Ah 7s 5c]
Seat 2: Andredias950 (button) (small blind) mucked
Seat 3: BelSv (big blind) showed [3d 6c] and won ($35.50) with a straight, Three to Seven


PokerStars Hand #147866110231:  Hold'em Limit ($3/$6 USD) - 2016/01/29 5:50:20 ET
Table 'Rabe' 6-max Seat #3 is the button
Seat 2: Andredias950 ($30.51 in chips)
Seat 3: BelSv ($99.50 in chips)
BelSv: posts small blind $1
Andredias950: posts big blind $3
*** HOLE CARDS ***
BelSv: raises $3 to $6
72bestcard joins the table at seat #4
Andredias950: folds
Uncalled bet ($3) returned to BelSv
BelSv collected $6 from pot
BelSv: doesn't show hand
*** SUMMARY ***
Total pot $6 | Rake $0
Seat 2: Andredias950 (big blind) folded before Flop
Seat 3: BelSv (button) (small blind) collected ($6)


PokerStars Hand #147866117877:  Hold'em Limit ($3/$6 USD) - 2016/01/29 5:50:35 ET
Table 'Rabe' 6-max Seat #2 is the button
Seat 2: Andredias950 ($27.51 in chips)
Seat 3: BelSv ($102.50 in chips)
Andredias950: posts small blind $1
BelSv: posts big blind $3
*** HOLE CARDS ***
Andredias950: folds
Uncalled bet ($2) returned to BelSv
BelSv collected $2 from pot
BelSv: doesn't show hand
*** SUMMARY ***
Total pot $2 | Rake $0
Seat 2: Andredias950 (button) (small blind) folded before Flop
Seat 3: BelSv (big blind) collected ($2)


