PokerStars Hand #162472079526:  Hold'em Limit ($3/$6 USD) - 2016/12/05 16:26:47 ET
Table 'Radegast' 6-max Seat #3 is the button
Seat 3: LifeisagameX ($85 in chips)
Seat 4: Actionni13 ($251.90 in chips)
LifeisagameX: posts small blind $1
Actionni13: posts big blind $3
*** HOLE CARDS ***
LifeisagameX: raises $3 to $6
Actionni13: calls $3
*** FLOP *** [Ks 7c 4d]
Actionni13: checks
LifeisagameX: bets $3
Actionni13: raises $3 to $6
LifeisagameX: calls $3
*** TURN *** [Ks 7c 4d] [Ac]
Actionni13: checks
LifeisagameX: bets $6
Actionni13: calls $6
*** RIVER *** [Ks 7c 4d Ac] [7s]
Actionni13: bets $6
LifeisagameX: folds
Uncalled bet ($6) returned to Actionni13
Actionni13 collected $35.50 from pot
Actionni13: doesn't show hand
*** SUMMARY ***
Total pot $36 | Rake $0.50
Board [Ks 7c 4d Ac 7s]
Seat 3: LifeisagameX (button) (small blind) folded on the River
Seat 4: Actionni13 (big blind) collected ($35.50)


PokerStars Hand #162472183758:  Hold'em Limit ($3/$6 USD) - 2016/12/05 16:28:28 ET
Table 'Radegast' 6-max Seat #3 is the button
Seat 3: LifeisagameX ($101.50 in chips)
Seat 4: Actionni13 ($251.40 in chips)
LifeisagameX: posts small blind $1
Actionni13: posts big blind $3
*** HOLE CARDS ***
LifeisagameX: raises $3 to $6
Actionni13: raises $3 to $9
LifeisagameX: calls $3
*** FLOP *** [Qc 9h Ts]
Actionni13: bets $3
LifeisagameX: calls $3
*** TURN *** [Qc 9h Ts] [Kc]
Actionni13: bets $6
LifeisagameX: raises $6 to $12
Actionni13: calls $6
*** RIVER *** [Qc 9h Ts Kc] [4c]
Actionni13: checks
LifeisagameX: bets $6
Actionni13: calls $6
*** SHOW DOWN ***
LifeisagameX: shows [3h Jd] (a straight, Nine to King)
Actionni13: mucks hand
LifeisagameX collected $59.50 from pot
*** SUMMARY ***
Total pot $60 | Rake $0.50
Board [Qc 9h Ts Kc 4c]
Seat 3: LifeisagameX (button) (small blind) showed [3h Jd] and won ($59.50) with a straight, Nine to King
Seat 4: Actionni13 (big blind) mucked


PokerStars Hand #162472145570:  Hold'em Limit ($3/$6 USD) - 2016/12/05 16:27:51 ET
Table 'Radegast' 6-max Seat #4 is the button
Seat 3: LifeisagameX ($84 in chips)
Seat 4: Actionni13 ($269.40 in chips)
Actionni13: posts small blind $1
LifeisagameX: posts big blind $3
*** HOLE CARDS ***
Actionni13: raises $3 to $6
LifeisagameX: calls $3
*** FLOP *** [Kh 5h 8c]
LifeisagameX: checks
Actionni13: checks
*** TURN *** [Kh 5h 8c] [2h]
LifeisagameX: checks
Actionni13: bets $6
LifeisagameX: calls $6
*** RIVER *** [Kh 5h 8c 2h] [5c]
LifeisagameX: checks
Actionni13: bets $6
LifeisagameX: calls $6
*** SHOW DOWN ***
Actionni13: shows [6h 9s] (a pair of Fives)
LifeisagameX: shows [Qc Td] (a pair of Fives - King+Queen kicker)
LifeisagameX collected $35.50 from pot
*** SUMMARY ***
Total pot $36 | Rake $0.50
Board [Kh 5h 8c 2h 5c]
Seat 3: LifeisagameX (big blind) showed [Qc Td] and won ($35.50) with a pair of Fives
Seat 4: Actionni13 (button) (small blind) showed [6h 9s] and lost with a pair of Fives


PokerStars Hand #162472234009:  Hold'em Limit ($3/$6 USD) - 2016/12/05 16:29:17 ET
Table 'Radegast' 6-max Seat #4 is the button
Seat 3: LifeisagameX ($131 in chips)
Seat 4: Actionni13 ($221.40 in chips)
Actionni13: posts small blind $1
LifeisagameX: posts big blind $3
*** HOLE CARDS ***
Actionni13: folds
Uncalled bet ($2) returned to LifeisagameX
LifeisagameX collected $2 from pot
LifeisagameX: doesn't show hand
*** SUMMARY ***
Total pot $2 | Rake $0
Seat 3: LifeisagameX (big blind) collected ($2)
Seat 4: Actionni13 (button) (small blind) folded before Flop


PokerStars Hand #162472220878:  Hold'em Limit ($3/$6 USD) - 2016/12/05 16:29:05 ET
Table 'Radegast' 6-max Seat #4 is the button
Seat 3: LifeisagameX ($131 in chips)
Seat 4: Actionni13 ($221.40 in chips)
Actionni13: posts small blind $1
LifeisagameX: posts big blind $3
*** HOLE CARDS ***
Actionni13: folds
Uncalled bet ($2) returned to LifeisagameX
LifeisagameX collected $2 from pot
LifeisagameX: doesn't show hand
*** SUMMARY ***
Total pot $2 | Rake $0
Seat 3: LifeisagameX (big blind) collected ($2)
Seat 4: Actionni13 (button) (small blind) folded before Flop


PokerStars Hand #162472226171:  Hold'em Limit ($3/$6 USD) - 2016/12/05 16:29:10 ET
Table 'Radegast' 6-max Seat #3 is the button
Seat 3: LifeisagameX ($132 in chips)
Seat 4: Actionni13 ($220.40 in chips)
LifeisagameX: posts small blind $1
Actionni13: posts big blind $3
*** HOLE CARDS ***
LifeisagameX: folds
Uncalled bet ($2) returned to Actionni13
Actionni13 collected $2 from pot
Actionni13: doesn't show hand
*** SUMMARY ***
Total pot $2 | Rake $0
Seat 3: LifeisagameX (button) (small blind) folded before Flop
Seat 4: Actionni13 (big blind) collected ($2)


PokerStars Hand #162471674691:  Hold'em Limit ($3/$6 USD) - 2016/12/05 16:20:17 ET
Table 'Radegast' 6-max Seat #4 is the button
Seat 3: LifeisagameX ($87 in chips)
Seat 4: Actionni13 ($150 in chips)
Actionni13: posts small blind $1
LifeisagameX: posts big blind $3
*** HOLE CARDS ***
Actionni13: raises $3 to $6
LifeisagameX: raises $3 to $9
Actionni13: calls $3
*** FLOP *** [6c 4s 9d]
LifeisagameX: bets $3
Actionni13: raises $3 to $6
LifeisagameX: raises $3 to $9
Actionni13: calls $3
*** TURN *** [6c 4s 9d] [Kh]
LifeisagameX: bets $6
Actionni13: raises $6 to $12
LifeisagameX: calls $6
*** RIVER *** [6c 4s 9d Kh] [Jd]
LifeisagameX: checks
Actionni13: bets $6
LifeisagameX: calls $6
*** SHOW DOWN ***
Actionni13: shows [Tc Ks] (a pair of Kings)
LifeisagameX: mucks hand
Actionni13 collected $71.50 from pot
*** SUMMARY ***
Total pot $72 | Rake $0.50
Board [6c 4s 9d Kh Jd]
Seat 3: LifeisagameX (big blind) mucked
Seat 4: Actionni13 (button) (small blind) showed [Tc Ks] and won ($71.50) with a pair of Kings


PokerStars Hand #162471744477:  Hold'em Limit ($3/$6 USD) - 2016/12/05 16:21:24 ET
Table 'Radegast' 6-max Seat #3 is the button
Seat 3: LifeisagameX ($84 in chips)
Seat 4: Actionni13 ($185.50 in chips)
LifeisagameX: posts small blind $1
Actionni13: posts big blind $3
*** HOLE CARDS ***
LifeisagameX: raises $3 to $6
Actionni13: calls $3
*** FLOP *** [Ks 4h As]
Actionni13: checks
LifeisagameX: bets $3
Actionni13: calls $3
*** TURN *** [Ks 4h As] [9s]
Actionni13: bets $6
LifeisagameX: calls $6
*** RIVER *** [Ks 4h As 9s] [Qh]
Actionni13: checks
LifeisagameX: checks
*** SHOW DOWN ***
Actionni13: shows [5d 4c] (a pair of Fours)
LifeisagameX: mucks hand
Actionni13 collected $29.50 from pot
*** SUMMARY ***
Total pot $30 | Rake $0.50
Board [Ks 4h As 9s Qh]
Seat 3: LifeisagameX (button) (small blind) mucked
Seat 4: Actionni13 (big blind) showed [5d 4c] and won ($29.50) with a pair of Fours


PokerStars Hand #162471772406:  Hold'em Limit ($3/$6 USD) - 2016/12/05 16:21:51 ET
Table 'Radegast' 6-max Seat #4 is the button
Seat 3: LifeisagameX ($84 in chips)
Seat 4: Actionni13 ($200 in chips)
Actionni13: posts small blind $1
LifeisagameX: posts big blind $3
*** HOLE CARDS ***
Actionni13: raises $3 to $6
LifeisagameX: raises $3 to $9
Actionni13: calls $3
*** FLOP *** [Kc 3d 2h]
LifeisagameX: bets $3
Actionni13: calls $3
*** TURN *** [Kc 3d 2h] [Tc]
LifeisagameX: checks
Actionni13: checks
*** RIVER *** [Kc 3d 2h Tc] [3c]
LifeisagameX: bets $6
Actionni13: raises $6 to $12
LifeisagameX: calls $6
*** SHOW DOWN ***
Actionni13: shows [Jd Jc] (two pair, Jacks and Threes)
LifeisagameX: mucks hand
Actionni13 collected $47.50 from pot
*** SUMMARY ***
Total pot $48 | Rake $0.50
Board [Kc 3d 2h Tc 3c]
Seat 3: LifeisagameX (big blind) mucked
Seat 4: Actionni13 (button) (small blind) showed [Jd Jc] and won ($47.50) with two pair, Jacks and Threes


PokerStars Hand #162471805352:  Hold'em Limit ($3/$6 USD) - 2016/12/05 16:22:23 ET
Table 'Radegast' 6-max Seat #3 is the button
Seat 3: LifeisagameX ($84 in chips)
Seat 4: Actionni13 ($223.50 in chips)
LifeisagameX: posts small blind $1
Actionni13: posts big blind $3
*** HOLE CARDS ***
LifeisagameX: folds
Uncalled bet ($2) returned to Actionni13
Actionni13 collected $2 from pot
Actionni13: doesn't show hand
*** SUMMARY ***
Total pot $2 | Rake $0
Seat 3: LifeisagameX (button) (small blind) folded before Flop
Seat 4: Actionni13 (big blind) collected ($2)


PokerStars Hand #162471811825:  Hold'em Limit ($3/$6 USD) - 2016/12/05 16:22:29 ET
Table 'Radegast' 6-max Seat #4 is the button
Seat 3: LifeisagameX ($84 in chips)
Seat 4: Actionni13 ($224.50 in chips)
Actionni13: posts small blind $1
LifeisagameX: posts big blind $3
*** HOLE CARDS ***
Actionni13: raises $3 to $6
LifeisagameX: raises $3 to $9
Actionni13: calls $3
*** FLOP *** [4h Ah 2s]
LifeisagameX: bets $3
Actionni13: calls $3
*** TURN *** [4h Ah 2s] [5h]
LifeisagameX: checks
Actionni13: bets $6
LifeisagameX: calls $6
*** RIVER *** [4h Ah 2s 5h] [6s]
LifeisagameX: checks
Actionni13: checks
*** SHOW DOWN ***
LifeisagameX: shows [Kd 4d] (a pair of Fours)
Actionni13: shows [Jh 5c] (a pair of Fives)
Actionni13 collected $35.50 from pot
*** SUMMARY ***
Total pot $36 | Rake $0.50
Board [4h Ah 2s 5h 6s]
Seat 3: LifeisagameX (big blind) showed [Kd 4d] and lost with a pair of Fours
Seat 4: Actionni13 (button) (small blind) showed [Jh 5c] and won ($35.50) with a pair of Fives


PokerStars Hand #162471871234:  Hold'em Limit ($3/$6 USD) - 2016/12/05 16:23:26 ET
Table 'Radegast' 6-max Seat #3 is the button
Seat 3: LifeisagameX ($84 in chips)
Seat 4: Actionni13 ($242 in chips)
LifeisagameX: posts small blind $1
Actionni13: posts big blind $3
*** HOLE CARDS ***
LifeisagameX: raises $3 to $6
Actionni13: calls $3
*** FLOP *** [5d 3c 2s]
Actionni13: bets $3
LifeisagameX: calls $3
*** TURN *** [5d 3c 2s] [Ah]
Actionni13: bets $6
LifeisagameX: calls $6
*** RIVER *** [5d 3c 2s Ah] [3s]
Actionni13: checks
LifeisagameX: checks
*** SHOW DOWN ***
Actionni13: shows [7d 8h] (a pair of Threes)
LifeisagameX: shows [Ks 2c] (two pair, Threes and Deuces)
LifeisagameX collected $29.50 from pot
*** SUMMARY ***
Total pot $30 | Rake $0.50
Board [5d 3c 2s Ah 3s]
Seat 3: LifeisagameX (button) (small blind) showed [Ks 2c] and won ($29.50) with two pair, Threes and Deuces
Seat 4: Actionni13 (big blind) showed [7d 8h] and lost with a pair of Threes


PokerStars Hand #162471896137:  Hold'em Limit ($3/$6 USD) - 2016/12/05 16:23:50 ET
Table 'Radegast' 6-max Seat #4 is the button
Seat 3: LifeisagameX ($98.50 in chips)
Seat 4: Actionni13 ($227 in chips)
Actionni13: posts small blind $1
LifeisagameX: posts big blind $3
*** HOLE CARDS ***
Actionni13: raises $3 to $6
LifeisagameX: calls $3
*** FLOP *** [Ah 9h Qs]
LifeisagameX: checks
Actionni13: checks
*** TURN *** [Ah 9h Qs] [Qh]
LifeisagameX: checks
Actionni13: bets $6
LifeisagameX: calls $6
*** RIVER *** [Ah 9h Qs Qh] [Jd]
LifeisagameX: checks
Actionni13: checks
*** SHOW DOWN ***
LifeisagameX: shows [6c 9s] (two pair, Queens and Nines)
Actionni13: mucks hand
LifeisagameX collected $23.52 from pot
*** SUMMARY ***
Total pot $24 | Rake $0.48
Board [Ah 9h Qs Qh Jd]
Seat 3: LifeisagameX (big blind) showed [6c 9s] and won ($23.52) with two pair, Queens and Nines
Seat 4: Actionni13 (button) (small blind) mucked


PokerStars Hand #162471982559:  Hold'em Limit ($3/$6 USD) - 2016/12/05 16:25:13 ET
Table 'Radegast' 6-max Seat #4 is the button
Seat 3: LifeisagameX ($92.02 in chips)
Seat 4: Actionni13 ($232.50 in chips)
Actionni13: posts small blind $1
LifeisagameX: posts big blind $3
*** HOLE CARDS ***
Actionni13: raises $3 to $6
LifeisagameX: folds
Uncalled bet ($3) returned to Actionni13
Actionni13 collected $6 from pot
Actionni13: doesn't show hand
*** SUMMARY ***
Total pot $6 | Rake $0
Seat 3: LifeisagameX (big blind) folded before Flop
Seat 4: Actionni13 (button) (small blind) collected ($6)


PokerStars Hand #162472025217:  Hold'em Limit ($3/$6 USD) - 2016/12/05 16:25:54 ET
Table 'Radegast' 6-max Seat #4 is the button
Seat 3: LifeisagameX ($84 in chips)
Seat 4: Actionni13 ($241.26 in chips)
Actionni13: posts small blind $1
LifeisagameX: posts big blind $3
*** HOLE CARDS ***
Actionni13: raises $3 to $6
LifeisagameX: folds
Uncalled bet ($3) returned to Actionni13
Actionni13 collected $6 from pot
Actionni13: doesn't show hand
*** SUMMARY ***
Total pot $6 | Rake $0
Seat 3: LifeisagameX (big blind) folded before Flop
Seat 4: Actionni13 (button) (small blind) collected ($6)


PokerStars Hand #162471994523:  Hold'em Limit ($3/$6 USD) - 2016/12/05 16:25:25 ET
Table 'Radegast' 6-max Seat #3 is the button
Seat 3: LifeisagameX ($89.02 in chips)
Seat 4: Actionni13 ($235.50 in chips)
LifeisagameX: posts small blind $1
Actionni13: posts big blind $3
*** HOLE CARDS ***
LifeisagameX: raises $3 to $6
Actionni13: calls $3
*** FLOP *** [7c 9h 9d]
Actionni13: checks
LifeisagameX: checks
*** TURN *** [7c 9h 9d] [Ac]
Actionni13: bets $6
LifeisagameX: folds
Uncalled bet ($6) returned to Actionni13
Actionni13 collected $11.76 from pot
Actionni13: doesn't show hand
*** SUMMARY ***
Total pot $12 | Rake $0.24
Board [7c 9h 9d Ac]
Seat 3: LifeisagameX (button) (small blind) folded on the Turn
Seat 4: Actionni13 (big blind) collected ($11.76)


PokerStars Hand #162471940132:  Hold'em Limit ($3/$6 USD) - 2016/12/05 16:24:32 ET
Table 'Radegast' 6-max Seat #3 is the button
Seat 3: LifeisagameX ($110.02 in chips)
Seat 4: Actionni13 ($215 in chips)
LifeisagameX: posts small blind $1
Actionni13: posts big blind $3
*** HOLE CARDS ***
LifeisagameX: raises $3 to $6
Actionni13: raises $3 to $9
LifeisagameX: calls $3
*** FLOP *** [Kc 4d Th]
Actionni13: bets $3
LifeisagameX: calls $3
*** TURN *** [Kc 4d Th] [Qh]
Actionni13: bets $6
LifeisagameX: calls $6
*** RIVER *** [Kc 4d Th Qh] [Js]
Actionni13: checks
LifeisagameX: checks
*** SHOW DOWN ***
Actionni13: shows [Qs Jh] (two pair, Queens and Jacks)
LifeisagameX: mucks hand
Actionni13 collected $35.50 from pot
*** SUMMARY ***
Total pot $36 | Rake $0.50
Board [Kc 4d Th Qh Js]
Seat 3: LifeisagameX (button) (small blind) mucked
Seat 4: Actionni13 (big blind) showed [Qs Jh] and won ($35.50) with two pair, Queens and Jacks


PokerStars Hand #162472074444:  Hold'em Limit ($3/$6 USD) - 2016/12/05 16:26:42 ET
Table 'Radegast' 6-max Seat #4 is the button
Seat 3: LifeisagameX ($84 in chips)
Seat 4: Actionni13 ($252.90 in chips)
Actionni13: posts small blind $1
LifeisagameX: posts big blind $3
*** HOLE CARDS ***
Actionni13: folds
Uncalled bet ($2) returned to LifeisagameX
LifeisagameX collected $2 from pot
LifeisagameX: doesn't show hand
*** SUMMARY ***
Total pot $2 | Rake $0
Seat 3: LifeisagameX (big blind) collected ($2)
Seat 4: Actionni13 (button) (small blind) folded before Flop


PokerStars Hand #162472032168:  Hold'em Limit ($3/$6 USD) - 2016/12/05 16:26:01 ET
Table 'Radegast' 6-max Seat #3 is the button
Seat 3: LifeisagameX ($84 in chips)
Seat 4: Actionni13 ($244.26 in chips)
LifeisagameX: posts small blind $1
Actionni13: posts big blind $3
*** HOLE CARDS ***
LifeisagameX: raises $3 to $6
Actionni13: raises $3 to $9
LifeisagameX: calls $3
*** FLOP *** [7s 6h 9d]
Actionni13: checks
LifeisagameX: checks
*** TURN *** [7s 6h 9d] [Kh]
Actionni13: checks
LifeisagameX: checks
*** RIVER *** [7s 6h 9d Kh] [4d]
Actionni13: bets $6
LifeisagameX: folds
Uncalled bet ($6) returned to Actionni13
Actionni13 collected $17.64 from pot
Actionni13: doesn't show hand
*** SUMMARY ***
Total pot $18 | Rake $0.36
Board [7s 6h 9d Kh 4d]
Seat 3: LifeisagameX (button) (small blind) folded on the River
Seat 4: Actionni13 (big blind) collected ($17.64)


