PokerStars Hand #150047472065:  Hold'em Limit ($3/$6 USD) - 2016/03/08 15:12:39 ET
Table 'Rafita' 6-max Seat #6 is the button
Seat 3: Mudager ($120 in chips)
Seat 6: Paulllchen ($124.50 in chips)
Paulllchen: posts small blind $1
Mudager: posts big blind $3
*** HOLE CARDS ***
Paulllchen: folds
Uncalled bet ($2) returned to Mudager
Mudager collected $2 from pot
Mudager: doesn't show hand
*** SUMMARY ***
Total pot $2 | Rake $0
Seat 3: Mudager (big blind) collected ($2)
Seat 6: Paulllchen (button) (small blind) folded before Flop


PokerStars Hand #150047441694:  Hold'em Limit ($3/$6 USD) - 2016/03/08 15:12:06 ET
Table 'Rafita' 6-max Seat #3 is the button
Seat 3: Mudager ($125 in chips)
Seat 6: Paulllchen ($95 in chips)
Mudager: posts small blind $1
Paulllchen: posts big blind $3
*** HOLE CARDS ***
Mudager: raises $3 to $6
Paulllchen: raises $3 to $9
Mudager: calls $3
*** FLOP *** [3d Jd 2s]
Paulllchen: bets $3
Mudager: raises $3 to $6
Paulllchen: raises $3 to $9
Mudager: calls $3
*** TURN *** [3d Jd 2s] [Td]
Paulllchen: bets $6
Mudager: calls $6
*** RIVER *** [3d Jd 2s Td] [3s]
Paulllchen: bets $6
Mudager: calls $6
*** SHOW DOWN ***
Paulllchen: shows [Kd Ks] (two pair, Kings and Threes)
Mudager: mucks hand
Paulllchen collected $59.50 from pot
*** SUMMARY ***
Total pot $60 | Rake $0.50
Board [3d Jd 2s Td 3s]
Seat 3: Mudager (button) (small blind) mucked
Seat 6: Paulllchen (big blind) showed [Kd Ks] and won ($59.50) with two pair, Kings and Threes


PokerStars Hand #150047943777:  Hold'em Limit ($3/$6 USD) - 2016/03/08 15:20:59 ET
Table 'Rafita' 6-max Seat #3 is the button
Seat 3: Mudager ($125 in chips)
Seat 5: Paulllchen ($96 in chips)
Mudager: posts small blind $1
Paulllchen: posts big blind $3
*** HOLE CARDS ***
Mudager: folds
Uncalled bet ($2) returned to Paulllchen
Paulllchen collected $2 from pot
*** SUMMARY ***
Total pot $2 | Rake $0
Seat 3: Mudager (button) (small blind) folded before Flop
Seat 5: Paulllchen (big blind) collected ($2)


PokerStars Hand #150047934762:  Hold'em Limit ($3/$6 USD) - 2016/03/08 15:20:50 ET
Table 'Rafita' 6-max Seat #5 is the button
Seat 3: Mudager ($128 in chips)
Seat 5: Paulllchen ($93 in chips)
Paulllchen: posts small blind $1
Mudager: posts big blind $3
*** HOLE CARDS ***
mateuniooo30 joins the table at seat #2
Paulllchen: raises $3 to $6
Mudager: folds
Uncalled bet ($3) returned to Paulllchen
Paulllchen collected $6 from pot
*** SUMMARY ***
Total pot $6 | Rake $0
Seat 3: Mudager (big blind) folded before Flop
Seat 5: Paulllchen (button) (small blind) collected ($6)


PokerStars Hand #150047980526:  Hold'em Limit ($3/$6 USD) - 2016/03/08 15:21:39 ET
Table 'Rafita' 6-max Seat #5 is the button
Seat 2: mateuniooo30 ($584.43 in chips)
Seat 5: Paulllchen ($95 in chips)
Paulllchen: posts small blind $1
mateuniooo30: posts big blind $3
*** HOLE CARDS ***
Paulllchen: folds
Uncalled bet ($2) returned to mateuniooo30
Mudager leaves the table
mateuniooo30 collected $2 from pot
mateuniooo30: doesn't show hand
*** SUMMARY ***
Total pot $2 | Rake $0
Seat 2: mateuniooo30 (big blind) collected ($2)
Seat 5: Paulllchen (button) (small blind) folded before Flop


PokerStars Hand #150047975832:  Hold'em Limit ($3/$6 USD) - 2016/03/08 15:21:34 ET
Table 'Rafita' 6-max Seat #2 is the button
Seat 2: mateuniooo30 ($585.43 in chips)
Seat 5: Paulllchen ($94 in chips)
mateuniooo30: posts small blind $1
Mudager: is sitting out
Paulllchen: posts big blind $3
*** HOLE CARDS ***
mateuniooo30: folds
Uncalled bet ($2) returned to Paulllchen
Paulllchen collected $2 from pot
*** SUMMARY ***
Total pot $2 | Rake $0
Seat 2: mateuniooo30 (button) (small blind) folded before Flop
Seat 5: Paulllchen (big blind) collected ($2)


PokerStars Hand #150047985648:  Hold'em Limit ($3/$6 USD) - 2016/03/08 15:21:44 ET
Table 'Rafita' 6-max Seat #2 is the button
Seat 2: mateuniooo30 ($585.43 in chips)
Seat 5: Paulllchen ($94 in chips)
mateuniooo30: posts small blind $1
Paulllchen: posts big blind $3
*** HOLE CARDS ***
mateuniooo30: raises $3 to $6
Paulllchen: folds
Uncalled bet ($3) returned to mateuniooo30
mateuniooo30 collected $6 from pot
mateuniooo30: doesn't show hand
*** SUMMARY ***
Total pot $6 | Rake $0
Seat 2: mateuniooo30 (button) (small blind) collected ($6)
Seat 5: Paulllchen (big blind) folded before Flop


PokerStars Hand #150049383822:  Hold'em Limit ($3/$6 USD) - 2016/03/08 15:46:44 ET
Table 'Rafita' 6-max Seat #3 is the button
Seat 3: Guri_Japa ($485 in chips)
Seat 4: GRAILKO ($200 in chips)
Guri_Japa: posts small blind $1
GRAILKO: posts big blind $3
*** HOLE CARDS ***
robertass84 leaves the table
Guri_Japa: raises $3 to $6
GRAILKO: raises $3 to $9
Guri_Japa: raises $3 to $12
Betting is capped
GRAILKO: calls $3
*** FLOP *** [9h 4h Kh]
GRAILKO: checks
Guri_Japa: bets $3
GRAILKO: calls $3
*** TURN *** [9h 4h Kh] [4d]
GRAILKO: checks
Guri_Japa: checks
*** RIVER *** [9h 4h Kh 4d] [3s]
GRAILKO: bets $6
Guri_Japa: folds
Uncalled bet ($6) returned to GRAILKO
GRAILKO collected $29.50 from pot
GRAILKO: doesn't show hand
*** SUMMARY ***
Total pot $30 | Rake $0.50
Board [9h 4h Kh 4d 3s]
Seat 3: Guri_Japa (button) (small blind) folded on the River
Seat 4: GRAILKO (big blind) collected ($29.50)


PokerStars Hand #150049436969:  Hold'em Limit ($3/$6 USD) - 2016/03/08 15:47:40 ET
Table 'Rafita' 6-max Seat #3 is the button
Seat 3: Guri_Japa ($478.64 in chips)
Seat 4: GRAILKO ($205.50 in chips)
Guri_Japa: posts small blind $1
GRAILKO: posts big blind $3
*** HOLE CARDS ***
Guri_Japa: raises $3 to $6
GRAILKO: raises $3 to $9
Guri_Japa: calls $3
*** FLOP *** [9h 4d 2s]
GRAILKO: bets $3
Guri_Japa: calls $3
*** TURN *** [9h 4d 2s] [3s]
GRAILKO: bets $6
Guri_Japa: raises $6 to $12
GRAILKO: calls $6
*** RIVER *** [9h 4d 2s 3s] [2c]
GRAILKO: checks
Guri_Japa: bets $6
GRAILKO: calls $6
*** SHOW DOWN ***
Guri_Japa: shows [Ad 5d] (a straight, Ace to Five)
GRAILKO: mucks hand
Guri_Japa collected $59.50 from pot
*** SUMMARY ***
Total pot $60 | Rake $0.50
Board [9h 4d 2s 3s 2c]
Seat 3: Guri_Japa (button) (small blind) showed [Ad 5d] and won ($59.50) with a straight, Ace to Five
Seat 4: GRAILKO (big blind) mucked


PokerStars Hand #150049410210:  Hold'em Limit ($3/$6 USD) - 2016/03/08 15:47:11 ET
Table 'Rafita' 6-max Seat #4 is the button
Seat 3: Guri_Japa ($470 in chips)
Seat 4: GRAILKO ($214.50 in chips)
GRAILKO: posts small blind $1
Guri_Japa: posts big blind $3
*** HOLE CARDS ***
GRAILKO: raises $3 to $6
Guri_Japa: calls $3
*** FLOP *** [Kh 6h 6d]
Guri_Japa: checks
GRAILKO: bets $3
Guri_Japa: calls $3
*** TURN *** [Kh 6h 6d] [4h]
oregordog joins the table at seat #5
Guri_Japa: checks
GRAILKO: checks
*** RIVER *** [Kh 6h 6d 4h] [Ah]
Guri_Japa: bets $6
GRAILKO: folds
Uncalled bet ($6) returned to Guri_Japa
Guri_Japa collected $17.64 from pot
*** SUMMARY ***
Total pot $18 | Rake $0.36
Board [Kh 6h 6d 4h Ah]
Seat 3: Guri_Japa (big blind) collected ($17.64)
Seat 4: GRAILKO (button) (small blind) folded on the River


