PokerStars Hand #163498925689:  Hold'em Limit ($3/$6 USD) - 2016/12/25 11:59:21 ET
Table 'Rafita' 6-max Seat #1 is the button
Seat 1: LifeisagameX ($84 in chips)
Seat 2: leonthelion9 ($99.75 in chips)
LifeisagameX: posts small blind $1
leonthelion9: posts big blind $3
*** HOLE CARDS ***
LifeisagameX: folds
Uncalled bet ($2) returned to leonthelion9
leonthelion9 collected $2 from pot
leonthelion9: doesn't show hand
*** SUMMARY ***
Total pot $2 | Rake $0
Seat 1: LifeisagameX (button) (small blind) folded before Flop
Seat 2: leonthelion9 (big blind) collected ($2)


PokerStars Hand #163498887707:  Hold'em Limit ($3/$6 USD) - 2016/12/25 11:58:23 ET
Table 'Rafita' 6-max Seat #2 is the button
Seat 1: LifeisagameX ($84 in chips)
Seat 2: leonthelion9 ($73.25 in chips)
leonthelion9: posts small blind $1
LifeisagameX: posts big blind $3
*** HOLE CARDS ***
leonthelion9: raises $3 to $6
LifeisagameX: calls $3
*** FLOP *** [Ks 5d 8h]
LifeisagameX: checks
leonthelion9: bets $3
LifeisagameX: calls $3
*** TURN *** [Ks 5d 8h] [Th]
LifeisagameX: checks
leonthelion9: bets $6
LifeisagameX: raises $6 to $12
leonthelion9: calls $6
*** RIVER *** [Ks 5d 8h Th] [Jd]
paptec joins the table at seat #3
LifeisagameX: bets $6
leonthelion9: calls $6
*** SHOW DOWN ***
LifeisagameX: shows [7s 4c] (high card King)
leonthelion9: shows [9c 8d] (a pair of Eights)
leonthelion9 collected $53.50 from pot
*** SUMMARY ***
Total pot $54 | Rake $0.50
Board [Ks 5d 8h Th Jd]
Seat 1: LifeisagameX (big blind) showed [7s 4c] and lost with high card King
Seat 2: leonthelion9 (button) (small blind) showed [9c 8d] and won ($53.50) with a pair of Eights


PokerStars Hand #163499054295:  Hold'em Limit ($3/$6 USD) - 2016/12/25 12:02:18 ET
Table 'Rafita' 6-max Seat #2 is the button
Seat 2: leonthelion9 ($96.85 in chips)
Seat 5: perten ($55.83 in chips)
leonthelion9: posts small blind $1
perten: posts big blind $3
*** HOLE CARDS ***
leonthelion9: raises $3 to $6
paptec leaves the table
perten: raises $3 to $9
leonthelion9: calls $3
*** FLOP *** [2c Qh 7s]
perten: bets $3
leonthelion9: calls $3
*** TURN *** [2c Qh 7s] [As]
perten: bets $6
leonthelion9: calls $6
*** RIVER *** [2c Qh 7s As] [Ad]
perten: bets $6
leonthelion9: calls $6
*** SHOW DOWN ***
perten: shows [Jd Ac] (three of a kind, Aces)
leonthelion9: mucks hand
perten collected $47.50 from pot
*** SUMMARY ***
Total pot $48 | Rake $0.50
Board [2c Qh 7s As Ad]
Seat 2: leonthelion9 (button) (small blind) mucked
Seat 5: perten (big blind) showed [Jd Ac] and won ($47.50) with three of a kind, Aces


PokerStars Hand #163499118030:  Hold'em Limit ($3/$6 USD) - 2016/12/25 12:03:36 ET
Table 'Rafita' 6-max Seat #5 is the button
Seat 2: leonthelion9 ($72.61 in chips)
Seat 5: perten ($79.09 in chips)
perten: posts small blind $1
leonthelion9: posts big blind $3
*** HOLE CARDS ***
perten: folds
Uncalled bet ($2) returned to leonthelion9
leonthelion9 collected $2 from pot
leonthelion9: doesn't show hand
*** SUMMARY ***
Total pot $2 | Rake $0
Seat 2: leonthelion9 (big blind) collected ($2)
Seat 5: perten (button) (small blind) folded before Flop


PokerStars Hand #163499105742:  Hold'em Limit ($3/$6 USD) - 2016/12/25 12:03:21 ET
Table 'Rafita' 6-max Seat #2 is the button
Seat 2: leonthelion9 ($66.85 in chips)
Seat 5: perten ($85.09 in chips)
leonthelion9: posts small blind $1
perten: posts big blind $3
*** HOLE CARDS ***
leonthelion9: raises $3 to $6
perten: calls $3
*** FLOP *** [9h 9s Jd]
perten: checks
leonthelion9: bets $3
perten: folds
Uncalled bet ($3) returned to leonthelion9
leonthelion9 collected $11.76 from pot
leonthelion9: doesn't show hand
*** SUMMARY ***
Total pot $12 | Rake $0.24
Board [9h 9s Jd]
Seat 2: leonthelion9 (button) (small blind) collected ($11.76)
Seat 5: perten (big blind) folded on the Flop


PokerStars Hand #163499101010:  Hold'em Limit ($3/$6 USD) - 2016/12/25 12:03:15 ET
Table 'Rafita' 6-max Seat #5 is the button
Seat 2: leonthelion9 ($65.85 in chips)
Seat 5: perten ($86.09 in chips)
perten: posts small blind $1
leonthelion9: posts big blind $3
*** HOLE CARDS ***
perten: folds
Uncalled bet ($2) returned to leonthelion9
leonthelion9 collected $2 from pot
leonthelion9: doesn't show hand
*** SUMMARY ***
Total pot $2 | Rake $0
Seat 2: leonthelion9 (big blind) collected ($2)
Seat 5: perten (button) (small blind) folded before Flop


PokerStars Hand #163499096615:  Hold'em Limit ($3/$6 USD) - 2016/12/25 12:03:10 ET
Table 'Rafita' 6-max Seat #2 is the button
Seat 2: leonthelion9 ($66.85 in chips)
Seat 5: perten ($85.09 in chips)
leonthelion9: posts small blind $1
perten: posts big blind $3
*** HOLE CARDS ***
leonthelion9: folds
Uncalled bet ($2) returned to perten
perten collected $2 from pot
perten: doesn't show hand
*** SUMMARY ***
Total pot $2 | Rake $0
Seat 2: leonthelion9 (button) (small blind) folded before Flop
Seat 5: perten (big blind) collected ($2)


PokerStars Hand #163499080631:  Hold'em Limit ($3/$6 USD) - 2016/12/25 12:02:50 ET
Table 'Rafita' 6-max Seat #5 is the button
Seat 2: leonthelion9 ($72.85 in chips)
Seat 5: perten ($79.33 in chips)
perten: posts small blind $1
leonthelion9: posts big blind $3
*** HOLE CARDS ***
perten: raises $3 to $6
leonthelion9: calls $3
*** FLOP *** [5d 9h Qs]
leonthelion9: checks
perten: bets $3
leonthelion9: folds
Uncalled bet ($3) returned to perten
perten collected $11.76 from pot
perten: doesn't show hand
*** SUMMARY ***
Total pot $12 | Rake $0.24
Board [5d 9h Qs]
Seat 2: leonthelion9 (big blind) folded on the Flop
Seat 5: perten (button) (small blind) collected ($11.76)


PokerStars Hand #163499076048:  Hold'em Limit ($3/$6 USD) - 2016/12/25 12:02:44 ET
Table 'Rafita' 6-max Seat #2 is the button
Seat 2: leonthelion9 ($73.85 in chips)
Seat 5: perten ($78.33 in chips)
leonthelion9: posts small blind $1
perten: posts big blind $3
*** HOLE CARDS ***
leonthelion9: folds
Uncalled bet ($2) returned to perten
perten collected $2 from pot
perten: doesn't show hand
*** SUMMARY ***
Total pot $2 | Rake $0
Seat 2: leonthelion9 (button) (small blind) folded before Flop
Seat 5: perten (big blind) collected ($2)


PokerStars Hand #163499071859:  Hold'em Limit ($3/$6 USD) - 2016/12/25 12:02:39 ET
Table 'Rafita' 6-max Seat #5 is the button
Seat 2: leonthelion9 ($72.85 in chips)
Seat 5: perten ($79.33 in chips)
perten: posts small blind $1
leonthelion9: posts big blind $3
*** HOLE CARDS ***
perten: folds
Uncalled bet ($2) returned to leonthelion9
leonthelion9 said, "foff"
leonthelion9 collected $2 from pot
leonthelion9: doesn't show hand
*** SUMMARY ***
Total pot $2 | Rake $0
Seat 2: leonthelion9 (big blind) collected ($2)
Seat 5: perten (button) (small blind) folded before Flop


PokerStars Hand #163499143889:  Hold'em Limit ($3/$6 USD) - 2016/12/25 12:04:07 ET
Table 'Rafita' 6-max Seat #5 is the button
Seat 2: leonthelion9 ($64.61 in chips)
Seat 5: perten ($86.73 in chips)
perten: posts small blind $1
leonthelion9: posts big blind $3
*** HOLE CARDS ***
perten: raises $3 to $6
leonthelion9: raises $3 to $9
perten: calls $3
*** FLOP *** [Kd Ac 8d]
leonthelion9: bets $3
perten: calls $3
*** TURN *** [Kd Ac 8d] [7d]
leonthelion9: bets $6
perten: folds
Uncalled bet ($6) returned to leonthelion9
leonthelion9 collected $23.52 from pot
leonthelion9: doesn't show hand
*** SUMMARY ***
Total pot $24 | Rake $0.48
Board [Kd Ac 8d 7d]
Seat 2: leonthelion9 (big blind) collected ($23.52)
Seat 5: perten (button) (small blind) folded on the Turn


PokerStars Hand #163499122154:  Hold'em Limit ($3/$6 USD) - 2016/12/25 12:03:41 ET
Table 'Rafita' 6-max Seat #2 is the button
Seat 2: leonthelion9 ($73.61 in chips)
Seat 5: perten ($78.09 in chips)
leonthelion9: posts small blind $1
perten: posts big blind $3
*** HOLE CARDS ***
leonthelion9: raises $3 to $6
perten: raises $3 to $9
leonthelion9: calls $3
*** FLOP *** [6c 4c Tc]
perten: bets $3
leonthelion9: folds
Uncalled bet ($3) returned to perten
perten collected $17.64 from pot
perten: doesn't show hand
*** SUMMARY ***
Total pot $18 | Rake $0.36
Board [6c 4c Tc]
Seat 2: leonthelion9 (button) (small blind) folded on the Flop
Seat 5: perten (big blind) collected ($17.64)


PokerStars Hand #163499180682:  Hold'em Limit ($3/$6 USD) - 2016/12/25 12:04:51 ET
Table 'Rafita' 6-max Seat #5 is the button
Seat 2: leonthelion9 ($75.88 in chips)
Seat 5: perten ($74.48 in chips)
perten: posts small blind $1
leonthelion9: posts big blind $3
*** HOLE CARDS ***
perten: raises $3 to $6
leonthelion9: calls $3
*** FLOP *** [7h Kc Th]
leonthelion9: checks
perten: bets $3
leonthelion9: raises $3 to $6
perten: calls $3
*** TURN *** [7h Kc Th] [Ts]
leonthelion9: bets $6
perten: folds
Uncalled bet ($6) returned to leonthelion9
leonthelion9 collected $23.52 from pot
leonthelion9: doesn't show hand
*** SUMMARY ***
Total pot $24 | Rake $0.48
Board [7h Kc Th Ts]
Seat 2: leonthelion9 (big blind) collected ($23.52)
Seat 5: perten (button) (small blind) folded on the Turn


PokerStars Hand #163499158898:  Hold'em Limit ($3/$6 USD) - 2016/12/25 12:04:25 ET
Table 'Rafita' 6-max Seat #2 is the button
Seat 2: leonthelion9 ($76.13 in chips)
Seat 5: perten ($74.73 in chips)
leonthelion9: posts small blind $1
perten: posts big blind $3
*** HOLE CARDS ***
leonthelion9: raises $3 to $6
perten: raises $3 to $9
vestimokrec joins the table at seat #3
leonthelion9: calls $3
*** FLOP *** [6h 7h 5c]
perten: bets $3
leonthelion9: calls $3
*** TURN *** [6h 7h 5c] [6s]
perten: bets $6
leonthelion9: calls $6
*** RIVER *** [6h 7h 5c 6s] [Kd]
perten: bets $6
leonthelion9: calls $6
*** SHOW DOWN ***
perten: shows [Th As] (a pair of Sixes)
leonthelion9: shows [Ah Td] (a pair of Sixes)
perten collected $23.75 from pot
leonthelion9 collected $23.75 from pot
*** SUMMARY ***
Total pot $48 | Rake $0.50
Board [6h 7h 5c 6s Kd]
Seat 2: leonthelion9 (button) (small blind) showed [Ah Td] and won ($23.75) with a pair of Sixes
Seat 5: perten (big blind) showed [Th As] and won ($23.75) with a pair of Sixes


PokerStars Hand #163507644194:  Hold'em Limit ($3/$6 USD) - 2016/12/25 14:39:25 ET
Table 'Rafita' 6-max Seat #5 is the button
Seat 1: Drik89 ($227.62 in chips)
Seat 5: kungsbjörn ($303.93 in chips)
kungsbjörn: posts small blind $1
Drik89: posts big blind $3
*** HOLE CARDS ***
kungsbjörn: folds
Uncalled bet ($2) returned to Drik89
Drik89 collected $2 from pot
Drik89: doesn't show hand
*** SUMMARY ***
Total pot $2 | Rake $0
Seat 1: Drik89 (big blind) collected ($2)
Seat 5: kungsbjörn (button) (small blind) folded before Flop


PokerStars Hand #163507637796:  Hold'em Limit ($3/$6 USD) - 2016/12/25 14:39:19 ET
Table 'Rafita' 6-max Seat #1 is the button
Seat 1: Drik89 ($228.62 in chips)
Seat 5: kungsbjörn ($302.93 in chips)
Drik89: posts small blind $1
kungsbjörn: posts big blind $3
*** HOLE CARDS ***
Drik89: folds
Uncalled bet ($2) returned to kungsbjörn
kungsbjörn collected $2 from pot
kungsbjörn: doesn't show hand
*** SUMMARY ***
Total pot $2 | Rake $0
Seat 1: Drik89 (button) (small blind) folded before Flop
Seat 5: kungsbjörn (big blind) collected ($2)


