PokerStars Hand #166294357640:  Hold'em Limit ($3/$6 USD) - 2017/02/16 9:56:21 ET
Table 'Ragazza' 6-max Seat #2 is the button
Seat 2: ELCapitano26 ($111 in chips)
Seat 4: krytalex ($176.64 in chips)
ELCapitano26: posts small blind $1
AzureCaper: is sitting out
krytalex: posts big blind $3
*** HOLE CARDS ***
ABATAPP leaves the table
ELCapitano26: folds
Uncalled bet ($2) returned to krytalex
krytalex collected $2 from pot
*** SUMMARY ***
Total pot $2 | Rake $0
Seat 2: ELCapitano26 (button) (small blind) folded before Flop
Seat 4: krytalex (big blind) collected ($2)


PokerStars Hand #166294361058:  Hold'em Limit ($3/$6 USD) - 2017/02/16 9:56:27 ET
Table 'Ragazza' 6-max Seat #4 is the button
Seat 2: ELCapitano26 ($110 in chips)
Seat 4: krytalex ($177.64 in chips)
krytalex: posts small blind $1
ELCapitano26: posts big blind $3
*** HOLE CARDS ***
krytalex: raises $3 to $6
ELCapitano26: calls $3
*** FLOP *** [3h 8s 4d]
ELCapitano26: checks
krytalex: bets $3
ELCapitano26: calls $3
*** TURN *** [3h 8s 4d] [7c]
ELCapitano26: checks
krytalex: bets $6
ELCapitano26: calls $6
*** RIVER *** [3h 8s 4d 7c] [6s]
ELCapitano26: checks
krytalex: checks
*** SHOW DOWN ***
ELCapitano26: shows [9d 7d] (a pair of Sevens)
krytalex: mucks hand
ELCapitano26 collected $29.50 from pot
*** SUMMARY ***
Total pot $30 | Rake $0.50
Board [3h 8s 4d 7c 6s]
Seat 2: ELCapitano26 (big blind) showed [9d 7d] and won ($29.50) with a pair of Sevens
Seat 4: krytalex (button) (small blind) mucked


PokerStars Hand #166294406354:  Hold'em Limit ($3/$6 USD) - 2017/02/16 9:57:47 ET
Table 'Ragazza' 6-max Seat #4 is the button
Seat 2: ELCapitano26 ($115.50 in chips)
Seat 4: krytalex ($171.28 in chips)
krytalex: posts small blind $1
ELCapitano26: posts big blind $3
*** HOLE CARDS ***
krytalex: raises $3 to $6
ELCapitano26: calls $3
*** FLOP *** [7s 9h As]
ELCapitano26: checks
krytalex: bets $3
ELCapitano26: calls $3
*** TURN *** [7s 9h As] [Ah]
ELCapitano26: checks
krytalex: bets $6
ELCapitano26: raises $6 to $12
krytalex: calls $6
*** RIVER *** [7s 9h As Ah] [6h]
ELCapitano26: bets $6
krytalex: raises $6 to $12
ELCapitano26: raises $6 to $18
krytalex: calls $6
*** SHOW DOWN ***
ELCapitano26: shows [Ac 6c] (a full house, Aces full of Sixes)
krytalex: mucks hand
ELCapitano26 collected $77.50 from pot
*** SUMMARY ***
Total pot $78 | Rake $0.50
Board [7s 9h As Ah 6h]
Seat 2: ELCapitano26 (big blind) showed [Ac 6c] and won ($77.50) with a full house, Aces full of Sixes
Seat 4: krytalex (button) (small blind) mucked


PokerStars Hand #166294389840:  Hold'em Limit ($3/$6 USD) - 2017/02/16 9:57:18 ET
Table 'Ragazza' 6-max Seat #2 is the button
Seat 2: ELCapitano26 ($124.50 in chips)
Seat 4: krytalex ($162.64 in chips)
ELCapitano26: posts small blind $1
krytalex: posts big blind $3
*** HOLE CARDS ***
AzureCaper leaves the table
ELCapitano26: calls $2
krytalex: raises $3 to $6
ELCapitano26: calls $3
*** FLOP *** [4h 4c 3c]
krytalex: bets $3
ELCapitano26: calls $3
*** TURN *** [4h 4c 3c] [Jc]
krytalex: bets $6
ELCapitano26: folds
Uncalled bet ($6) returned to krytalex
krytalex collected $17.64 from pot
*** SUMMARY ***
Total pot $18 | Rake $0.36
Board [4h 4c 3c Jc]
Seat 2: ELCapitano26 (button) (small blind) folded on the Turn
Seat 4: krytalex (big blind) collected ($17.64)


PokerStars Hand #166294447814:  Hold'em Limit ($3/$6 USD) - 2017/02/16 9:58:58 ET
Table 'Ragazza' 6-max Seat #4 is the button
Seat 2: ELCapitano26 ($156.88 in chips)
Seat 4: krytalex ($129.28 in chips)
krytalex: posts small blind $1
ELCapitano26: posts big blind $3
*** HOLE CARDS ***
krytalex: raises $3 to $6
ELCapitano26: calls $3
*** FLOP *** [3d 8h 6d]
ELCapitano26: bets $3
krytalex: raises $3 to $6
ELCapitano26: calls $3
*** TURN *** [3d 8h 6d] [Kc]
ELCapitano26: checks
krytalex: bets $6
ELCapitano26: calls $6
*** RIVER *** [3d 8h 6d Kc] [2c]
ELCapitano26: checks
krytalex: bets $6
ELCapitano26: calls $6
*** SHOW DOWN ***
krytalex: shows [8c Ks] (two pair, Kings and Eights)
ELCapitano26: mucks hand
krytalex collected $47.50 from pot
*** SUMMARY ***
Total pot $48 | Rake $0.50
Board [3d 8h 6d Kc 2c]
Seat 2: ELCapitano26 (big blind) mucked
Seat 4: krytalex (button) (small blind) showed [8c Ks] and won ($47.50) with two pair, Kings and Eights


PokerStars Hand #166294433569:  Hold'em Limit ($3/$6 USD) - 2017/02/16 9:58:34 ET
Table 'Ragazza' 6-max Seat #2 is the button
Seat 2: ELCapitano26 ($154 in chips)
Seat 4: krytalex ($132.28 in chips)
ELCapitano26: posts small blind $1
krytalex: posts big blind $3
*** HOLE CARDS ***
ELCapitano26: calls $2
krytalex: checks
*** FLOP *** [9d 6d 9h]
krytalex: checks
ELCapitano26: bets $3
ABATAPP joins the table at seat #3
krytalex: folds
Uncalled bet ($3) returned to ELCapitano26
ELCapitano26 collected $5.88 from pot
ELCapitano26: doesn't show hand
*** SUMMARY ***
Total pot $6 | Rake $0.12
Board [9d 6d 9h]
Seat 2: ELCapitano26 (button) (small blind) collected ($5.88)
Seat 4: krytalex (big blind) folded on the Flop


PokerStars Hand #166296028668:  Hold'em Limit ($3/$6 USD) - 2017/02/16 10:37:53 ET
Table 'Ragazza' 6-max Seat #3 is the button
Seat 3: ABATAPP ($56.92 in chips)
Seat 4: krytalex ($143.11 in chips)
ABATAPP: posts small blind $1
krytalex: posts big blind $3
*** HOLE CARDS ***
ABATAPP: raises $3 to $6
krytalex: calls $3
*** FLOP *** [2c Ad 3s]
krytalex: checks
ABATAPP: bets $3
krytalex: calls $3
*** TURN *** [2c Ad 3s] [8d]
krytalex: checks
ABATAPP: bets $6
krytalex: folds
Uncalled bet ($6) returned to ABATAPP
ABATAPP collected $17.64 from pot
ABATAPP: doesn't show hand
*** SUMMARY ***
Total pot $18 | Rake $0.36
Board [2c Ad 3s 8d]
Seat 3: ABATAPP (button) (small blind) collected ($17.64)
Seat 4: krytalex (big blind) folded on the Turn


PokerStars Hand #166296012086:  Hold'em Limit ($3/$6 USD) - 2017/02/16 10:37:29 ET
Table 'Ragazza' 6-max Seat #4 is the button
Seat 3: ABATAPP ($59.92 in chips)
Seat 4: krytalex ($140.11 in chips)
krytalex: posts small blind $1
boogi: is sitting out
ABATAPP: posts big blind $3
*** HOLE CARDS ***
boogi leaves the table
krytalex: raises $3 to $6
ABATAPP: folds
Uncalled bet ($3) returned to krytalex
krytalex collected $6 from pot
*** SUMMARY ***
Total pot $6 | Rake $0
Seat 3: ABATAPP (big blind) folded before Flop
Seat 4: krytalex (button) (small blind) collected ($6)


PokerStars Hand #166296096959:  Hold'em Limit ($3/$6 USD) - 2017/02/16 10:39:30 ET
Table 'Ragazza' 6-max Seat #3 is the button
Seat 3: ABATAPP ($74.20 in chips)
Seat 4: krytalex ($125.11 in chips)
ABATAPP: posts small blind $1
krytalex: posts big blind $3
*** HOLE CARDS ***
ABATAPP: raises $3 to $6
krytalex: folds
Uncalled bet ($3) returned to ABATAPP
ABATAPP collected $6 from pot
ABATAPP: doesn't show hand
*** SUMMARY ***
Total pot $6 | Rake $0
Seat 3: ABATAPP (button) (small blind) collected ($6)
Seat 4: krytalex (big blind) folded before Flop


PokerStars Hand #166296055640:  Hold'em Limit ($3/$6 USD) - 2017/02/16 10:38:31 ET
Table 'Ragazza' 6-max Seat #4 is the button
Seat 3: ABATAPP ($65.56 in chips)
Seat 4: krytalex ($134.11 in chips)
krytalex: posts small blind $1
DePokeraap was removed from the table for failing to post
ABATAPP: posts big blind $3
*** HOLE CARDS ***
krytalex: raises $3 to $6
ABATAPP: calls $3
*** FLOP *** [9d Ac Ad]
ABATAPP: checks
krytalex: bets $3
ABATAPP: calls $3
*** TURN *** [9d Ac Ad] [7d]
ABATAPP: checks
krytalex: checks
*** RIVER *** [9d Ac Ad 7d] [3d]
ABATAPP: bets $6
krytalex: folds
Uncalled bet ($6) returned to ABATAPP
ABATAPP collected $17.64 from pot
ABATAPP: doesn't show hand
*** SUMMARY ***
Total pot $18 | Rake $0.36
Board [9d Ac Ad 7d 3d]
Seat 3: ABATAPP (big blind) collected ($17.64)
Seat 4: krytalex (button) (small blind) folded on the River


PokerStars Hand #166296135645:  Hold'em Limit ($3/$6 USD) - 2017/02/16 10:40:22 ET
Table 'Ragazza' 6-max Seat #3 is the button
Seat 3: ABATAPP ($56.20 in chips)
Seat 4: krytalex ($142.61 in chips)
ABATAPP: posts small blind $1
krytalex: posts big blind $3
*** HOLE CARDS ***
ABATAPP: folds
Uncalled bet ($2) returned to krytalex
krytalex collected $2 from pot
*** SUMMARY ***
Total pot $2 | Rake $0
Seat 3: ABATAPP (button) (small blind) folded before Flop
Seat 4: krytalex (big blind) collected ($2)


PokerStars Hand #166296109122:  Hold'em Limit ($3/$6 USD) - 2017/02/16 10:39:47 ET
Table 'Ragazza' 6-max Seat #4 is the button
Seat 3: ABATAPP ($77.20 in chips)
Seat 4: krytalex ($122.11 in chips)
krytalex: posts small blind $1
ABATAPP: posts big blind $3
*** HOLE CARDS ***
krytalex: raises $3 to $6
ABATAPP: calls $3
*** FLOP *** [5d Td 2d]
ABATAPP: checks
krytalex: bets $3
ABATAPP: calls $3
*** TURN *** [5d Td 2d] [9c]
ABATAPP: checks
krytalex: bets $6
ABATAPP: calls $6
*** RIVER *** [5d Td 2d 9c] [As]
ABATAPP: checks
krytalex: bets $6
ABATAPP: calls $6
*** SHOW DOWN ***
krytalex: shows [4d 3d] (a flush, Ten high)
ABATAPP: mucks hand
krytalex collected $41.50 from pot
*** SUMMARY ***
Total pot $42 | Rake $0.50
Board [5d Td 2d 9c As]
Seat 3: ABATAPP (big blind) mucked
Seat 4: krytalex (button) (small blind) showed [4d 3d] and won ($41.50) with a flush, Ten high


PokerStars Hand #166296139529:  Hold'em Limit ($3/$6 USD) - 2017/02/16 10:40:27 ET
Table 'Ragazza' 6-max Seat #4 is the button
Seat 3: ABATAPP ($55.20 in chips)
Seat 4: krytalex ($143.61 in chips)
krytalex: posts small blind $1
ABATAPP: posts big blind $3
*** HOLE CARDS ***
krytalex: raises $3 to $6
ABATAPP: calls $3
*** FLOP *** [7s 2s 8s]
ABATAPP: checks
PedroBommeli joins the table at seat #6
krytalex: bets $3
ABATAPP: folds
Uncalled bet ($3) returned to krytalex
krytalex collected $11.76 from pot
*** SUMMARY ***
Total pot $12 | Rake $0.24
Board [7s 2s 8s]
Seat 3: ABATAPP (big blind) folded on the Flop
Seat 4: krytalex (button) (small blind) collected ($11.76)


PokerStars Hand #166296147831:  Hold'em Limit ($3/$6 USD) - 2017/02/16 10:40:39 ET
Table 'Ragazza' 6-max Seat #3 is the button
Seat 3: ABATAPP ($49.20 in chips)
Seat 4: krytalex ($149.37 in chips)
ABATAPP: posts small blind $1
krytalex: posts big blind $3
*** HOLE CARDS ***
ABATAPP: raises $3 to $6
krytalex: calls $3
*** FLOP *** [5s 6s Jd]
krytalex: checks
ABATAPP: bets $3
krytalex: calls $3
*** TURN *** [5s 6s Jd] [6d]
krytalex: checks
ABATAPP: checks
*** RIVER *** [5s 6s Jd 6d] [2h]
krytalex: checks
ABATAPP: checks
*** SHOW DOWN ***
krytalex: shows [4c Ah] (a pair of Sixes)
ABATAPP: shows [Ac Kd] (a pair of Sixes - Ace+King kicker)
ABATAPP collected $17.64 from pot
*** SUMMARY ***
Total pot $18 | Rake $0.36
Board [5s 6s Jd 6d 2h]
Seat 3: ABATAPP (button) (small blind) showed [Ac Kd] and won ($17.64) with a pair of Sixes
Seat 4: krytalex (big blind) showed [4c Ah] and lost with a pair of Sixes


PokerStars Hand #166296647754:  Hold'em Limit ($3/$6 USD) - 2017/02/16 10:52:25 ET
Table 'Ragazza' 6-max Seat #1 is the button
Seat 1: rascal_319 ($110.76 in chips)
Seat 4: krytalex ($126.96 in chips)
rascal_319: posts small blind $1
krytalex: posts big blind $3
*** HOLE CARDS ***
rascal_319: folds
Uncalled bet ($2) returned to krytalex
krytalex collected $2 from pot
*** SUMMARY ***
Total pot $2 | Rake $0
Seat 1: rascal_319 (button) (small blind) folded before Flop
Seat 4: krytalex (big blind) collected ($2)


PokerStars Hand #166296627494:  Hold'em Limit ($3/$6 USD) - 2017/02/16 10:51:57 ET
Table 'Ragazza' 6-max Seat #4 is the button
Seat 1: rascal_319 ($122.76 in chips)
Seat 4: krytalex ($115.44 in chips)
krytalex: posts small blind $1
rascal_319: posts big blind $3
*** HOLE CARDS ***
krytalex: raises $3 to $6
rascal_319: raises $3 to $9
krytalex: calls $3
*** FLOP *** [3c Qs 5d]
rascal_319: bets $3
krytalex: calls $3
*** TURN *** [3c Qs 5d] [Qc]
rascal_319: checks
krytalex: bets $6
rascal_319: folds
Uncalled bet ($6) returned to krytalex
krytalex collected $23.52 from pot
*** SUMMARY ***
Total pot $24 | Rake $0.48
Board [3c Qs 5d Qc]
Seat 1: rascal_319 (big blind) folded on the Turn
Seat 4: krytalex (button) (small blind) collected ($23.52)


PokerStars Hand #166296591984:  Hold'em Limit ($3/$6 USD) - 2017/02/16 10:51:07 ET
Table 'Ragazza' 6-max Seat #1 is the button
Seat 1: rascal_319 ($117 in chips)
Seat 4: krytalex ($121.44 in chips)
rascal_319: posts small blind $1
ABATAPP: is sitting out
krytalex: posts big blind $3
*** HOLE CARDS ***
ABATAPP leaves the table
rascal_319: raises $3 to $6
krytalex: calls $3
*** FLOP *** [Jc 2c Kh]
krytalex: checks
rascal_319: bets $3
krytalex: folds
Uncalled bet ($3) returned to rascal_319
rascal_319 collected $11.76 from pot
rascal_319: doesn't show hand
*** SUMMARY ***
Total pot $12 | Rake $0.24
Board [Jc 2c Kh]
Seat 1: rascal_319 (button) (small blind) collected ($11.76)
Seat 4: krytalex (big blind) folded on the Flop


