PokerStars Hand #160355324690:  Hold'em Limit ($3/$6 USD) - 2016/10/23 21:04:12 ET
Table 'Ragazza' 6-max Seat #3 is the button
Seat 2: Jordanovvv ($58.49 in chips)
Seat 3: Masqb ($158.39 in chips)
Masqb: posts small blind $1
Jordanovvv: posts big blind $3
*** HOLE CARDS ***
Masqb: raises $3 to $6
Jordanovvv: calls $3
*** FLOP *** [4s Td 7h]
Jordanovvv: checks
Masqb: bets $3
Jordanovvv: calls $3
*** TURN *** [4s Td 7h] [Ah]
Jordanovvv: checks
Masqb: bets $6
Jordanovvv: calls $6
*** RIVER *** [4s Td 7h Ah] [As]
Jordanovvv: checks
Masqb: checks
*** SHOW DOWN ***
Jordanovvv: shows [6h 7d] (two pair, Aces and Sevens)
Masqb: mucks hand
Jordanovvv collected $29.50 from pot
*** SUMMARY ***
Total pot $30 | Rake $0.50
Board [4s Td 7h Ah As]
Seat 2: Jordanovvv (big blind) showed [6h 7d] and won ($29.50) with two pair, Aces and Sevens
Seat 3: Masqb (button) (small blind) mucked


PokerStars Hand #160355355890:  Hold'em Limit ($3/$6 USD) - 2016/10/23 21:05:09 ET
Table 'Ragazza' 6-max Seat #2 is the button
Seat 2: Jordanovvv ($72.99 in chips)
Seat 3: Masqb ($143.39 in chips)
Jordanovvv: posts small blind $1
Masqb: posts big blind $3
*** HOLE CARDS ***
Jordanovvv: calls $2
Masqb: checks
*** FLOP *** [7h 7s Jh]
Masqb: checks
Jordanovvv: checks
*** TURN *** [7h 7s Jh] [6c]
Masqb: checks
Jordanovvv: checks
*** RIVER *** [7h 7s Jh 6c] [Jd]
Masqb: bets $6
Jordanovvv: calls $6
*** SHOW DOWN ***
Masqb: shows [4s 2h] (two pair, Jacks and Sevens)
Jordanovvv: shows [As 9s] (two pair, Jacks and Sevens - Ace kicker)
Jordanovvv collected $17.64 from pot
*** SUMMARY ***
Total pot $18 | Rake $0.36
Board [7h 7s Jh 6c Jd]
Seat 2: Jordanovvv (button) (small blind) showed [As 9s] and won ($17.64) with two pair, Jacks and Sevens
Seat 3: Masqb (big blind) showed [4s 2h] and lost with two pair, Jacks and Sevens


PokerStars Hand #160355370626:  Hold'em Limit ($3/$6 USD) - 2016/10/23 21:05:45 ET
Table 'Ragazza' 6-max Seat #3 is the button
Seat 2: Jordanovvv ($81.63 in chips)
Seat 3: Masqb ($134.39 in chips)
Masqb: posts small blind $1
Jordanovvv: posts big blind $3
*** HOLE CARDS ***
Masqb: raises $3 to $6
Jordanovvv: calls $3
*** FLOP *** [6s 7c Tc]
Jordanovvv: checks
Masqb: checks
*** TURN *** [6s 7c Tc] [9s]
Jordanovvv: checks
Masqb: checks
*** RIVER *** [6s 7c Tc 9s] [8d]
Jordanovvv: checks
Masqb: bets $6
Jordanovvv: calls $6
*** SHOW DOWN ***
Masqb: shows [3s Qc] (a straight, Six to Ten)
Jordanovvv: shows [8h Ks] (a straight, Six to Ten)
Jordanovvv collected $11.76 from pot
Masqb collected $11.76 from pot
*** SUMMARY ***
Total pot $24 | Rake $0.48
Board [6s 7c Tc 9s 8d]
Seat 2: Jordanovvv (big blind) showed [8h Ks] and won ($11.76) with a straight, Six to Ten
Seat 3: Masqb (button) (small blind) showed [3s Qc] and won ($11.76) with a straight, Six to Ten


PokerStars Hand #160355411436:  Hold'em Limit ($3/$6 USD) - 2016/10/23 21:07:23 ET
Table 'Ragazza' 6-max Seat #3 is the button
Seat 2: Jordanovvv ($95.89 in chips)
Seat 3: Masqb ($119.15 in chips)
Masqb: posts small blind $1
Jordanovvv: posts big blind $3
*** HOLE CARDS ***
Masqb: folds
Uncalled bet ($2) returned to Jordanovvv
Jordanovvv collected $2 from pot
Jordanovvv: doesn't show hand
*** SUMMARY ***
Total pot $2 | Rake $0
Seat 2: Jordanovvv (big blind) collected ($2)
Seat 3: Masqb (button) (small blind) folded before Flop


PokerStars Hand #160355391018:  Hold'em Limit ($3/$6 USD) - 2016/10/23 21:06:34 ET
Table 'Ragazza' 6-max Seat #2 is the button
Seat 2: Jordanovvv ($81.39 in chips)
Seat 3: Masqb ($134.15 in chips)
Jordanovvv: posts small blind $1
Masqb: posts big blind $3
*** HOLE CARDS ***
Jordanovvv: calls $2
Masqb: checks
*** FLOP *** [4s 3s 9d]
Masqb: checks
Jordanovvv: checks
*** TURN *** [4s 3s 9d] [4d]
Masqb: bets $6
Jordanovvv: calls $6
*** RIVER *** [4s 3s 9d 4d] [Kc]
Masqb: bets $6
Jordanovvv: calls $6
*** SHOW DOWN ***
Masqb: shows [5c 6h] (a pair of Fours)
Jordanovvv: shows [2s 2d] (two pair, Fours and Deuces)
Jordanovvv collected $29.50 from pot
*** SUMMARY ***
Total pot $30 | Rake $0.50
Board [4s 3s 9d 4d Kc]
Seat 2: Jordanovvv (button) (small blind) showed [2s 2d] and won ($29.50) with two pair, Fours and Deuces
Seat 3: Masqb (big blind) showed [5c 6h] and lost with a pair of Fours


PokerStars Hand #160355446259:  Hold'em Limit ($3/$6 USD) - 2016/10/23 21:08:47 ET
Table 'Ragazza' 6-max Seat #2 is the button
Seat 2: Jordanovvv ($72.89 in chips)
Seat 3: Masqb ($141.53 in chips)
Jordanovvv: posts small blind $1
Masqb: posts big blind $3
*** HOLE CARDS ***
Jordanovvv: calls $2
Masqb: raises $3 to $6
Jordanovvv: calls $3
*** FLOP *** [7h Ks 5c]
Masqb: checks
Jordanovvv: bets $3
Masqb: calls $3
*** TURN *** [7h Ks 5c] [Qs]
Masqb: checks
Jordanovvv: bets $6
Masqb: folds
Uncalled bet ($6) returned to Jordanovvv
Jordanovvv collected $17.64 from pot
Jordanovvv: doesn't show hand
*** SUMMARY ***
Total pot $18 | Rake $0.36
Board [7h Ks 5c Qs]
Seat 2: Jordanovvv (button) (small blind) collected ($17.64)
Seat 3: Masqb (big blind) folded on the Turn


PokerStars Hand #160355423222:  Hold'em Limit ($3/$6 USD) - 2016/10/23 21:07:51 ET
Table 'Ragazza' 6-max Seat #3 is the button
Seat 2: Jordanovvv ($93.89 in chips)
Seat 3: Masqb ($121.03 in chips)
Masqb: posts small blind $1
Jordanovvv: posts big blind $3
*** HOLE CARDS ***
Masqb: raises $3 to $6
Jordanovvv: calls $3
*** FLOP *** [7d Th 2h]
Jordanovvv: checks
Masqb: bets $3
Jordanovvv: calls $3
*** TURN *** [7d Th 2h] [Ac]
Jordanovvv: checks
Masqb: checks
*** RIVER *** [7d Th 2h Ac] [8h]
Jordanovvv: bets $6
Masqb: raises $6 to $12
Jordanovvv: calls $6
*** SHOW DOWN ***
Masqb: shows [Jh 5h] (a flush, Jack high)
Jordanovvv: mucks hand
Masqb collected $41.50 from pot
*** SUMMARY ***
Total pot $42 | Rake $0.50
Board [7d Th 2h Ac 8h]
Seat 2: Jordanovvv (big blind) mucked
Seat 3: Masqb (button) (small blind) showed [Jh 5h] and won ($41.50) with a flush, Jack high


PokerStars Hand #160355458279:  Hold'em Limit ($3/$6 USD) - 2016/10/23 21:09:16 ET
Table 'Ragazza' 6-max Seat #3 is the button
Seat 2: Jordanovvv ($81.53 in chips)
Seat 3: Masqb ($132.53 in chips)
Masqb: posts small blind $1
Jordanovvv: posts big blind $3
*** HOLE CARDS ***
Masqb: raises $3 to $6
Jordanovvv: calls $3
*** FLOP *** [9s 6d 4d]
Jordanovvv: bets $3
Masqb: calls $3
*** TURN *** [9s 6d 4d] [2c]
Jordanovvv: checks
Masqb: bets $6
Jordanovvv: folds
Uncalled bet ($6) returned to Masqb
Masqb collected $17.64 from pot
Masqb: doesn't show hand
*** SUMMARY ***
Total pot $18 | Rake $0.36
Board [9s 6d 4d 2c]
Seat 2: Jordanovvv (big blind) folded on the Turn
Seat 3: Masqb (button) (small blind) collected ($17.64)


PokerStars Hand #160355466210:  Hold'em Limit ($3/$6 USD) - 2016/10/23 21:09:35 ET
Table 'Ragazza' 6-max Seat #2 is the button
Seat 2: Jordanovvv ($72.53 in chips)
Seat 3: Masqb ($141.17 in chips)
Jordanovvv: posts small blind $1
Masqb: posts big blind $3
*** HOLE CARDS ***
Jordanovvv: calls $2
Masqb: checks
*** FLOP *** [5s 8d 4h]
Masqb: checks
Jordanovvv: checks
*** TURN *** [5s 8d 4h] [Jc]
Masqb: checks
Jordanovvv: checks
*** RIVER *** [5s 8d 4h Jc] [8h]
Masqb: checks
Jordanovvv: checks
*** SHOW DOWN ***
Masqb: shows [7d Qc] (a pair of Eights)
Jordanovvv: mucks hand
Masqb collected $5.88 from pot
*** SUMMARY ***
Total pot $6 | Rake $0.12
Board [5s 8d 4h Jc 8h]
Seat 2: Jordanovvv (button) (small blind) mucked
Seat 3: Masqb (big blind) showed [7d Qc] and won ($5.88) with a pair of Eights


PokerStars Hand #160355475213:  Hold'em Limit ($3/$6 USD) - 2016/10/23 21:09:57 ET
Table 'Ragazza' 6-max Seat #3 is the button
Seat 2: Jordanovvv ($69.53 in chips)
Seat 3: Masqb ($144.05 in chips)
Masqb: posts small blind $1
Jordanovvv: posts big blind $3
*** HOLE CARDS ***
Masqb: raises $3 to $6
Jordanovvv: calls $3
*** FLOP *** [Qc 9d 6s]
Jordanovvv: checks
Masqb: bets $3
Jordanovvv: calls $3
*** TURN *** [Qc 9d 6s] [2s]
Jordanovvv: checks
Masqb: checks
*** RIVER *** [Qc 9d 6s 2s] [6c]
Jordanovvv: bets $6
Masqb: calls $6
*** SHOW DOWN ***
Jordanovvv: shows [Kc Ts] (a pair of Sixes)
Masqb: shows [Jh Kd] (a pair of Sixes - King+Queen+Jack kicker)
Masqb collected $29.50 from pot
*** SUMMARY ***
Total pot $30 | Rake $0.50
Board [Qc 9d 6s 2s 6c]
Seat 2: Jordanovvv (big blind) showed [Kc Ts] and lost with a pair of Sixes
Seat 3: Masqb (button) (small blind) showed [Jh Kd] and won ($29.50) with a pair of Sixes


PokerStars Hand #160355482844:  Hold'em Limit ($3/$6 USD) - 2016/10/23 21:10:16 ET
Table 'Ragazza' 6-max Seat #2 is the button
Seat 2: Jordanovvv ($54.53 in chips)
Seat 3: Masqb ($158.55 in chips)
Jordanovvv: posts small blind $1
Masqb: posts big blind $3
*** HOLE CARDS ***
Jordanovvv: calls $2
Masqb: checks
*** FLOP *** [Td 9d Ac]
Masqb: checks
Jordanovvv: checks
*** TURN *** [Td 9d Ac] [6c]
Masqb: checks
Jordanovvv: checks
*** RIVER *** [Td 9d Ac 6c] [8d]
Masqb: bets $6
Jordanovvv: folds
Uncalled bet ($6) returned to Masqb
Masqb collected $5.88 from pot
Masqb: doesn't show hand
*** SUMMARY ***
Total pot $6 | Rake $0.12
Board [Td 9d Ac 6c 8d]
Seat 2: Jordanovvv (button) (small blind) folded on the River
Seat 3: Masqb (big blind) collected ($5.88)


PokerStars Hand #160355498243:  Hold'em Limit ($3/$6 USD) - 2016/10/23 21:10:53 ET
Table 'Ragazza' 6-max Seat #3 is the button
Seat 2: Jordanovvv ($51.53 in chips)
Seat 3: Masqb ($161.43 in chips)
Masqb: posts small blind $1
Jordanovvv: posts big blind $3
*** HOLE CARDS ***
Masqb: folds
Uncalled bet ($2) returned to Jordanovvv
Jordanovvv collected $2 from pot
Jordanovvv: doesn't show hand
*** SUMMARY ***
Total pot $2 | Rake $0
Seat 2: Jordanovvv (big blind) collected ($2)
Seat 3: Masqb (button) (small blind) folded before Flop


PokerStars Hand #160355493629:  Hold'em Limit ($3/$6 USD) - 2016/10/23 21:10:42 ET
Table 'Ragazza' 6-max Seat #3 is the button
Seat 2: Jordanovvv ($51.53 in chips)
Seat 3: Masqb ($161.43 in chips)
Masqb: posts small blind $1
Jordanovvv: posts big blind $3
*** HOLE CARDS ***
Masqb: folds
Uncalled bet ($2) returned to Jordanovvv
Jordanovvv collected $2 from pot
Jordanovvv: doesn't show hand
*** SUMMARY ***
Total pot $2 | Rake $0
Seat 2: Jordanovvv (big blind) collected ($2)
Seat 3: Masqb (button) (small blind) folded before Flop


PokerStars Hand #160355508089:  Hold'em Limit ($3/$6 USD) - 2016/10/23 21:11:17 ET
Table 'Ragazza' 6-max Seat #3 is the button
Seat 2: Jordanovvv ($61.17 in chips)
Seat 3: Masqb ($151.43 in chips)
Masqb: posts small blind $1
Jordanovvv: posts big blind $3
*** HOLE CARDS ***
Masqb: raises $3 to $6
Jordanovvv: calls $3
*** FLOP *** [Jc Ts 5s]
Jordanovvv: checks
Masqb: checks
*** TURN *** [Jc Ts 5s] [Ac]
Jordanovvv: checks
Masqb: bets $6
Jordanovvv: folds
Uncalled bet ($6) returned to Masqb
Masqb collected $11.76 from pot
Masqb: doesn't show hand
*** SUMMARY ***
Total pot $12 | Rake $0.24
Board [Jc Ts 5s Ac]
Seat 2: Jordanovvv (big blind) folded on the Turn
Seat 3: Masqb (button) (small blind) collected ($11.76)


PokerStars Hand #160355500171:  Hold'em Limit ($3/$6 USD) - 2016/10/23 21:10:58 ET
Table 'Ragazza' 6-max Seat #2 is the button
Seat 2: Jordanovvv ($52.53 in chips)
Seat 3: Masqb ($160.43 in chips)
Jordanovvv: posts small blind $1
Masqb: posts big blind $3
*** HOLE CARDS ***
Jordanovvv: calls $2
Masqb: checks
*** FLOP *** [8h Qd Jh]
Masqb: checks
Jordanovvv: checks
*** TURN *** [8h Qd Jh] [5h]
Masqb: checks
Jordanovvv: checks
*** RIVER *** [8h Qd Jh 5h] [4d]
Masqb: bets $6
Jordanovvv: calls $6
*** SHOW DOWN ***
Masqb: shows [9h 8s] (a pair of Eights)
Jordanovvv: shows [8c Tc] (a pair of Eights - Queen+Jack+Ten kicker)
Jordanovvv collected $17.64 from pot
*** SUMMARY ***
Total pot $18 | Rake $0.36
Board [8h Qd Jh 5h 4d]
Seat 2: Jordanovvv (button) (small blind) showed [8c Tc] and won ($17.64) with a pair of Eights
Seat 3: Masqb (big blind) showed [9h 8s] and lost with a pair of Eights


PokerStars Hand #160355519985:  Hold'em Limit ($3/$6 USD) - 2016/10/23 21:11:46 ET
Table 'Ragazza' 6-max Seat #3 is the button
Seat 2: Jordanovvv ($54.17 in chips)
Seat 3: Masqb ($158.19 in chips)
Masqb: posts small blind $1
Jordanovvv: posts big blind $3
*** HOLE CARDS ***
Masqb: folds
Uncalled bet ($2) returned to Jordanovvv
Jordanovvv collected $2 from pot
Jordanovvv: doesn't show hand
*** SUMMARY ***
Total pot $2 | Rake $0
Seat 2: Jordanovvv (big blind) collected ($2)
Seat 3: Masqb (button) (small blind) folded before Flop


PokerStars Hand #160355529032:  Hold'em Limit ($3/$6 USD) - 2016/10/23 21:12:09 ET
Table 'Ragazza' 6-max Seat #3 is the button
Seat 2: Jordanovvv ($52.17 in chips)
Seat 3: Masqb ($160.07 in chips)
Masqb: posts small blind $1
Jordanovvv: posts big blind $3
*** HOLE CARDS ***
Masqb: raises $3 to $6
Jordanovvv: calls $3
*** FLOP *** [Qs Jh Qh]
Jordanovvv: checks
Masqb: bets $3
Jordanovvv: folds
Uncalled bet ($3) returned to Masqb
Masqb collected $11.76 from pot
Masqb: doesn't show hand
*** SUMMARY ***
Total pot $12 | Rake $0.24
Board [Qs Jh Qh]
Seat 2: Jordanovvv (big blind) folded on the Flop
Seat 3: Masqb (button) (small blind) collected ($11.76)


PokerStars Hand #160355549590:  Hold'em Limit ($3/$6 USD) - 2016/10/23 21:12:59 ET
Table 'Ragazza' 6-max Seat #3 is the button
Seat 2: Jordanovvv ($37.17 in chips)
Seat 3: Masqb ($174.47 in chips)
Masqb: posts small blind $1
Jordanovvv: posts big blind $3
*** HOLE CARDS ***
Masqb: raises $3 to $6
Jordanovvv: calls $3
*** FLOP *** [9s 7h Qc]
Jordanovvv: checks
Masqb: bets $3
Jordanovvv: calls $3
*** TURN *** [9s 7h Qc] [5s]
Jordanovvv: checks
Masqb: checks
*** RIVER *** [9s 7h Qc 5s] [Kd]
Jordanovvv: bets $6
Masqb: raises $6 to $12
Jordanovvv: calls $6
*** SHOW DOWN ***
Masqb: shows [Jh Kc] (a pair of Kings)
Jordanovvv: mucks hand
Masqb collected $41.50 from pot
*** SUMMARY ***
Total pot $42 | Rake $0.50
Board [9s 7h Qc 5s Kd]
Seat 2: Jordanovvv (big blind) mucked
Seat 3: Masqb (button) (small blind) showed [Jh Kc] and won ($41.50) with a pair of Kings


PokerStars Hand #160355533978:  Hold'em Limit ($3/$6 USD) - 2016/10/23 21:12:21 ET
Table 'Ragazza' 6-max Seat #2 is the button
Seat 2: Jordanovvv ($46.17 in chips)
Seat 3: Masqb ($165.83 in chips)
Jordanovvv: posts small blind $1
Masqb: posts big blind $3
*** HOLE CARDS ***
Jordanovvv: raises $3 to $6
Masqb: calls $3
*** FLOP *** [7h 9h Ks]
Masqb: checks
Jordanovvv: bets $3
Masqb: calls $3
*** TURN *** [7h 9h Ks] [8c]
Masqb: checks
Jordanovvv: checks
*** RIVER *** [7h 9h Ks 8c] [Ts]
Masqb: checks
Jordanovvv: checks
*** SHOW DOWN ***
Masqb: shows [Qd 9c] (a pair of Nines)
Jordanovvv: mucks hand
Masqb collected $17.64 from pot
*** SUMMARY ***
Total pot $18 | Rake $0.36
Board [7h 9h Ks 8c Ts]
Seat 2: Jordanovvv (button) (small blind) mucked
Seat 3: Masqb (big blind) showed [Qd 9c] and won ($17.64) with a pair of Nines


PokerStars Hand #160355687556:  Hold'em Limit ($3/$6 USD) - 2016/10/23 21:18:44 ET
Table 'Ragazza' 6-max Seat #4 is the button
Seat 3: Masqb ($194.97 in chips)
Seat 4: rubberjock ($48.65 in chips)
rubberjock: posts small blind $1
Masqb: posts big blind $3
*** HOLE CARDS ***
rubberjock: raises $3 to $6
Masqb: raises $3 to $9
rubberjock: calls $3
*** FLOP *** [4d 7d 3c]
Masqb: bets $3
rubberjock: calls $3
*** TURN *** [4d 7d 3c] [4s]
Masqb: bets $6
rubberjock: calls $6
*** RIVER *** [4d 7d 3c 4s] [9d]
Masqb: checks
rubberjock: checks
*** SHOW DOWN ***
Masqb: shows [6h Qh] (a pair of Fours)
rubberjock: mucks hand
Masqb collected $35.50 from pot
*** SUMMARY ***
Total pot $36 | Rake $0.50
Board [4d 7d 3c 4s 9d]
Seat 3: Masqb (big blind) showed [6h Qh] and won ($35.50) with a pair of Fours
Seat 4: rubberjock (button) (small blind) mucked


PokerStars Hand #160355699720:  Hold'em Limit ($3/$6 USD) - 2016/10/23 21:19:15 ET
Table 'Ragazza' 6-max Seat #3 is the button
Seat 3: Masqb ($212.47 in chips)
Seat 4: rubberjock ($30.65 in chips)
Masqb: posts small blind $1
rubberjock: posts big blind $3
*** HOLE CARDS ***
Masqb: raises $3 to $6
rubberjock: calls $3
*** FLOP *** [5c 7h 2d]
rubberjock: checks
Masqb: bets $3
rubberjock: folds
Uncalled bet ($3) returned to Masqb
Masqb collected $11.76 from pot
Masqb: doesn't show hand
*** SUMMARY ***
Total pot $12 | Rake $0.24
Board [5c 7h 2d]
Seat 3: Masqb (button) (small blind) collected ($11.76)
Seat 4: rubberjock (big blind) folded on the Flop


PokerStars Hand #160355706720:  Hold'em Limit ($3/$6 USD) - 2016/10/23 21:19:32 ET
Table 'Ragazza' 6-max Seat #4 is the button
Seat 3: Masqb ($218.23 in chips)
Seat 4: rubberjock ($24.65 in chips)
rubberjock: posts small blind $1
Masqb: posts big blind $3
*** HOLE CARDS ***
rubberjock: raises $3 to $6
Masqb: calls $3
*** FLOP *** [4d 2h 5s]
Masqb: checks
rubberjock: checks
*** TURN *** [4d 2h 5s] [9d]
Masqb: checks
rubberjock: checks
*** RIVER *** [4d 2h 5s 9d] [7c]
Masqb: checks
rubberjock: checks
*** SHOW DOWN ***
Masqb: shows [Jh 6h] (high card Jack)
rubberjock: shows [Ks 8s] (high card King)
rubberjock collected $11.76 from pot
*** SUMMARY ***
Total pot $12 | Rake $0.24
Board [4d 2h 5s 9d 7c]
Seat 3: Masqb (big blind) showed [Jh 6h] and lost with high card Jack
Seat 4: rubberjock (button) (small blind) showed [Ks 8s] and won ($11.76) with high card King


PokerStars Hand #160355714900:  Hold'em Limit ($3/$6 USD) - 2016/10/23 21:19:53 ET
Table 'Ragazza' 6-max Seat #3 is the button
Seat 3: Masqb ($212.23 in chips)
Seat 4: rubberjock ($30.41 in chips)
Masqb: posts small blind $1
rubberjock: posts big blind $3
*** HOLE CARDS ***
Masqb: raises $3 to $6
rubberjock: folds
Uncalled bet ($3) returned to Masqb
Masqb collected $6 from pot
Masqb: doesn't show hand
*** SUMMARY ***
Total pot $6 | Rake $0
Seat 3: Masqb (button) (small blind) collected ($6)
Seat 4: rubberjock (big blind) folded before Flop


PokerStars Hand #160355721685:  Hold'em Limit ($3/$6 USD) - 2016/10/23 21:20:11 ET
Table 'Ragazza' 6-max Seat #3 is the button
Seat 3: Masqb ($212.23 in chips)
Seat 4: rubberjock ($30.41 in chips)
Masqb: posts small blind $1
rubberjock: posts big blind $3
*** HOLE CARDS ***
Masqb: raises $3 to $6
rubberjock: calls $3
*** FLOP *** [As Ts 3s]
rubberjock: checks
Masqb: bets $3
rubberjock: raises $3 to $6
Masqb: calls $3
*** TURN *** [As Ts 3s] [8s]
rubberjock: bets $6
Masqb: calls $6
*** RIVER *** [As Ts 3s 8s] [9s]
rubberjock: bets $6
Masqb: calls $6
*** SHOW DOWN ***
rubberjock: shows [3h Tc] (a flush, Ace high)
Masqb: shows [6s 7h] (a flush, Ace high - Six higher)
Masqb collected $47.50 from pot
*** SUMMARY ***
Total pot $48 | Rake $0.50
Board [As Ts 3s 8s 9s]
Seat 3: Masqb (button) (small blind) showed [6s 7h] and won ($47.50) with a flush, Ace high
Seat 4: rubberjock (big blind) showed [3h Tc] and lost with a flush, Ace high


PokerStars Hand #160355717545:  Hold'em Limit ($3/$6 USD) - 2016/10/23 21:20:00 ET
Table 'Ragazza' 6-max Seat #4 is the button
Seat 3: Masqb ($215.23 in chips)
Seat 4: rubberjock ($27.41 in chips)
rubberjock: posts small blind $1
Masqb: posts big blind $3
*** HOLE CARDS ***
rubberjock: raises $3 to $6
Masqb: folds
Uncalled bet ($3) returned to rubberjock
rubberjock collected $6 from pot
rubberjock: doesn't show hand
*** SUMMARY ***
Total pot $6 | Rake $0
Seat 3: Masqb (big blind) folded before Flop
Seat 4: rubberjock (button) (small blind) collected ($6)


PokerStars Hand #160355737083:  Hold'em Limit ($3/$6 USD) - 2016/10/23 21:20:50 ET
Table 'Ragazza' 6-max Seat #4 is the button
Seat 3: Masqb ($235.73 in chips)
Seat 4: rubberjock ($6.41 in chips)
rubberjock: posts small blind $1
Masqb: posts big blind $3
*** HOLE CARDS ***
rubberjock: raises $3 to $6
Masqb: calls $3
*** FLOP *** [8c 5h 4h]
Masqb: checks
rubberjock: bets $0.41 and is all-in
Masqb: calls $0.41
*** TURN *** [8c 5h 4h] [9s]
*** RIVER *** [8c 5h 4h 9s] [8d]
*** SHOW DOWN ***
Masqb: shows [9d 5c] (two pair, Nines and Eights)
rubberjock: shows [Js 2c] (a pair of Eights)
Masqb collected $12.56 from pot
*** SUMMARY ***
Total pot $12.82 | Rake $0.26
Board [8c 5h 4h 9s 8d]
Seat 3: Masqb (big blind) showed [9d 5c] and won ($12.56) with two pair, Nines and Eights
Seat 4: rubberjock (button) (small blind) showed [Js 2c] and lost with a pair of Eights


