PokerStars Hand #155376314503:  Hold'em Limit ($3/$6 USD) - 2016/06/30 5:07:52 ET
Table 'Raissa' 10-max Seat #10 is the button
Seat 5: WOL2015 ($120 in chips)
Seat 10: MTails ($120 in chips)
MTails: posts small blind $1
WOL2015: posts big blind $3
*** HOLE CARDS ***
MTails: raises $3 to $6
WOL2015: calls $3
*** FLOP *** [Ad Kd 2c]
WOL2015: checks
MTails: bets $3
WOL2015: calls $3
*** TURN *** [Ad Kd 2c] [Kh]
WOL2015: checks
MTails: checks
*** RIVER *** [Ad Kd 2c Kh] [Qh]
WOL2015: checks
MTails: checks
*** SHOW DOWN ***
WOL2015: shows [Jc Th] (a straight, Ten to Ace)
MTails: mucks hand
WOL2015 collected $17.64 from pot
*** SUMMARY ***
Total pot $18 | Rake $0.36
Board [Ad Kd 2c Kh Qh]
Seat 5: WOL2015 (big blind) showed [Jc Th] and won ($17.64) with a straight, Ten to Ace
Seat 10: MTails (button) (small blind) mucked


PokerStars Hand #155376327014:  Hold'em Limit ($3/$6 USD) - 2016/06/30 5:08:29 ET
Table 'Raissa' 10-max Seat #5 is the button
Seat 5: WOL2015 ($128.64 in chips)
Seat 10: MTails ($111 in chips)
WOL2015: posts small blind $1
MTails: posts big blind $3
*** HOLE CARDS ***
WOL2015: raises $3 to $6
MTails: calls $3
*** FLOP *** [Kd 4c 7d]
MTails: checks
WOL2015: bets $3
MTails: calls $3
*** TURN *** [Kd 4c 7d] [Kh]
MTails: checks
WOL2015: bets $6
MTails: raises $6 to $12
WOL2015: calls $6
*** RIVER *** [Kd 4c 7d Kh] [5s]
MTails: bets $6
WOL2015: folds
Uncalled bet ($6) returned to MTails
MTails collected $41.50 from pot
*** SUMMARY ***
Total pot $42 | Rake $0.50
Board [Kd 4c 7d Kh 5s]
Seat 5: WOL2015 (button) (small blind) folded on the River
Seat 10: MTails (big blind) collected ($41.50)


PokerStars Hand #155376335737:  Hold'em Limit ($3/$6 USD) - 2016/06/30 5:08:55 ET
Table 'Raissa' 10-max Seat #10 is the button
Seat 5: WOL2015 ($107.64 in chips)
Seat 10: MTails ($131.50 in chips)
MTails: posts small blind $1
WOL2015: posts big blind $3
*** HOLE CARDS ***
MTails: raises $3 to $6
WOL2015: raises $3 to $9
MTails: calls $3
*** FLOP *** [Jd 4c 8s]
WOL2015: checks
MTails: bets $3
WOL2015: calls $3
*** TURN *** [Jd 4c 8s] [Ks]
WOL2015: checks
MTails: bets $6
WOL2015: raises $6 to $12
MTails: calls $6
*** RIVER *** [Jd 4c 8s Ks] [Ts]
WOL2015: bets $6
MTails: calls $6
*** SHOW DOWN ***
WOL2015: shows [Qc Qs] (a pair of Queens)
MTails: shows [Kh 7s] (a pair of Kings)
MTails collected $59.50 from pot
*** SUMMARY ***
Total pot $60 | Rake $0.50
Board [Jd 4c 8s Ks Ts]
Seat 5: WOL2015 (big blind) showed [Qc Qs] and lost with a pair of Queens
Seat 10: MTails (button) (small blind) showed [Kh 7s] and won ($59.50) with a pair of Kings


PokerStars Hand #155376343255:  Hold'em Limit ($3/$6 USD) - 2016/06/30 5:09:17 ET
Table 'Raissa' 10-max Seat #5 is the button
Seat 5: WOL2015 ($77.64 in chips)
Seat 10: MTails ($161 in chips)
WOL2015: posts small blind $1
MTails: posts big blind $3
*** HOLE CARDS ***
WOL2015: raises $3 to $6
MTails: calls $3
*** FLOP *** [6c 4h Ac]
MTails: checks
WOL2015: bets $3
MTails: raises $3 to $6
WOL2015: raises $3 to $9
MTails: calls $3
*** TURN *** [6c 4h Ac] [Ts]
MTails: checks
WOL2015: bets $6
MTails: raises $6 to $12
RockKillerTY joins the table at seat #6
WOL2015: calls $6
*** RIVER *** [6c 4h Ac Ts] [8c]
MTails: checks
WOL2015: bets $6
MTails: calls $6
*** SHOW DOWN ***
WOL2015: shows [2c Kc] (a flush, Ace high)
MTails: mucks hand
WOL2015 collected $65.50 from pot
*** SUMMARY ***
Total pot $66 | Rake $0.50
Board [6c 4h Ac Ts 8c]
Seat 5: WOL2015 (button) (small blind) showed [2c Kc] and won ($65.50) with a flush, Ace high
Seat 10: MTails (big blind) mucked


PokerStars Hand #155376351566:  Hold'em Limit ($3/$6 USD) - 2016/06/30 5:09:42 ET
Table 'Raissa' 10-max Seat #10 is the button
Seat 5: WOL2015 ($110.14 in chips)
Seat 10: MTails ($128 in chips)
MTails: posts small blind $1
WOL2015: posts big blind $3
*** HOLE CARDS ***
MTails: raises $3 to $6
WOL2015: raises $3 to $9
MTails: calls $3
*** FLOP *** [Ks 9s Qd]
WOL2015: bets $3
MTails: calls $3
*** TURN *** [Ks 9s Qd] [6c]
WOL2015: bets $6
MTails: raises $6 to $12
WOL2015: calls $6
*** RIVER *** [Ks 9s Qd 6c] [4h]
WOL2015: checks
MTails: bets $6
WOL2015: calls $6
*** SHOW DOWN ***
MTails: shows [6h Kd] (two pair, Kings and Sixes)
WOL2015: mucks hand
MTails collected $59.50 from pot
*** SUMMARY ***
Total pot $60 | Rake $0.50
Board [Ks 9s Qd 6c 4h]
Seat 5: WOL2015 (big blind) mucked
Seat 10: MTails (button) (small blind) showed [6h Kd] and won ($59.50) with two pair, Kings and Sixes


