PokerStars Hand #173776050507:  Hold'em Limit ($3/$6 USD) - 2017/08/01 1:37:30 ET
Table 'Raissa' 6-max Seat #3 is the button
Seat 2: nashmed99 ($472.07 in chips)
Seat 3: Scheubi88 ($143.26 in chips)
Scheubi88: posts small blind $1
nashmed99: posts big blind $3
*** HOLE CARDS ***
Scheubi88: raises $3 to $6
nashmed99: raises $3 to $9
Scheubi88: calls $3
*** FLOP *** [Qd 8h Ks]
nashmed99: checks
Scheubi88: checks
*** TURN *** [Qd 8h Ks] [3c]
nashmed99: checks
Scheubi88: bets $6
nashmed99: calls $6
*** RIVER *** [Qd 8h Ks 3c] [5c]
nashmed99: checks
Scheubi88: checks
*** SHOW DOWN ***
nashmed99: shows [Ac 7d] (high card Ace)
Scheubi88: shows [5d 9h] (a pair of Fives)
Scheubi88 collected $29.50 from pot
*** SUMMARY ***
Total pot $30 | Rake $0.50
Board [Qd 8h Ks 3c 5c]
Seat 2: nashmed99 (big blind) showed [Ac 7d] and lost with high card Ace
Seat 3: Scheubi88 (button) (small blind) showed [5d 9h] and won ($29.50) with a pair of Fives


PokerStars Hand #173776046469:  Hold'em Limit ($3/$6 USD) - 2017/08/01 1:37:12 ET
Table 'Raissa' 6-max Seat #2 is the button
Seat 2: nashmed99 ($466.31 in chips)
Seat 3: Scheubi88 ($149.26 in chips)
nashmed99: posts small blind $1
Scheubi88: posts big blind $3
*** HOLE CARDS ***
nashmed99: raises $3 to $6
Scheubi88: calls $3
*** FLOP *** [8s Qd 9h]
Scheubi88: checks
nashmed99: checks
*** TURN *** [8s Qd 9h] [4s]
Scheubi88: checks
nashmed99: checks
*** RIVER *** [8s Qd 9h 4s] [Jc]
Scheubi88: checks
nashmed99: checks
*** SHOW DOWN ***
Scheubi88: shows [7c 4h] (a pair of Fours)
nashmed99: shows [5s 5d] (a pair of Fives)
nashmed99 collected $11.76 from pot
*** SUMMARY ***
Total pot $12 | Rake $0.24
Board [8s Qd 9h 4s Jc]
Seat 2: nashmed99 (button) (small blind) showed [5s 5d] and won ($11.76) with a pair of Fives
Seat 3: Scheubi88 (big blind) showed [7c 4h] and lost with a pair of Fours


PokerStars Hand #173776043293:  Hold'em Limit ($3/$6 USD) - 2017/08/01 1:36:58 ET
Table 'Raissa' 6-max Seat #3 is the button
Seat 2: nashmed99 ($472.31 in chips)
Seat 3: Scheubi88 ($143.50 in chips)
Scheubi88: posts small blind $1
nashmed99: posts big blind $3
*** HOLE CARDS ***
Scheubi88: raises $3 to $6
nashmed99: calls $3
*** FLOP *** [4h Ac 6h]
nashmed99: checks
Scheubi88: checks
*** TURN *** [4h Ac 6h] [Qc]
nashmed99: checks
Scheubi88: checks
*** RIVER *** [4h Ac 6h Qc] [2s]
nashmed99: checks
Scheubi88: checks
*** SHOW DOWN ***
nashmed99: shows [8c Jd] (high card Ace)
Scheubi88: shows [Kd Ts] (high card Ace - King kicker)
Scheubi88 collected $11.76 from pot
*** SUMMARY ***
Total pot $12 | Rake $0.24
Board [4h Ac 6h Qc 2s]
Seat 2: nashmed99 (big blind) showed [8c Jd] and lost with high card Ace
Seat 3: Scheubi88 (button) (small blind) showed [Kd Ts] and won ($11.76) with high card Ace


PokerStars Hand #173776065968:  Hold'em Limit ($3/$6 USD) - 2017/08/01 1:38:37 ET
Table 'Raissa' 6-max Seat #2 is the button
Seat 2: nashmed99 ($444.59 in chips)
Seat 3: Scheubi88 ($169.02 in chips)
nashmed99: posts small blind $1
Scheubi88: posts big blind $3
*** HOLE CARDS ***
GoliafUa leaves the table
nashmed99: raises $3 to $6
Scheubi88: calls $3
*** FLOP *** [3h Kd As]
Scheubi88: checks
nashmed99: checks
*** TURN *** [3h Kd As] [Qh]
Scheubi88: checks
nashmed99: bets $6
Scheubi88: calls $6
*** RIVER *** [3h Kd As Qh] [Qs]
Scheubi88: checks
nashmed99: bets $6
Scheubi88: calls $6
*** SHOW DOWN ***
nashmed99: shows [8d 6c] (a pair of Queens)
Scheubi88: shows [4h 3c] (two pair, Queens and Threes)
Scheubi88 collected $35.50 from pot
*** SUMMARY ***
Total pot $36 | Rake $0.50
Board [3h Kd As Qh Qs]
Seat 2: nashmed99 (button) (small blind) showed [8d 6c] and lost with a pair of Queens
Seat 3: Scheubi88 (big blind) showed [4h 3c] and won ($35.50) with two pair, Queens and Threes


PokerStars Hand #173776064606:  Hold'em Limit ($3/$6 USD) - 2017/08/01 1:38:31 ET
Table 'Raissa' 6-max Seat #3 is the button
Seat 2: nashmed99 ($447.59 in chips)
Seat 3: Scheubi88 ($166.02 in chips)
Scheubi88: posts small blind $1
nashmed99: posts big blind $3
*** HOLE CARDS ***
Scheubi88: raises $3 to $6
nashmed99: folds
Uncalled bet ($3) returned to Scheubi88
Scheubi88 collected $6 from pot
Scheubi88: doesn't show hand
*** SUMMARY ***
Total pot $6 | Rake $0
Seat 2: nashmed99 (big blind) folded before Flop
Seat 3: Scheubi88 (button) (small blind) collected ($6)


PokerStars Hand #173776059274:  Hold'em Limit ($3/$6 USD) - 2017/08/01 1:38:07 ET
Table 'Raissa' 6-max Seat #3 is the button
Seat 2: nashmed99 ($442.07 in chips)
Seat 3: Scheubi88 ($172.26 in chips)
Scheubi88: posts small blind $1
nashmed99: posts big blind $3
*** HOLE CARDS ***
Scheubi88: raises $3 to $6
nashmed99: raises $3 to $9
Scheubi88: calls $3
*** FLOP *** [2c 4c 8h]
nashmed99: bets $3
Scheubi88: calls $3
*** TURN *** [2c 4c 8h] [Td]
nashmed99: bets $6
Scheubi88: folds
Uncalled bet ($6) returned to nashmed99
nashmed99 collected $23.52 from pot
nashmed99: doesn't show hand
*** SUMMARY ***
Total pot $24 | Rake $0.48
Board [2c 4c 8h Td]
Seat 2: nashmed99 (big blind) collected ($23.52)
Seat 3: Scheubi88 (button) (small blind) folded on the Turn


PokerStars Hand #173776055934:  Hold'em Limit ($3/$6 USD) - 2017/08/01 1:37:53 ET
Table 'Raissa' 6-max Seat #2 is the button
Seat 2: nashmed99 ($457.07 in chips)
Seat 3: Scheubi88 ($157.76 in chips)
nashmed99: posts small blind $1
Scheubi88: posts big blind $3
*** HOLE CARDS ***
nashmed99: raises $3 to $6
Scheubi88: calls $3
*** FLOP *** [4s Qh Js]
Scheubi88: checks
nashmed99: bets $3
Scheubi88: calls $3
*** TURN *** [4s Qh Js] [Jd]
Scheubi88: checks
nashmed99: bets $6
Scheubi88: calls $6
*** RIVER *** [4s Qh Js Jd] [Ad]
Scheubi88: checks
nashmed99: checks
*** SHOW DOWN ***
Scheubi88: shows [Ah 7c] (two pair, Aces and Jacks)
nashmed99: mucks hand
Scheubi88 collected $29.50 from pot
*** SUMMARY ***
Total pot $30 | Rake $0.50
Board [4s Qh Js Jd Ad]
Seat 2: nashmed99 (button) (small blind) mucked
Seat 3: Scheubi88 (big blind) showed [Ah 7c] and won ($29.50) with two pair, Aces and Jacks


PokerStars Hand #173776079953:  Hold'em Limit ($3/$6 USD) - 2017/08/01 1:39:37 ET
Table 'Raissa' 6-max Seat #2 is the button
Seat 2: nashmed99 ($401.09 in chips)
Seat 3: Scheubi88 ($210.30 in chips)
nashmed99: posts small blind $1
Scheubi88: posts big blind $3
*** HOLE CARDS ***
nashmed99: raises $3 to $6
Scheubi88: calls $3
*** FLOP *** [6d Ad 9d]
Scheubi88: checks
nashmed99: bets $3
Scheubi88: calls $3
*** TURN *** [6d Ad 9d] [Qc]
Scheubi88: checks
nashmed99: bets $6
Scheubi88: folds
Uncalled bet ($6) returned to nashmed99
nashmed99 collected $17.64 from pot
nashmed99: doesn't show hand
*** SUMMARY ***
Total pot $18 | Rake $0.36
Board [6d Ad 9d Qc]
Seat 2: nashmed99 (button) (small blind) collected ($17.64)
Seat 3: Scheubi88 (big blind) folded on the Turn


PokerStars Hand #173776077365:  Hold'em Limit ($3/$6 USD) - 2017/08/01 1:39:26 ET
Table 'Raissa' 6-max Seat #3 is the button
Seat 2: nashmed99 ($377.59 in chips)
Seat 3: Scheubi88 ($234.30 in chips)
Scheubi88: posts small blind $1
nashmed99: posts big blind $3
*** HOLE CARDS ***
Scheubi88: raises $3 to $6
nashmed99: raises $3 to $9
Scheubi88: calls $3
*** FLOP *** [4s 5d Tc]
nashmed99: bets $3
Scheubi88: calls $3
*** TURN *** [4s 5d Tc] [2s]
nashmed99: bets $6
Scheubi88: calls $6
*** RIVER *** [4s 5d Tc 2s] [As]
nashmed99: bets $6
Scheubi88: calls $6
*** SHOW DOWN ***
nashmed99: shows [Ah 2h] (two pair, Aces and Deuces)
Scheubi88: mucks hand
nashmed99 collected $47.50 from pot
*** SUMMARY ***
Total pot $48 | Rake $0.50
Board [4s 5d Tc 2s As]
Seat 2: nashmed99 (big blind) showed [Ah 2h] and won ($47.50) with two pair, Aces and Deuces
Seat 3: Scheubi88 (button) (small blind) mucked


PokerStars Hand #173776074792:  Hold'em Limit ($3/$6 USD) - 2017/08/01 1:39:15 ET
Table 'Raissa' 6-max Seat #2 is the button
Seat 2: nashmed99 ($389.59 in chips)
Seat 3: Scheubi88 ($222.78 in chips)
nashmed99: posts small blind $1
Scheubi88: posts big blind $3
*** HOLE CARDS ***
nashmed99: raises $3 to $6
Scheubi88: calls $3
*** FLOP *** [Kc 5c 7c]
Scheubi88: checks
nashmed99: checks
*** TURN *** [Kc 5c 7c] [4s]
Scheubi88: bets $6
nashmed99: calls $6
*** RIVER *** [Kc 5c 7c 4s] [7h]
Scheubi88: bets $6
nashmed99: folds
Uncalled bet ($6) returned to Scheubi88
Scheubi88 collected $23.52 from pot
Scheubi88: doesn't show hand
*** SUMMARY ***
Total pot $24 | Rake $0.48
Board [Kc 5c 7c 4s 7h]
Seat 2: nashmed99 (button) (small blind) folded on the River
Seat 3: Scheubi88 (big blind) collected ($23.52)


PokerStars Hand #173776073006:  Hold'em Limit ($3/$6 USD) - 2017/08/01 1:39:08 ET
Table 'Raissa' 6-max Seat #3 is the button
Seat 2: nashmed99 ($395.59 in chips)
Seat 3: Scheubi88 ($217.02 in chips)
Scheubi88: posts small blind $1
nashmed99: posts big blind $3
*** HOLE CARDS ***
Scheubi88: raises $3 to $6
nashmed99: calls $3
*** FLOP *** [6s Tc 6h]
nashmed99: checks
Scheubi88: bets $3
nashmed99: folds
Uncalled bet ($3) returned to Scheubi88
Scheubi88 collected $11.76 from pot
Scheubi88: doesn't show hand
*** SUMMARY ***
Total pot $12 | Rake $0.24
Board [6s Tc 6h]
Seat 2: nashmed99 (big blind) folded on the Flop
Seat 3: Scheubi88 (button) (small blind) collected ($11.76)


PokerStars Hand #173776071934:  Hold'em Limit ($3/$6 USD) - 2017/08/01 1:39:03 ET
Table 'Raissa' 6-max Seat #2 is the button
Seat 2: nashmed99 ($396.59 in chips)
Seat 3: Scheubi88 ($216.02 in chips)
nashmed99: posts small blind $1
Scheubi88: posts big blind $3
*** HOLE CARDS ***
nashmed99: folds
Uncalled bet ($2) returned to Scheubi88
Scheubi88 collected $2 from pot
Scheubi88: doesn't show hand
*** SUMMARY ***
Total pot $2 | Rake $0
Seat 2: nashmed99 (button) (small blind) folded before Flop
Seat 3: Scheubi88 (big blind) collected ($2)


PokerStars Hand #173776068721:  Hold'em Limit ($3/$6 USD) - 2017/08/01 1:38:49 ET
Table 'Raissa' 6-max Seat #3 is the button
Seat 2: nashmed99 ($426.59 in chips)
Seat 3: Scheubi88 ($186.52 in chips)
Scheubi88: posts small blind $1
nashmed99: posts big blind $3
*** HOLE CARDS ***
Scheubi88: raises $3 to $6
nashmed99: raises $3 to $9
Scheubi88: calls $3
*** FLOP *** [5s 5h Js]
nashmed99: bets $3
Scheubi88: calls $3
*** TURN *** [5s 5h Js] [5c]
nashmed99: bets $6
Scheubi88: raises $6 to $12
nashmed99: calls $6
*** RIVER *** [5s 5h Js 5c] [6h]
nashmed99: checks
Scheubi88: bets $6
nashmed99: calls $6
*** SHOW DOWN ***
Scheubi88: shows [7h Jh] (a full house, Fives full of Jacks)
nashmed99: mucks hand
Scheubi88 collected $59.50 from pot
*** SUMMARY ***
Total pot $60 | Rake $0.50
Board [5s 5h Js 5c 6h]
Seat 2: nashmed99 (big blind) mucked
Seat 3: Scheubi88 (button) (small blind) showed [7h Jh] and won ($59.50) with a full house, Fives full of Jacks


PokerStars Hand #173776092791:  Hold'em Limit ($3/$6 USD) - 2017/08/01 1:40:33 ET
Table 'Raissa' 6-max Seat #3 is the button
Seat 2: nashmed99 ($402.98 in chips)
Seat 3: Scheubi88 ($206.55 in chips)
Scheubi88: posts small blind $1
nashmed99: posts big blind $3
*** HOLE CARDS ***
Scheubi88: raises $3 to $6
nashmed99: calls $3
*** FLOP *** [5d Tc Ad]
nashmed99: checks
Scheubi88: bets $3
nashmed99: calls $3
*** TURN *** [5d Tc Ad] [3s]
nashmed99: checks
Scheubi88: checks
*** RIVER *** [5d Tc Ad 3s] [Qh]
nashmed99: bets $6
Scheubi88: raises $6 to $12
nashmed99: calls $6
*** SHOW DOWN ***
Scheubi88: shows [Kh Jd] (a straight, Ten to Ace)
nashmed99: mucks hand
Scheubi88 collected $41.50 from pot
*** SUMMARY ***
Total pot $42 | Rake $0.50
Board [5d Tc Ad 3s Qh]
Seat 2: nashmed99 (big blind) mucked
Seat 3: Scheubi88 (button) (small blind) showed [Kh Jd] and won ($41.50) with a straight, Ten to Ace


PokerStars Hand #173776089384:  Hold'em Limit ($3/$6 USD) - 2017/08/01 1:40:18 ET
Table 'Raissa' 6-max Seat #2 is the button
Seat 2: nashmed99 ($388.48 in chips)
Seat 3: Scheubi88 ($221.55 in chips)
nashmed99: posts small blind $1
Scheubi88: posts big blind $3
*** HOLE CARDS ***
nashmed99: raises $3 to $6
Scheubi88: calls $3
*** FLOP *** [2d 3c Js]
Scheubi88: checks
nashmed99: bets $3
Scheubi88: calls $3
*** TURN *** [2d 3c Js] [Ad]
Scheubi88: checks
nashmed99: bets $6
Scheubi88: calls $6
*** RIVER *** [2d 3c Js Ad] [3s]
Scheubi88: checks
nashmed99: checks
*** SHOW DOWN ***
Scheubi88: shows [Kh 9c] (a pair of Threes)
nashmed99: shows [Td Tc] (two pair, Tens and Threes)
nashmed99 collected $29.50 from pot
*** SUMMARY ***
Total pot $30 | Rake $0.50
Board [2d 3c Js Ad 3s]
Seat 2: nashmed99 (button) (small blind) showed [Td Tc] and won ($29.50) with two pair, Tens and Threes
Seat 3: Scheubi88 (big blind) showed [Kh 9c] and lost with a pair of Threes


PokerStars Hand #173776088122:  Hold'em Limit ($3/$6 USD) - 2017/08/01 1:40:13 ET
Table 'Raissa' 6-max Seat #3 is the button
Seat 2: nashmed99 ($391.48 in chips)
Seat 3: Scheubi88 ($218.55 in chips)
Scheubi88: posts small blind $1
nashmed99: posts big blind $3
*** HOLE CARDS ***
Scheubi88: raises $3 to $6
nashmed99: folds
Uncalled bet ($3) returned to Scheubi88
Scheubi88 collected $6 from pot
Scheubi88: doesn't show hand
*** SUMMARY ***
Total pot $6 | Rake $0
Seat 2: nashmed99 (big blind) folded before Flop
Seat 3: Scheubi88 (button) (small blind) collected ($6)


PokerStars Hand #173776084734:  Hold'em Limit ($3/$6 USD) - 2017/08/01 1:39:58 ET
Table 'Raissa' 6-max Seat #2 is the button
Seat 2: nashmed99 ($409.48 in chips)
Seat 3: Scheubi88 ($201.05 in chips)
nashmed99: posts small blind $1
Scheubi88: posts big blind $3
*** HOLE CARDS ***
nashmed99: raises $3 to $6
Scheubi88: calls $3
*** FLOP *** [7s 2h Ks]
Scheubi88: checks
nashmed99: checks
*** TURN *** [7s 2h Ks] [Qh]
Scheubi88: checks
nashmed99: bets $6
Scheubi88: calls $6
*** RIVER *** [7s 2h Ks Qh] [Td]
Scheubi88: checks
nashmed99: bets $6
Scheubi88: calls $6
*** SHOW DOWN ***
nashmed99: shows [4d 6h] (high card King)
Scheubi88: shows [8s Ts] (a pair of Tens)
Scheubi88 collected $35.50 from pot
*** SUMMARY ***
Total pot $36 | Rake $0.50
Board [7s 2h Ks Qh Td]
Seat 2: nashmed99 (button) (small blind) showed [4d 6h] and lost with high card King
Seat 3: Scheubi88 (big blind) showed [8s Ts] and won ($35.50) with a pair of Tens


PokerStars Hand #173776105810:  Hold'em Limit ($3/$6 USD) - 2017/08/01 1:41:29 ET
Table 'Raissa' 6-max Seat #3 is the button
Seat 2: nashmed99 ($369.74 in chips)
Seat 3: Scheubi88 ($238.45 in chips)
Scheubi88: posts small blind $1
nashmed99: posts big blind $3
*** HOLE CARDS ***
Scheubi88: raises $3 to $6
nashmed99: raises $3 to $9
Scheubi88: calls $3
*** FLOP *** [Qs 3c 3h]
nashmed99: bets $3
Scheubi88: calls $3
*** TURN *** [Qs 3c 3h] [Ks]
nashmed99: bets $6
Scheubi88: calls $6
*** RIVER *** [Qs 3c 3h Ks] [Js]
nashmed99: bets $6
Scheubi88: raises $6 to $12
nashmed99: calls $6
*** SHOW DOWN ***
Scheubi88: shows [Kd 2h] (two pair, Kings and Threes)
nashmed99: mucks hand
Scheubi88 collected $59.50 from pot
*** SUMMARY ***
Total pot $60 | Rake $0.50
Board [Qs 3c 3h Ks Js]
Seat 2: nashmed99 (big blind) mucked
Seat 3: Scheubi88 (button) (small blind) showed [Kd 2h] and won ($59.50) with two pair, Kings and Threes


PokerStars Hand #173776100782:  Hold'em Limit ($3/$6 USD) - 2017/08/01 1:41:07 ET
Table 'Raissa' 6-max Seat #2 is the button
Seat 2: nashmed99 ($369.98 in chips)
Seat 3: Scheubi88 ($238.69 in chips)
nashmed99: posts small blind $1
Scheubi88: posts big blind $3
*** HOLE CARDS ***
nashmed99: raises $3 to $6
Scheubi88: calls $3
*** FLOP *** [Jh Ah 4d]
Scheubi88: bets $3
nashmed99: raises $3 to $6
Scheubi88: calls $3
*** TURN *** [Jh Ah 4d] [4h]
Scheubi88: checks
nashmed99: checks
*** RIVER *** [Jh Ah 4d 4h] [Tc]
Scheubi88: checks
nashmed99: checks
*** SHOW DOWN ***
Scheubi88: shows [2c Kc] (a pair of Fours)
nashmed99: shows [2h Kd] (a pair of Fours)
Scheubi88 collected $11.76 from pot
nashmed99 collected $11.76 from pot
*** SUMMARY ***
Total pot $24 | Rake $0.48
Board [Jh Ah 4d 4h Tc]
Seat 2: nashmed99 (button) (small blind) showed [2h Kd] and won ($11.76) with a pair of Fours
Seat 3: Scheubi88 (big blind) showed [2c Kc] and won ($11.76) with a pair of Fours


PokerStars Hand #173776099399:  Hold'em Limit ($3/$6 USD) - 2017/08/01 1:41:01 ET
Table 'Raissa' 6-max Seat #3 is the button
Seat 2: nashmed99 ($372.98 in chips)
Seat 3: Scheubi88 ($235.69 in chips)
Scheubi88: posts small blind $1
nashmed99: posts big blind $3
*** HOLE CARDS ***
Scheubi88: raises $3 to $6
nashmed99: folds
Uncalled bet ($3) returned to Scheubi88
Scheubi88 collected $6 from pot
Scheubi88: doesn't show hand
*** SUMMARY ***
Total pot $6 | Rake $0
Seat 2: nashmed99 (big blind) folded before Flop
Seat 3: Scheubi88 (button) (small blind) collected ($6)


PokerStars Hand #173776096006:  Hold'em Limit ($3/$6 USD) - 2017/08/01 1:40:47 ET
Table 'Raissa' 6-max Seat #2 is the button
Seat 2: nashmed99 ($381.98 in chips)
Seat 3: Scheubi88 ($227.05 in chips)
nashmed99: posts small blind $1
Scheubi88: posts big blind $3
*** HOLE CARDS ***
nashmed99: raises $3 to $6
Scheubi88: raises $3 to $9
nashmed99: calls $3
*** FLOP *** [3h 6h 6d]
Scheubi88: checks
nashmed99: checks
*** TURN *** [3h 6h 6d] [7c]
Scheubi88: checks
nashmed99: checks
*** RIVER *** [3h 6h 6d 7c] [Kc]
Scheubi88: checks
nashmed99: checks
*** SHOW DOWN ***
Scheubi88: shows [Ah Jd] (a pair of Sixes)
nashmed99: mucks hand
Scheubi88 collected $17.64 from pot
*** SUMMARY ***
Total pot $18 | Rake $0.36
Board [3h 6h 6d 7c Kc]
Seat 2: nashmed99 (button) (small blind) mucked
Seat 3: Scheubi88 (big blind) showed [Ah Jd] and won ($17.64) with a pair of Sixes


PokerStars Hand #173776124063:  Hold'em Limit ($3/$6 USD) - 2017/08/01 1:42:49 ET
Table 'Raissa' 6-max Seat #3 is the button
Seat 2: nashmed99 ($309.50 in chips)
Seat 3: Scheubi88 ($296.71 in chips)
Scheubi88: posts small blind $1
nashmed99: posts big blind $3
*** HOLE CARDS ***
Scheubi88: folds
Uncalled bet ($2) returned to nashmed99
nashmed99 collected $2 from pot
nashmed99: doesn't show hand
*** SUMMARY ***
Total pot $2 | Rake $0
Seat 2: nashmed99 (big blind) collected ($2)
Seat 3: Scheubi88 (button) (small blind) folded before Flop


PokerStars Hand #173776120424:  Hold'em Limit ($3/$6 USD) - 2017/08/01 1:42:33 ET
Table 'Raissa' 6-max Seat #2 is the button
Seat 2: nashmed99 ($327.50 in chips)
Seat 3: Scheubi88 ($279.21 in chips)
nashmed99: posts small blind $1
Scheubi88: posts big blind $3
*** HOLE CARDS ***
nashmed99: raises $3 to $6
Scheubi88: calls $3
*** FLOP *** [8d Jc 6c]
Scheubi88: checks
nashmed99: checks
*** TURN *** [8d Jc 6c] [9c]
Scheubi88: bets $6
nashmed99: raises $6 to $12
Scheubi88: calls $6
*** RIVER *** [8d Jc 6c 9c] [5c]
Scheubi88: checks
nashmed99: checks
*** SHOW DOWN ***
Scheubi88: shows [Kc 8s] (a flush, King high)
nashmed99: mucks hand
Scheubi88 collected $35.50 from pot
*** SUMMARY ***
Total pot $36 | Rake $0.50
Board [8d Jc 6c 9c 5c]
Seat 2: nashmed99 (button) (small blind) mucked
Seat 3: Scheubi88 (big blind) showed [Kc 8s] and won ($35.50) with a flush, King high


PokerStars Hand #173776116965:  Hold'em Limit ($3/$6 USD) - 2017/08/01 1:42:18 ET
Table 'Raissa' 6-max Seat #3 is the button
Seat 2: nashmed99 ($342.50 in chips)
Seat 3: Scheubi88 ($264.71 in chips)
Scheubi88: posts small blind $1
nashmed99: posts big blind $3
*** HOLE CARDS ***
Scheubi88: raises $3 to $6
nashmed99: calls $3
*** FLOP *** [9s 5c Qc]
nashmed99: checks
Scheubi88: bets $3
nashmed99: calls $3
*** TURN *** [9s 5c Qc] [6c]
nashmed99: checks
Scheubi88: checks
*** RIVER *** [9s 5c Qc 6c] [3c]
nashmed99: bets $6
Scheubi88: raises $6 to $12
nashmed99: folds
Uncalled bet ($6) returned to Scheubi88
Scheubi88 collected $29.50 from pot
Scheubi88: doesn't show hand
*** SUMMARY ***
Total pot $30 | Rake $0.50
Board [9s 5c Qc 6c 3c]
Seat 2: nashmed99 (big blind) folded on the River
Seat 3: Scheubi88 (button) (small blind) collected ($29.50)


PokerStars Hand #173776115617:  Hold'em Limit ($3/$6 USD) - 2017/08/01 1:42:12 ET
Table 'Raissa' 6-max Seat #2 is the button
Seat 2: nashmed99 ($339.50 in chips)
Seat 3: Scheubi88 ($267.71 in chips)
nashmed99: posts small blind $1
Scheubi88: posts big blind $3
*** HOLE CARDS ***
nashmed99: raises $3 to $6
Scheubi88: folds
Uncalled bet ($3) returned to nashmed99
nashmed99 collected $6 from pot
nashmed99: doesn't show hand
*** SUMMARY ***
Total pot $6 | Rake $0
Seat 2: nashmed99 (button) (small blind) collected ($6)
Seat 3: Scheubi88 (big blind) folded before Flop


PokerStars Hand #173776113119:  Hold'em Limit ($3/$6 USD) - 2017/08/01 1:42:01 ET
Table 'Raissa' 6-max Seat #3 is the button
Seat 2: nashmed99 ($345.50 in chips)
Seat 3: Scheubi88 ($261.95 in chips)
Scheubi88: posts small blind $1
nashmed99: posts big blind $3
*** HOLE CARDS ***
Scheubi88: raises $3 to $6
nashmed99: calls $3
*** FLOP *** [4s As 4h]
nashmed99: checks
Scheubi88: checks
*** TURN *** [4s As 4h] [Jd]
nashmed99: checks
Scheubi88: checks
*** RIVER *** [4s As 4h Jd] [7s]
nashmed99: checks
Scheubi88: checks
*** SHOW DOWN ***
nashmed99: shows [Tc 8c] (a pair of Fours)
Scheubi88: shows [Qs 7h] (two pair, Sevens and Fours)
Scheubi88 collected $11.76 from pot
*** SUMMARY ***
Total pot $12 | Rake $0.24
Board [4s As 4h Jd 7s]
Seat 2: nashmed99 (big blind) showed [Tc 8c] and lost with a pair of Fours
Seat 3: Scheubi88 (button) (small blind) showed [Qs 7h] and won ($11.76) with two pair, Sevens and Fours


PokerStars Hand #173776108973:  Hold'em Limit ($3/$6 USD) - 2017/08/01 1:41:43 ET
Table 'Raissa' 6-max Seat #2 is the button
Seat 2: nashmed99 ($339.74 in chips)
Seat 3: Scheubi88 ($267.95 in chips)
nashmed99: posts small blind $1
Scheubi88: posts big blind $3
*** HOLE CARDS ***
nashmed99: raises $3 to $6
Scheubi88: calls $3
*** FLOP *** [6h Kc Tc]
Scheubi88: checks
nashmed99: bets $3
Scheubi88: folds
Uncalled bet ($3) returned to nashmed99
nashmed99 collected $11.76 from pot
nashmed99: doesn't show hand
*** SUMMARY ***
Total pot $12 | Rake $0.24
Board [6h Kc Tc]
Seat 2: nashmed99 (button) (small blind) collected ($11.76)
Seat 3: Scheubi88 (big blind) folded on the Flop


PokerStars Hand #173776135640:  Hold'em Limit ($3/$6 USD) - 2017/08/01 1:43:39 ET
Table 'Raissa' 6-max Seat #2 is the button
Seat 2: nashmed99 ($244.50 in chips)
Seat 3: Scheubi88 ($360.35 in chips)
nashmed99: posts small blind $1
Scheubi88: posts big blind $3
*** HOLE CARDS ***
nashmed99: raises $3 to $6
Scheubi88: folds
Uncalled bet ($3) returned to nashmed99
nashmed99 collected $6 from pot
nashmed99: doesn't show hand
*** SUMMARY ***
Total pot $6 | Rake $0
Seat 2: nashmed99 (button) (small blind) collected ($6)
Seat 3: Scheubi88 (big blind) folded before Flop


PokerStars Hand #173776131290:  Hold'em Limit ($3/$6 USD) - 2017/08/01 1:43:20 ET
Table 'Raissa' 6-max Seat #3 is the button
Seat 2: nashmed99 ($274.50 in chips)
Seat 3: Scheubi88 ($330.85 in chips)
Scheubi88: posts small blind $1
nashmed99: posts big blind $3
*** HOLE CARDS ***
Scheubi88: raises $3 to $6
nashmed99: raises $3 to $9
Scheubi88: calls $3
*** FLOP *** [5s 8h 5c]
nashmed99: bets $3
Scheubi88: calls $3
*** TURN *** [5s 8h 5c] [2s]
nashmed99: bets $6
Scheubi88: calls $6
*** RIVER *** [5s 8h 5c 2s] [7h]
nashmed99: bets $6
Scheubi88: raises $6 to $12
nashmed99: calls $6
*** SHOW DOWN ***
Scheubi88: shows [4s 6s] (a straight, Four to Eight)
nashmed99: mucks hand
Scheubi88 collected $59.50 from pot
*** SUMMARY ***
Total pot $60 | Rake $0.50
Board [5s 8h 5c 2s 7h]
Seat 2: nashmed99 (big blind) mucked
Seat 3: Scheubi88 (button) (small blind) showed [4s 6s] and won ($59.50) with a straight, Four to Eight


PokerStars Hand #173776128370:  Hold'em Limit ($3/$6 USD) - 2017/08/01 1:43:08 ET
Table 'Raissa' 6-max Seat #2 is the button
Seat 2: nashmed99 ($298.50 in chips)
Seat 3: Scheubi88 ($307.35 in chips)
nashmed99: posts small blind $1
Scheubi88: posts big blind $3
*** HOLE CARDS ***
nashmed99: raises $3 to $6
Scheubi88: calls $3
*** FLOP *** [3s As 6s]
Scheubi88: checks
nashmed99: checks
*** TURN *** [3s As 6s] [6c]
Scheubi88: bets $6
nashmed99: raises $6 to $12
Scheubi88: calls $6
*** RIVER *** [3s As 6s 6c] [7s]
Scheubi88: bets $6
nashmed99: calls $6
*** SHOW DOWN ***
Scheubi88: shows [Qs 9h] (a flush, Ace high)
nashmed99: mucks hand
Scheubi88 collected $47.50 from pot
*** SUMMARY ***
Total pot $48 | Rake $0.50
Board [3s As 6s 6c 7s]
Seat 2: nashmed99 (button) (small blind) mucked
Seat 3: Scheubi88 (big blind) showed [Qs 9h] and won ($47.50) with a flush, Ace high


PokerStars Hand #173776127178:  Hold'em Limit ($3/$6 USD) - 2017/08/01 1:43:02 ET
Table 'Raissa' 6-max Seat #3 is the button
Seat 2: nashmed99 ($301.50 in chips)
Seat 3: Scheubi88 ($304.35 in chips)
Scheubi88: posts small blind $1
nashmed99: posts big blind $3
*** HOLE CARDS ***
Scheubi88: raises $3 to $6
nashmed99: folds
Uncalled bet ($3) returned to Scheubi88
Scheubi88 collected $6 from pot
Scheubi88: doesn't show hand
*** SUMMARY ***
Total pot $6 | Rake $0
Seat 2: nashmed99 (big blind) folded before Flop
Seat 3: Scheubi88 (button) (small blind) collected ($6)


PokerStars Hand #173776125235:  Hold'em Limit ($3/$6 USD) - 2017/08/01 1:42:54 ET
Table 'Raissa' 6-max Seat #2 is the button
Seat 2: nashmed99 ($310.50 in chips)
Seat 3: Scheubi88 ($295.71 in chips)
nashmed99: posts small blind $1
Scheubi88: posts big blind $3
*** HOLE CARDS ***
nashmed99: raises $3 to $6
Scheubi88: raises $3 to $9
nashmed99: calls $3
*** FLOP *** [Kd 6s Ad]
Scheubi88: bets $3
nashmed99: folds
Uncalled bet ($3) returned to Scheubi88
Scheubi88 collected $17.64 from pot
Scheubi88: doesn't show hand
*** SUMMARY ***
Total pot $18 | Rake $0.36
Board [Kd 6s Ad]
Seat 2: nashmed99 (button) (small blind) folded on the Flop
Seat 3: Scheubi88 (big blind) collected ($17.64)


PokerStars Hand #173776146385:  Hold'em Limit ($3/$6 USD) - 2017/08/01 1:44:25 ET
Table 'Raissa' 6-max Seat #3 is the button
Seat 2: nashmed99 ($197.50 in chips)
Seat 3: Scheubi88 ($406.35 in chips)
Scheubi88: posts small blind $1
nashmed99: posts big blind $3
*** HOLE CARDS ***
Scheubi88: raises $3 to $6
nashmed99: raises $3 to $9
Scheubi88: calls $3
*** FLOP *** [3h 5c 8h]
nashmed99: bets $3
Scheubi88: calls $3
*** TURN *** [3h 5c 8h] [9h]
nashmed99: bets $6
Scheubi88: calls $6
*** RIVER *** [3h 5c 8h 9h] [Ah]
nashmed99: bets $6
Scheubi88: raises $6 to $12
nashmed99: calls $6
*** SHOW DOWN ***
Scheubi88: shows [Kh Ac] (a flush, Ace high)
nashmed99: mucks hand
Scheubi88 collected $59.50 from pot
*** SUMMARY ***
Total pot $60 | Rake $0.50
Board [3h 5c 8h 9h Ah]
Seat 2: nashmed99 (big blind) mucked
Seat 3: Scheubi88 (button) (small blind) showed [Kh Ac] and won ($59.50) with a flush, Ace high


PokerStars Hand #173776145244:  Hold'em Limit ($3/$6 USD) - 2017/08/01 1:44:20 ET
Table 'Raissa' 6-max Seat #2 is the button
Seat 2: nashmed99 ($198.50 in chips)
Seat 3: Scheubi88 ($405.35 in chips)
nashmed99: posts small blind $1
Scheubi88: posts big blind $3
*** HOLE CARDS ***
nashmed99: folds
Uncalled bet ($2) returned to Scheubi88
Scheubi88 collected $2 from pot
Scheubi88: doesn't show hand
*** SUMMARY ***
Total pot $2 | Rake $0
Seat 2: nashmed99 (button) (small blind) folded before Flop
Seat 3: Scheubi88 (big blind) collected ($2)


PokerStars Hand #173776141643:  Hold'em Limit ($3/$6 USD) - 2017/08/01 1:44:05 ET
Table 'Raissa' 6-max Seat #3 is the button
Seat 2: nashmed99 ($231.50 in chips)
Seat 3: Scheubi88 ($372.85 in chips)
Scheubi88: posts small blind $1
nashmed99: posts big blind $3
*** HOLE CARDS ***
Scheubi88: raises $3 to $6
nashmed99: calls $3
*** FLOP *** [4s 5c Jc]
nashmed99: checks
Scheubi88: bets $3
nashmed99: calls $3
*** TURN *** [4s 5c Jc] [4d]
nashmed99: checks
Scheubi88: bets $6
nashmed99: raises $6 to $12
Scheubi88: raises $6 to $18
nashmed99: calls $6
*** RIVER *** [4s 5c Jc 4d] [7c]
nashmed99: checks
Scheubi88: bets $6
nashmed99: calls $6
*** SHOW DOWN ***
Scheubi88: shows [5h 4h] (a full house, Fours full of Fives)
nashmed99: mucks hand
Scheubi88 collected $65.50 from pot
*** SUMMARY ***
Total pot $66 | Rake $0.50
Board [4s 5c Jc 4d 7c]
Seat 2: nashmed99 (big blind) mucked
Seat 3: Scheubi88 (button) (small blind) showed [5h 4h] and won ($65.50) with a full house, Fours full of Fives


PokerStars Hand #173776140544:  Hold'em Limit ($3/$6 USD) - 2017/08/01 1:44:00 ET
Table 'Raissa' 6-max Seat #2 is the button
Seat 2: nashmed99 ($232.50 in chips)
Seat 3: Scheubi88 ($371.85 in chips)
nashmed99: posts small blind $1
Scheubi88: posts big blind $3
*** HOLE CARDS ***
nashmed99: folds
Uncalled bet ($2) returned to Scheubi88
Scheubi88 collected $2 from pot
Scheubi88: doesn't show hand
*** SUMMARY ***
Total pot $2 | Rake $0
Seat 2: nashmed99 (button) (small blind) folded before Flop
Seat 3: Scheubi88 (big blind) collected ($2)


PokerStars Hand #173776137047:  Hold'em Limit ($3/$6 USD) - 2017/08/01 1:43:45 ET
Table 'Raissa' 6-max Seat #3 is the button
Seat 2: nashmed99 ($247.50 in chips)
Seat 3: Scheubi88 ($357.35 in chips)
Scheubi88: posts small blind $1
nashmed99: posts big blind $3
*** HOLE CARDS ***
Scheubi88: raises $3 to $6
nashmed99: calls $3
*** FLOP *** [Js 7d 5h]
nashmed99: checks
Scheubi88: bets $3
nashmed99: calls $3
*** TURN *** [Js 7d 5h] [2s]
nashmed99: checks
Scheubi88: bets $6
nashmed99: calls $6
*** RIVER *** [Js 7d 5h 2s] [Qd]
nashmed99: checks
Scheubi88: bets $6
nashmed99: folds
Uncalled bet ($6) returned to Scheubi88
Scheubi88 collected $29.50 from pot
Scheubi88: doesn't show hand
*** SUMMARY ***
Total pot $30 | Rake $0.50
Board [Js 7d 5h 2s Qd]
Seat 2: nashmed99 (big blind) folded on the River
Seat 3: Scheubi88 (button) (small blind) collected ($29.50)


PokerStars Hand #173776156696:  Hold'em Limit ($3/$6 USD) - 2017/08/01 1:45:10 ET
Table 'Raissa' 6-max Seat #2 is the button
Seat 2: nashmed99 ($157.50 in chips)
Seat 3: Scheubi88 ($445.49 in chips)
nashmed99: posts small blind $1
Scheubi88: posts big blind $3
*** HOLE CARDS ***
nashmed99: raises $3 to $6
Scheubi88: calls $3
*** FLOP *** [Qc 5h 7s]
Scheubi88: checks
nashmed99: checks
*** TURN *** [Qc 5h 7s] [Ac]
Scheubi88: bets $6
nashmed99: calls $6
*** RIVER *** [Qc 5h 7s Ac] [Jc]
Scheubi88: bets $6
nashmed99: raises $6 to $12
makimaki joins the table at seat #4
Scheubi88: folds
Uncalled bet ($6) returned to nashmed99
nashmed99 collected $35.50 from pot
nashmed99: doesn't show hand
*** SUMMARY ***
Total pot $36 | Rake $0.50
Board [Qc 5h 7s Ac Jc]
Seat 2: nashmed99 (button) (small blind) collected ($35.50)
Seat 3: Scheubi88 (big blind) folded on the River


PokerStars Hand #173776153444:  Hold'em Limit ($3/$6 USD) - 2017/08/01 1:44:56 ET
Table 'Raissa' 6-max Seat #3 is the button
Seat 2: nashmed99 ($166.50 in chips)
Seat 3: Scheubi88 ($436.85 in chips)
Scheubi88: posts small blind $1
nashmed99: posts big blind $3
*** HOLE CARDS ***
Scheubi88: raises $3 to $6
nashmed99: calls $3
*** FLOP *** [5c Kc Ts]
nashmed99: checks
Scheubi88: bets $3
nashmed99: calls $3
*** TURN *** [5c Kc Ts] [Tc]
nashmed99: checks
Scheubi88: checks
*** RIVER *** [5c Kc Ts Tc] [3h]
nashmed99: checks
Scheubi88: checks
*** SHOW DOWN ***
nashmed99: shows [8s Qs] (a pair of Tens)
Scheubi88: shows [3d Jh] (two pair, Tens and Threes)
Scheubi88 collected $17.64 from pot
*** SUMMARY ***
Total pot $18 | Rake $0.36
Board [5c Kc Ts Tc 3h]
Seat 2: nashmed99 (big blind) showed [8s Qs] and lost with a pair of Tens
Seat 3: Scheubi88 (button) (small blind) showed [3d Jh] and won ($17.64) with two pair, Tens and Threes


PokerStars Hand #173776190661:  Hold'em Limit ($3/$6 USD) - 2017/08/01 1:47:38 ET
Table 'Raissa' 6-max Seat #3 is the button
Seat 2: nashmed99 ($135.32 in chips)
Seat 3: Scheubi88 ($455.98 in chips)
Scheubi88: posts small blind $1
makimaki: is sitting out
nashmed99: posts big blind $3
*** HOLE CARDS ***
Scheubi88: raises $3 to $6
nashmed99: raises $3 to $9
Scheubi88: calls $3
*** FLOP *** [Js 4h 8s]
nashmed99: bets $3
Scheubi88: calls $3
*** TURN *** [Js 4h 8s] [3d]
nashmed99: checks
Scheubi88: checks
*** RIVER *** [Js 4h 8s 3d] [2d]
makimaki leaves the table
nashmed99: bets $6
Scheubi88: calls $6
*** SHOW DOWN ***
nashmed99: shows [Jh Qh] (a pair of Jacks)
Scheubi88: mucks hand
nashmed99 collected $35.50 from pot
*** SUMMARY ***
Total pot $36 | Rake $0.50
Board [Js 4h 8s 3d 2d]
Seat 2: nashmed99 (big blind) showed [Jh Qh] and won ($35.50) with a pair of Jacks
Seat 3: Scheubi88 (button) (small blind) mucked


PokerStars Hand #173776204600:  Hold'em Limit ($3/$6 USD) - 2017/08/01 1:48:39 ET
Table 'Raissa' 6-max Seat #3 is the button
Seat 2: nashmed99 ($152.32 in chips)
Seat 3: Scheubi88 ($437.24 in chips)
Scheubi88: posts small blind $1
nashmed99: posts big blind $3
*** HOLE CARDS ***
Scheubi88: folds
Uncalled bet ($2) returned to nashmed99
nashmed99 collected $2 from pot
nashmed99: doesn't show hand
*** SUMMARY ***
Total pot $2 | Rake $0
Seat 2: nashmed99 (big blind) collected ($2)
Seat 3: Scheubi88 (button) (small blind) folded before Flop


PokerStars Hand #173776202180:  Hold'em Limit ($3/$6 USD) - 2017/08/01 1:48:28 ET
Table 'Raissa' 6-max Seat #2 is the button
Seat 2: nashmed99 ($158.32 in chips)
Seat 3: Scheubi88 ($431.48 in chips)
nashmed99: posts small blind $1
Scheubi88: posts big blind $3
*** HOLE CARDS ***
nashmed99: raises $3 to $6
Scheubi88: calls $3
*** FLOP *** [Js Kh 2d]
Scheubi88: checks
nashmed99: checks
*** TURN *** [Js Kh 2d] [2s]
Scheubi88: bets $6
nashmed99: folds
Uncalled bet ($6) returned to Scheubi88
Scheubi88 collected $11.76 from pot
Scheubi88: doesn't show hand
*** SUMMARY ***
Total pot $12 | Rake $0.24
Board [Js Kh 2d 2s]
Seat 2: nashmed99 (button) (small blind) folded on the Turn
Seat 3: Scheubi88 (big blind) collected ($11.76)


PokerStars Hand #173776200980:  Hold'em Limit ($3/$6 USD) - 2017/08/01 1:48:23 ET
Table 'Raissa' 6-max Seat #3 is the button
Seat 2: nashmed99 ($157.32 in chips)
Seat 3: Scheubi88 ($432.48 in chips)
Scheubi88: posts small blind $1
nashmed99: posts big blind $3
*** HOLE CARDS ***
Scheubi88: folds
Uncalled bet ($2) returned to nashmed99
nashmed99 collected $2 from pot
nashmed99: doesn't show hand
*** SUMMARY ***
Total pot $2 | Rake $0
Seat 2: nashmed99 (big blind) collected ($2)
Seat 3: Scheubi88 (button) (small blind) folded before Flop


PokerStars Hand #173776199882:  Hold'em Limit ($3/$6 USD) - 2017/08/01 1:48:19 ET
Table 'Raissa' 6-max Seat #2 is the button
Seat 2: nashmed99 ($158.32 in chips)
Seat 3: Scheubi88 ($431.48 in chips)
nashmed99: posts small blind $1
Scheubi88: posts big blind $3
*** HOLE CARDS ***
nashmed99: folds
Uncalled bet ($2) returned to Scheubi88
Scheubi88 collected $2 from pot
Scheubi88: doesn't show hand
*** SUMMARY ***
Total pot $2 | Rake $0
Seat 2: nashmed99 (button) (small blind) folded before Flop
Seat 3: Scheubi88 (big blind) collected ($2)


PokerStars Hand #173776196773:  Hold'em Limit ($3/$6 USD) - 2017/08/01 1:48:05 ET
Table 'Raissa' 6-max Seat #3 is the button
Seat 2: nashmed99 ($182.32 in chips)
Seat 3: Scheubi88 ($407.98 in chips)
Scheubi88: posts small blind $1
nashmed99: posts big blind $3
*** HOLE CARDS ***
Scheubi88: raises $3 to $6
nashmed99: raises $3 to $9
Scheubi88: calls $3
*** FLOP *** [3c 2s 8h]
nashmed99: bets $3
Scheubi88: calls $3
*** TURN *** [3c 2s 8h] [8d]
nashmed99: bets $6
Scheubi88: raises $6 to $12
nashmed99: calls $6
*** RIVER *** [3c 2s 8h 8d] [6c]
nashmed99: checks
Scheubi88: bets $6
nashmed99: folds
Uncalled bet ($6) returned to Scheubi88
Scheubi88 collected $47.50 from pot
Scheubi88: doesn't show hand
*** SUMMARY ***
Total pot $48 | Rake $0.50
Board [3c 2s 8h 8d 6c]
Seat 2: nashmed99 (big blind) folded on the River
Seat 3: Scheubi88 (button) (small blind) collected ($47.50)


PokerStars Hand #173776193745:  Hold'em Limit ($3/$6 USD) - 2017/08/01 1:47:52 ET
Table 'Raissa' 6-max Seat #2 is the button
Seat 2: nashmed99 ($152.82 in chips)
Seat 3: Scheubi88 ($437.98 in chips)
nashmed99: posts small blind $1
Scheubi88: posts big blind $3
*** HOLE CARDS ***
nashmed99: raises $3 to $6
Scheubi88: raises $3 to $9
nashmed99: calls $3
*** FLOP *** [9h Qs Th]
Scheubi88: bets $3
nashmed99: calls $3
*** TURN *** [9h Qs Th] [8c]
Scheubi88: bets $6
nashmed99: raises $6 to $12
Scheubi88: calls $6
*** RIVER *** [9h Qs Th 8c] [Ks]
Scheubi88: checks
nashmed99: bets $6
Scheubi88: calls $6
*** SHOW DOWN ***
nashmed99: shows [Jd 5c] (a straight, Nine to King)
Scheubi88: mucks hand
nashmed99 collected $59.50 from pot
*** SUMMARY ***
Total pot $60 | Rake $0.50
Board [9h Qs Th 8c Ks]
Seat 2: nashmed99 (button) (small blind) showed [Jd 5c] and won ($59.50) with a straight, Nine to King
Seat 3: Scheubi88 (big blind) mucked


PokerStars Hand #173776219992:  Hold'em Limit ($3/$6 USD) - 2017/08/01 1:49:46 ET
Table 'Raissa' 6-max Seat #3 is the button
Seat 2: nashmed99 ($72.32 in chips)
Seat 3: Scheubi88 ($515.38 in chips)
Scheubi88: posts small blind $1
nashmed99: posts big blind $3
*** HOLE CARDS ***
Scheubi88: raises $3 to $6
nashmed99: folds
Uncalled bet ($3) returned to Scheubi88
Scheubi88 collected $6 from pot
Scheubi88: doesn't show hand
*** SUMMARY ***
Total pot $6 | Rake $0
Seat 2: nashmed99 (big blind) folded before Flop
Seat 3: Scheubi88 (button) (small blind) collected ($6)


PokerStars Hand #173776216910:  Hold'em Limit ($3/$6 USD) - 2017/08/01 1:49:33 ET
Table 'Raissa' 6-max Seat #2 is the button
Seat 2: nashmed99 ($96.32 in chips)
Seat 3: Scheubi88 ($491.88 in chips)
nashmed99: posts small blind $1
Scheubi88: posts big blind $3
*** HOLE CARDS ***
nashmed99: raises $3 to $6
Scheubi88: raises $3 to $9
nashmed99: calls $3
*** FLOP *** [7d Th Ad]
Scheubi88: bets $3
nashmed99: calls $3
*** TURN *** [7d Th Ad] [As]
Scheubi88: bets $6
nashmed99: calls $6
*** RIVER *** [7d Th Ad As] [Ks]
Scheubi88: bets $6
nashmed99: calls $6
*** SHOW DOWN ***
Scheubi88: shows [6h Ah] (three of a kind, Aces)
nashmed99: mucks hand
Scheubi88 collected $47.50 from pot
*** SUMMARY ***
Total pot $48 | Rake $0.50
Board [7d Th Ad As Ks]
Seat 2: nashmed99 (button) (small blind) mucked
Seat 3: Scheubi88 (big blind) showed [6h Ah] and won ($47.50) with three of a kind, Aces


PokerStars Hand #173776213423:  Hold'em Limit ($3/$6 USD) - 2017/08/01 1:49:18 ET
Table 'Raissa' 6-max Seat #3 is the button
Seat 2: nashmed99 ($120.32 in chips)
Seat 3: Scheubi88 ($468.38 in chips)
Scheubi88: posts small blind $1
nashmed99: posts big blind $3
*** HOLE CARDS ***
Scheubi88: raises $3 to $6
nashmed99: raises $3 to $9
Scheubi88: calls $3
*** FLOP *** [2s 3h 9s]
nashmed99: bets $3
Scheubi88: calls $3
*** TURN *** [2s 3h 9s] [4c]
nashmed99: bets $6
Scheubi88: calls $6
*** RIVER *** [2s 3h 9s 4c] [Qc]
nashmed99: bets $6
Scheubi88: raises $6 to $12
nashmed99: folds
Uncalled bet ($6) returned to Scheubi88
Scheubi88 collected $47.50 from pot
Scheubi88: doesn't show hand
*** SUMMARY ***
Total pot $48 | Rake $0.50
Board [2s 3h 9s 4c Qc]
Seat 2: nashmed99 (big blind) folded on the River
Seat 3: Scheubi88 (button) (small blind) collected ($47.50)


PokerStars Hand #173776211544:  Hold'em Limit ($3/$6 USD) - 2017/08/01 1:49:10 ET
Table 'Raissa' 6-max Seat #2 is the button
Seat 2: nashmed99 ($129.32 in chips)
Seat 3: Scheubi88 ($459.74 in chips)
nashmed99: posts small blind $1
Scheubi88: posts big blind $3
*** HOLE CARDS ***
nashmed99: raises $3 to $6
Scheubi88: raises $3 to $9
nashmed99: calls $3
*** FLOP *** [4s As 4h]
Scheubi88: bets $3
nashmed99: folds
Uncalled bet ($3) returned to Scheubi88
Scheubi88 collected $17.64 from pot
Scheubi88: doesn't show hand
*** SUMMARY ***
Total pot $18 | Rake $0.36
Board [4s As 4h]
Seat 2: nashmed99 (button) (small blind) folded on the Flop
Seat 3: Scheubi88 (big blind) collected ($17.64)


PokerStars Hand #173776210405:  Hold'em Limit ($3/$6 USD) - 2017/08/01 1:49:04 ET
Table 'Raissa' 6-max Seat #3 is the button
Seat 2: nashmed99 ($132.32 in chips)
Seat 3: Scheubi88 ($456.74 in chips)
Scheubi88: posts small blind $1
nashmed99: posts big blind $3
*** HOLE CARDS ***
Scheubi88: raises $3 to $6
nashmed99: folds
Uncalled bet ($3) returned to Scheubi88
Scheubi88 collected $6 from pot
Scheubi88: doesn't show hand
*** SUMMARY ***
Total pot $6 | Rake $0
Seat 2: nashmed99 (big blind) folded before Flop
Seat 3: Scheubi88 (button) (small blind) collected ($6)


PokerStars Hand #173776205695:  Hold'em Limit ($3/$6 USD) - 2017/08/01 1:48:44 ET
Table 'Raissa' 6-max Seat #2 is the button
Seat 2: nashmed99 ($153.32 in chips)
Seat 3: Scheubi88 ($436.24 in chips)
nashmed99: posts small blind $1
Scheubi88: posts big blind $3
*** HOLE CARDS ***
nashmed99: raises $3 to $6
Scheubi88: calls $3
*** FLOP *** [6s 2h 7h]
Scheubi88: checks
nashmed99: bets $3
Scheubi88: calls $3
*** TURN *** [6s 2h 7h] [Ah]
Scheubi88: checks
nashmed99: bets $6
Scheubi88: calls $6
*** RIVER *** [6s 2h 7h Ah] [Qh]
Scheubi88: bets $6
nashmed99: calls $6
*** SHOW DOWN ***
Scheubi88: shows [3c 9h] (a flush, Ace high)
nashmed99: mucks hand
Scheubi88 collected $41.50 from pot
*** SUMMARY ***
Total pot $42 | Rake $0.50
Board [6s 2h 7h Ah Qh]
Seat 2: nashmed99 (button) (small blind) mucked
Seat 3: Scheubi88 (big blind) showed [3c 9h] and won ($41.50) with a flush, Ace high


PokerStars Hand #173776228790:  Hold'em Limit ($3/$6 USD) - 2017/08/01 1:50:24 ET
Table 'Raissa' 6-max Seat #2 is the button
Seat 2: nashmed99 ($15.32 in chips)
Seat 3: Scheubi88 ($571.38 in chips)
nashmed99: posts small blind $1
Scheubi88: posts big blind $3
*** HOLE CARDS ***
nashmed99: raises $3 to $6
Scheubi88: raises $3 to $9
nashmed99: raises $3 to $12
Betting is capped
Scheubi88: calls $3
*** FLOP *** [Ah 5h Kd]
Scheubi88: bets $3
nashmed99: raises $0.32 to $3.32 and is all-in
Scheubi88: calls $0.32
*** TURN *** [Ah 5h Kd] [3c]
*** RIVER *** [Ah 5h Kd 3c] [3s]
*** SHOW DOWN ***
Scheubi88: shows [Ad Kc] (two pair, Aces and Kings)
nashmed99: shows [6s 8c] (a pair of Threes)
Scheubi88 collected $30.14 from pot
*** SUMMARY ***
Total pot $30.64 | Rake $0.50
Board [Ah 5h Kd 3c 3s]
Seat 2: nashmed99 (button) (small blind) showed [6s 8c] and lost with a pair of Threes
Seat 3: Scheubi88 (big blind) showed [Ad Kc] and won ($30.14) with two pair, Aces and Kings


PokerStars Hand #173776225649:  Hold'em Limit ($3/$6 USD) - 2017/08/01 1:50:10 ET
Table 'Raissa' 6-max Seat #3 is the button
Seat 2: nashmed99 ($39.32 in chips)
Seat 3: Scheubi88 ($547.88 in chips)
Scheubi88: posts small blind $1
nashmed99: posts big blind $3
*** HOLE CARDS ***
Scheubi88: raises $3 to $6
nashmed99: calls $3
*** FLOP *** [8s 7c 6s]
nashmed99: checks
Scheubi88: bets $3
nashmed99: raises $3 to $6
Scheubi88: calls $3
*** TURN *** [8s 7c 6s] [7h]
nashmed99: bets $6
Scheubi88: calls $6
*** RIVER *** [8s 7c 6s 7h] [2h]
nashmed99: bets $6
Scheubi88: calls $6
*** SHOW DOWN ***
nashmed99: shows [Jc 9d] (a pair of Sevens)
Scheubi88: shows [9s Ad] (a pair of Sevens - Ace kicker)
Scheubi88 collected $47.50 from pot
*** SUMMARY ***
Total pot $48 | Rake $0.50
Board [8s 7c 6s 7h 2h]
Seat 2: nashmed99 (big blind) showed [Jc 9d] and lost with a pair of Sevens
Seat 3: Scheubi88 (button) (small blind) showed [9s Ad] and won ($47.50) with a pair of Sevens


PokerStars Hand #173776222350:  Hold'em Limit ($3/$6 USD) - 2017/08/01 1:49:56 ET
Table 'Raissa' 6-max Seat #2 is the button
Seat 2: nashmed99 ($69.32 in chips)
Seat 3: Scheubi88 ($518.38 in chips)
nashmed99: posts small blind $1
Scheubi88: posts big blind $3
*** HOLE CARDS ***
nashmed99: raises $3 to $6
Scheubi88: calls $3
*** FLOP *** [4c 4s 3h]
Scheubi88: checks
nashmed99: checks
*** TURN *** [4c 4s 3h] [5d]
Scheubi88: bets $6
nashmed99: raises $6 to $12
Scheubi88: calls $6
*** RIVER *** [4c 4s 3h 5d] [As]
Scheubi88: checks
nashmed99: bets $6
Scheubi88: raises $6 to $12
nashmed99: calls $6
*** SHOW DOWN ***
Scheubi88: shows [5h 2h] (a straight, Ace to Five)
nashmed99: mucks hand
Scheubi88 collected $59.50 from pot
*** SUMMARY ***
Total pot $60 | Rake $0.50
Board [4c 4s 3h 5d As]
Seat 2: nashmed99 (button) (small blind) mucked
Seat 3: Scheubi88 (big blind) showed [5h 2h] and won ($59.50) with a straight, Ace to Five


