PokerStars Hand #155592344311:  Hold'em Limit ($3/$6 USD) - 2016/07/05 10:33:03 ET
Table 'Rana II' 6-max Seat #2 is the button
Seat 1: gaensehaut ($33 in chips)
Seat 2: B_loJkl ($147 in chips)
B_loJkl: posts small blind $1
gaensehaut: posts big blind $3
*** HOLE CARDS ***
B_loJkl: raises $3 to $6
gaensehaut: folds
Uncalled bet ($3) returned to B_loJkl
B_loJkl collected $6 from pot
B_loJkl: doesn't show hand
*** SUMMARY ***
Total pot $6 | Rake $0
Seat 1: gaensehaut (big blind) folded before Flop
Seat 2: B_loJkl (button) (small blind) collected ($6)


PokerStars Hand #155592350965:  Hold'em Limit ($3/$6 USD) - 2016/07/05 10:33:15 ET
Table 'Rana II' 6-max Seat #1 is the button
Seat 1: gaensehaut ($30 in chips)
Seat 2: B_loJkl ($150 in chips)
gaensehaut: posts small blind $1
B_loJkl: posts big blind $3
*** HOLE CARDS ***
gaensehaut: raises $3 to $6
B_loJkl: calls $3
*** FLOP *** [Jc As Ah]
B_loJkl: checks
gaensehaut: bets $3
B_loJkl: folds
Uncalled bet ($3) returned to gaensehaut
gaensehaut collected $11.76 from pot
gaensehaut: doesn't show hand
*** SUMMARY ***
Total pot $12 | Rake $0.24
Board [Jc As Ah]
Seat 1: gaensehaut (button) (small blind) collected ($11.76)
Seat 2: B_loJkl (big blind) folded on the Flop


PokerStars Hand #155592331221:  Hold'em Limit ($3/$6 USD) - 2016/07/05 10:32:40 ET
Table 'Rana II' 6-max Seat #1 is the button
Seat 1: gaensehaut ($30 in chips)
Seat 2: B_loJkl ($150 in chips)
gaensehaut: posts small blind $1
B_loJkl: posts big blind $3
*** HOLE CARDS ***
gaensehaut: raises $3 to $6
B_loJkl: folds
Uncalled bet ($3) returned to gaensehaut
gaensehaut collected $6 from pot
gaensehaut: doesn't show hand
*** SUMMARY ***
Total pot $6 | Rake $0
Seat 1: gaensehaut (button) (small blind) collected ($6)
Seat 2: B_loJkl (big blind) folded before Flop


PokerStars Hand #155592379189:  Hold'em Limit ($3/$6 USD) - 2016/07/05 10:34:06 ET
Table 'Rana II' 6-max Seat #1 is the button
Seat 1: gaensehaut ($29.76 in chips)
Seat 2: B_loJkl ($149.76 in chips)
gaensehaut: posts small blind $1
B_loJkl: posts big blind $3
*** HOLE CARDS ***
gaensehaut: raises $3 to $6
B_loJkl: raises $3 to $9
gaensehaut: calls $3
*** FLOP *** [2c 5d Tc]
B_loJkl: bets $3
gaensehaut: folds
Uncalled bet ($3) returned to B_loJkl
B_loJkl collected $17.64 from pot
B_loJkl: doesn't show hand
*** SUMMARY ***
Total pot $18 | Rake $0.36
Board [2c 5d Tc]
Seat 1: gaensehaut (button) (small blind) folded on the Flop
Seat 2: B_loJkl (big blind) collected ($17.64)


PokerStars Hand #155592366770:  Hold'em Limit ($3/$6 USD) - 2016/07/05 10:33:43 ET
Table 'Rana II' 6-max Seat #2 is the button
Seat 1: gaensehaut ($35.76 in chips)
Seat 2: B_loJkl ($144 in chips)
B_loJkl: posts small blind $1
gaensehaut: posts big blind $3
*** HOLE CARDS ***
B_loJkl: raises $3 to $6
gaensehaut: calls $3
*** FLOP *** [4d 5c 2d]
gaensehaut: checks
B_loJkl: bets $3
gaensehaut: folds
Uncalled bet ($3) returned to B_loJkl
B_loJkl collected $11.76 from pot
B_loJkl: doesn't show hand
*** SUMMARY ***
Total pot $12 | Rake $0.24
Board [4d 5c 2d]
Seat 1: gaensehaut (big blind) folded on the Flop
Seat 2: B_loJkl (button) (small blind) collected ($11.76)


PokerStars Hand #155592388888:  Hold'em Limit ($3/$6 USD) - 2016/07/05 10:34:23 ET
Table 'Rana II' 6-max Seat #2 is the button
Seat 1: gaensehaut ($20.76 in chips)
Seat 2: B_loJkl ($158.40 in chips)
B_loJkl: posts small blind $1
gaensehaut: posts big blind $3
*** HOLE CARDS ***
B_loJkl: raises $3 to $6
gaensehaut: folds
Uncalled bet ($3) returned to B_loJkl
B_loJkl collected $6 from pot
B_loJkl: doesn't show hand
*** SUMMARY ***
Total pot $6 | Rake $0
Seat 1: gaensehaut (big blind) folded before Flop
Seat 2: B_loJkl (button) (small blind) collected ($6)


PokerStars Hand #155592392920:  Hold'em Limit ($3/$6 USD) - 2016/07/05 10:34:30 ET
Table 'Rana II' 6-max Seat #1 is the button
Seat 1: gaensehaut ($17.76 in chips)
Seat 2: B_loJkl ($161.40 in chips)
gaensehaut: posts small blind $1
B_loJkl: posts big blind $3
*** HOLE CARDS ***
gaensehaut: raises $3 to $6
B_loJkl: calls $3
*** FLOP *** [3c 5h 7c]
B_loJkl: bets $3
gaensehaut: raises $3 to $6
B_loJkl: calls $3
*** TURN *** [3c 5h 7c] [Jc]
B_loJkl: checks
gaensehaut: checks
*** RIVER *** [3c 5h 7c Jc] [4d]
B_loJkl: checks
gaensehaut: checks
*** SHOW DOWN ***
B_loJkl: shows [3h Ac] (a pair of Threes)
gaensehaut: mucks hand
B_loJkl collected $23.52 from pot
*** SUMMARY ***
Total pot $24 | Rake $0.48
Board [3c 5h 7c Jc 4d]
Seat 1: gaensehaut (button) (small blind) mucked
Seat 2: B_loJkl (big blind) showed [3h Ac] and won ($23.52) with a pair of Threes


