PokerStars Hand #170990783033:  Hold'em Limit ($3/$6 USD) - 2017/05/27 14:16:59 ET
Table 'Rana' 6-max Seat #4 is the button
Seat 4: maggiemoodle ($120 in chips)
Seat 6: vestimokrec ($120 in chips)
GoliafUa: is sitting out
maggiemoodle: posts small blind $1
vestimokrec: posts big blind $3
*** HOLE CARDS ***
maggiemoodle: raises $3 to $6
vestimokrec: calls $3
*** FLOP *** [Th 2d 7c]
vestimokrec: checks
maggiemoodle: bets $3
vestimokrec: raises $3 to $6
maggiemoodle: calls $3
*** TURN *** [Th 2d 7c] [Jc]
vestimokrec: bets $6
maggiemoodle: raises $6 to $12
vestimokrec: raises $6 to $18
maggiemoodle: calls $6
*** RIVER *** [Th 2d 7c Jc] [8s]
vestimokrec: bets $6
maggiemoodle: calls $6
*** SHOW DOWN ***
vestimokrec: shows [Js Jh] (three of a kind, Jacks)
maggiemoodle: mucks hand
vestimokrec collected $71.50 from pot
*** SUMMARY ***
Total pot $72 | Rake $0.50
Board [Th 2d 7c Jc 8s]
Seat 4: maggiemoodle (button) (small blind) mucked
Seat 6: vestimokrec (big blind) showed [Js Jh] and won ($71.50) with three of a kind, Jacks


PokerStars Hand #170990823743:  Hold'em Limit ($3/$6 USD) - 2017/05/27 14:17:56 ET
Table 'Rana' 6-max Seat #6 is the button
Seat 4: maggiemoodle ($84 in chips)
Seat 6: vestimokrec ($155.50 in chips)
vestimokrec: posts small blind $1
maggiemoodle: posts big blind $3
*** HOLE CARDS ***
vestimokrec: raises $3 to $6
maggiemoodle: raises $3 to $9
vestimokrec: calls $3
*** FLOP *** [5c 6d 7s]
maggiemoodle: bets $3
vestimokrec: calls $3
*** TURN *** [5c 6d 7s] [8c]
maggiemoodle: bets $6
vestimokrec: calls $6
*** RIVER *** [5c 6d 7s 8c] [5s]
maggiemoodle: bets $6
vestimokrec: folds
Uncalled bet ($6) returned to maggiemoodle
maggiemoodle collected $35.50 from pot
*** SUMMARY ***
Total pot $36 | Rake $0.50
Board [5c 6d 7s 8c 5s]
Seat 4: maggiemoodle (big blind) collected ($35.50)
Seat 6: vestimokrec (button) (small blind) folded on the River


PokerStars Hand #170990848277:  Hold'em Limit ($3/$6 USD) - 2017/05/27 14:18:30 ET
Table 'Rana' 6-max Seat #4 is the button
Seat 4: maggiemoodle ($101.50 in chips)
Seat 6: vestimokrec ($137.50 in chips)
maggiemoodle: posts small blind $1
vestimokrec: posts big blind $3
*** HOLE CARDS ***
maggiemoodle: raises $3 to $6
vestimokrec: calls $3
*** FLOP *** [5c 4d 5s]
vestimokrec: checks
maggiemoodle: bets $3
vestimokrec: calls $3
*** TURN *** [5c 4d 5s] [Th]
vestimokrec: checks
maggiemoodle: bets $6
vestimokrec: folds
Uncalled bet ($6) returned to maggiemoodle
maggiemoodle collected $17.64 from pot
*** SUMMARY ***
Total pot $18 | Rake $0.36
Board [5c 4d 5s Th]
Seat 4: maggiemoodle (button) (small blind) collected ($17.64)
Seat 6: vestimokrec (big blind) folded on the Turn


PokerStars Hand #170990866169:  Hold'em Limit ($3/$6 USD) - 2017/05/27 14:18:49 ET
Table 'Rana' 6-max Seat #6 is the button
Seat 4: maggiemoodle ($110.14 in chips)
Seat 6: vestimokrec ($128.50 in chips)
vestimokrec: posts small blind $1
maggiemoodle: posts big blind $3
*** HOLE CARDS ***
vestimokrec: raises $3 to $6
maggiemoodle: raises $3 to $9
vestimokrec: calls $3
*** FLOP *** [8s 7c 2d]
maggiemoodle: bets $3
vestimokrec: calls $3
*** TURN *** [8s 7c 2d] [Td]
maggiemoodle: bets $6
vestimokrec: calls $6
*** RIVER *** [8s 7c 2d Td] [Tc]
maggiemoodle: bets $6
vestimokrec: raises $6 to $12
maggiemoodle: raises $6 to $18
vestimokrec: folds
Uncalled bet ($6) returned to maggiemoodle
maggiemoodle collected $59.50 from pot
*** SUMMARY ***
Total pot $60 | Rake $0.50
Board [8s 7c 2d Td Tc]
Seat 4: maggiemoodle (big blind) collected ($59.50)
Seat 6: vestimokrec (button) (small blind) folded on the River


PokerStars Hand #170990903799:  Hold'em Limit ($3/$6 USD) - 2017/05/27 14:19:41 ET
Table 'Rana' 6-max Seat #4 is the button
Seat 4: maggiemoodle ($139.64 in chips)
Seat 6: vestimokrec ($98.50 in chips)
maggiemoodle: posts small blind $1
vestimokrec: posts big blind $3
*** HOLE CARDS ***
maggiemoodle: raises $3 to $6
vestimokrec: calls $3
*** FLOP *** [7d 2d Td]
vestimokrec: checks
maggiemoodle: bets $3
vestimokrec: raises $3 to $6
maggiemoodle: raises $3 to $9
vestimokrec: calls $3
*** TURN *** [7d 2d Td] [Qh]
vestimokrec: checks
maggiemoodle: bets $6
vestimokrec: calls $6
*** RIVER *** [7d 2d Td Qh] [Jd]
vestimokrec: bets $6
maggiemoodle: calls $6
*** SHOW DOWN ***
vestimokrec: shows [Ad 9h] (a flush, Ace high)
maggiemoodle: mucks hand
bongo65 joins the table at seat #1
vestimokrec collected $53.50 from pot
*** SUMMARY ***
Total pot $54 | Rake $0.50
Board [7d 2d Td Qh Jd]
Seat 4: maggiemoodle (button) (small blind) mucked
Seat 6: vestimokrec (big blind) showed [Ad 9h] and won ($53.50) with a flush, Ace high


PokerStars Hand #170991143150:  Hold'em Limit ($3/$6 USD) - 2017/05/27 14:25:14 ET
Table 'Rana' 6-max Seat #5 is the button
Seat 1: bongo65 ($198.03 in chips)
Seat 5: Velbor107 ($281.08 in chips)
Velbor107: posts small blind $1
vestimokrec: is sitting out
bongo65: posts big blind $3
*** HOLE CARDS ***
Velbor107: folds
Uncalled bet ($2) returned to bongo65
bongo65 collected $2 from pot
bongo65: doesn't show hand
*** SUMMARY ***
Total pot $2 | Rake $0
Seat 1: bongo65 (big blind) collected ($2)
Seat 5: Velbor107 (button) (small blind) folded before Flop


