PokerStars Hand #171429324202:  Hold'em Limit ($3/$6 USD) - 2017/06/06 14:38:04 ET
Table 'Rana II' 10-max Seat #10 is the button
Seat 1: Auge72 ($35.39 in chips)
Seat 10: MTails ($168.02 in chips)
MTails: posts small blind $1
Auge72: posts big blind $3
*** HOLE CARDS ***
MTails: raises $3 to $6
Auge72: folds
Uncalled bet ($3) returned to MTails
MTails collected $6 from pot
*** SUMMARY ***
Total pot $6 | Rake $0
Seat 1: Auge72 (big blind) folded before Flop
Seat 10: MTails (button) (small blind) collected ($6)


PokerStars Hand #171429309466:  Hold'em Limit ($3/$6 USD) - 2017/06/06 14:37:46 ET
Table 'Rana II' 10-max Seat #1 is the button
Seat 1: Auge72 ($47.39 in chips)
Seat 10: MTails ($156.50 in chips)
Auge72: posts small blind $1
MTails: posts big blind $3
*** HOLE CARDS ***
Auge72: raises $3 to $6
MTails: raises $3 to $9
Auge72: calls $3
*** FLOP *** [Qc 2s 5s]
vestimokrec joins the table at seat #2
MTails: bets $3
Auge72: calls $3
*** TURN *** [Qc 2s 5s] [Kc]
MTails: bets $6
Auge72: folds
Uncalled bet ($6) returned to MTails
MTails collected $23.52 from pot
*** SUMMARY ***
Total pot $24 | Rake $0.48
Board [Qc 2s 5s Kc]
Seat 1: Auge72 (button) (small blind) folded on the Turn
Seat 10: MTails (big blind) collected ($23.52)


PokerStars Hand #171429392720:  Hold'em Limit ($3/$6 USD) - 2017/06/06 14:39:26 ET
Table 'Rana II' 10-max Seat #10 is the button
Seat 2: vestimokrec ($140.56 in chips)
Seat 10: MTails ($152.63 in chips)
MTails: posts small blind $1
vestimokrec: posts big blind $3
*** HOLE CARDS ***
Auge72 leaves the table
MTails: raises $3 to $6
vestimokrec: calls $3
*** FLOP *** [5d 6c 7c]
vestimokrec: checks
MTails: checks
*** TURN *** [5d 6c 7c] [3s]
vestimokrec: bets $6
MTails: calls $6
*** RIVER *** [5d 6c 7c 3s] [Jd]
vestimokrec: bets $6
MTails: calls $6
*** SHOW DOWN ***
vestimokrec: shows [6h 5c] (two pair, Sixes and Fives)
MTails: mucks hand
vestimokrec collected $35.50 from pot
*** SUMMARY ***
Total pot $36 | Rake $0.50
Board [5d 6c 7c 3s Jd]
Seat 2: vestimokrec (big blind) showed [6h 5c] and won ($35.50) with two pair, Sixes and Fives
Seat 10: MTails (button) (small blind) mucked


