PokerStars Hand #155125729657:  Hold'em Limit ($3/$6 USD) - 2016/06/23 23:55:35 ET
Table 'Rana' 6-max Seat #1 is the button
Seat 1: LifeisagameX ($60 in chips)
Seat 3: pukuotukxx89 ($33.08 in chips)
LifeisagameX: posts small blind $1
pukuotukxx89: posts big blind $3
*** HOLE CARDS ***
LifeisagameX: raises $3 to $6
pukuotukxx89: calls $3
*** FLOP *** [2h 7d 8h]
YourMother66 joins the table at seat #4
pukuotukxx89: checks
LifeisagameX: bets $3
pukuotukxx89: raises $3 to $6
LifeisagameX: calls $3
*** TURN *** [2h 7d 8h] [Ah]
pukuotukxx89: checks
LifeisagameX: checks
*** RIVER *** [2h 7d 8h Ah] [4s]
pukuotukxx89: bets $6
LifeisagameX: calls $6
*** SHOW DOWN ***
pukuotukxx89: shows [Kd 9h] (high card Ace)
LifeisagameX: shows [2d Jd] (a pair of Deuces)
LifeisagameX collected $35.50 from pot
*** SUMMARY ***
Total pot $36 | Rake $0.50
Board [2h 7d 8h Ah 4s]
Seat 1: LifeisagameX (button) (small blind) showed [2d Jd] and won ($35.50) with a pair of Deuces
Seat 3: pukuotukxx89 (big blind) showed [Kd 9h] and lost with high card Ace


PokerStars Hand #155125751959:  Hold'em Limit ($3/$6 USD) - 2016/06/23 23:57:15 ET
Table 'Rana' 6-max Seat #1 is the button
Seat 1: LifeisagameX ($97.95 in chips)
Seat 4: YourMother66 ($72 in chips)
LifeisagameX: posts small blind $1
YourMother66: posts big blind $3
*** HOLE CARDS ***
pukuotukxx89 leaves the table
LifeisagameX: raises $3 to $6
YourMother66: folds
Uncalled bet ($3) returned to LifeisagameX
LifeisagameX collected $6 from pot
*** SUMMARY ***
Total pot $6 | Rake $0
Seat 1: LifeisagameX (button) (small blind) collected ($6)
Seat 4: YourMother66 (big blind) folded before Flop


PokerStars Hand #155125756500:  Hold'em Limit ($3/$6 USD) - 2016/06/23 23:57:35 ET
Table 'Rana' 6-max Seat #4 is the button
Seat 1: LifeisagameX ($100.95 in chips)
Seat 4: YourMother66 ($72 in chips)
YourMother66: posts small blind $1
LifeisagameX: posts big blind $3
*** HOLE CARDS ***
YourMother66: raises $3 to $6
LifeisagameX: calls $3
*** FLOP *** [3s Jd 6d]
LifeisagameX: checks
YourMother66: bets $3
LifeisagameX: calls $3
*** TURN *** [3s Jd 6d] [3h]
LifeisagameX: checks
YourMother66: checks
*** RIVER *** [3s Jd 6d 3h] [6h]
LifeisagameX: checks
YourMother66: checks
*** SHOW DOWN ***
LifeisagameX: shows [8s Ah] (two pair, Sixes and Threes)
YourMother66: mucks hand
LifeisagameX collected $17.64 from pot
*** SUMMARY ***
Total pot $18 | Rake $0.36
Board [3s Jd 6d 3h 6h]
Seat 1: LifeisagameX (big blind) showed [8s Ah] and won ($17.64) with two pair, Sixes and Threes
Seat 4: YourMother66 (button) (small blind) mucked


