PokerStars Hand #147957340944:  Hold'em Limit ($3/$6 USD) - 2016/01/30 16:53:03 ET
Table 'Rana' 2-max Seat #1 is the button
Seat 1: PbIbak ($117 in chips)
Seat 2: 7seven779 ($33 in chips)
PbIbak: posts small blind $1
7seven779: posts big blind $3
*** HOLE CARDS ***
PbIbak: raises $3 to $6
7seven779: calls $3
*** FLOP *** [As Ac 6h]
7seven779: checks
PbIbak: checks
*** TURN *** [As Ac 6h] [Kh]
7seven779: checks
PbIbak: checks
*** RIVER *** [As Ac 6h Kh] [6c]
7seven779: bets $6
PbIbak: folds
Uncalled bet ($6) returned to 7seven779
7seven779 collected $11.76 from pot
7seven779: doesn't show hand
*** SUMMARY ***
Total pot $12 | Rake $0.24
Board [As Ac 6h Kh 6c]
Seat 1: PbIbak (button) (small blind) folded on the River
Seat 2: 7seven779 (big blind) collected ($11.76)


PokerStars Hand #147957424584:  Hold'em Limit ($3/$6 USD) - 2016/01/30 16:54:11 ET
Table 'Rana' 2-max Seat #1 is the button
Seat 1: PbIbak ($128.50 in chips)
Seat 2: 7seven779 ($20.76 in chips)
PbIbak: posts small blind $1
7seven779: posts big blind $3
*** HOLE CARDS ***
PbIbak: raises $3 to $6
7seven779: calls $3
*** FLOP *** [Qh 4d 7h]
7seven779: checks
PbIbak: bets $3
7seven779: calls $3
*** TURN *** [Qh 4d 7h] [9c]
7seven779: checks
PbIbak: bets $6
7seven779: raises $5.76 to $11.76 and is all-in
PbIbak: calls $5.76
*** RIVER *** [Qh 4d 7h 9c] [Ac]
*** SHOW DOWN ***
7seven779: shows [4h 2s] (a pair of Fours)
PbIbak: shows [6s 5d] (high card Ace)
7seven779 collected $41.02 from pot
*** SUMMARY ***
Total pot $41.52 | Rake $0.50
Board [Qh 4d 7h 9c Ac]
Seat 1: PbIbak (button) (small blind) showed [6s 5d] and lost with high card Ace
Seat 2: 7seven779 (big blind) showed [4h 2s] and won ($41.02) with a pair of Fours


PokerStars Hand #147957383137:  Hold'em Limit ($3/$6 USD) - 2016/01/30 16:53:36 ET
Table 'Rana' 2-max Seat #2 is the button
Seat 1: PbIbak ($111 in chips)
Seat 2: 7seven779 ($38.76 in chips)
7seven779: posts small blind $1
PbIbak: posts big blind $3
*** HOLE CARDS ***
7seven779: raises $3 to $6
PbIbak: raises $3 to $9
7seven779: calls $3
*** FLOP *** [Jh Ad 8d]
PbIbak: bets $3
7seven779: calls $3
*** TURN *** [Jh Ad 8d] [4h]
PbIbak: bets $6
7seven779: calls $6
*** RIVER *** [Jh Ad 8d 4h] [3d]
PbIbak: bets $6
7seven779: folds
Uncalled bet ($6) returned to PbIbak
PbIbak collected $35.50 from pot
PbIbak: doesn't show hand
*** SUMMARY ***
Total pot $36 | Rake $0.50
Board [Jh Ad 8d 4h 3d]
Seat 1: PbIbak (big blind) collected ($35.50)
Seat 2: 7seven779 (button) (small blind) folded on the River


PokerStars Hand #147957460088:  Hold'em Limit ($3/$6 USD) - 2016/01/30 16:54:42 ET
Table 'Rana' 2-max Seat #2 is the button
Seat 1: PbIbak ($107.74 in chips)
Seat 2: 7seven779 ($41.02 in chips)
7seven779: posts small blind $1
PbIbak: posts big blind $3
*** HOLE CARDS ***
7seven779: raises $3 to $6
PbIbak: folds
Uncalled bet ($3) returned to 7seven779
7seven779 collected $6 from pot
7seven779: doesn't show hand
*** SUMMARY ***
Total pot $6 | Rake $0
Seat 1: PbIbak (big blind) folded before Flop
Seat 2: 7seven779 (button) (small blind) collected ($6)


PokerStars Hand #147957498872:  Hold'em Limit ($3/$6 USD) - 2016/01/30 16:55:23 ET
Table 'Rana' 2-max Seat #2 is the button
Seat 1: PbIbak ($94.74 in chips)
Seat 2: 7seven779 ($53.78 in chips)
7seven779: posts small blind $1
PbIbak: posts big blind $3
*** HOLE CARDS ***
7seven779: folds
Uncalled bet ($2) returned to PbIbak
PbIbak collected $2 from pot
PbIbak: doesn't show hand
*** SUMMARY ***
Total pot $2 | Rake $0
Seat 1: PbIbak (big blind) collected ($2)
Seat 2: 7seven779 (button) (small blind) folded before Flop


PokerStars Hand #147957484158:  Hold'em Limit ($3/$6 USD) - 2016/01/30 16:55:05 ET
Table 'Rana' 2-max Seat #1 is the button
Seat 1: PbIbak ($100.74 in chips)
Seat 2: 7seven779 ($48.02 in chips)
PbIbak: posts small blind $1
7seven779: posts big blind $3
*** HOLE CARDS ***
PbIbak: raises $3 to $6
7seven779: calls $3
*** FLOP *** [7c 8s Jc]
7seven779: checks
PbIbak: checks
*** TURN *** [7c 8s Jc] [Jd]
7seven779: bets $6
PbIbak: folds
Uncalled bet ($6) returned to 7seven779
7seven779 collected $11.76 from pot
7seven779: doesn't show hand
*** SUMMARY ***
Total pot $12 | Rake $0.24
Board [7c 8s Jc Jd]
Seat 1: PbIbak (button) (small blind) folded on the Turn
Seat 2: 7seven779 (big blind) collected ($11.76)


PokerStars Hand #147957476661:  Hold'em Limit ($3/$6 USD) - 2016/01/30 16:54:57 ET
Table 'Rana' 2-max Seat #2 is the button
Seat 1: PbIbak ($103.74 in chips)
Seat 2: 7seven779 ($45.02 in chips)
7seven779: posts small blind $1
PbIbak: posts big blind $3
*** HOLE CARDS ***
7seven779: raises $3 to $6
PbIbak: folds
Uncalled bet ($3) returned to 7seven779
7seven779 collected $6 from pot
7seven779: doesn't show hand
*** SUMMARY ***
Total pot $6 | Rake $0
Seat 1: PbIbak (big blind) folded before Flop
Seat 2: 7seven779 (button) (small blind) collected ($6)


PokerStars Hand #147957469932:  Hold'em Limit ($3/$6 USD) - 2016/01/30 16:54:51 ET
Table 'Rana' 2-max Seat #1 is the button
Seat 1: PbIbak ($104.74 in chips)
Seat 2: 7seven779 ($44.02 in chips)
PbIbak: posts small blind $1
7seven779: posts big blind $3
*** HOLE CARDS ***
PbIbak: folds
Uncalled bet ($2) returned to 7seven779
7seven779 collected $2 from pot
7seven779: doesn't show hand
*** SUMMARY ***
Total pot $2 | Rake $0
Seat 1: PbIbak (button) (small blind) folded before Flop
Seat 2: 7seven779 (big blind) collected ($2)


PokerStars Hand #147957529894:  Hold'em Limit ($3/$6 USD) - 2016/01/30 16:56:04 ET
Table 'Rana' 2-max Seat #2 is the button
Seat 1: PbIbak ($86.74 in chips)
Seat 2: 7seven779 ($61.42 in chips)
7seven779: posts small blind $1
PbIbak: posts big blind $3
*** HOLE CARDS ***
7seven779: raises $3 to $6
PbIbak: calls $3
*** FLOP *** [Td 9h 2h]
PbIbak: checks
7seven779: bets $3
PbIbak: folds
Uncalled bet ($3) returned to 7seven779
7seven779 collected $11.76 from pot
7seven779: doesn't show hand
*** SUMMARY ***
Total pot $12 | Rake $0.24
Board [Td 9h 2h]
Seat 1: PbIbak (big blind) folded on the Flop
Seat 2: 7seven779 (button) (small blind) collected ($11.76)


PokerStars Hand #147957503904:  Hold'em Limit ($3/$6 USD) - 2016/01/30 16:55:30 ET
Table 'Rana' 2-max Seat #1 is the button
Seat 1: PbIbak ($95.74 in chips)
Seat 2: 7seven779 ($52.78 in chips)
PbIbak: posts small blind $1
7seven779: posts big blind $3
*** HOLE CARDS ***
PbIbak: raises $3 to $6
7seven779: calls $3
*** FLOP *** [8d 5d 5s]
7seven779: checks
PbIbak: bets $3
7seven779: calls $3
*** TURN *** [8d 5d 5s] [5h]
7seven779: checks
PbIbak: checks
*** RIVER *** [8d 5d 5s 5h] [Ah]
7seven779: bets $6
PbIbak: folds
Uncalled bet ($6) returned to 7seven779
7seven779 collected $17.64 from pot
7seven779: doesn't show hand
*** SUMMARY ***
Total pot $18 | Rake $0.36
Board [8d 5d 5s 5h Ah]
Seat 1: PbIbak (button) (small blind) folded on the River
Seat 2: 7seven779 (big blind) collected ($17.64)


PokerStars Hand #147957565325:  Hold'em Limit ($3/$6 USD) - 2016/01/30 16:56:49 ET
Table 'Rana' 2-max Seat #2 is the button
Seat 1: PbIbak ($101.24 in chips)
Seat 2: 7seven779 ($46.18 in chips)
7seven779: posts small blind $1
PbIbak: posts big blind $3
*** HOLE CARDS ***
7seven779: raises $3 to $6
PbIbak: calls $3
*** FLOP *** [3s Ks Ts]
PbIbak: checks
7seven779: bets $3
PbIbak: folds
Uncalled bet ($3) returned to 7seven779
7seven779 collected $11.76 from pot
*** SUMMARY ***
Total pot $12 | Rake $0.24
Board [3s Ks Ts]
Seat 1: PbIbak (big blind) folded on the Flop
Seat 2: 7seven779 (button) (small blind) collected ($11.76)


PokerStars Hand #147957542926:  Hold'em Limit ($3/$6 USD) - 2016/01/30 16:56:20 ET
Table 'Rana' 2-max Seat #1 is the button
Seat 1: PbIbak ($80.74 in chips)
Seat 2: 7seven779 ($67.18 in chips)
PbIbak: posts small blind $1
7seven779: posts big blind $3
*** HOLE CARDS ***
PbIbak: raises $3 to $6
7seven779: calls $3
*** FLOP *** [Jc 4c 3d]
7seven779: bets $3
PbIbak: calls $3
*** TURN *** [Jc 4c 3d] [Ad]
7seven779: bets $6
PbIbak: raises $6 to $12
7seven779: calls $6
*** RIVER *** [Jc 4c 3d Ad] [Ks]
7seven779: checks
PbIbak: bets $6
7seven779: folds
Uncalled bet ($6) returned to PbIbak
PbIbak collected $41.50 from pot
PbIbak: doesn't show hand
*** SUMMARY ***
Total pot $42 | Rake $0.50
Board [Jc 4c 3d Ad Ks]
Seat 1: PbIbak (button) (small blind) collected ($41.50)
Seat 2: 7seven779 (big blind) folded on the River


PokerStars Hand #147957581444:  Hold'em Limit ($3/$6 USD) - 2016/01/30 16:57:09 ET
Table 'Rana' 2-max Seat #1 is the button
Seat 1: PbIbak ($95.24 in chips)
Seat 2: 7seven779 ($51.94 in chips)
PbIbak: posts small blind $1
7seven779: posts big blind $3
*** HOLE CARDS ***
PbIbak: raises $3 to $6
7seven779: calls $3
*** FLOP *** [Tc 3c 6h]
7seven779: checks
PbIbak: checks
*** TURN *** [Tc 3c 6h] [Qh]
7seven779: bets $6
PbIbak: folds
Uncalled bet ($6) returned to 7seven779
7seven779 collected $11.76 from pot
*** SUMMARY ***
Total pot $12 | Rake $0.24
Board [Tc 3c 6h Qh]
Seat 1: PbIbak (button) (small blind) folded on the Turn
Seat 2: 7seven779 (big blind) collected ($11.76)


PokerStars Hand #147957622990:  Hold'em Limit ($3/$6 USD) - 2016/01/30 16:58:01 ET
Table 'Rana' 2-max Seat #2 is the button
Seat 1: PbIbak ($109.50 in chips)
Seat 2: 7seven779 ($36.70 in chips)
7seven779: posts small blind $1
PbIbak: posts big blind $3
*** HOLE CARDS ***
7seven779: raises $3 to $6
PbIbak: raises $3 to $9
7seven779: calls $3
*** FLOP *** [2h 3s Tc]
PbIbak: checks
7seven779: bets $3
PbIbak: calls $3
*** TURN *** [2h 3s Tc] [2s]
PbIbak: checks
7seven779: bets $6
PbIbak: folds
Uncalled bet ($6) returned to 7seven779
7seven779 collected $23.52 from pot
7seven779: doesn't show hand
*** SUMMARY ***
Total pot $24 | Rake $0.48
Board [2h 3s Tc 2s]
Seat 1: PbIbak (big blind) folded on the Turn
Seat 2: 7seven779 (button) (small blind) collected ($23.52)


PokerStars Hand #147957646607:  Hold'em Limit ($3/$6 USD) - 2016/01/30 16:58:21 ET
Table 'Rana' 2-max Seat #1 is the button
Seat 1: PbIbak ($97.50 in chips)
Seat 2: 7seven779 ($48.22 in chips)
PbIbak: posts small blind $1
7seven779: posts big blind $3
*** HOLE CARDS ***
PbIbak: raises $3 to $6
7seven779: calls $3
*** FLOP *** [Tc 8s 5c]
7seven779: checks
PbIbak: bets $3
7seven779: calls $3
*** TURN *** [Tc 8s 5c] [Ks]
7seven779: checks
PbIbak: bets $6
7seven779: folds
Uncalled bet ($6) returned to PbIbak
PbIbak collected $17.64 from pot
PbIbak: doesn't show hand
*** SUMMARY ***
Total pot $18 | Rake $0.36
Board [Tc 8s 5c Ks]
Seat 1: PbIbak (button) (small blind) collected ($17.64)
Seat 2: 7seven779 (big blind) folded on the Turn


PokerStars Hand #147957595716:  Hold'em Limit ($3/$6 USD) - 2016/01/30 16:57:27 ET
Table 'Rana' 2-max Seat #2 is the button
Seat 1: PbIbak ($89.24 in chips)
Seat 2: 7seven779 ($57.70 in chips)
7seven779: posts small blind $1
PbIbak: posts big blind $3
*** HOLE CARDS ***
7seven779: raises $3 to $6
PbIbak: calls $3
*** FLOP *** [7s 9c 2h]
PbIbak: checks
7seven779: bets $3
PbIbak: calls $3
*** TURN *** [7s 9c 2h] [6s]
PbIbak: checks
7seven779: bets $6
PbIbak: calls $6
*** RIVER *** [7s 9c 2h 6s] [Kd]
PbIbak: checks
7seven779: checks
*** SHOW DOWN ***
PbIbak: shows [2c Kc] (two pair, Kings and Deuces)
7seven779: mucks hand
PbIbak collected $29.50 from pot
*** SUMMARY ***
Total pot $30 | Rake $0.50
Board [7s 9c 2h 6s Kd]
Seat 1: PbIbak (big blind) showed [2c Kc] and won ($29.50) with two pair, Kings and Deuces
Seat 2: 7seven779 (button) (small blind) mucked


PokerStars Hand #147957614587:  Hold'em Limit ($3/$6 USD) - 2016/01/30 16:57:51 ET
Table 'Rana' 2-max Seat #1 is the button
Seat 1: PbIbak ($103.74 in chips)
Seat 2: 7seven779 ($42.70 in chips)
PbIbak: posts small blind $1
7seven779: posts big blind $3
*** HOLE CARDS ***
PbIbak: raises $3 to $6
7seven779: calls $3
*** FLOP *** [Ac 8c 3h]
7seven779: checks
PbIbak: bets $3
7seven779: folds
Uncalled bet ($3) returned to PbIbak
PbIbak collected $11.76 from pot
PbIbak: doesn't show hand
*** SUMMARY ***
Total pot $12 | Rake $0.24
Board [Ac 8c 3h]
Seat 1: PbIbak (button) (small blind) collected ($11.76)
Seat 2: 7seven779 (big blind) folded on the Flop


PokerStars Hand #147957709406:  Hold'em Limit ($3/$6 USD) - 2016/01/30 16:59:34 ET
Table 'Rana' 2-max Seat #2 is the button
Seat 1: PbIbak ($144.86 in chips)
Seat 2: 7seven779 ($30 in chips)
7seven779: posts small blind $1
PbIbak: posts big blind $3
*** HOLE CARDS ***
7seven779: raises $3 to $6
PbIbak: folds
Uncalled bet ($3) returned to 7seven779
7seven779 collected $6 from pot
*** SUMMARY ***
Total pot $6 | Rake $0
Seat 1: PbIbak (big blind) folded before Flop
Seat 2: 7seven779 (button) (small blind) collected ($6)


PokerStars Hand #147957671968:  Hold'em Limit ($3/$6 USD) - 2016/01/30 16:58:48 ET
Table 'Rana' 2-max Seat #1 is the button
Seat 1: PbIbak ($107.14 in chips)
Seat 2: 7seven779 ($38.22 in chips)
PbIbak: posts small blind $1
7seven779: posts big blind $3
*** HOLE CARDS ***
PbIbak: raises $3 to $6
7seven779: raises $3 to $9
PbIbak: calls $3
*** FLOP *** [Qc 9c 5c]
7seven779: bets $3
PbIbak: calls $3
*** TURN *** [Qc 9c 5c] [3d]
7seven779: bets $6
PbIbak: raises $6 to $12
7seven779: calls $6
*** RIVER *** [Qc 9c 5c 3d] [Ad]
7seven779: bets $6
PbIbak: raises $6 to $12
7seven779: raises $2.22 to $14.22 and is all-in
PbIbak: calls $2.22
*** SHOW DOWN ***
7seven779: shows [Ts Th] (a pair of Tens)
PbIbak: shows [9h 9s] (three of a kind, Nines)
PbIbak collected $75.94 from pot
*** SUMMARY ***
Total pot $76.44 | Rake $0.50
Board [Qc 9c 5c 3d Ad]
Seat 1: PbIbak (button) (small blind) showed [9h 9s] and won ($75.94) with three of a kind, Nines
Seat 2: 7seven779 (big blind) showed [Ts Th] and lost with a pair of Tens


PokerStars Hand #147957667665:  Hold'em Limit ($3/$6 USD) - 2016/01/30 16:58:43 ET
Table 'Rana' 2-max Seat #2 is the button
Seat 1: PbIbak ($106.14 in chips)
Seat 2: 7seven779 ($39.22 in chips)
7seven779: posts small blind $1
PbIbak: posts big blind $3
*** HOLE CARDS ***
7seven779: folds
Uncalled bet ($2) returned to PbIbak
PbIbak collected $2 from pot
PbIbak: doesn't show hand
*** SUMMARY ***
Total pot $2 | Rake $0
Seat 1: PbIbak (big blind) collected ($2)
Seat 2: 7seven779 (button) (small blind) folded before Flop


PokerStars Hand #147957719740:  Hold'em Limit ($3/$6 USD) - 2016/01/30 16:59:47 ET
Table 'Rana' 2-max Seat #2 is the button
Seat 1: PbIbak ($140.86 in chips)
Seat 2: 7seven779 ($34 in chips)
7seven779: posts small blind $1
PbIbak: posts big blind $3
*** HOLE CARDS ***
7seven779: raises $3 to $6
PbIbak: calls $3
*** FLOP *** [8c Ks Jc]
PbIbak: checks
7seven779: checks
*** TURN *** [8c Ks Jc] [9s]
PbIbak: checks
7seven779: checks
*** RIVER *** [8c Ks Jc 9s] [7d]
PbIbak: checks
7seven779: checks
*** SHOW DOWN ***
PbIbak: shows [2s 7s] (a pair of Sevens)
7seven779: mucks hand
PbIbak collected $11.76 from pot
*** SUMMARY ***
Total pot $12 | Rake $0.24
Board [8c Ks Jc 9s 7d]
Seat 1: PbIbak (big blind) showed [2s 7s] and won ($11.76) with a pair of Sevens
Seat 2: 7seven779 (button) (small blind) mucked


PokerStars Hand #147957736729:  Hold'em Limit ($3/$6 USD) - 2016/01/30 17:00:09 ET
Table 'Rana' 2-max Seat #1 is the button
Seat 1: PbIbak ($146.62 in chips)
Seat 2: 7seven779 ($28 in chips)
PbIbak: posts small blind $1
7seven779: posts big blind $3
*** HOLE CARDS ***
PbIbak: raises $3 to $6
7seven779: calls $3
*** FLOP *** [Ad Qd 2h]
7seven779: checks
PbIbak: bets $3
7seven779: folds
Uncalled bet ($3) returned to PbIbak
PbIbak collected $11.76 from pot
PbIbak: doesn't show hand
*** SUMMARY ***
Total pot $12 | Rake $0.24
Board [Ad Qd 2h]
Seat 1: PbIbak (button) (small blind) collected ($11.76)
Seat 2: 7seven779 (big blind) folded on the Flop


PokerStars Hand #147957715685:  Hold'em Limit ($3/$6 USD) - 2016/01/30 16:59:42 ET
Table 'Rana' 2-max Seat #1 is the button
Seat 1: PbIbak ($141.86 in chips)
Seat 2: 7seven779 ($33 in chips)
PbIbak: posts small blind $1
7seven779: posts big blind $3
*** HOLE CARDS ***
PbIbak: folds
Uncalled bet ($2) returned to 7seven779
7seven779 collected $2 from pot
7seven779: doesn't show hand
*** SUMMARY ***
Total pot $2 | Rake $0
Seat 1: PbIbak (button) (small blind) folded before Flop
Seat 2: 7seven779 (big blind) collected ($2)


PokerStars Hand #147957745818:  Hold'em Limit ($3/$6 USD) - 2016/01/30 17:00:20 ET
Table 'Rana' 2-max Seat #2 is the button
Seat 1: PbIbak ($152.38 in chips)
Seat 2: 7seven779 ($22 in chips)
7seven779: posts small blind $1
PbIbak: posts big blind $3
*** HOLE CARDS ***
7seven779: raises $3 to $6
PbIbak: calls $3
*** FLOP *** [6s 5s 7c]
PbIbak: checks
7seven779: bets $3
PbIbak: raises $3 to $6
7seven779: calls $3
*** TURN *** [6s 5s 7c] [2c]
PbIbak: bets $6
7seven779: calls $6
*** RIVER *** [6s 5s 7c 2c] [3c]
PbIbak: bets $6
7seven779: folds
Uncalled bet ($6) returned to PbIbak
PbIbak collected $35.50 from pot
PbIbak: doesn't show hand
*** SUMMARY ***
Total pot $36 | Rake $0.50
Board [6s 5s 7c 2c 3c]
Seat 1: PbIbak (big blind) collected ($35.50)
Seat 2: 7seven779 (button) (small blind) folded on the River


PokerStars Hand #147957761213:  Hold'em Limit ($3/$6 USD) - 2016/01/30 17:00:38 ET
Table 'Rana' 2-max Seat #1 is the button
Seat 1: PbIbak ($169.88 in chips)
Seat 2: 7seven779 ($4 in chips)
PbIbak: posts small blind $1
7seven779: posts big blind $3
*** HOLE CARDS ***
PbIbak: raises $3 to $6
7seven779: calls $1 and is all-in
Uncalled bet ($2) returned to PbIbak
*** FLOP *** [4d 2s 6s]
*** TURN *** [4d 2s 6s] [As]
*** RIVER *** [4d 2s 6s As] [6c]
*** SHOW DOWN ***
7seven779: shows [Kc 8c] (a pair of Sixes)
PbIbak: shows [5h 4c] (two pair, Sixes and Fours)
PbIbak collected $7.84 from pot
*** SUMMARY ***
Total pot $8 | Rake $0.16
Board [4d 2s 6s As 6c]
Seat 1: PbIbak (button) (small blind) showed [5h 4c] and won ($7.84) with two pair, Sixes and Fours
Seat 2: 7seven779 (big blind) showed [Kc 8c] and lost with a pair of Sixes


PokerStars Hand #147957792130:  Hold'em Limit ($3/$6 USD) - 2016/01/30 17:01:13 ET
Table 'Rana' 2-max Seat #2 is the button
Seat 1: PbIbak ($173.72 in chips)
Seat 2: 7seven779 ($30 in chips)
7seven779: posts small blind $1
PbIbak: posts big blind $3
*** HOLE CARDS ***
7seven779: raises $3 to $6
PbIbak: folds
Uncalled bet ($3) returned to 7seven779
7seven779 collected $6 from pot
7seven779: doesn't show hand
*** SUMMARY ***
Total pot $6 | Rake $0
Seat 1: PbIbak (big blind) folded before Flop
Seat 2: 7seven779 (button) (small blind) collected ($6)


PokerStars Hand #147957799209:  Hold'em Limit ($3/$6 USD) - 2016/01/30 17:01:20 ET
Table 'Rana' 2-max Seat #1 is the button
Seat 1: PbIbak ($170.72 in chips)
Seat 2: 7seven779 ($33 in chips)
PbIbak: posts small blind $1
7seven779: posts big blind $3
*** HOLE CARDS ***
PbIbak: raises $3 to $6
7seven779: calls $3
*** FLOP *** [6c 5s 3h]
7seven779: checks
PbIbak: bets $3
7seven779: calls $3
*** TURN *** [6c 5s 3h] [5h]
7seven779: checks
PbIbak: bets $6
7seven779: calls $6
*** RIVER *** [6c 5s 3h 5h] [Jc]
7seven779: checks
PbIbak: bets $6
7seven779: calls $6
*** SHOW DOWN ***
PbIbak: shows [Jd 6h] (two pair, Jacks and Sixes)
7seven779: mucks hand
PbIbak collected $41.50 from pot
*** SUMMARY ***
Total pot $42 | Rake $0.50
Board [6c 5s 3h 5h Jc]
Seat 1: PbIbak (button) (small blind) showed [Jd 6h] and won ($41.50) with two pair, Jacks and Sixes
Seat 2: 7seven779 (big blind) mucked


PokerStars Hand #147957828389:  Hold'em Limit ($3/$6 USD) - 2016/01/30 17:01:49 ET
Table 'Rana' 2-max Seat #1 is the button
Seat 1: PbIbak ($192.22 in chips)
Seat 2: 7seven779 ($11 in chips)
PbIbak: posts small blind $1
7seven779: posts big blind $3
*** HOLE CARDS ***
PbIbak: raises $3 to $6
7seven779: calls $3
*** FLOP *** [7d 6h Qh]
7seven779: checks
PbIbak: bets $3
7seven779: calls $3
*** TURN *** [7d 6h Qh] [Ks]
7seven779: bets $2 and is all-in
PbIbak: calls $2
*** RIVER *** [7d 6h Qh Ks] [Ah]
*** SHOW DOWN ***
7seven779: shows [9d 5d] (high card Ace)
PbIbak: shows [Js 6d] (a pair of Sixes)
PbIbak collected $21.56 from pot
*** SUMMARY ***
Total pot $22 | Rake $0.44
Board [7d 6h Qh Ks Ah]
Seat 1: PbIbak (button) (small blind) showed [Js 6d] and won ($21.56) with a pair of Sixes
Seat 2: 7seven779 (big blind) showed [9d 5d] and lost with high card Ace


PokerStars Hand #147957820191:  Hold'em Limit ($3/$6 USD) - 2016/01/30 17:01:41 ET
Table 'Rana' 2-max Seat #1 is the button
Seat 1: PbIbak ($192.22 in chips)
Seat 2: 7seven779 ($11 in chips)
PbIbak: posts small blind $1
7seven779: posts big blind $3
*** HOLE CARDS ***
PbIbak: folds
Uncalled bet ($2) returned to 7seven779
7seven779 collected $2 from pot
7seven779: doesn't show hand
*** SUMMARY ***
Total pot $2 | Rake $0
Seat 1: PbIbak (button) (small blind) folded before Flop
Seat 2: 7seven779 (big blind) collected ($2)


PokerStars Hand #147957815289:  Hold'em Limit ($3/$6 USD) - 2016/01/30 17:01:36 ET
Table 'Rana' 2-max Seat #2 is the button
Seat 1: PbIbak ($191.22 in chips)
Seat 2: 7seven779 ($12 in chips)
7seven779: posts small blind $1
PbIbak: posts big blind $3
*** HOLE CARDS ***
7seven779: folds
Uncalled bet ($2) returned to PbIbak
PbIbak collected $2 from pot
PbIbak: doesn't show hand
*** SUMMARY ***
Total pot $2 | Rake $0
Seat 1: PbIbak (big blind) collected ($2)
Seat 2: 7seven779 (button) (small blind) folded before Flop


PokerStars Hand #147957824151:  Hold'em Limit ($3/$6 USD) - 2016/01/30 17:01:45 ET
Table 'Rana' 2-max Seat #2 is the button
Seat 1: PbIbak ($191.22 in chips)
Seat 2: 7seven779 ($12 in chips)
7seven779: posts small blind $1
PbIbak: posts big blind $3
*** HOLE CARDS ***
7seven779: folds
Uncalled bet ($2) returned to PbIbak
PbIbak collected $2 from pot
PbIbak: doesn't show hand
*** SUMMARY ***
Total pot $2 | Rake $0
Seat 1: PbIbak (big blind) collected ($2)
Seat 2: 7seven779 (button) (small blind) folded before Flop


PokerStars Hand #147957897336:  Hold'em Limit ($3/$6 USD) - 2016/01/30 17:02:54 ET
Table 'Rana' 2-max Seat #1 is the button
Seat 1: PbIbak ($179.54 in chips)
Seat 2: 7seven779 ($52.50 in chips)
PbIbak: posts small blind $1
7seven779: posts big blind $3
*** HOLE CARDS ***
PbIbak: raises $3 to $6
7seven779: raises $3 to $9
PbIbak: calls $3
*** FLOP *** [4c 2c 9h]
7seven779: bets $3
PbIbak: calls $3
*** TURN *** [4c 2c 9h] [Ac]
7seven779: bets $6
PbIbak: folds
Uncalled bet ($6) returned to 7seven779
7seven779 collected $23.52 from pot
7seven779: doesn't show hand
*** SUMMARY ***
Total pot $24 | Rake $0.48
Board [4c 2c 9h Ac]
Seat 1: PbIbak (button) (small blind) folded on the Turn
Seat 2: 7seven779 (big blind) collected ($23.52)


PokerStars Hand #147957860130:  Hold'em Limit ($3/$6 USD) - 2016/01/30 17:02:19 ET
Table 'Rana' 2-max Seat #2 is the button
Seat 1: PbIbak ($202.78 in chips)
Seat 2: 7seven779 ($30 in chips)
7seven779: posts small blind $1
PbIbak: posts big blind $3
*** HOLE CARDS ***
7seven779: raises $3 to $6
PbIbak: calls $3
*** FLOP *** [9h 5d 8s]
PbIbak: checks
7seven779: bets $3
PbIbak: raises $3 to $6
7seven779: calls $3
*** TURN *** [9h 5d 8s] [7d]
PbIbak: bets $6
7seven779: raises $6 to $12
PbIbak: calls $6
*** RIVER *** [9h 5d 8s 7d] [Jd]
PbIbak: checks
7seven779: bets $6 and is all-in
PbIbak: calls $6
*** SHOW DOWN ***
7seven779: shows [6h 7s] (a straight, Five to Nine)
PbIbak: shows [9c Ah] (a pair of Nines)
7seven779 collected $59.50 from pot
*** SUMMARY ***
Total pot $60 | Rake $0.50
Board [9h 5d 8s 7d Jd]
Seat 1: PbIbak (big blind) showed [9c Ah] and lost with a pair of Nines
Seat 2: 7seven779 (button) (small blind) showed [6h 7s] and won ($59.50) with a straight, Five to Nine


PokerStars Hand #147957892840:  Hold'em Limit ($3/$6 USD) - 2016/01/30 17:02:50 ET
Table 'Rana' 2-max Seat #2 is the button
Seat 1: PbIbak ($178.54 in chips)
Seat 2: 7seven779 ($53.50 in chips)
7seven779: posts small blind $1
PbIbak: posts big blind $3
*** HOLE CARDS ***
7seven779: folds
Uncalled bet ($2) returned to PbIbak
PbIbak collected $2 from pot
PbIbak: doesn't show hand
*** SUMMARY ***
Total pot $2 | Rake $0
Seat 1: PbIbak (big blind) collected ($2)
Seat 2: 7seven779 (button) (small blind) folded before Flop


PokerStars Hand #147957883656:  Hold'em Limit ($3/$6 USD) - 2016/01/30 17:02:41 ET
Table 'Rana' 2-max Seat #1 is the button
Seat 1: PbIbak ($172.78 in chips)
Seat 2: 7seven779 ($59.50 in chips)
PbIbak: posts small blind $1
7seven779: posts big blind $3
*** HOLE CARDS ***
PbIbak: raises $3 to $6
7seven779: calls $3
*** FLOP *** [Ad 9h Qd]
7seven779: checks
PbIbak: bets $3
7seven779: folds
Uncalled bet ($3) returned to PbIbak
PbIbak collected $11.76 from pot
PbIbak: doesn't show hand
*** SUMMARY ***
Total pot $12 | Rake $0.24
Board [Ad 9h Qd]
Seat 1: PbIbak (button) (small blind) collected ($11.76)
Seat 2: 7seven779 (big blind) folded on the Flop


PokerStars Hand #147957908906:  Hold'em Limit ($3/$6 USD) - 2016/01/30 17:03:05 ET
Table 'Rana' 2-max Seat #2 is the button
Seat 1: PbIbak ($167.54 in chips)
Seat 2: 7seven779 ($64.02 in chips)
7seven779: posts small blind $1
PbIbak: posts big blind $3
*** HOLE CARDS ***
7seven779: raises $3 to $6
PbIbak: calls $3
*** FLOP *** [Kh As Js]
PbIbak: checks
7seven779: bets $3
PbIbak: calls $3
*** TURN *** [Kh As Js] [Tc]
PbIbak: checks
7seven779: bets $6
PbIbak: calls $6
*** RIVER *** [Kh As Js Tc] [4d]
PbIbak: checks
7seven779: checks
*** SHOW DOWN ***
PbIbak: shows [Ks 2h] (a pair of Kings)
7seven779: shows [Kc Ts] (two pair, Kings and Tens)
7seven779 collected $29.50 from pot
*** SUMMARY ***
Total pot $30 | Rake $0.50
Board [Kh As Js Tc 4d]
Seat 1: PbIbak (big blind) showed [Ks 2h] and lost with a pair of Kings
Seat 2: 7seven779 (button) (small blind) showed [Kc Ts] and won ($29.50) with two pair, Kings and Tens


PokerStars Hand #147957978240:  Hold'em Limit ($3/$6 USD) - 2016/01/30 17:04:11 ET
Table 'Rana' 2-max Seat #2 is the button
Seat 1: PbIbak ($172.54 in chips)
Seat 2: 7seven779 ($57.02 in chips)
7seven779: posts small blind $1
PbIbak: posts big blind $3
*** HOLE CARDS ***
7seven779: raises $3 to $6
PbIbak: folds
Uncalled bet ($3) returned to 7seven779
7seven779 collected $6 from pot
7seven779: doesn't show hand
*** SUMMARY ***
Total pot $6 | Rake $0
Seat 1: PbIbak (big blind) folded before Flop
Seat 2: 7seven779 (button) (small blind) collected ($6)


PokerStars Hand #147957960793:  Hold'em Limit ($3/$6 USD) - 2016/01/30 17:03:55 ET
Table 'Rana' 2-max Seat #1 is the button
Seat 1: PbIbak ($146.04 in chips)
Seat 2: 7seven779 ($84.02 in chips)
PbIbak: posts small blind $1
7seven779: posts big blind $3
*** HOLE CARDS ***
PbIbak: raises $3 to $6
7seven779: calls $3
*** FLOP *** [Qh 7d 4d]
7seven779: checks
PbIbak: bets $3
7seven779: calls $3
*** TURN *** [Qh 7d 4d] [Jh]
7seven779: checks
PbIbak: bets $6
7seven779: raises $6 to $12
PbIbak: calls $6
*** RIVER *** [Qh 7d 4d Jh] [Jc]
7seven779: bets $6
PbIbak: calls $6
*** SHOW DOWN ***
7seven779: shows [Td 8s] (a pair of Jacks)
PbIbak: shows [Kc 7h] (two pair, Jacks and Sevens)
PbIbak collected $53.50 from pot
*** SUMMARY ***
Total pot $54 | Rake $0.50
Board [Qh 7d 4d Jh Jc]
Seat 1: PbIbak (button) (small blind) showed [Kc 7h] and won ($53.50) with two pair, Jacks and Sevens
Seat 2: 7seven779 (big blind) showed [Td 8s] and lost with a pair of Jacks


PokerStars Hand #147957924100:  Hold'em Limit ($3/$6 USD) - 2016/01/30 17:03:20 ET
Table 'Rana' 2-max Seat #1 is the button
Seat 1: PbIbak ($152.54 in chips)
Seat 2: 7seven779 ($78.52 in chips)
PbIbak: posts small blind $1
7seven779: posts big blind $3
*** HOLE CARDS ***
PbIbak: raises $3 to $6
7seven779: calls $3
*** FLOP *** [Qc 3h Ks]
7seven779: checks
PbIbak: bets $3
7seven779: calls $3
*** TURN *** [Qc 3h Ks] [3s]
7seven779: checks
PbIbak: bets $6
7seven779: calls $6
*** RIVER *** [Qc 3h Ks 3s] [5c]
7seven779: bets $6
PbIbak: calls $6
*** SHOW DOWN ***
7seven779: shows [Ts 3d] (three of a kind, Threes)
PbIbak: mucks hand
7seven779 collected $41.50 from pot
*** SUMMARY ***
Total pot $42 | Rake $0.50
Board [Qc 3h Ks 3s 5c]
Seat 1: PbIbak (button) (small blind) mucked
Seat 2: 7seven779 (big blind) showed [Ts 3d] and won ($41.50) with three of a kind, Threes


PokerStars Hand #147957943459:  Hold'em Limit ($3/$6 USD) - 2016/01/30 17:03:38 ET
Table 'Rana' 2-max Seat #2 is the button
Seat 1: PbIbak ($131.54 in chips)
Seat 2: 7seven779 ($99.02 in chips)
7seven779: posts small blind $1
PbIbak: posts big blind $3
*** HOLE CARDS ***
7seven779: raises $3 to $6
PbIbak: calls $3
*** FLOP *** [4h 3s Qc]
PbIbak: checks
7seven779: bets $3
PbIbak: calls $3
*** TURN *** [4h 3s Qc] [8c]
PbIbak: checks
7seven779: checks
*** RIVER *** [4h 3s Qc 8c] [Td]
PbIbak: bets $6
7seven779: calls $6
*** SHOW DOWN ***
PbIbak: shows [8h Jc] (a pair of Eights)
7seven779: mucks hand
PbIbak collected $29.50 from pot
*** SUMMARY ***
Total pot $30 | Rake $0.50
Board [4h 3s Qc 8c Td]
Seat 1: PbIbak (big blind) showed [8h Jc] and won ($29.50) with a pair of Eights
Seat 2: 7seven779 (button) (small blind) mucked


PokerStars Hand #147957984141:  Hold'em Limit ($3/$6 USD) - 2016/01/30 17:04:17 ET
Table 'Rana' 2-max Seat #1 is the button
Seat 1: PbIbak ($169.54 in chips)
Seat 2: 7seven779 ($60.02 in chips)
PbIbak: posts small blind $1
7seven779: posts big blind $3
*** HOLE CARDS ***
PbIbak: raises $3 to $6
7seven779: calls $3
*** FLOP *** [8c As Ac]
7seven779: checks
PbIbak: checks
*** TURN *** [8c As Ac] [Ah]
7seven779: bets $6
PbIbak: folds
Uncalled bet ($6) returned to 7seven779
7seven779 collected $11.76 from pot
7seven779: doesn't show hand
*** SUMMARY ***
Total pot $12 | Rake $0.24
Board [8c As Ac Ah]
Seat 1: PbIbak (button) (small blind) folded on the Turn
Seat 2: 7seven779 (big blind) collected ($11.76)


PokerStars Hand #147957993982:  Hold'em Limit ($3/$6 USD) - 2016/01/30 17:04:26 ET
Table 'Rana' 2-max Seat #2 is the button
Seat 1: PbIbak ($163.54 in chips)
Seat 2: 7seven779 ($65.78 in chips)
7seven779: posts small blind $1
PbIbak: posts big blind $3
*** HOLE CARDS ***
7seven779: raises $3 to $6
PbIbak: calls $3
*** FLOP *** [2h 4h Js]
PbIbak: checks
7seven779: checks
*** TURN *** [2h 4h Js] [5c]
PbIbak: checks
7seven779: checks
*** RIVER *** [2h 4h Js 5c] [9d]
PbIbak: bets $6
7seven779: folds
Uncalled bet ($6) returned to PbIbak
PbIbak collected $11.76 from pot
PbIbak: doesn't show hand
*** SUMMARY ***
Total pot $12 | Rake $0.24
Board [2h 4h Js 5c 9d]
Seat 1: PbIbak (big blind) collected ($11.76)
Seat 2: 7seven779 (button) (small blind) folded on the River


PokerStars Hand #147958038418:  Hold'em Limit ($3/$6 USD) - 2016/01/30 17:05:07 ET
Table 'Rana' 2-max Seat #2 is the button
Seat 1: PbIbak ($158.06 in chips)
Seat 2: 7seven779 ($70.28 in chips)
7seven779: posts small blind $1
PbIbak: posts big blind $3
*** HOLE CARDS ***
7seven779: raises $3 to $6
PbIbak: calls $3
*** FLOP *** [Th 8s Ts]
PbIbak: checks
7seven779: bets $3
PbIbak: raises $3 to $6
7seven779: calls $3
*** TURN *** [Th 8s Ts] [Qh]
PbIbak: bets $6
7seven779: folds
Uncalled bet ($6) returned to PbIbak
PbIbak collected $23.52 from pot
PbIbak: doesn't show hand
*** SUMMARY ***
Total pot $24 | Rake $0.48
Board [Th 8s Ts Qh]
Seat 1: PbIbak (big blind) collected ($23.52)
Seat 2: 7seven779 (button) (small blind) folded on the Turn


PokerStars Hand #147958023639:  Hold'em Limit ($3/$6 USD) - 2016/01/30 17:04:54 ET
Table 'Rana' 2-max Seat #2 is the button
Seat 1: PbIbak ($151.30 in chips)
Seat 2: 7seven779 ($77.28 in chips)
7seven779: posts small blind $1
PbIbak: posts big blind $3
*** HOLE CARDS ***
7seven779: folds
Uncalled bet ($2) returned to PbIbak
PbIbak collected $2 from pot
PbIbak: doesn't show hand
*** SUMMARY ***
Total pot $2 | Rake $0
Seat 1: PbIbak (big blind) collected ($2)
Seat 2: 7seven779 (button) (small blind) folded before Flop


PokerStars Hand #147958028687:  Hold'em Limit ($3/$6 USD) - 2016/01/30 17:04:59 ET
Table 'Rana' 2-max Seat #1 is the button
Seat 1: PbIbak ($152.30 in chips)
Seat 2: 7seven779 ($76.28 in chips)
PbIbak: posts small blind $1
7seven779: posts big blind $3
*** HOLE CARDS ***
PbIbak: raises $3 to $6
7seven779: calls $3
*** FLOP *** [Ac 5c Jd]
7seven779: checks
PbIbak: bets $3
7seven779: folds
Uncalled bet ($3) returned to PbIbak
PbIbak collected $11.76 from pot
PbIbak: doesn't show hand
*** SUMMARY ***
Total pot $12 | Rake $0.24
Board [Ac 5c Jd]
Seat 1: PbIbak (button) (small blind) collected ($11.76)
Seat 2: 7seven779 (big blind) folded on the Flop


PokerStars Hand #147958008349:  Hold'em Limit ($3/$6 USD) - 2016/01/30 17:04:40 ET
Table 'Rana' 2-max Seat #1 is the button
Seat 1: PbIbak ($169.30 in chips)
Seat 2: 7seven779 ($59.78 in chips)
PbIbak: posts small blind $1
7seven779: posts big blind $3
*** HOLE CARDS ***
PbIbak: raises $3 to $6
7seven779: raises $3 to $9
PbIbak: calls $3
*** FLOP *** [7d 9c 8s]
7seven779: bets $3
PbIbak: calls $3
*** TURN *** [7d 9c 8s] [7c]
7seven779: bets $6
PbIbak: calls $6
*** RIVER *** [7d 9c 8s 7c] [Qc]
7seven779: bets $6
PbIbak: folds
Uncalled bet ($6) returned to 7seven779
7seven779 collected $35.50 from pot
7seven779: doesn't show hand
*** SUMMARY ***
Total pot $36 | Rake $0.50
Board [7d 9c 8s 7c Qc]
Seat 1: PbIbak (button) (small blind) folded on the River
Seat 2: 7seven779 (big blind) collected ($35.50)


PokerStars Hand #147958052406:  Hold'em Limit ($3/$6 USD) - 2016/01/30 17:05:21 ET
Table 'Rana' 2-max Seat #1 is the button
Seat 1: PbIbak ($169.58 in chips)
Seat 2: 7seven779 ($58.28 in chips)
PbIbak: posts small blind $1
7seven779: posts big blind $3
*** HOLE CARDS ***
PbIbak: raises $3 to $6
7seven779: raises $3 to $9
PbIbak: calls $3
*** FLOP *** [4h 7d 3s]
7seven779: bets $3
PbIbak: calls $3
*** TURN *** [4h 7d 3s] [6s]
7seven779: checks
PbIbak: checks
*** RIVER *** [4h 7d 3s 6s] [Jd]
7seven779: bets $6
PbIbak: folds
Uncalled bet ($6) returned to 7seven779
7seven779 collected $23.52 from pot
7seven779: doesn't show hand
*** SUMMARY ***
Total pot $24 | Rake $0.48
Board [4h 7d 3s 6s Jd]
Seat 1: PbIbak (button) (small blind) folded on the River
Seat 2: 7seven779 (big blind) collected ($23.52)


PokerStars Hand #147958066797:  Hold'em Limit ($3/$6 USD) - 2016/01/30 17:05:35 ET
Table 'Rana' 2-max Seat #2 is the button
Seat 1: PbIbak ($157.58 in chips)
Seat 2: 7seven779 ($69.80 in chips)
7seven779: posts small blind $1
PbIbak: posts big blind $3
*** HOLE CARDS ***
7seven779: raises $3 to $6
PbIbak: calls $3
*** FLOP *** [2d 2s Ac]
PbIbak: checks
7seven779: bets $3
PbIbak: calls $3
*** TURN *** [2d 2s Ac] [7d]
PbIbak: checks
7seven779: bets $6
PbIbak: calls $6
*** RIVER *** [2d 2s Ac 7d] [Kd]
PbIbak: checks
7seven779: bets $6
PbIbak: calls $6
*** SHOW DOWN ***
7seven779: shows [As 9h] (two pair, Aces and Deuces)
PbIbak: mucks hand
7seven779 collected $41.50 from pot
*** SUMMARY ***
Total pot $42 | Rake $0.50
Board [2d 2s Ac 7d Kd]
Seat 1: PbIbak (big blind) mucked
Seat 2: 7seven779 (button) (small blind) showed [As 9h] and won ($41.50) with two pair, Aces and Deuces


PokerStars Hand #147958094289:  Hold'em Limit ($3/$6 USD) - 2016/01/30 17:06:01 ET
Table 'Rana' 2-max Seat #2 is the button
Seat 1: PbIbak ($127.58 in chips)
Seat 2: 7seven779 ($98.94 in chips)
7seven779: posts small blind $1
PbIbak: posts big blind $3
*** HOLE CARDS ***
7seven779: raises $3 to $6
PbIbak: folds
Uncalled bet ($3) returned to 7seven779
7seven779 collected $6 from pot
7seven779: doesn't show hand
*** SUMMARY ***
Total pot $6 | Rake $0
Seat 1: PbIbak (big blind) folded before Flop
Seat 2: 7seven779 (button) (small blind) collected ($6)


PokerStars Hand #147958080012:  Hold'em Limit ($3/$6 USD) - 2016/01/30 17:05:48 ET
Table 'Rana' 2-max Seat #1 is the button
Seat 1: PbIbak ($136.58 in chips)
Seat 2: 7seven779 ($90.30 in chips)
PbIbak: posts small blind $1
7seven779: posts big blind $3
*** HOLE CARDS ***
PbIbak: raises $3 to $6
7seven779: calls $3
*** FLOP *** [Ah 2s 8d]
7seven779: checks
PbIbak: bets $3
7seven779: calls $3
*** TURN *** [Ah 2s 8d] [Js]
7seven779: checks
PbIbak: checks
*** RIVER *** [Ah 2s 8d Js] [2h]
7seven779: bets $6
PbIbak: folds
Uncalled bet ($6) returned to 7seven779
7seven779 collected $17.64 from pot
7seven779: doesn't show hand
*** SUMMARY ***
Total pot $18 | Rake $0.36
Board [Ah 2s 8d Js 2h]
Seat 1: PbIbak (button) (small blind) folded on the River
Seat 2: 7seven779 (big blind) collected ($17.64)


PokerStars Hand #147958114013:  Hold'em Limit ($3/$6 USD) - 2016/01/30 17:06:20 ET
Table 'Rana' 2-max Seat #2 is the button
Seat 1: PbIbak ($139.08 in chips)
Seat 2: 7seven779 ($86.94 in chips)
7seven779: posts small blind $1
PbIbak: posts big blind $3
*** HOLE CARDS ***
7seven779: raises $3 to $6
PbIbak: calls $3
*** FLOP *** [8d 6d 9h]
PbIbak: checks
7seven779: bets $3
PbIbak: calls $3
*** TURN *** [8d 6d 9h] [Kh]
PbIbak: checks
7seven779: bets $6
PbIbak: folds
Uncalled bet ($6) returned to 7seven779
7seven779 collected $17.64 from pot
7seven779: doesn't show hand
*** SUMMARY ***
Total pot $18 | Rake $0.36
Board [8d 6d 9h Kh]
Seat 1: PbIbak (big blind) folded on the Turn
Seat 2: 7seven779 (button) (small blind) collected ($17.64)


PokerStars Hand #147958099812:  Hold'em Limit ($3/$6 USD) - 2016/01/30 17:06:06 ET
Table 'Rana' 2-max Seat #1 is the button
Seat 1: PbIbak ($124.58 in chips)
Seat 2: 7seven779 ($101.94 in chips)
PbIbak: posts small blind $1
7seven779: posts big blind $3
*** HOLE CARDS ***
PbIbak: raises $3 to $6
7seven779: calls $3
*** FLOP *** [6s 5c 9c]
7seven779: checks
PbIbak: bets $3
7seven779: calls $3
*** TURN *** [6s 5c 9c] [Qh]
7seven779: checks
PbIbak: checks
*** RIVER *** [6s 5c 9c Qh] [Jd]
7seven779: bets $6
PbIbak: calls $6
*** SHOW DOWN ***
7seven779: shows [8h 2s] (high card Queen)
PbIbak: shows [3s 6d] (a pair of Sixes)
PbIbak collected $29.50 from pot
*** SUMMARY ***
Total pot $30 | Rake $0.50
Board [6s 5c 9c Qh Jd]
Seat 1: PbIbak (button) (small blind) showed [3s 6d] and won ($29.50) with a pair of Sixes
Seat 2: 7seven779 (big blind) showed [8h 2s] and lost with high card Queen


PokerStars Hand #147958125821:  Hold'em Limit ($3/$6 USD) - 2016/01/30 17:06:32 ET
Table 'Rana' 2-max Seat #1 is the button
Seat 1: PbIbak ($130.08 in chips)
Seat 2: 7seven779 ($95.58 in chips)
PbIbak: posts small blind $1
7seven779: posts big blind $3
*** HOLE CARDS ***
PbIbak: raises $3 to $6
7seven779: calls $3
*** FLOP *** [6d 4h Td]
7seven779: checks
PbIbak: checks
*** TURN *** [6d 4h Td] [Qc]
7seven779: checks
PbIbak: checks
*** RIVER *** [6d 4h Td Qc] [Th]
7seven779: bets $6
PbIbak: calls $6
*** SHOW DOWN ***
7seven779: shows [4s Ad] (two pair, Tens and Fours)
PbIbak: mucks hand
7seven779 collected $23.52 from pot
*** SUMMARY ***
Total pot $24 | Rake $0.48
Board [6d 4h Td Qc Th]
Seat 1: PbIbak (button) (small blind) mucked
Seat 2: 7seven779 (big blind) showed [4s Ad] and won ($23.52) with two pair, Tens and Fours


PokerStars Hand #147958138126:  Hold'em Limit ($3/$6 USD) - 2016/01/30 17:06:44 ET
Table 'Rana' 2-max Seat #2 is the button
Seat 1: PbIbak ($118.08 in chips)
Seat 2: 7seven779 ($107.10 in chips)
7seven779: posts small blind $1
PbIbak: posts big blind $3
*** HOLE CARDS ***
7seven779: raises $3 to $6
PbIbak: calls $3
*** FLOP *** [3c Td Qc]
PbIbak: checks
7seven779: checks
*** TURN *** [3c Td Qc] [Tc]
PbIbak: bets $6
7seven779: calls $6
*** RIVER *** [3c Td Qc Tc] [3s]
PbIbak: bets $6
7seven779: folds
Uncalled bet ($6) returned to PbIbak
PbIbak collected $23.52 from pot
PbIbak: doesn't show hand
*** SUMMARY ***
Total pot $24 | Rake $0.48
Board [3c Td Qc Tc 3s]
Seat 1: PbIbak (big blind) collected ($23.52)
Seat 2: 7seven779 (button) (small blind) folded on the River


PokerStars Hand #147958150972:  Hold'em Limit ($3/$6 USD) - 2016/01/30 17:06:56 ET
Table 'Rana' 2-max Seat #1 is the button
Seat 1: PbIbak ($129.60 in chips)
Seat 2: 7seven779 ($95.10 in chips)
PbIbak: posts small blind $1
7seven779: posts big blind $3
*** HOLE CARDS ***
PbIbak: raises $3 to $6
7seven779: raises $3 to $9
PbIbak: calls $3
*** FLOP *** [7h Kc 7c]
7seven779: bets $3
PbIbak: folds
Uncalled bet ($3) returned to 7seven779
7seven779 collected $17.64 from pot
7seven779: doesn't show hand
*** SUMMARY ***
Total pot $18 | Rake $0.36
Board [7h Kc 7c]
Seat 1: PbIbak (button) (small blind) folded on the Flop
Seat 2: 7seven779 (big blind) collected ($17.64)


PokerStars Hand #147958160391:  Hold'em Limit ($3/$6 USD) - 2016/01/30 17:07:05 ET
Table 'Rana' 2-max Seat #2 is the button
Seat 1: PbIbak ($120.60 in chips)
Seat 2: 7seven779 ($103.74 in chips)
7seven779: posts small blind $1
PbIbak: posts big blind $3
*** HOLE CARDS ***
7seven779: folds
Uncalled bet ($2) returned to PbIbak
PbIbak collected $2 from pot
PbIbak: doesn't show hand
*** SUMMARY ***
Total pot $2 | Rake $0
Seat 1: PbIbak (big blind) collected ($2)
Seat 2: 7seven779 (button) (small blind) folded before Flop


PokerStars Hand #147958165812:  Hold'em Limit ($3/$6 USD) - 2016/01/30 17:07:10 ET
Table 'Rana' 2-max Seat #1 is the button
Seat 1: PbIbak ($121.60 in chips)
Seat 2: 7seven779 ($102.74 in chips)
PbIbak: posts small blind $1
7seven779: posts big blind $3
*** HOLE CARDS ***
PbIbak: raises $3 to $6
7seven779: calls $3
*** FLOP *** [3s 7s 8d]
7seven779: checks
PbIbak: bets $3
7seven779: calls $3
*** TURN *** [3s 7s 8d] [6d]
7seven779: checks
PbIbak: bets $6
7seven779: raises $6 to $12
PbIbak: calls $6
*** RIVER *** [3s 7s 8d 6d] [4s]
7seven779: checks
PbIbak: bets $6
7seven779: calls $6
*** SHOW DOWN ***
PbIbak: shows [5d 7d] (a straight, Four to Eight)
7seven779: mucks hand
PbIbak collected $53.50 from pot
*** SUMMARY ***
Total pot $54 | Rake $0.50
Board [3s 7s 8d 6d 4s]
Seat 1: PbIbak (button) (small blind) showed [5d 7d] and won ($53.50) with a straight, Four to Eight
Seat 2: 7seven779 (big blind) mucked


PokerStars Hand #147958183666:  Hold'em Limit ($3/$6 USD) - 2016/01/30 17:07:27 ET
Table 'Rana' 2-max Seat #2 is the button
Seat 1: PbIbak ($148.10 in chips)
Seat 2: 7seven779 ($75.74 in chips)
7seven779: posts small blind $1
PbIbak: posts big blind $3
*** HOLE CARDS ***
7seven779: raises $3 to $6
PbIbak: calls $3
*** FLOP *** [7s 4d Tc]
PbIbak: checks
7seven779: bets $3
PbIbak: calls $3
*** TURN *** [7s 4d Tc] [6s]
PbIbak: checks
7seven779: checks
*** RIVER *** [7s 4d Tc 6s] [2c]
PbIbak: checks
7seven779: checks
*** SHOW DOWN ***
PbIbak: shows [9h Qh] (high card Queen)
7seven779: shows [Ad Qc] (high card Ace)
7seven779 collected $17.64 from pot
*** SUMMARY ***
Total pot $18 | Rake $0.36
Board [7s 4d Tc 6s 2c]
Seat 1: PbIbak (big blind) showed [9h Qh] and lost with high card Queen
Seat 2: 7seven779 (button) (small blind) showed [Ad Qc] and won ($17.64) with high card Ace


PokerStars Hand #147958197944:  Hold'em Limit ($3/$6 USD) - 2016/01/30 17:07:41 ET
Table 'Rana' 2-max Seat #1 is the button
Seat 1: PbIbak ($139.10 in chips)
Seat 2: 7seven779 ($84.38 in chips)
PbIbak: posts small blind $1
7seven779: posts big blind $3
*** HOLE CARDS ***
PbIbak: raises $3 to $6
7seven779: calls $3
*** FLOP *** [7d 8s Td]
7seven779: checks
PbIbak: checks
*** TURN *** [7d 8s Td] [6s]
7seven779: bets $6
PbIbak: folds
Uncalled bet ($6) returned to 7seven779
7seven779 collected $11.76 from pot
7seven779: doesn't show hand
*** SUMMARY ***
Total pot $12 | Rake $0.24
Board [7d 8s Td 6s]
Seat 1: PbIbak (button) (small blind) folded on the Turn
Seat 2: 7seven779 (big blind) collected ($11.76)


PokerStars Hand #147958207100:  Hold'em Limit ($3/$6 USD) - 2016/01/30 17:07:50 ET
Table 'Rana' 2-max Seat #2 is the button
Seat 1: PbIbak ($133.10 in chips)
Seat 2: 7seven779 ($90.14 in chips)
7seven779: posts small blind $1
PbIbak: posts big blind $3
*** HOLE CARDS ***
7seven779: raises $3 to $6
PbIbak: calls $3
*** FLOP *** [6h 2h 9h]
PbIbak: checks
7seven779: bets $3
PbIbak: calls $3
*** TURN *** [6h 2h 9h] [4s]
PbIbak: checks
7seven779: bets $6
PbIbak: raises $6 to $12
7seven779: calls $6
*** RIVER *** [6h 2h 9h 4s] [8c]
PbIbak: bets $6
7seven779: folds
Uncalled bet ($6) returned to PbIbak
PbIbak collected $41.50 from pot
PbIbak: doesn't show hand
*** SUMMARY ***
Total pot $42 | Rake $0.50
Board [6h 2h 9h 4s 8c]
Seat 1: PbIbak (big blind) collected ($41.50)
Seat 2: 7seven779 (button) (small blind) folded on the River


PokerStars Hand #147958222704:  Hold'em Limit ($3/$6 USD) - 2016/01/30 17:08:05 ET
Table 'Rana' 2-max Seat #1 is the button
Seat 1: PbIbak ($153.60 in chips)
Seat 2: 7seven779 ($69.14 in chips)
PbIbak: posts small blind $1
7seven779: posts big blind $3
*** HOLE CARDS ***
PbIbak: raises $3 to $6
7seven779: calls $3
*** FLOP *** [Kh 4d 8c]
7seven779: checks
PbIbak: bets $3
7seven779: calls $3
*** TURN *** [Kh 4d 8c] [Ac]
7seven779: checks
PbIbak: checks
*** RIVER *** [Kh 4d 8c Ac] [4c]
7seven779: bets $6
PbIbak: calls $6
*** SHOW DOWN ***
7seven779: shows [Ts As] (two pair, Aces and Fours)
PbIbak: mucks hand
7seven779 collected $29.50 from pot
*** SUMMARY ***
Total pot $30 | Rake $0.50
Board [Kh 4d 8c Ac 4c]
Seat 1: PbIbak (button) (small blind) mucked
Seat 2: 7seven779 (big blind) showed [Ts As] and won ($29.50) with two pair, Aces and Fours


PokerStars Hand #147958234430:  Hold'em Limit ($3/$6 USD) - 2016/01/30 17:08:17 ET
Table 'Rana' 2-max Seat #2 is the button
Seat 1: PbIbak ($138.60 in chips)
Seat 2: 7seven779 ($83.64 in chips)
7seven779: posts small blind $1
PbIbak: posts big blind $3
*** HOLE CARDS ***
7seven779: raises $3 to $6
PbIbak: calls $3
*** FLOP *** [Ts 2d Qd]
PbIbak: checks
7seven779: bets $3
PbIbak: folds
Uncalled bet ($3) returned to 7seven779
7seven779 collected $11.76 from pot
7seven779: doesn't show hand
*** SUMMARY ***
Total pot $12 | Rake $0.24
Board [Ts 2d Qd]
Seat 1: PbIbak (big blind) folded on the Flop
Seat 2: 7seven779 (button) (small blind) collected ($11.76)


PokerStars Hand #147958256742:  Hold'em Limit ($3/$6 USD) - 2016/01/30 17:08:39 ET
Table 'Rana' 2-max Seat #2 is the button
Seat 1: PbIbak ($123.60 in chips)
Seat 2: 7seven779 ($98.04 in chips)
7seven779: posts small blind $1
PbIbak: posts big blind $3
*** HOLE CARDS ***
7seven779: raises $3 to $6
PbIbak: calls $3
*** FLOP *** [5h 7c 5s]
PbIbak: checks
7seven779: checks
*** TURN *** [5h 7c 5s] [3c]
PbIbak: bets $6
7seven779: folds
Uncalled bet ($6) returned to PbIbak
PbIbak collected $11.76 from pot
PbIbak: doesn't show hand
*** SUMMARY ***
Total pot $12 | Rake $0.24
Board [5h 7c 5s 3c]
Seat 1: PbIbak (big blind) collected ($11.76)
Seat 2: 7seven779 (button) (small blind) folded on the Turn


PokerStars Hand #147958241746:  Hold'em Limit ($3/$6 USD) - 2016/01/30 17:08:24 ET
Table 'Rana' 2-max Seat #1 is the button
Seat 1: PbIbak ($132.60 in chips)
Seat 2: 7seven779 ($89.40 in chips)
PbIbak: posts small blind $1
7seven779: posts big blind $3
*** HOLE CARDS ***
PbIbak: raises $3 to $6
7seven779: calls $3
*** FLOP *** [As 7d Qh]
7seven779: checks
PbIbak: bets $3
7seven779: calls $3
*** TURN *** [As 7d Qh] [6s]
7seven779: checks
PbIbak: checks
*** RIVER *** [As 7d Qh 6s] [Qs]
7seven779: bets $6
PbIbak: folds
Uncalled bet ($6) returned to 7seven779
7seven779 collected $17.64 from pot
7seven779: doesn't show hand
*** SUMMARY ***
Total pot $18 | Rake $0.36
Board [As 7d Qh 6s Qs]
Seat 1: PbIbak (button) (small blind) folded on the River
Seat 2: 7seven779 (big blind) collected ($17.64)


PokerStars Hand #147958266688:  Hold'em Limit ($3/$6 USD) - 2016/01/30 17:08:48 ET
Table 'Rana' 2-max Seat #1 is the button
Seat 1: PbIbak ($129.36 in chips)
Seat 2: 7seven779 ($92.04 in chips)
PbIbak: posts small blind $1
7seven779: posts big blind $3
*** HOLE CARDS ***
PbIbak: raises $3 to $6
7seven779: calls $3
*** FLOP *** [Ts Ks 9s]
7seven779: checks
PbIbak: checks
*** TURN *** [Ts Ks 9s] [As]
7seven779: bets $6
PbIbak: folds
Uncalled bet ($6) returned to 7seven779
7seven779 collected $11.76 from pot
7seven779: doesn't show hand
*** SUMMARY ***
Total pot $12 | Rake $0.24
Board [Ts Ks 9s As]
Seat 1: PbIbak (button) (small blind) folded on the Turn
Seat 2: 7seven779 (big blind) collected ($11.76)


PokerStars Hand #147958276268:  Hold'em Limit ($3/$6 USD) - 2016/01/30 17:08:58 ET
Table 'Rana' 2-max Seat #2 is the button
Seat 1: PbIbak ($123.36 in chips)
Seat 2: 7seven779 ($97.80 in chips)
7seven779: posts small blind $1
PbIbak: posts big blind $3
*** HOLE CARDS ***
7seven779: folds
Uncalled bet ($2) returned to PbIbak
PbIbak collected $2 from pot
PbIbak: doesn't show hand
*** SUMMARY ***
Total pot $2 | Rake $0
Seat 1: PbIbak (big blind) collected ($2)
Seat 2: 7seven779 (button) (small blind) folded before Flop


PokerStars Hand #147958298136:  Hold'em Limit ($3/$6 USD) - 2016/01/30 17:09:19 ET
Table 'Rana' 2-max Seat #2 is the button
Seat 1: PbIbak ($94.36 in chips)
Seat 2: 7seven779 ($126.30 in chips)
7seven779: posts small blind $1
PbIbak: posts big blind $3
*** HOLE CARDS ***
7seven779: raises $3 to $6
PbIbak: folds
Uncalled bet ($3) returned to 7seven779
7seven779 collected $6 from pot
7seven779: doesn't show hand
*** SUMMARY ***
Total pot $6 | Rake $0
Seat 1: PbIbak (big blind) folded before Flop
Seat 2: 7seven779 (button) (small blind) collected ($6)


PokerStars Hand #147958280961:  Hold'em Limit ($3/$6 USD) - 2016/01/30 17:09:02 ET
Table 'Rana' 2-max Seat #1 is the button
Seat 1: PbIbak ($124.36 in chips)
Seat 2: 7seven779 ($96.80 in chips)
PbIbak: posts small blind $1
7seven779: posts big blind $3
*** HOLE CARDS ***
PbIbak: raises $3 to $6
7seven779: raises $3 to $9
PbIbak: calls $3
*** FLOP *** [Jc 7s 2s]
7seven779: bets $3
PbIbak: calls $3
*** TURN *** [Jc 7s 2s] [7d]
7seven779: bets $6
PbIbak: raises $6 to $12
7seven779: raises $6 to $18
PbIbak: calls $6
*** RIVER *** [Jc 7s 2s 7d] [4c]
7seven779: bets $6
PbIbak: folds
Uncalled bet ($6) returned to 7seven779
7seven779 collected $59.50 from pot
7seven779: doesn't show hand
*** SUMMARY ***
Total pot $60 | Rake $0.50
Board [Jc 7s 2s 7d 4c]
Seat 1: PbIbak (button) (small blind) folded on the River
Seat 2: 7seven779 (big blind) collected ($59.50)


PokerStars Hand #147958303509:  Hold'em Limit ($3/$6 USD) - 2016/01/30 17:09:24 ET
Table 'Rana' 2-max Seat #1 is the button
Seat 1: PbIbak ($91.36 in chips)
Seat 2: 7seven779 ($129.30 in chips)
PbIbak: posts small blind $1
7seven779: posts big blind $3
*** HOLE CARDS ***
PbIbak: raises $3 to $6
7seven779: calls $3
*** FLOP *** [Jc 6c 6h]
7seven779: checks
PbIbak: bets $3
7seven779: calls $3
*** TURN *** [Jc 6c 6h] [7h]
7seven779: checks
PbIbak: bets $6
7seven779: raises $6 to $12
PbIbak: folds
Uncalled bet ($6) returned to 7seven779
7seven779 collected $29.50 from pot
7seven779: doesn't show hand
*** SUMMARY ***
Total pot $30 | Rake $0.50
Board [Jc 6c 6h 7h]
Seat 1: PbIbak (button) (small blind) folded on the Turn
Seat 2: 7seven779 (big blind) collected ($29.50)


PokerStars Hand #147958320397:  Hold'em Limit ($3/$6 USD) - 2016/01/30 17:09:41 ET
Table 'Rana' 2-max Seat #1 is the button
Seat 1: PbIbak ($77.36 in chips)
Seat 2: 7seven779 ($142.80 in chips)
PbIbak: posts small blind $1
7seven779: posts big blind $3
*** HOLE CARDS ***
PbIbak: raises $3 to $6
7seven779: calls $3
*** FLOP *** [Qc Kh 5c]
7seven779: checks
PbIbak: bets $3
7seven779: calls $3
*** TURN *** [Qc Kh 5c] [Tc]
7seven779: checks
PbIbak: bets $6
7seven779: calls $6
*** RIVER *** [Qc Kh 5c Tc] [6d]
7seven779: checks
PbIbak: bets $6
7seven779: folds
Uncalled bet ($6) returned to PbIbak
PbIbak collected $29.50 from pot
PbIbak: doesn't show hand
*** SUMMARY ***
Total pot $30 | Rake $0.50
Board [Qc Kh 5c Tc 6d]
Seat 1: PbIbak (button) (small blind) collected ($29.50)
Seat 2: 7seven779 (big blind) folded on the River


PokerStars Hand #147958335675:  Hold'em Limit ($3/$6 USD) - 2016/01/30 17:09:56 ET
Table 'Rana' 2-max Seat #2 is the button
Seat 1: PbIbak ($91.86 in chips)
Seat 2: 7seven779 ($127.80 in chips)
7seven779: posts small blind $1
PbIbak: posts big blind $3
*** HOLE CARDS ***
7seven779: raises $3 to $6
PbIbak: calls $3
*** FLOP *** [Kh 4s 2h]
PbIbak: checks
7seven779: bets $3
PbIbak: calls $3
*** TURN *** [Kh 4s 2h] [2d]
PbIbak: checks
7seven779: checks
*** RIVER *** [Kh 4s 2h 2d] [Qs]
PbIbak: bets $6
7seven779: calls $6
*** SHOW DOWN ***
PbIbak: shows [7c Jh] (a pair of Deuces)
7seven779: shows [Th Qc] (two pair, Queens and Deuces)
7seven779 collected $29.50 from pot
*** SUMMARY ***
Total pot $30 | Rake $0.50
Board [Kh 4s 2h 2d Qs]
Seat 1: PbIbak (big blind) showed [7c Jh] and lost with a pair of Deuces
Seat 2: 7seven779 (button) (small blind) showed [Th Qc] and won ($29.50) with two pair, Queens and Deuces


PokerStars Hand #147958363320:  Hold'em Limit ($3/$6 USD) - 2016/01/30 17:10:23 ET
Table 'Rana' 2-max Seat #1 is the button
Seat 1: PbIbak ($86.50 in chips)
Seat 2: 7seven779 ($132.30 in chips)
PbIbak: posts small blind $1
7seven779: posts big blind $3
*** HOLE CARDS ***
PbIbak: folds
Uncalled bet ($2) returned to 7seven779
7seven779 collected $2 from pot
7seven779: doesn't show hand
*** SUMMARY ***
Total pot $2 | Rake $0
Seat 1: PbIbak (button) (small blind) folded before Flop
Seat 2: 7seven779 (big blind) collected ($2)


PokerStars Hand #147958359017:  Hold'em Limit ($3/$6 USD) - 2016/01/30 17:10:19 ET
Table 'Rana' 2-max Seat #2 is the button
Seat 1: PbIbak ($85.50 in chips)
Seat 2: 7seven779 ($133.30 in chips)
7seven779: posts small blind $1
PbIbak: posts big blind $3
*** HOLE CARDS ***
7seven779: folds
Uncalled bet ($2) returned to PbIbak
PbIbak collected $2 from pot
PbIbak: doesn't show hand
*** SUMMARY ***
Total pot $2 | Rake $0
Seat 1: PbIbak (big blind) collected ($2)
Seat 2: 7seven779 (button) (small blind) folded before Flop


PokerStars Hand #147958347104:  Hold'em Limit ($3/$6 USD) - 2016/01/30 17:10:07 ET
Table 'Rana' 2-max Seat #1 is the button
Seat 1: PbIbak ($76.86 in chips)
Seat 2: 7seven779 ($142.30 in chips)
PbIbak: posts small blind $1
7seven779: posts big blind $3
*** HOLE CARDS ***
PbIbak: raises $3 to $6
7seven779: calls $3
*** FLOP *** [9h Kc 7s]
7seven779: checks
PbIbak: bets $3
7seven779: calls $3
*** TURN *** [9h Kc 7s] [7c]
7seven779: checks
PbIbak: bets $6
7seven779: folds
Uncalled bet ($6) returned to PbIbak
PbIbak collected $17.64 from pot
PbIbak: doesn't show hand
*** SUMMARY ***
Total pot $18 | Rake $0.36
Board [9h Kc 7s 7c]
Seat 1: PbIbak (button) (small blind) collected ($17.64)
Seat 2: 7seven779 (big blind) folded on the Turn


PokerStars Hand #147958385949:  Hold'em Limit ($3/$6 USD) - 2016/01/30 17:10:46 ET
Table 'Rana' 2-max Seat #2 is the button
Seat 1: PbIbak ($111 in chips)
Seat 2: 7seven779 ($107.30 in chips)
7seven779: posts small blind $1
PbIbak: posts big blind $3
*** HOLE CARDS ***
7seven779: raises $3 to $6
PbIbak: calls $3
*** FLOP *** [Ad Kd Ks]
PbIbak: checks
7seven779: bets $3
PbIbak: calls $3
*** TURN *** [Ad Kd Ks] [4s]
PbIbak: checks
7seven779: bets $6
PbIbak: calls $6
*** RIVER *** [Ad Kd Ks 4s] [7c]
PbIbak: checks
7seven779: bets $6
PbIbak: folds
Uncalled bet ($6) returned to 7seven779
7seven779 collected $29.50 from pot
7seven779: doesn't show hand
*** SUMMARY ***
Total pot $30 | Rake $0.50
Board [Ad Kd Ks 4s 7c]
Seat 1: PbIbak (big blind) folded on the River
Seat 2: 7seven779 (button) (small blind) collected ($29.50)


PokerStars Hand #147958402408:  Hold'em Limit ($3/$6 USD) - 2016/01/30 17:11:02 ET
Table 'Rana' 2-max Seat #1 is the button
Seat 1: PbIbak ($96 in chips)
Seat 2: 7seven779 ($121.80 in chips)
PbIbak: posts small blind $1
7seven779: posts big blind $3
*** HOLE CARDS ***
PbIbak: raises $3 to $6
7seven779: calls $3
*** FLOP *** [8s Qc 9h]
7seven779: checks
PbIbak: checks
*** TURN *** [8s Qc 9h] [5s]
7seven779: checks
PbIbak: checks
*** RIVER *** [8s Qc 9h 5s] [Jc]
7seven779: checks
PbIbak: checks
*** SHOW DOWN ***
7seven779: shows [3s Ac] (high card Ace)
PbIbak: mucks hand
7seven779 collected $11.76 from pot
*** SUMMARY ***
Total pot $12 | Rake $0.24
Board [8s Qc 9h 5s Jc]
Seat 1: PbIbak (button) (small blind) mucked
Seat 2: 7seven779 (big blind) showed [3s Ac] and won ($11.76) with high card Ace


PokerStars Hand #147958381629:  Hold'em Limit ($3/$6 USD) - 2016/01/30 17:10:42 ET
Table 'Rana' 2-max Seat #1 is the button
Seat 1: PbIbak ($112 in chips)
Seat 2: 7seven779 ($106.30 in chips)
PbIbak: posts small blind $1
7seven779: posts big blind $3
*** HOLE CARDS ***
PbIbak: folds
Uncalled bet ($2) returned to 7seven779
7seven779 collected $2 from pot
7seven779: doesn't show hand
*** SUMMARY ***
Total pot $2 | Rake $0
Seat 1: PbIbak (button) (small blind) folded before Flop
Seat 2: 7seven779 (big blind) collected ($2)


PokerStars Hand #147958367873:  Hold'em Limit ($3/$6 USD) - 2016/01/30 17:10:28 ET
Table 'Rana' 2-max Seat #2 is the button
Seat 1: PbIbak ($85.50 in chips)
Seat 2: 7seven779 ($133.30 in chips)
7seven779: posts small blind $1
PbIbak: posts big blind $3
*** HOLE CARDS ***
7seven779: raises $3 to $6
PbIbak: calls $3
*** FLOP *** [Qs Jh 6h]
PbIbak: checks
7seven779: bets $3
PbIbak: calls $3
*** TURN *** [Qs Jh 6h] [8c]
PbIbak: checks
7seven779: bets $6
PbIbak: raises $6 to $12
7seven779: calls $6
*** RIVER *** [Qs Jh 6h 8c] [Ks]
PbIbak: bets $6
7seven779: calls $6
*** SHOW DOWN ***
PbIbak: shows [Qh 6c] (two pair, Queens and Sixes)
7seven779: mucks hand
PbIbak collected $53.50 from pot
*** SUMMARY ***
Total pot $54 | Rake $0.50
Board [Qs Jh 6h 8c Ks]
Seat 1: PbIbak (big blind) showed [Qh 6c] and won ($53.50) with two pair, Queens and Sixes
Seat 2: 7seven779 (button) (small blind) mucked


PokerStars Hand #147958416252:  Hold'em Limit ($3/$6 USD) - 2016/01/30 17:11:16 ET
Table 'Rana' 2-max Seat #2 is the button
Seat 1: PbIbak ($90 in chips)
Seat 2: 7seven779 ($127.56 in chips)
7seven779: posts small blind $1
PbIbak: posts big blind $3
*** HOLE CARDS ***
7seven779: raises $3 to $6
PbIbak: calls $3
*** FLOP *** [3h 2h Ad]
PbIbak: checks
7seven779: bets $3
PbIbak: calls $3
*** TURN *** [3h 2h Ad] [6h]
PbIbak: checks
7seven779: bets $6
PbIbak: calls $6
*** RIVER *** [3h 2h Ad 6h] [Ah]
PbIbak: bets $6
7seven779: calls $6
*** SHOW DOWN ***
PbIbak: shows [5h Qd] (a flush, Ace high)
7seven779: mucks hand
PbIbak collected $41.50 from pot
*** SUMMARY ***
Total pot $42 | Rake $0.50
Board [3h 2h Ad 6h Ah]
Seat 1: PbIbak (big blind) showed [5h Qd] and won ($41.50) with a flush, Ace high
Seat 2: 7seven779 (button) (small blind) mucked


PokerStars Hand #147958468666:  Hold'em Limit ($3/$6 USD) - 2016/01/30 17:12:08 ET
Table 'Rana' 2-max Seat #1 is the button
Seat 1: PbIbak ($148.50 in chips)
Seat 2: 7seven779 ($67.56 in chips)
PbIbak: posts small blind $1
7seven779: posts big blind $3
*** HOLE CARDS ***
PbIbak: raises $3 to $6
7seven779: folds
Uncalled bet ($3) returned to PbIbak
PbIbak collected $6 from pot
PbIbak: doesn't show hand
*** SUMMARY ***
Total pot $6 | Rake $0
Seat 1: PbIbak (button) (small blind) collected ($6)
Seat 2: 7seven779 (big blind) folded before Flop


PokerStars Hand #147958435946:  Hold'em Limit ($3/$6 USD) - 2016/01/30 17:11:36 ET
Table 'Rana' 2-max Seat #1 is the button
Seat 1: PbIbak ($110.50 in chips)
Seat 2: 7seven779 ($106.56 in chips)
PbIbak: posts small blind $1
7seven779: posts big blind $3
*** HOLE CARDS ***
PbIbak: raises $3 to $6
7seven779: calls $3
*** FLOP *** [4s 9h 6s]
7seven779: checks
PbIbak: bets $3
7seven779: calls $3
*** TURN *** [4s 9h 6s] [2d]
7seven779: checks
PbIbak: bets $6
7seven779: calls $6
*** RIVER *** [4s 9h 6s 2d] [Qd]
7seven779: checks
PbIbak: bets $6
7seven779: folds
Uncalled bet ($6) returned to PbIbak
PbIbak collected $29.50 from pot
PbIbak: doesn't show hand
*** SUMMARY ***
Total pot $30 | Rake $0.50
Board [4s 9h 6s 2d Qd]
Seat 1: PbIbak (button) (small blind) collected ($29.50)
Seat 2: 7seven779 (big blind) folded on the River


PokerStars Hand #147958532514:  Hold'em Limit ($3/$6 USD) - 2016/01/30 17:13:13 ET
Table 'Rana' 2-max Seat #2 is the button
Seat 1: PbIbak ($121.50 in chips)
Seat 2: 7seven779 ($93.58 in chips)
7seven779: posts small blind $1
PbIbak: posts big blind $3
*** HOLE CARDS ***
7seven779: raises $3 to $6
PbIbak: folds
Uncalled bet ($3) returned to 7seven779
7seven779 collected $6 from pot
7seven779: doesn't show hand
*** SUMMARY ***
Total pot $6 | Rake $0
Seat 1: PbIbak (big blind) folded before Flop
Seat 2: 7seven779 (button) (small blind) collected ($6)


PokerStars Hand #147958516862:  Hold'em Limit ($3/$6 USD) - 2016/01/30 17:12:57 ET
Table 'Rana' 2-max Seat #1 is the button
Seat 1: PbIbak ($133.50 in chips)
Seat 2: 7seven779 ($82.06 in chips)
PbIbak: posts small blind $1
7seven779: posts big blind $3
*** HOLE CARDS ***
PbIbak: raises $3 to $6
7seven779: raises $3 to $9
PbIbak: calls $3
*** FLOP *** [Tc Jd 4c]
7seven779: bets $3
PbIbak: calls $3
*** TURN *** [Tc Jd 4c] [Ts]
7seven779: bets $6
PbIbak: folds
Uncalled bet ($6) returned to 7seven779
7seven779 collected $23.52 from pot
7seven779: doesn't show hand
*** SUMMARY ***
Total pot $24 | Rake $0.48
Board [Tc Jd 4c Ts]
Seat 1: PbIbak (button) (small blind) folded on the Turn
Seat 2: 7seven779 (big blind) collected ($23.52)


PokerStars Hand #147958493382:  Hold'em Limit ($3/$6 USD) - 2016/01/30 17:12:33 ET
Table 'Rana' 2-max Seat #2 is the button
Seat 1: PbIbak ($151.50 in chips)
Seat 2: 7seven779 ($64.56 in chips)
7seven779: posts small blind $1
PbIbak: posts big blind $3
*** HOLE CARDS ***
7seven779: raises $3 to $6
PbIbak: raises $3 to $9
7seven779: calls $3
*** FLOP *** [7h 7c 6s]
PbIbak: bets $3
7seven779: calls $3
*** TURN *** [7h 7c 6s] [3c]
PbIbak: checks
7seven779: checks
*** RIVER *** [7h 7c 6s 3c] [Kh]
PbIbak: bets $6
7seven779: calls $6
*** SHOW DOWN ***
PbIbak: shows [Js Th] (a pair of Sevens)
7seven779: shows [8s Ah] (a pair of Sevens - Ace kicker)
7seven779 collected $35.50 from pot
*** SUMMARY ***
Total pot $36 | Rake $0.50
Board [7h 7c 6s 3c Kh]
Seat 1: PbIbak (big blind) showed [Js Th] and lost with a pair of Sevens
Seat 2: 7seven779 (button) (small blind) showed [8s Ah] and won ($35.50) with a pair of Sevens


PokerStars Hand #147958538507:  Hold'em Limit ($3/$6 USD) - 2016/01/30 17:13:19 ET
Table 'Rana' 2-max Seat #1 is the button
Seat 1: PbIbak ($118.50 in chips)
Seat 2: 7seven779 ($96.58 in chips)
PbIbak: posts small blind $1
7seven779: posts big blind $3
*** HOLE CARDS ***
PbIbak: raises $3 to $6
7seven779: calls $3
*** FLOP *** [9d Th Jh]
7seven779: checks
PbIbak: checks
*** TURN *** [9d Th Jh] [Kh]
7seven779: checks
PbIbak: bets $6
7seven779: folds
Uncalled bet ($6) returned to PbIbak
PbIbak collected $11.76 from pot
PbIbak: doesn't show hand
*** SUMMARY ***
Total pot $12 | Rake $0.24
Board [9d Th Jh Kh]
Seat 1: PbIbak (button) (small blind) collected ($11.76)
Seat 2: 7seven779 (big blind) folded on the Turn


PokerStars Hand #147958554211:  Hold'em Limit ($3/$6 USD) - 2016/01/30 17:13:35 ET
Table 'Rana' 2-max Seat #1 is the button
Seat 1: PbIbak ($125.26 in chips)
Seat 2: 7seven779 ($89.58 in chips)
PbIbak: posts small blind $1
7seven779: posts big blind $3
*** HOLE CARDS ***
PbIbak: raises $3 to $6
7seven779: calls $3
*** FLOP *** [6s Qd 7h]
7seven779: checks
PbIbak: bets $3
7seven779: calls $3
*** TURN *** [6s Qd 7h] [Ks]
7seven779: checks
PbIbak: bets $6
7seven779: calls $6
*** RIVER *** [6s Qd 7h Ks] [9s]
7seven779: checks
PbIbak: bets $6
7seven779: calls $6
*** SHOW DOWN ***
PbIbak: shows [9h 5c] (a pair of Nines)
7seven779: shows [Ts 9d] (a pair of Nines - King+Queen+Ten kicker)
7seven779 collected $41.50 from pot
*** SUMMARY ***
Total pot $42 | Rake $0.50
Board [6s Qd 7h Ks 9s]
Seat 1: PbIbak (button) (small blind) showed [9h 5c] and lost with a pair of Nines
Seat 2: 7seven779 (big blind) showed [Ts 9d] and won ($41.50) with a pair of Nines


PokerStars Hand #147958568754:  Hold'em Limit ($3/$6 USD) - 2016/01/30 17:13:49 ET
Table 'Rana' 2-max Seat #2 is the button
Seat 1: PbIbak ($104.26 in chips)
Seat 2: 7seven779 ($110.08 in chips)
7seven779: posts small blind $1
PbIbak: posts big blind $3
*** HOLE CARDS ***
7seven779: raises $3 to $6
PbIbak: raises $3 to $9
7seven779: calls $3
*** FLOP *** [3c 2c 9c]
PbIbak: bets $3
7seven779: calls $3
*** TURN *** [3c 2c 9c] [2s]
PbIbak: bets $6
7seven779: calls $6
*** RIVER *** [3c 2c 9c 2s] [As]
PbIbak: bets $6
7seven779: calls $6
*** SHOW DOWN ***
PbIbak: shows [Th 8h] (a pair of Deuces)
7seven779: shows [Js Qc] (a pair of Deuces - Ace+Queen kicker)
7seven779 collected $47.50 from pot
*** SUMMARY ***
Total pot $48 | Rake $0.50
Board [3c 2c 9c 2s As]
Seat 1: PbIbak (big blind) showed [Th 8h] and lost with a pair of Deuces
Seat 2: 7seven779 (button) (small blind) showed [Js Qc] and won ($47.50) with a pair of Deuces


PokerStars Hand #147958601254:  Hold'em Limit ($3/$6 USD) - 2016/01/30 17:14:22 ET
Table 'Rana' 2-max Seat #1 is the button
Seat 1: PbIbak ($106.76 in chips)
Seat 2: 7seven779 ($106.58 in chips)
PbIbak: posts small blind $1
7seven779: posts big blind $3
*** HOLE CARDS ***
PbIbak: raises $3 to $6
7seven779: calls $3
*** FLOP *** [Qs 3c 5c]
7seven779: checks
PbIbak: bets $3
7seven779: calls $3
*** TURN *** [Qs 3c 5c] [2h]
7seven779: checks
PbIbak: bets $6
7seven779: raises $6 to $12
PbIbak: calls $6
*** RIVER *** [Qs 3c 5c 2h] [Th]
7seven779: bets $6
PbIbak: folds
Uncalled bet ($6) returned to 7seven779
7seven779 collected $41.50 from pot
7seven779: doesn't show hand
*** SUMMARY ***
Total pot $42 | Rake $0.50
Board [Qs 3c 5c 2h Th]
Seat 1: PbIbak (button) (small blind) folded on the River
Seat 2: 7seven779 (big blind) collected ($41.50)


PokerStars Hand #147958596296:  Hold'em Limit ($3/$6 USD) - 2016/01/30 17:14:17 ET
Table 'Rana' 2-max Seat #2 is the button
Seat 1: PbIbak ($109.76 in chips)
Seat 2: 7seven779 ($103.58 in chips)
7seven779: posts small blind $1
PbIbak: posts big blind $3
*** HOLE CARDS ***
7seven779: raises $3 to $6
PbIbak: folds
Uncalled bet ($3) returned to 7seven779
7seven779 collected $6 from pot
7seven779: doesn't show hand
*** SUMMARY ***
Total pot $6 | Rake $0
Seat 1: PbIbak (big blind) folded before Flop
Seat 2: 7seven779 (button) (small blind) collected ($6)


PokerStars Hand #147958582523:  Hold'em Limit ($3/$6 USD) - 2016/01/30 17:14:03 ET
Table 'Rana' 2-max Seat #1 is the button
Seat 1: PbIbak ($80.26 in chips)
Seat 2: 7seven779 ($133.58 in chips)
PbIbak: posts small blind $1
7seven779: posts big blind $3
*** HOLE CARDS ***
PbIbak: raises $3 to $6
7seven779: raises $3 to $9
PbIbak: calls $3
*** FLOP *** [Ac Jc 6d]
7seven779: bets $3
PbIbak: calls $3
*** TURN *** [Ac Jc 6d] [Kh]
7seven779: bets $6
PbIbak: calls $6
*** RIVER *** [Ac Jc 6d Kh] [Jd]
7seven779: bets $6
PbIbak: raises $6 to $12
7seven779: calls $6
*** SHOW DOWN ***
PbIbak: shows [Th Js] (three of a kind, Jacks)
7seven779: mucks hand
PbIbak collected $59.50 from pot
*** SUMMARY ***
Total pot $60 | Rake $0.50
Board [Ac Jc 6d Kh Jd]
Seat 1: PbIbak (button) (small blind) showed [Th Js] and won ($59.50) with three of a kind, Jacks
Seat 2: 7seven779 (big blind) mucked


PokerStars Hand #147958644972:  Hold'em Limit ($3/$6 USD) - 2016/01/30 17:15:06 ET
Table 'Rana' 2-max Seat #2 is the button
Seat 1: PbIbak ($94.26 in chips)
Seat 2: 7seven779 ($117.72 in chips)
7seven779: posts small blind $1
PbIbak: posts big blind $3
*** HOLE CARDS ***
7seven779: raises $3 to $6
PbIbak: calls $3
*** FLOP *** [2d Qh Jd]
PbIbak: checks
7seven779: bets $3
PbIbak: calls $3
*** TURN *** [2d Qh Jd] [Ts]
PbIbak: checks
7seven779: checks
*** RIVER *** [2d Qh Jd Ts] [5d]
PbIbak: checks
7seven779: checks
*** SHOW DOWN ***
PbIbak: shows [Kd 5c] (a pair of Fives)
7seven779: mucks hand
PbIbak collected $17.64 from pot
*** SUMMARY ***
Total pot $18 | Rake $0.36
Board [2d Qh Jd Ts 5d]
Seat 1: PbIbak (big blind) showed [Kd 5c] and won ($17.64) with a pair of Fives
Seat 2: 7seven779 (button) (small blind) mucked


PokerStars Hand #147958630807:  Hold'em Limit ($3/$6 USD) - 2016/01/30 17:14:52 ET
Table 'Rana' 2-max Seat #1 is the button
Seat 1: PbIbak ($103.26 in chips)
Seat 2: 7seven779 ($109.08 in chips)
PbIbak: posts small blind $1
7seven779: posts big blind $3
*** HOLE CARDS ***
PbIbak: raises $3 to $6
7seven779: calls $3
*** FLOP *** [4s 7d Th]
7seven779: checks
PbIbak: bets $3
7seven779: calls $3
*** TURN *** [4s 7d Th] [8c]
7seven779: checks
PbIbak: checks
*** RIVER *** [4s 7d Th 8c] [9h]
7seven779: bets $6
PbIbak: folds
Uncalled bet ($6) returned to 7seven779
7seven779 collected $17.64 from pot
7seven779: doesn't show hand
*** SUMMARY ***
Total pot $18 | Rake $0.36
Board [4s 7d Th 8c 9h]
Seat 1: PbIbak (button) (small blind) folded on the River
Seat 2: 7seven779 (big blind) collected ($17.64)


PokerStars Hand #147958658078:  Hold'em Limit ($3/$6 USD) - 2016/01/30 17:15:19 ET
Table 'Rana' 2-max Seat #1 is the button
Seat 1: PbIbak ($102.90 in chips)
Seat 2: 7seven779 ($108.72 in chips)
PbIbak: posts small blind $1
7seven779: posts big blind $3
*** HOLE CARDS ***
PbIbak: raises $3 to $6
7seven779: calls $3
*** FLOP *** [Td 4c Qh]
7seven779: checks
PbIbak: bets $3
7seven779: calls $3
*** TURN *** [Td 4c Qh] [Kd]
7seven779: checks
PbIbak: checks
*** RIVER *** [Td 4c Qh Kd] [7c]
7seven779: bets $6
PbIbak: folds
Uncalled bet ($6) returned to 7seven779
7seven779 collected $17.64 from pot
7seven779: doesn't show hand
*** SUMMARY ***
Total pot $18 | Rake $0.36
Board [Td 4c Qh Kd 7c]
Seat 1: PbIbak (button) (small blind) folded on the River
Seat 2: 7seven779 (big blind) collected ($17.64)


PokerStars Hand #147958617795:  Hold'em Limit ($3/$6 USD) - 2016/01/30 17:14:39 ET
Table 'Rana' 2-max Seat #2 is the button
Seat 1: PbIbak ($85.76 in chips)
Seat 2: 7seven779 ($127.08 in chips)
7seven779: posts small blind $1
PbIbak: posts big blind $3
*** HOLE CARDS ***
7seven779: raises $3 to $6
PbIbak: raises $3 to $9
7seven779: calls $3
*** FLOP *** [2s Jc 2d]
PbIbak: bets $3
7seven779: calls $3
*** TURN *** [2s Jc 2d] [Qd]
PbIbak: bets $6
7seven779: calls $6
*** RIVER *** [2s Jc 2d Qd] [Qh]
PbIbak: bets $6
7seven779: folds
Uncalled bet ($6) returned to PbIbak
PbIbak collected $35.50 from pot
PbIbak: doesn't show hand
*** SUMMARY ***
Total pot $36 | Rake $0.50
Board [2s Jc 2d Qd Qh]
Seat 1: PbIbak (big blind) collected ($35.50)
Seat 2: 7seven779 (button) (small blind) folded on the River


PokerStars Hand #147958718268:  Hold'em Limit ($3/$6 USD) - 2016/01/30 17:16:19 ET
Table 'Rana' 2-max Seat #2 is the button
Seat 1: PbIbak ($112.15 in chips)
Seat 2: 7seven779 ($98.11 in chips)
7seven779: posts small blind $1
PbIbak: posts big blind $3
*** HOLE CARDS ***
7seven779: raises $3 to $6
PbIbak: calls $3
*** FLOP *** [6d Js Jc]
PbIbak: checks
7seven779: bets $3
PbIbak: folds
Uncalled bet ($3) returned to 7seven779
7seven779 collected $11.76 from pot
7seven779: doesn't show hand
*** SUMMARY ***
Total pot $12 | Rake $0.24
Board [6d Js Jc]
Seat 1: PbIbak (big blind) folded on the Flop
Seat 2: 7seven779 (button) (small blind) collected ($11.76)


PokerStars Hand #147958704477:  Hold'em Limit ($3/$6 USD) - 2016/01/30 17:16:06 ET
Table 'Rana' 2-max Seat #1 is the button
Seat 1: PbIbak ($91.65 in chips)
Seat 2: 7seven779 ($119.11 in chips)
PbIbak: posts small blind $1
7seven779: posts big blind $3
*** HOLE CARDS ***
PbIbak: raises $3 to $6
7seven779: calls $3
*** FLOP *** [5c 4d 7d]
7seven779: checks
PbIbak: bets $3
7seven779: calls $3
*** TURN *** [5c 4d 7d] [Jh]
7seven779: checks
PbIbak: bets $6
7seven779: calls $6
*** RIVER *** [5c 4d 7d Jh] [Ah]
7seven779: checks
PbIbak: bets $6
7seven779: calls $6
*** SHOW DOWN ***
PbIbak: shows [Jd 8s] (a pair of Jacks)
7seven779: mucks hand
PbIbak collected $41.50 from pot
*** SUMMARY ***
Total pot $42 | Rake $0.50
Board [5c 4d 7d Jh Ah]
Seat 1: PbIbak (button) (small blind) showed [Jd 8s] and won ($41.50) with a pair of Jacks
Seat 2: 7seven779 (big blind) mucked


PokerStars Hand #147958699015:  Hold'em Limit ($3/$6 USD) - 2016/01/30 17:16:00 ET
Table 'Rana' 2-max Seat #2 is the button
Seat 1: PbIbak ($94.65 in chips)
Seat 2: 7seven779 ($116.11 in chips)
7seven779: posts small blind $1
PbIbak: posts big blind $3
*** HOLE CARDS ***
7seven779: raises $3 to $6
PbIbak: folds
Uncalled bet ($3) returned to 7seven779
7seven779 collected $6 from pot
7seven779: doesn't show hand
*** SUMMARY ***
Total pot $6 | Rake $0
Seat 1: PbIbak (big blind) folded before Flop
Seat 2: 7seven779 (button) (small blind) collected ($6)


PokerStars Hand #147958681713:  Hold'em Limit ($3/$6 USD) - 2016/01/30 17:15:43 ET
Table 'Rana' 2-max Seat #1 is the button
Seat 1: PbIbak ($94.90 in chips)
Seat 2: 7seven779 ($116.36 in chips)
PbIbak: posts small blind $1
7seven779: posts big blind $3
*** HOLE CARDS ***
PbIbak: raises $3 to $6
7seven779: raises $3 to $9
PbIbak: calls $3
*** FLOP *** [7c 4c 6h]
7seven779: bets $3
PbIbak: raises $3 to $6
7seven779: calls $3
*** TURN *** [7c 4c 6h] [8s]
7seven779: checks
PbIbak: bets $6
7seven779: calls $6
*** RIVER *** [7c 4c 6h 8s] [5s]
7seven779: checks
PbIbak: checks
*** SHOW DOWN ***
7seven779: shows [As 6s] (a straight, Four to Eight)
PbIbak: shows [Kc 3c] (a straight, Four to Eight)
7seven779 collected $20.75 from pot
PbIbak collected $20.75 from pot
*** SUMMARY ***
Total pot $42 | Rake $0.50
Board [7c 4c 6h 8s 5s]
Seat 1: PbIbak (button) (small blind) showed [Kc 3c] and won ($20.75) with a straight, Four to Eight
Seat 2: 7seven779 (big blind) showed [As 6s] and won ($20.75) with a straight, Four to Eight


PokerStars Hand #147958677201:  Hold'em Limit ($3/$6 USD) - 2016/01/30 17:15:38 ET
Table 'Rana' 2-max Seat #2 is the button
Seat 1: PbIbak ($93.90 in chips)
Seat 2: 7seven779 ($117.36 in chips)
7seven779: posts small blind $1
PbIbak: posts big blind $3
*** HOLE CARDS ***
7seven779: folds
Uncalled bet ($2) returned to PbIbak
PbIbak collected $2 from pot
PbIbak: doesn't show hand
*** SUMMARY ***
Total pot $2 | Rake $0
Seat 1: PbIbak (big blind) collected ($2)
Seat 2: 7seven779 (button) (small blind) folded before Flop


PokerStars Hand #147958760565:  Hold'em Limit ($3/$6 USD) - 2016/01/30 17:17:02 ET
Table 'Rana' 2-max Seat #2 is the button
Seat 1: PbIbak ($60.15 in chips)
Seat 2: 7seven779 ($148.87 in chips)
7seven779: posts small blind $1
PbIbak: posts big blind $3
*** HOLE CARDS ***
7seven779: raises $3 to $6
PbIbak: raises $3 to $9
7seven779: calls $3
*** FLOP *** [Jd Ad 9c]
PbIbak: bets $3
7seven779: calls $3
*** TURN *** [Jd Ad 9c] [4h]
PbIbak: bets $6
7seven779: calls $6
*** RIVER *** [Jd Ad 9c 4h] [5s]
PbIbak: checks
7seven779: bets $6
PbIbak: calls $6
*** SHOW DOWN ***
7seven779: shows [7c Ah] (a pair of Aces)
PbIbak: mucks hand
7seven779 collected $47.50 from pot
*** SUMMARY ***
Total pot $48 | Rake $0.50
Board [Jd Ad 9c 4h 5s]
Seat 1: PbIbak (big blind) mucked
Seat 2: 7seven779 (button) (small blind) showed [7c Ah] and won ($47.50) with a pair of Aces


PokerStars Hand #147958791632:  Hold'em Limit ($3/$6 USD) - 2016/01/30 17:17:34 ET
Table 'Rana' 2-max Seat #2 is the button
Seat 1: PbIbak ($30.15 in chips)
Seat 2: 7seven779 ($178.13 in chips)
7seven779: posts small blind $1
PbIbak: posts big blind $3
*** HOLE CARDS ***
7seven779: raises $3 to $6
PbIbak: folds
Uncalled bet ($3) returned to 7seven779
7seven779 collected $6 from pot
7seven779: doesn't show hand
*** SUMMARY ***
Total pot $6 | Rake $0
Seat 1: PbIbak (big blind) folded before Flop
Seat 2: 7seven779 (button) (small blind) collected ($6)


PokerStars Hand #147958776792:  Hold'em Limit ($3/$6 USD) - 2016/01/30 17:17:19 ET
Table 'Rana' 2-max Seat #1 is the button
Seat 1: PbIbak ($36.15 in chips)
Seat 2: 7seven779 ($172.37 in chips)
PbIbak: posts small blind $1
7seven779: posts big blind $3
*** HOLE CARDS ***
PbIbak: raises $3 to $6
7seven779: calls $3
*** FLOP *** [Kd 8d 4d]
7seven779: checks
PbIbak: checks
*** TURN *** [Kd 8d 4d] [Tc]
7seven779: bets $6
PbIbak: folds
Uncalled bet ($6) returned to 7seven779
7seven779 collected $11.76 from pot
7seven779: doesn't show hand
*** SUMMARY ***
Total pot $12 | Rake $0.24
Board [Kd 8d 4d Tc]
Seat 1: PbIbak (button) (small blind) folded on the Turn
Seat 2: 7seven779 (big blind) collected ($11.76)


PokerStars Hand #147958755483:  Hold'em Limit ($3/$6 USD) - 2016/01/30 17:16:57 ET
Table 'Rana' 2-max Seat #1 is the button
Seat 1: PbIbak ($61.15 in chips)
Seat 2: 7seven779 ($147.87 in chips)
PbIbak: posts small blind $1
7seven779: posts big blind $3
*** HOLE CARDS ***
PbIbak: folds
Uncalled bet ($2) returned to 7seven779
7seven779 collected $2 from pot
*** SUMMARY ***
Total pot $2 | Rake $0
Seat 1: PbIbak (button) (small blind) folded before Flop
Seat 2: 7seven779 (big blind) collected ($2)


PokerStars Hand #147958740811:  Hold'em Limit ($3/$6 USD) - 2016/01/30 17:16:42 ET
Table 'Rana' 2-max Seat #2 is the button
Seat 1: PbIbak ($82.15 in chips)
Seat 2: 7seven779 ($127.37 in chips)
7seven779: posts small blind $1
PbIbak: posts big blind $3
*** HOLE CARDS ***
7seven779: raises $3 to $6
PbIbak: calls $3
*** FLOP *** [Ah 2s 9d]
PbIbak: checks
7seven779: bets $3
PbIbak: calls $3
*** TURN *** [Ah 2s 9d] [Ac]
PbIbak: checks
7seven779: bets $6
PbIbak: calls $6
*** RIVER *** [Ah 2s 9d Ac] [5c]
PbIbak: checks
7seven779: bets $6
PbIbak: calls $6
*** SHOW DOWN ***
7seven779: shows [Jh Jc] (two pair, Aces and Jacks)
PbIbak: mucks hand
7seven779 collected $41.50 from pot
*** SUMMARY ***
Total pot $42 | Rake $0.50
Board [Ah 2s 9d Ac 5c]
Seat 1: PbIbak (big blind) mucked
Seat 2: 7seven779 (button) (small blind) showed [Jh Jc] and won ($41.50) with two pair, Aces and Jacks


PokerStars Hand #147958726614:  Hold'em Limit ($3/$6 USD) - 2016/01/30 17:16:28 ET
Table 'Rana' 2-max Seat #1 is the button
Seat 1: PbIbak ($106.15 in chips)
Seat 2: 7seven779 ($103.87 in chips)
PbIbak: posts small blind $1
7seven779: posts big blind $3
*** HOLE CARDS ***
PbIbak: raises $3 to $6
7seven779: raises $3 to $9
PbIbak: calls $3
*** FLOP *** [3h 9d Ts]
7seven779: bets $3
PbIbak: calls $3
*** TURN *** [3h 9d Ts] [Kd]
7seven779: bets $6
PbIbak: calls $6
*** RIVER *** [3h 9d Ts Kd] [8h]
7seven779: bets $6
PbIbak: calls $6
*** SHOW DOWN ***
7seven779: shows [9h Kh] (two pair, Kings and Nines)
PbIbak: mucks hand
7seven779 collected $47.50 from pot
*** SUMMARY ***
Total pot $48 | Rake $0.50
Board [3h 9d Ts Kd 8h]
Seat 1: PbIbak (button) (small blind) mucked
Seat 2: 7seven779 (big blind) showed [9h Kh] and won ($47.50) with two pair, Kings and Nines


PokerStars Hand #147958831470:  Hold'em Limit ($3/$6 USD) - 2016/01/30 17:18:14 ET
Table 'Rana' 2-max Seat #1 is the button
Seat 1: PbIbak ($51.15 in chips)
Seat 2: 7seven779 ($216.39 in chips)
PbIbak: posts small blind $1
7seven779: posts big blind $3
*** HOLE CARDS ***
PbIbak: raises $3 to $6
7seven779: calls $3
*** FLOP *** [Ks Js Qs]
7seven779: checks
PbIbak: bets $3
7seven779: calls $3
*** TURN *** [Ks Js Qs] [Qh]
7seven779: checks
PbIbak: bets $6
7seven779: calls $6
*** RIVER *** [Ks Js Qs Qh] [3c]
7seven779: checks
PbIbak: checks
*** SHOW DOWN ***
7seven779: shows [5c 2s] (a pair of Queens)
PbIbak: shows [9s Jd] (two pair, Queens and Jacks)
PbIbak collected $29.50 from pot
*** SUMMARY ***
Total pot $30 | Rake $0.50
Board [Ks Js Qs Qh 3c]
Seat 1: PbIbak (button) (small blind) showed [9s Jd] and won ($29.50) with two pair, Queens and Jacks
Seat 2: 7seven779 (big blind) showed [5c 2s] and lost with a pair of Queens


PokerStars Hand #147958827059:  Hold'em Limit ($3/$6 USD) - 2016/01/30 17:18:10 ET
Table 'Rana' 2-max Seat #2 is the button
Seat 1: PbIbak ($50.15 in chips)
Seat 2: 7seven779 ($217.39 in chips)
7seven779: posts small blind $1
PbIbak: posts big blind $3
*** HOLE CARDS ***
7seven779: folds
Uncalled bet ($2) returned to PbIbak
PbIbak collected $2 from pot
PbIbak: doesn't show hand
*** SUMMARY ***
Total pot $2 | Rake $0
Seat 1: PbIbak (big blind) collected ($2)
Seat 2: 7seven779 (button) (small blind) folded before Flop


PokerStars Hand #147958814229:  Hold'em Limit ($3/$6 USD) - 2016/01/30 17:17:57 ET
Table 'Rana' 2-max Seat #1 is the button
Seat 1: PbIbak ($56.15 in chips)
Seat 2: 7seven779 ($211.63 in chips)
PbIbak: posts small blind $1
7seven779: posts big blind $3
*** HOLE CARDS ***
PbIbak: raises $3 to $6
7seven779: calls $3
*** FLOP *** [8d 2d Jh]
7seven779: checks
PbIbak: checks
*** TURN *** [8d 2d Jh] [6c]
7seven779: bets $6
PbIbak: folds
Uncalled bet ($6) returned to 7seven779
7seven779 collected $11.76 from pot
7seven779: doesn't show hand
*** SUMMARY ***
Total pot $12 | Rake $0.24
Board [8d 2d Jh 6c]
Seat 1: PbIbak (button) (small blind) folded on the Turn
Seat 2: 7seven779 (big blind) collected ($11.76)


PokerStars Hand #147958801703:  Hold'em Limit ($3/$6 USD) - 2016/01/30 17:17:44 ET
Table 'Rana' 2-max Seat #2 is the button
Seat 1: PbIbak ($86.15 in chips)
Seat 2: 7seven779 ($182.13 in chips)
7seven779: posts small blind $1
PbIbak: posts big blind $3
*** HOLE CARDS ***
7seven779: raises $3 to $6
PbIbak: raises $3 to $9
7seven779: calls $3
*** FLOP *** [8c Ah 2c]
PbIbak: bets $3
7seven779: calls $3
*** TURN *** [8c Ah 2c] [5s]
PbIbak: bets $6
7seven779: calls $6
*** RIVER *** [8c Ah 2c 5s] [2s]
PbIbak: bets $6
7seven779: raises $6 to $12
PbIbak: calls $6
*** SHOW DOWN ***
7seven779: shows [9h 2h] (three of a kind, Deuces)
PbIbak: mucks hand
7seven779 collected $59.50 from pot
*** SUMMARY ***
Total pot $60 | Rake $0.50
Board [8c Ah 2c 5s 2s]
Seat 1: PbIbak (big blind) mucked
Seat 2: 7seven779 (button) (small blind) showed [9h 2h] and won ($59.50) with three of a kind, Deuces


PokerStars Hand #147958796595:  Hold'em Limit ($3/$6 USD) - 2016/01/30 17:17:39 ET
Table 'Rana' 2-max Seat #1 is the button
Seat 1: PbIbak ($27.15 in chips)
Seat 2: 7seven779 ($181.13 in chips)
PbIbak: posts small blind $1
7seven779: posts big blind $3
*** HOLE CARDS ***
PbIbak: folds
Uncalled bet ($2) returned to 7seven779
7seven779 collected $2 from pot
*** SUMMARY ***
Total pot $2 | Rake $0
Seat 1: PbIbak (button) (small blind) folded before Flop
Seat 2: 7seven779 (big blind) collected ($2)


PokerStars Hand #147958845722:  Hold'em Limit ($3/$6 USD) - 2016/01/30 17:18:29 ET
Table 'Rana' 2-max Seat #2 is the button
Seat 1: PbIbak ($65.65 in chips)
Seat 2: 7seven779 ($201.39 in chips)
7seven779: posts small blind $1
PbIbak: posts big blind $3
*** HOLE CARDS ***
7seven779: raises $3 to $6
PbIbak: raises $3 to $9
7seven779: calls $3
*** FLOP *** [4h 7c Ad]
PbIbak: bets $3
7seven779: calls $3
*** TURN *** [4h 7c Ad] [9d]
PbIbak: bets $6
7seven779: raises $6 to $12
PbIbak: calls $6
*** RIVER *** [4h 7c Ad 9d] [Th]
PbIbak: checks
7seven779: bets $6
PbIbak: calls $6
*** SHOW DOWN ***
7seven779: shows [5s Ac] (a pair of Aces)
PbIbak: mucks hand
7seven779 collected $59.50 from pot
*** SUMMARY ***
Total pot $60 | Rake $0.50
Board [4h 7c Ad 9d Th]
Seat 1: PbIbak (big blind) mucked
Seat 2: 7seven779 (button) (small blind) showed [5s Ac] and won ($59.50) with a pair of Aces


PokerStars Hand #147958887738:  Hold'em Limit ($3/$6 USD) - 2016/01/30 17:19:12 ET
Table 'Rana' 2-max Seat #1 is the button
Seat 1: PbIbak ($73.65 in chips)
Seat 2: 7seven779 ($191.89 in chips)
PbIbak: posts small blind $1
7seven779: posts big blind $3
*** HOLE CARDS ***
PbIbak: raises $3 to $6
7seven779: calls $3
*** FLOP *** [2s Kh 6h]
7seven779: checks
PbIbak: bets $3
7seven779: calls $3
*** TURN *** [2s Kh 6h] [4h]
7seven779: checks
PbIbak: bets $6
7seven779: calls $6
*** RIVER *** [2s Kh 6h 4h] [2h]
7seven779: bets $6
PbIbak: calls $6
*** SHOW DOWN ***
7seven779: shows [Js 2c] (three of a kind, Deuces)
PbIbak: shows [5h 7c] (a flush, King high)
PbIbak collected $41.50 from pot
*** SUMMARY ***
Total pot $42 | Rake $0.50
Board [2s Kh 6h 4h 2h]
Seat 1: PbIbak (button) (small blind) showed [5h 7c] and won ($41.50) with a flush, King high
Seat 2: 7seven779 (big blind) showed [Js 2c] and lost with three of a kind, Deuces


PokerStars Hand #147958875644:  Hold'em Limit ($3/$6 USD) - 2016/01/30 17:18:59 ET
Table 'Rana' 2-max Seat #2 is the button
Seat 1: PbIbak ($50.15 in chips)
Seat 2: 7seven779 ($215.89 in chips)
7seven779: posts small blind $1
PbIbak: posts big blind $3
*** HOLE CARDS ***
7seven779: raises $3 to $6
PbIbak: raises $3 to $9
7seven779: calls $3
*** FLOP *** [Td 2h Qd]
PbIbak: bets $3
7seven779: calls $3
*** TURN *** [Td 2h Qd] [8d]
PbIbak: bets $6
7seven779: calls $6
*** RIVER *** [Td 2h Qd 8d] [6s]
PbIbak: bets $6
7seven779: calls $6
*** SHOW DOWN ***
PbIbak: shows [Qh Js] (a pair of Queens)
7seven779: mucks hand
PbIbak collected $47.50 from pot
*** SUMMARY ***
Total pot $48 | Rake $0.50
Board [Td 2h Qd 8d 6s]
Seat 1: PbIbak (big blind) showed [Qh Js] and won ($47.50) with a pair of Queens
Seat 2: 7seven779 (button) (small blind) mucked


PokerStars Hand #147958900551:  Hold'em Limit ($3/$6 USD) - 2016/01/30 17:19:25 ET
Table 'Rana' 2-max Seat #2 is the button
Seat 1: PbIbak ($94.15 in chips)
Seat 2: 7seven779 ($170.89 in chips)
7seven779: posts small blind $1
PbIbak: posts big blind $3
*** HOLE CARDS ***
7seven779: raises $3 to $6
PbIbak: calls $3
*** FLOP *** [3d Kh Ac]
PbIbak: checks
7seven779: bets $3
PbIbak: raises $3 to $6
7seven779: folds
Uncalled bet ($3) returned to PbIbak
PbIbak collected $17.64 from pot
PbIbak: doesn't show hand
*** SUMMARY ***
Total pot $18 | Rake $0.36
Board [3d Kh Ac]
Seat 1: PbIbak (big blind) collected ($17.64)
Seat 2: 7seven779 (button) (small blind) folded on the Flop


PokerStars Hand #147958860662:  Hold'em Limit ($3/$6 USD) - 2016/01/30 17:18:44 ET
Table 'Rana' 2-max Seat #1 is the button
Seat 1: PbIbak ($35.65 in chips)
Seat 2: 7seven779 ($230.89 in chips)
PbIbak: posts small blind $1
7seven779: posts big blind $3
*** HOLE CARDS ***
PbIbak: raises $3 to $6
7seven779: calls $3
*** FLOP *** [4c Td 9d]
7seven779: checks
PbIbak: bets $3
7seven779: calls $3
*** TURN *** [4c Td 9d] [6h]
7seven779: checks
PbIbak: bets $6
7seven779: calls $6
*** RIVER *** [4c Td 9d 6h] [Ks]
7seven779: checks
PbIbak: bets $6
7seven779: folds
Uncalled bet ($6) returned to PbIbak
PbIbak collected $29.50 from pot
PbIbak: doesn't show hand
*** SUMMARY ***
Total pot $30 | Rake $0.50
Board [4c Td 9d 6h Ks]
Seat 1: PbIbak (button) (small blind) collected ($29.50)
Seat 2: 7seven779 (big blind) folded on the River


PokerStars Hand #147958924555:  Hold'em Limit ($3/$6 USD) - 2016/01/30 17:19:49 ET
Table 'Rana' 2-max Seat #2 is the button
Seat 1: PbIbak ($93.79 in chips)
Seat 2: 7seven779 ($170.53 in chips)
7seven779: posts small blind $1
PbIbak: posts big blind $3
*** HOLE CARDS ***
7seven779: raises $3 to $6
PbIbak: calls $3
*** FLOP *** [Jh 9c 4c]
PbIbak: checks
7seven779: bets $3
PbIbak: raises $3 to $6
7seven779: calls $3
*** TURN *** [Jh 9c 4c] [As]
PbIbak: bets $6
7seven779: raises $6 to $12
PbIbak: calls $6
*** RIVER *** [Jh 9c 4c As] [Ts]
PbIbak: checks
7seven779: bets $6
PbIbak: raises $6 to $12
7seven779: folds
Uncalled bet ($6) returned to PbIbak
PbIbak collected $59.50 from pot
PbIbak: doesn't show hand
*** SUMMARY ***
Total pot $60 | Rake $0.50
Board [Jh 9c 4c As Ts]
Seat 1: PbIbak (big blind) collected ($59.50)
Seat 2: 7seven779 (button) (small blind) folded on the River


PokerStars Hand #147958940898:  Hold'em Limit ($3/$6 USD) - 2016/01/30 17:20:06 ET
Table 'Rana' 2-max Seat #1 is the button
Seat 1: PbIbak ($123.29 in chips)
Seat 2: 7seven779 ($140.53 in chips)
PbIbak: posts small blind $1
7seven779: posts big blind $3
*** HOLE CARDS ***
PbIbak: raises $3 to $6
7seven779: calls $3
*** FLOP *** [2d 7c 4c]
7seven779: checks
PbIbak: bets $3
7seven779: calls $3
*** TURN *** [2d 7c 4c] [6d]
7seven779: checks
PbIbak: checks
*** RIVER *** [2d 7c 4c 6d] [Qs]
7seven779: checks
PbIbak: checks
*** SHOW DOWN ***
7seven779: shows [9h 6s] (a pair of Sixes)
PbIbak: mucks hand
7seven779 collected $17.64 from pot
*** SUMMARY ***
Total pot $18 | Rake $0.36
Board [2d 7c 4c 6d Qs]
Seat 1: PbIbak (button) (small blind) mucked
Seat 2: 7seven779 (big blind) showed [9h 6s] and won ($17.64) with a pair of Sixes


PokerStars Hand #147958909653:  Hold'em Limit ($3/$6 USD) - 2016/01/30 17:19:34 ET
Table 'Rana' 2-max Seat #1 is the button
Seat 1: PbIbak ($102.79 in chips)
Seat 2: 7seven779 ($161.89 in chips)
PbIbak: posts small blind $1
7seven779: posts big blind $3
*** HOLE CARDS ***
PbIbak: raises $3 to $6
7seven779: calls $3
*** FLOP *** [Jd 6c 5s]
7seven779: checks
PbIbak: bets $3
7seven779: calls $3
*** TURN *** [Jd 6c 5s] [Kh]
7seven779: checks
PbIbak: checks
*** RIVER *** [Jd 6c 5s Kh] [Ah]
7seven779: checks
PbIbak: checks
*** SHOW DOWN ***
7seven779: shows [4s 5d] (a pair of Fives)
PbIbak: mucks hand
7seven779 collected $17.64 from pot
*** SUMMARY ***
Total pot $18 | Rake $0.36
Board [Jd 6c 5s Kh Ah]
Seat 1: PbIbak (button) (small blind) mucked
Seat 2: 7seven779 (big blind) showed [4s 5d] and won ($17.64) with a pair of Fives


PokerStars Hand #147958954889:  Hold'em Limit ($3/$6 USD) - 2016/01/30 17:20:20 ET
Table 'Rana' 2-max Seat #2 is the button
Seat 1: PbIbak ($114.29 in chips)
Seat 2: 7seven779 ($149.17 in chips)
7seven779: posts small blind $1
PbIbak: posts big blind $3
*** HOLE CARDS ***
7seven779: raises $3 to $6
PbIbak: raises $3 to $9
7seven779: calls $3
*** FLOP *** [8h 5s 3c]
PbIbak: bets $3
7seven779: calls $3
*** TURN *** [8h 5s 3c] [6d]
PbIbak: checks
7seven779: bets $6
PbIbak: calls $6
*** RIVER *** [8h 5s 3c 6d] [4c]
PbIbak: checks
7seven779: bets $6
PbIbak: folds
Uncalled bet ($6) returned to 7seven779
7seven779 collected $35.50 from pot
7seven779: doesn't show hand
*** SUMMARY ***
Total pot $36 | Rake $0.50
Board [8h 5s 3c 6d 4c]
Seat 1: PbIbak (big blind) folded on the River
Seat 2: 7seven779 (button) (small blind) collected ($35.50)


PokerStars Hand #147958985677:  Hold'em Limit ($3/$6 USD) - 2016/01/30 17:20:51 ET
Table 'Rana' 2-max Seat #2 is the button
Seat 1: PbIbak ($110.79 in chips)
Seat 2: 7seven779 ($151.67 in chips)
7seven779: posts small blind $1
PbIbak: posts big blind $3
*** HOLE CARDS ***
7seven779: raises $3 to $6
PbIbak: calls $3
*** FLOP *** [4h Qs Jh]
PbIbak: checks
7seven779: bets $3
PbIbak: calls $3
*** TURN *** [4h Qs Jh] [8d]
PbIbak: checks
7seven779: bets $6
PbIbak: calls $6
*** RIVER *** [4h Qs Jh 8d] [2c]
PbIbak: checks
7seven779: checks
*** SHOW DOWN ***
PbIbak: shows [3h 4c] (a pair of Fours)
7seven779: shows [6s 8h] (a pair of Eights)
7seven779 collected $29.50 from pot
*** SUMMARY ***
Total pot $30 | Rake $0.50
Board [4h Qs Jh 8d 2c]
Seat 1: PbIbak (big blind) showed [3h 4c] and lost with a pair of Fours
Seat 2: 7seven779 (button) (small blind) showed [6s 8h] and won ($29.50) with a pair of Eights


PokerStars Hand #147959007982:  Hold'em Limit ($3/$6 USD) - 2016/01/30 17:21:14 ET
Table 'Rana' 2-max Seat #1 is the button
Seat 1: PbIbak ($95.79 in chips)
Seat 2: 7seven779 ($166.17 in chips)
PbIbak: posts small blind $1
7seven779: posts big blind $3
*** HOLE CARDS ***
PbIbak: raises $3 to $6
7seven779: calls $3
*** FLOP *** [6c Kh Kd]
7seven779: checks
PbIbak: bets $3
7seven779: calls $3
*** TURN *** [6c Kh Kd] [Ts]
7seven779: checks
PbIbak: bets $6
7seven779: calls $6
*** RIVER *** [6c Kh Kd Ts] [4h]
7seven779: bets $6
PbIbak: raises $6 to $12
7seven779: folds
Uncalled bet ($6) returned to PbIbak
PbIbak collected $41.50 from pot
PbIbak: doesn't show hand
*** SUMMARY ***
Total pot $42 | Rake $0.50
Board [6c Kh Kd Ts 4h]
Seat 1: PbIbak (button) (small blind) collected ($41.50)
Seat 2: 7seven779 (big blind) folded on the River


PokerStars Hand #147958970218:  Hold'em Limit ($3/$6 USD) - 2016/01/30 17:20:36 ET
Table 'Rana' 2-max Seat #1 is the button
Seat 1: PbIbak ($96.29 in chips)
Seat 2: 7seven779 ($166.67 in chips)
PbIbak: posts small blind $1
7seven779: posts big blind $3
*** HOLE CARDS ***
PbIbak: raises $3 to $6
7seven779: calls $3
*** FLOP *** [4c Kc 2h]
7seven779: checks
PbIbak: bets $3
7seven779: calls $3
*** TURN *** [4c Kc 2h] [4d]
7seven779: checks
PbIbak: bets $6
7seven779: calls $6
*** RIVER *** [4c Kc 2h 4d] [Ks]
7seven779: checks
PbIbak: bets $6
7seven779: folds
Uncalled bet ($6) returned to PbIbak
PbIbak collected $29.50 from pot
PbIbak: doesn't show hand
*** SUMMARY ***
Total pot $30 | Rake $0.50
Board [4c Kc 2h 4d Ks]
Seat 1: PbIbak (button) (small blind) collected ($29.50)
Seat 2: 7seven779 (big blind) folded on the River


PokerStars Hand #147959028648:  Hold'em Limit ($3/$6 USD) - 2016/01/30 17:21:36 ET
Table 'Rana' 2-max Seat #2 is the button
Seat 1: PbIbak ($116.29 in chips)
Seat 2: 7seven779 ($145.17 in chips)
7seven779: posts small blind $1
PbIbak: posts big blind $3
*** HOLE CARDS ***
7seven779: raises $3 to $6
PbIbak: calls $3
*** FLOP *** [7h 8d Ts]
PbIbak: checks
7seven779: bets $3
PbIbak: folds
Uncalled bet ($3) returned to 7seven779
7seven779 collected $11.76 from pot
*** SUMMARY ***
Total pot $12 | Rake $0.24
Board [7h 8d Ts]
Seat 1: PbIbak (big blind) folded on the Flop
Seat 2: 7seven779 (button) (small blind) collected ($11.76)


PokerStars Hand #147959071399:  Hold'em Limit ($3/$6 USD) - 2016/01/30 17:22:20 ET
Table 'Rana' 2-max Seat #2 is the button
Seat 1: PbIbak ($110.04 in chips)
Seat 2: 7seven779 ($150.68 in chips)
7seven779: posts small blind $1
PbIbak: posts big blind $3
*** HOLE CARDS ***
7seven779: raises $3 to $6
PbIbak: calls $3
*** FLOP *** [6s 2d Jh]
PbIbak: checks
7seven779: bets $3
PbIbak: calls $3
*** TURN *** [6s 2d Jh] [8h]
PbIbak: checks
7seven779: checks
*** RIVER *** [6s 2d Jh 8h] [Tc]
PbIbak: checks
7seven779: checks
*** SHOW DOWN ***
PbIbak: shows [Ac 9d] (high card Ace)
7seven779: mucks hand
PbIbak collected $17.64 from pot
*** SUMMARY ***
Total pot $18 | Rake $0.36
Board [6s 2d Jh 8h Tc]
Seat 1: PbIbak (big blind) showed [Ac 9d] and won ($17.64) with high card Ace
Seat 2: 7seven779 (button) (small blind) mucked


PokerStars Hand #147959044160:  Hold'em Limit ($3/$6 USD) - 2016/01/30 17:21:52 ET
Table 'Rana' 2-max Seat #1 is the button
Seat 1: PbIbak ($110.29 in chips)
Seat 2: 7seven779 ($150.93 in chips)
PbIbak: posts small blind $1
7seven779: posts big blind $3
*** HOLE CARDS ***
PbIbak: raises $3 to $6
7seven779: calls $3
*** FLOP *** [5d 4h 2s]
7seven779: bets $3
PbIbak: calls $3
*** TURN *** [5d 4h 2s] [Ac]
7seven779: bets $6
PbIbak: raises $6 to $12
7seven779: raises $6 to $18
PbIbak: calls $6
*** RIVER *** [5d 4h 2s Ac] [2h]
7seven779: bets $6
PbIbak: calls $6
*** SHOW DOWN ***
7seven779: shows [3h Qh] (a straight, Ace to Five)
PbIbak: shows [4c 3c] (a straight, Ace to Five)
7seven779 collected $32.75 from pot
PbIbak collected $32.75 from pot
*** SUMMARY ***
Total pot $66 | Rake $0.50
Board [5d 4h 2s Ac 2h]
Seat 1: PbIbak (button) (small blind) showed [4c 3c] and won ($32.75) with a straight, Ace to Five
Seat 2: 7seven779 (big blind) showed [3h Qh] and won ($32.75) with a straight, Ace to Five


PokerStars Hand #147959123259:  Hold'em Limit ($3/$6 USD) - 2016/01/30 17:23:13 ET
Table 'Rana' 2-max Seat #1 is the button
Seat 1: PbIbak ($124.20 in chips)
Seat 2: 7seven779 ($135.68 in chips)
PbIbak: posts small blind $1
7seven779: posts big blind $3
*** HOLE CARDS ***
PbIbak: raises $3 to $6
7seven779: calls $3
*** FLOP *** [Ah Js 4d]
7seven779: checks
PbIbak: bets $3
7seven779: calls $3
*** TURN *** [Ah Js 4d] [9d]
7seven779: checks
PbIbak: checks
*** RIVER *** [Ah Js 4d 9d] [8c]
7seven779: checks
PbIbak: bets $6
7seven779: calls $6
*** SHOW DOWN ***
PbIbak: shows [8d As] (two pair, Aces and Eights)
7seven779: mucks hand
PbIbak collected $29.50 from pot
*** SUMMARY ***
Total pot $30 | Rake $0.50
Board [Ah Js 4d 9d 8c]
Seat 1: PbIbak (button) (small blind) showed [8d As] and won ($29.50) with two pair, Aces and Eights
Seat 2: 7seven779 (big blind) mucked


PokerStars Hand #147959115840:  Hold'em Limit ($3/$6 USD) - 2016/01/30 17:23:05 ET
Table 'Rana' 2-max Seat #2 is the button
Seat 1: PbIbak ($127.20 in chips)
Seat 2: 7seven779 ($132.68 in chips)
7seven779: posts small blind $1
PbIbak: posts big blind $3
*** HOLE CARDS ***
7seven779: raises $3 to $6
PbIbak: folds
Uncalled bet ($3) returned to 7seven779
7seven779 collected $6 from pot
7seven779: doesn't show hand
*** SUMMARY ***
Total pot $6 | Rake $0
Seat 1: PbIbak (big blind) folded before Flop
Seat 2: 7seven779 (button) (small blind) collected ($6)


PokerStars Hand #147959102280:  Hold'em Limit ($3/$6 USD) - 2016/01/30 17:22:51 ET
Table 'Rana' 2-max Seat #1 is the button
Seat 1: PbIbak ($121.44 in chips)
Seat 2: 7seven779 ($138.68 in chips)
PbIbak: posts small blind $1
7seven779: posts big blind $3
*** HOLE CARDS ***
PbIbak: raises $3 to $6
7seven779: calls $3
*** FLOP *** [Kc As 2s]
7seven779: checks
PbIbak: bets $3
7seven779: folds
Uncalled bet ($3) returned to PbIbak
PbIbak collected $11.76 from pot
PbIbak: doesn't show hand
*** SUMMARY ***
Total pot $12 | Rake $0.24
Board [Kc As 2s]
Seat 1: PbIbak (button) (small blind) collected ($11.76)
Seat 2: 7seven779 (big blind) folded on the Flop


PokerStars Hand #147959096870:  Hold'em Limit ($3/$6 USD) - 2016/01/30 17:22:46 ET
Table 'Rana' 2-max Seat #2 is the button
Seat 1: PbIbak ($124.44 in chips)
Seat 2: 7seven779 ($135.68 in chips)
7seven779: posts small blind $1
PbIbak: posts big blind $3
*** HOLE CARDS ***
7seven779: raises $3 to $6
PbIbak: folds
Uncalled bet ($3) returned to 7seven779
7seven779 collected $6 from pot
7seven779: doesn't show hand
*** SUMMARY ***
Total pot $6 | Rake $0
Seat 1: PbIbak (big blind) folded before Flop
Seat 2: 7seven779 (button) (small blind) collected ($6)


PokerStars Hand #147959084089:  Hold'em Limit ($3/$6 USD) - 2016/01/30 17:22:33 ET
Table 'Rana' 2-max Seat #1 is the button
Seat 1: PbIbak ($118.68 in chips)
Seat 2: 7seven779 ($141.68 in chips)
PbIbak: posts small blind $1
7seven779: posts big blind $3
*** HOLE CARDS ***
PbIbak: raises $3 to $6
7seven779: calls $3
*** FLOP *** [Jc 5s 9c]
7seven779: checks
PbIbak: checks
*** TURN *** [Jc 5s 9c] [4s]
7seven779: checks
PbIbak: bets $6
7seven779: folds
Uncalled bet ($6) returned to PbIbak
PbIbak collected $11.76 from pot
PbIbak: doesn't show hand
*** SUMMARY ***
Total pot $12 | Rake $0.24
Board [Jc 5s 9c 4s]
Seat 1: PbIbak (button) (small blind) collected ($11.76)
Seat 2: 7seven779 (big blind) folded on the Turn


PokerStars Hand #147959141666:  Hold'em Limit ($3/$6 USD) - 2016/01/30 17:23:32 ET
Table 'Rana' 2-max Seat #2 is the button
Seat 1: PbIbak ($138.70 in chips)
Seat 2: 7seven779 ($120.68 in chips)
7seven779: posts small blind $1
PbIbak: posts big blind $3
*** HOLE CARDS ***
7seven779: raises $3 to $6
PbIbak: calls $3
*** FLOP *** [Jc 2c As]
PbIbak: checks
7seven779: bets $3
PbIbak: raises $3 to $6
7seven779: calls $3
*** TURN *** [Jc 2c As] [Qc]
PbIbak: bets $6
7seven779: calls $6
*** RIVER *** [Jc 2c As Qc] [3h]
PbIbak: bets $6
7seven779: calls $6
*** SHOW DOWN ***
PbIbak: shows [5d 4h] (a straight, Ace to Five)
7seven779: mucks hand
PbIbak collected $47.50 from pot
*** SUMMARY ***
Total pot $48 | Rake $0.50
Board [Jc 2c As Qc 3h]
Seat 1: PbIbak (big blind) showed [5d 4h] and won ($47.50) with a straight, Ace to Five
Seat 2: 7seven779 (button) (small blind) mucked


PokerStars Hand #147959196186:  Hold'em Limit ($3/$6 USD) - 2016/01/30 17:24:27 ET
Table 'Rana' 2-max Seat #2 is the button
Seat 1: PbIbak ($155.72 in chips)
Seat 2: 7seven779 ($101.96 in chips)
7seven779: posts small blind $1
PbIbak: posts big blind $3
*** HOLE CARDS ***
7seven779: folds
Uncalled bet ($2) returned to PbIbak
PbIbak collected $2 from pot
PbIbak: doesn't show hand
*** SUMMARY ***
Total pot $2 | Rake $0
Seat 1: PbIbak (big blind) collected ($2)
Seat 2: 7seven779 (button) (small blind) folded before Flop


PokerStars Hand #147959182578:  Hold'em Limit ($3/$6 USD) - 2016/01/30 17:24:13 ET
Table 'Rana' 2-max Seat #1 is the button
Seat 1: PbIbak ($164.72 in chips)
Seat 2: 7seven779 ($93.32 in chips)
PbIbak: posts small blind $1
7seven779: posts big blind $3
*** HOLE CARDS ***
PbIbak: raises $3 to $6
7seven779: calls $3
*** FLOP *** [Ts Kh Kc]
7seven779: checks
PbIbak: bets $3
7seven779: calls $3
*** TURN *** [Ts Kh Kc] [9d]
7seven779: checks
PbIbak: checks
*** RIVER *** [Ts Kh Kc 9d] [Qs]
7seven779: bets $6
PbIbak: folds
Uncalled bet ($6) returned to 7seven779
7seven779 collected $17.64 from pot
7seven779: doesn't show hand
*** SUMMARY ***
Total pot $18 | Rake $0.36
Board [Ts Kh Kc 9d Qs]
Seat 1: PbIbak (button) (small blind) folded on the River
Seat 2: 7seven779 (big blind) collected ($17.64)


PokerStars Hand #147959170501:  Hold'em Limit ($3/$6 USD) - 2016/01/30 17:24:01 ET
Table 'Rana' 2-max Seat #2 is the button
Seat 1: PbIbak ($153.20 in chips)
Seat 2: 7seven779 ($105.32 in chips)
7seven779: posts small blind $1
PbIbak: posts big blind $3
*** HOLE CARDS ***
7seven779: raises $3 to $6
PbIbak: calls $3
*** FLOP *** [Jd 9h 8h]
PbIbak: checks
7seven779: bets $3
PbIbak: raises $3 to $6
7seven779: calls $3
*** TURN *** [Jd 9h 8h] [Ah]
PbIbak: bets $6
7seven779: folds
Uncalled bet ($6) returned to PbIbak
PbIbak collected $23.52 from pot
PbIbak: doesn't show hand
*** SUMMARY ***
Total pot $24 | Rake $0.48
Board [Jd 9h 8h Ah]
Seat 1: PbIbak (big blind) collected ($23.52)
Seat 2: 7seven779 (button) (small blind) folded on the Turn


PokerStars Hand #147959155899:  Hold'em Limit ($3/$6 USD) - 2016/01/30 17:23:46 ET
Table 'Rana' 2-max Seat #1 is the button
Seat 1: PbIbak ($162.20 in chips)
Seat 2: 7seven779 ($96.68 in chips)
PbIbak: posts small blind $1
7seven779: posts big blind $3
*** HOLE CARDS ***
PbIbak: raises $3 to $6
7seven779: calls $3
*** FLOP *** [4d 9h Ad]
7seven779: checks
PbIbak: bets $3
7seven779: calls $3
*** TURN *** [4d 9h Ad] [5d]
7seven779: checks
PbIbak: checks
*** RIVER *** [4d 9h Ad 5d] [Jd]
7seven779: checks
PbIbak: checks
*** SHOW DOWN ***
7seven779: shows [9s As] (two pair, Aces and Nines)
PbIbak: mucks hand
7seven779 collected $17.64 from pot
*** SUMMARY ***
Total pot $18 | Rake $0.36
Board [4d 9h Ad 5d Jd]
Seat 1: PbIbak (button) (small blind) mucked
Seat 2: 7seven779 (big blind) showed [9s As] and won ($17.64) with two pair, Aces and Nines


PokerStars Hand #147959200579:  Hold'em Limit ($3/$6 USD) - 2016/01/30 17:24:32 ET
Table 'Rana' 2-max Seat #1 is the button
Seat 1: PbIbak ($156.72 in chips)
Seat 2: 7seven779 ($100.96 in chips)
PbIbak: posts small blind $1
7seven779: posts big blind $3
*** HOLE CARDS ***
PbIbak: raises $3 to $6
7seven779: calls $3
*** FLOP *** [6d Qc 4h]
7seven779: checks
PbIbak: bets $3
7seven779: calls $3
*** TURN *** [6d Qc 4h] [Ad]
7seven779: checks
PbIbak: checks
*** RIVER *** [6d Qc 4h Ad] [6h]
7seven779: bets $6
PbIbak: calls $6
*** SHOW DOWN ***
7seven779: shows [2d As] (two pair, Aces and Sixes)
PbIbak: mucks hand
7seven779 collected $29.50 from pot
*** SUMMARY ***
Total pot $30 | Rake $0.50
Board [6d Qc 4h Ad 6h]
Seat 1: PbIbak (button) (small blind) mucked
Seat 2: 7seven779 (big blind) showed [2d As] and won ($29.50) with two pair, Aces and Sixes


PokerStars Hand #147959237918:  Hold'em Limit ($3/$6 USD) - 2016/01/30 17:25:10 ET
Table 'Rana' 2-max Seat #2 is the button
Seat 1: PbIbak ($132.72 in chips)
Seat 2: 7seven779 ($124.22 in chips)
7seven779: posts small blind $1
PbIbak: posts big blind $3
*** HOLE CARDS ***
7seven779: raises $3 to $6
PbIbak: calls $3
*** FLOP *** [Kc 7d 9d]
PbIbak: checks
7seven779: bets $3
PbIbak: calls $3
*** TURN *** [Kc 7d 9d] [3c]
PbIbak: checks
7seven779: bets $6
PbIbak: folds
Uncalled bet ($6) returned to 7seven779
7seven779 collected $17.64 from pot
7seven779: doesn't show hand
*** SUMMARY ***
Total pot $18 | Rake $0.36
Board [Kc 7d 9d 3c]
Seat 1: PbIbak (big blind) folded on the Turn
Seat 2: 7seven779 (button) (small blind) collected ($17.64)


PokerStars Hand #147959226376:  Hold'em Limit ($3/$6 USD) - 2016/01/30 17:24:58 ET
Table 'Rana' 2-max Seat #1 is the button
Seat 1: PbIbak ($138.72 in chips)
Seat 2: 7seven779 ($118.46 in chips)
PbIbak: posts small blind $1
7seven779: posts big blind $3
*** HOLE CARDS ***
PbIbak: raises $3 to $6
7seven779: calls $3
*** FLOP *** [8c 3s Td]
7seven779: checks
PbIbak: checks
*** TURN *** [8c 3s Td] [2d]
7seven779: bets $6
PbIbak: folds
Uncalled bet ($6) returned to 7seven779
7seven779 collected $11.76 from pot
7seven779: doesn't show hand
*** SUMMARY ***
Total pot $12 | Rake $0.24
Board [8c 3s Td 2d]
Seat 1: PbIbak (button) (small blind) folded on the Turn
Seat 2: 7seven779 (big blind) collected ($11.76)


PokerStars Hand #147959220478:  Hold'em Limit ($3/$6 USD) - 2016/01/30 17:24:52 ET
Table 'Rana' 2-max Seat #2 is the button
Seat 1: PbIbak ($141.72 in chips)
Seat 2: 7seven779 ($115.46 in chips)
7seven779: posts small blind $1
PbIbak: posts big blind $3
*** HOLE CARDS ***
7seven779: raises $3 to $6
PbIbak: folds
Uncalled bet ($3) returned to 7seven779
7seven779 collected $6 from pot
7seven779: doesn't show hand
*** SUMMARY ***
Total pot $6 | Rake $0
Seat 1: PbIbak (big blind) folded before Flop
Seat 2: 7seven779 (button) (small blind) collected ($6)


PokerStars Hand #147959292180:  Hold'em Limit ($3/$6 USD) - 2016/01/30 17:26:06 ET
Table 'Rana' 2-max Seat #2 is the button
Seat 1: PbIbak ($129.22 in chips)
Seat 2: 7seven779 ($126.38 in chips)
7seven779: posts small blind $1
PbIbak: posts big blind $3
*** HOLE CARDS ***
7seven779: raises $3 to $6
PbIbak: calls $3
*** FLOP *** [6c 4s 8h]
PbIbak: checks
7seven779: checks
*** TURN *** [6c 4s 8h] [Tc]
PbIbak: checks
7seven779: checks
*** RIVER *** [6c 4s 8h Tc] [Kh]
PbIbak: checks
7seven779: bets $6
PbIbak: folds
Uncalled bet ($6) returned to 7seven779
7seven779 collected $11.76 from pot
7seven779: doesn't show hand
*** SUMMARY ***
Total pot $12 | Rake $0.24
Board [6c 4s 8h Tc Kh]
Seat 1: PbIbak (big blind) folded on the River
Seat 2: 7seven779 (button) (small blind) collected ($11.76)


PokerStars Hand #147959280695:  Hold'em Limit ($3/$6 USD) - 2016/01/30 17:25:54 ET
Table 'Rana' 2-max Seat #1 is the button
Seat 1: PbIbak ($135.22 in chips)
Seat 2: 7seven779 ($120.62 in chips)
PbIbak: posts small blind $1
7seven779: posts big blind $3
*** HOLE CARDS ***
PbIbak: raises $3 to $6
7seven779: calls $3
*** FLOP *** [4c Qc Ad]
7seven779: checks
PbIbak: checks
*** TURN *** [4c Qc Ad] [8d]
7seven779: checks
PbIbak: checks
*** RIVER *** [4c Qc Ad 8d] [Td]
7seven779: checks
PbIbak: checks
*** SHOW DOWN ***
7seven779: shows [Ks 4h] (a pair of Fours)
PbIbak: mucks hand
7seven779 collected $11.76 from pot
*** SUMMARY ***
Total pot $12 | Rake $0.24
Board [4c Qc Ad 8d Td]
Seat 1: PbIbak (button) (small blind) mucked
Seat 2: 7seven779 (big blind) showed [Ks 4h] and won ($11.76) with a pair of Fours


PokerStars Hand #147959271554:  Hold'em Limit ($3/$6 USD) - 2016/01/30 17:25:44 ET
Table 'Rana' 2-max Seat #2 is the button
Seat 1: PbIbak ($141.22 in chips)
Seat 2: 7seven779 ($114.86 in chips)
7seven779: posts small blind $1
PbIbak: posts big blind $3
*** HOLE CARDS ***
7seven779: raises $3 to $6
PbIbak: calls $3
*** FLOP *** [Ah 2s 8d]
PbIbak: checks
7seven779: bets $3
PbIbak: folds
Uncalled bet ($3) returned to 7seven779
7seven779 collected $11.76 from pot
7seven779: doesn't show hand
*** SUMMARY ***
Total pot $12 | Rake $0.24
Board [Ah 2s 8d]
Seat 1: PbIbak (big blind) folded on the Flop
Seat 2: 7seven779 (button) (small blind) collected ($11.76)


PokerStars Hand #147959250702:  Hold'em Limit ($3/$6 USD) - 2016/01/30 17:25:23 ET
Table 'Rana' 2-max Seat #1 is the button
Seat 1: PbIbak ($123.72 in chips)
Seat 2: 7seven779 ($132.86 in chips)
PbIbak: posts small blind $1
7seven779: posts big blind $3
*** HOLE CARDS ***
PbIbak: raises $3 to $6
7seven779: calls $3
*** FLOP *** [4h 8c Ah]
7seven779: checks
PbIbak: checks
*** TURN *** [4h 8c Ah] [4d]
7seven779: checks
PbIbak: bets $6
7seven779: calls $6
*** RIVER *** [4h 8c Ah 4d] [Qd]
7seven779: checks
PbIbak: bets $6
7seven779: calls $6
*** SHOW DOWN ***
PbIbak: shows [Ac 6s] (two pair, Aces and Fours)
7seven779: mucks hand
PbIbak collected $35.50 from pot
*** SUMMARY ***
Total pot $36 | Rake $0.50
Board [4h 8c Ah 4d Qd]
Seat 1: PbIbak (button) (small blind) showed [Ac 6s] and won ($35.50) with two pair, Aces and Fours
Seat 2: 7seven779 (big blind) mucked


PokerStars Hand #147959330672:  Hold'em Limit ($3/$6 USD) - 2016/01/30 17:26:45 ET
Table 'Rana' 2-max Seat #2 is the button
Seat 1: PbIbak ($137.72 in chips)
Seat 2: 7seven779 ($117.14 in chips)
7seven779: posts small blind $1
PbIbak: posts big blind $3
*** HOLE CARDS ***
7seven779: raises $3 to $6
PbIbak: calls $3
*** FLOP *** [3c 4d 8h]
PbIbak: checks
7seven779: bets $3
PbIbak: folds
Uncalled bet ($3) returned to 7seven779
7seven779 collected $11.76 from pot
7seven779: doesn't show hand
*** SUMMARY ***
Total pot $12 | Rake $0.24
Board [3c 4d 8h]
Seat 1: PbIbak (big blind) folded on the Flop
Seat 2: 7seven779 (button) (small blind) collected ($11.76)


PokerStars Hand #147959340669:  Hold'em Limit ($3/$6 USD) - 2016/01/30 17:26:56 ET
Table 'Rana' 2-max Seat #1 is the button
Seat 1: PbIbak ($131.72 in chips)
Seat 2: 7seven779 ($122.90 in chips)
PbIbak: posts small blind $1
7seven779: posts big blind $3
*** HOLE CARDS ***
PbIbak: raises $3 to $6
7seven779: calls $3
*** FLOP *** [4c 9c 4s]
7seven779: checks
PbIbak: bets $3
7seven779: calls $3
*** TURN *** [4c 9c 4s] [3c]
7seven779: checks
PbIbak: bets $6
7seven779: folds
Uncalled bet ($6) returned to PbIbak
PbIbak collected $17.64 from pot
PbIbak: doesn't show hand
*** SUMMARY ***
Total pot $18 | Rake $0.36
Board [4c 9c 4s 3c]
Seat 1: PbIbak (button) (small blind) collected ($17.64)
Seat 2: 7seven779 (big blind) folded on the Turn


PokerStars Hand #147959310793:  Hold'em Limit ($3/$6 USD) - 2016/01/30 17:26:25 ET
Table 'Rana' 2-max Seat #1 is the button
Seat 1: PbIbak ($123.22 in chips)
Seat 2: 7seven779 ($132.14 in chips)
PbIbak: posts small blind $1
7seven779: posts big blind $3
*** HOLE CARDS ***
PbIbak: raises $3 to $6
7seven779: calls $3
*** FLOP *** [8s Kd 8d]
7seven779: checks
PbIbak: bets $3
7seven779: calls $3
*** TURN *** [8s Kd 8d] [3h]
7seven779: checks
PbIbak: bets $6
7seven779: calls $6
*** RIVER *** [8s Kd 8d 3h] [Ad]
7seven779: checks
PbIbak: checks
*** SHOW DOWN ***
7seven779: shows [2c 2s] (two pair, Eights and Deuces)
PbIbak: shows [Ts Ks] (two pair, Kings and Eights)
PbIbak collected $29.50 from pot
*** SUMMARY ***
Total pot $30 | Rake $0.50
Board [8s Kd 8d 3h Ad]
Seat 1: PbIbak (button) (small blind) showed [Ts Ks] and won ($29.50) with two pair, Kings and Eights
Seat 2: 7seven779 (big blind) showed [2c 2s] and lost with two pair, Eights and Deuces


PokerStars Hand #147959357487:  Hold'em Limit ($3/$6 USD) - 2016/01/30 17:27:13 ET
Table 'Rana' 2-max Seat #2 is the button
Seat 1: PbIbak ($140.36 in chips)
Seat 2: 7seven779 ($113.90 in chips)
7seven779: posts small blind $1
PbIbak: posts big blind $3
*** HOLE CARDS ***
7seven779: raises $3 to $6
PbIbak: calls $3
*** FLOP *** [Qs 2s 5c]
PbIbak: checks
7seven779: bets $3
PbIbak: calls $3
*** TURN *** [Qs 2s 5c] [2c]
PbIbak: checks
7seven779: bets $6
PbIbak: calls $6
*** RIVER *** [Qs 2s 5c 2c] [9c]
PbIbak: checks
7seven779: checks
*** SHOW DOWN ***
PbIbak: shows [4c Ks] (a pair of Deuces)
7seven779: shows [Td Ts] (two pair, Tens and Deuces)
7seven779 collected $29.50 from pot
*** SUMMARY ***
Total pot $30 | Rake $0.50
Board [Qs 2s 5c 2c 9c]
Seat 1: PbIbak (big blind) showed [4c Ks] and lost with a pair of Deuces
Seat 2: 7seven779 (button) (small blind) showed [Td Ts] and won ($29.50) with two pair, Tens and Deuces


PokerStars Hand #147959403251:  Hold'em Limit ($3/$6 USD) - 2016/01/30 17:28:00 ET
Table 'Rana' 2-max Seat #1 is the button
Seat 1: PbIbak ($92.36 in chips)
Seat 2: 7seven779 ($160.90 in chips)
PbIbak: posts small blind $1
7seven779: posts big blind $3
*** HOLE CARDS ***
PbIbak: raises $3 to $6
7seven779: calls $3
*** FLOP *** [Kh 3c 3s]
7seven779: checks
PbIbak: bets $3
7seven779: calls $3
*** TURN *** [Kh 3c 3s] [4c]
7seven779: checks
PbIbak: checks
*** RIVER *** [Kh 3c 3s 4c] [3d]
7seven779: bets $6
PbIbak: calls $6
*** SHOW DOWN ***
7seven779: shows [Jh 2c] (three of a kind, Threes)
PbIbak: shows [7c 7s] (a full house, Threes full of Sevens)
PbIbak collected $29.50 from pot
*** SUMMARY ***
Total pot $30 | Rake $0.50
Board [Kh 3c 3s 4c 3d]
Seat 1: PbIbak (button) (small blind) showed [7c 7s] and won ($29.50) with a full house, Threes full of Sevens
Seat 2: 7seven779 (big blind) showed [Jh 2c] and lost with three of a kind, Threes


PokerStars Hand #147959421445:  Hold'em Limit ($3/$6 USD) - 2016/01/30 17:28:19 ET
Table 'Rana' 2-max Seat #2 is the button
Seat 1: PbIbak ($106.86 in chips)
Seat 2: 7seven779 ($145.90 in chips)
7seven779: posts small blind $1
PbIbak: posts big blind $3
*** HOLE CARDS ***
7seven779: raises $3 to $6
PbIbak: raises $3 to $9
7seven779: calls $3
*** FLOP *** [2c 2s 2h]
PbIbak: bets $3
7seven779: calls $3
*** TURN *** [2c 2s 2h] [Tc]
PbIbak: bets $6
7seven779: folds
Uncalled bet ($6) returned to PbIbak
PbIbak collected $23.52 from pot
PbIbak: doesn't show hand
*** SUMMARY ***
Total pot $24 | Rake $0.48
Board [2c 2s 2h Tc]
Seat 1: PbIbak (big blind) collected ($23.52)
Seat 2: 7seven779 (button) (small blind) folded on the Turn


PokerStars Hand #147959397663:  Hold'em Limit ($3/$6 USD) - 2016/01/30 17:27:54 ET
Table 'Rana' 2-max Seat #2 is the button
Seat 1: PbIbak ($95.36 in chips)
Seat 2: 7seven779 ($157.90 in chips)
7seven779: posts small blind $1
PbIbak: posts big blind $3
*** HOLE CARDS ***
7seven779: raises $3 to $6
PbIbak: folds
Uncalled bet ($3) returned to 7seven779
7seven779 collected $6 from pot
7seven779: doesn't show hand
*** SUMMARY ***
Total pot $6 | Rake $0
Seat 1: PbIbak (big blind) folded before Flop
Seat 2: 7seven779 (button) (small blind) collected ($6)


PokerStars Hand #147959375364:  Hold'em Limit ($3/$6 USD) - 2016/01/30 17:27:31 ET
Table 'Rana' 2-max Seat #1 is the button
Seat 1: PbIbak ($125.36 in chips)
Seat 2: 7seven779 ($128.40 in chips)
PbIbak: posts small blind $1
7seven779: posts big blind $3
*** HOLE CARDS ***
PbIbak: raises $3 to $6
7seven779: raises $3 to $9
PbIbak: calls $3
*** FLOP *** [Jh 3c 8c]
7seven779: bets $3
PbIbak: raises $3 to $6
7seven779: raises $3 to $9
PbIbak: calls $3
*** TURN *** [Jh 3c 8c] [9s]
7seven779: bets $6
PbIbak: calls $6
*** RIVER *** [Jh 3c 8c 9s] [8h]
7seven779: bets $6
PbIbak: calls $6
*** SHOW DOWN ***
7seven779: shows [8s 3d] (a full house, Eights full of Threes)
PbIbak: mucks hand
7seven779 collected $59.50 from pot
*** SUMMARY ***
Total pot $60 | Rake $0.50
Board [Jh 3c 8c 9s 8h]
Seat 1: PbIbak (button) (small blind) mucked
Seat 2: 7seven779 (big blind) showed [8s 3d] and won ($59.50) with a full house, Eights full of Threes


PokerStars Hand #147959490993:  Hold'em Limit ($3/$6 USD) - 2016/01/30 17:29:31 ET
Table 'Rana' 2-max Seat #2 is the button
Seat 1: PbIbak ($141.40 in chips)
Seat 2: 7seven779 ($109.90 in chips)
7seven779: posts small blind $1
PbIbak: posts big blind $3
*** HOLE CARDS ***
7seven779: folds
Uncalled bet ($2) returned to PbIbak
PbIbak collected $2 from pot
PbIbak: doesn't show hand
*** SUMMARY ***
Total pot $2 | Rake $0
Seat 1: PbIbak (big blind) collected ($2)
Seat 2: 7seven779 (button) (small blind) folded before Flop


PokerStars Hand #147959477622:  Hold'em Limit ($3/$6 USD) - 2016/01/30 17:29:17 ET
Table 'Rana' 2-max Seat #2 is the button
Seat 1: PbIbak ($138.64 in chips)
Seat 2: 7seven779 ($112.90 in chips)
7seven779: posts small blind $1
PbIbak: posts big blind $3
*** HOLE CARDS ***
7seven779: raises $3 to $6
PbIbak: folds
Uncalled bet ($3) returned to 7seven779
7seven779 collected $6 from pot
7seven779: doesn't show hand
*** SUMMARY ***
Total pot $6 | Rake $0
Seat 1: PbIbak (big blind) folded before Flop
Seat 2: 7seven779 (button) (small blind) collected ($6)


PokerStars Hand #147959462765:  Hold'em Limit ($3/$6 USD) - 2016/01/30 17:29:02 ET
Table 'Rana' 2-max Seat #1 is the button
Seat 1: PbIbak ($121.14 in chips)
Seat 2: 7seven779 ($130.90 in chips)
PbIbak: posts small blind $1
7seven779: posts big blind $3
*** HOLE CARDS ***
PbIbak: raises $3 to $6
7seven779: calls $3
*** FLOP *** [Ah 5d 9c]
7seven779: checks
PbIbak: checks
*** TURN *** [Ah 5d 9c] [Kd]
7seven779: bets $6
PbIbak: calls $6
*** RIVER *** [Ah 5d 9c Kd] [2d]
7seven779: bets $6
PbIbak: raises $6 to $12
7seven779: folds
Uncalled bet ($6) returned to PbIbak
PbIbak collected $35.50 from pot
PbIbak: doesn't show hand
*** SUMMARY ***
Total pot $36 | Rake $0.50
Board [Ah 5d 9c Kd 2d]
Seat 1: PbIbak (button) (small blind) collected ($35.50)
Seat 2: 7seven779 (big blind) folded on the River


PokerStars Hand #147959483304:  Hold'em Limit ($3/$6 USD) - 2016/01/30 17:29:23 ET
Table 'Rana' 2-max Seat #1 is the button
Seat 1: PbIbak ($135.64 in chips)
Seat 2: 7seven779 ($115.90 in chips)
PbIbak: posts small blind $1
7seven779: posts big blind $3
*** HOLE CARDS ***
PbIbak: raises $3 to $6
7seven779: calls $3
*** FLOP *** [5c 5h Ac]
7seven779: checks
PbIbak: bets $3
7seven779: folds
Uncalled bet ($3) returned to PbIbak
PbIbak collected $11.76 from pot
PbIbak: doesn't show hand
*** SUMMARY ***
Total pot $12 | Rake $0.24
Board [5c 5h Ac]
Seat 1: PbIbak (button) (small blind) collected ($11.76)
Seat 2: 7seven779 (big blind) folded on the Flop


PokerStars Hand #147959456013:  Hold'em Limit ($3/$6 USD) - 2016/01/30 17:28:55 ET
Table 'Rana' 2-max Seat #2 is the button
Seat 1: PbIbak ($124.14 in chips)
Seat 2: 7seven779 ($127.90 in chips)
7seven779: posts small blind $1
PbIbak: posts big blind $3
*** HOLE CARDS ***
7seven779: raises $3 to $6
PbIbak: folds
Uncalled bet ($3) returned to 7seven779
7seven779 collected $6 from pot
7seven779: doesn't show hand
*** SUMMARY ***
Total pot $6 | Rake $0
Seat 1: PbIbak (big blind) folded before Flop
Seat 2: 7seven779 (button) (small blind) collected ($6)


PokerStars Hand #147959440934:  Hold'em Limit ($3/$6 USD) - 2016/01/30 17:28:39 ET
Table 'Rana' 2-max Seat #1 is the button
Seat 1: PbIbak ($118.38 in chips)
Seat 2: 7seven779 ($133.90 in chips)
PbIbak: posts small blind $1
7seven779: posts big blind $3
*** HOLE CARDS ***
PbIbak: raises $3 to $6
7seven779: calls $3
*** FLOP *** [Jh Kc 7s]
7seven779: checks
PbIbak: checks
*** TURN *** [Jh Kc 7s] [Th]
7seven779: checks
PbIbak: bets $6
7seven779: folds
Uncalled bet ($6) returned to PbIbak
PbIbak collected $11.76 from pot
PbIbak: doesn't show hand
*** SUMMARY ***
Total pot $12 | Rake $0.24
Board [Jh Kc 7s Th]
Seat 1: PbIbak (button) (small blind) collected ($11.76)
Seat 2: 7seven779 (big blind) folded on the Turn


PokerStars Hand #147959534698:  Hold'em Limit ($3/$6 USD) - 2016/01/30 17:30:17 ET
Table 'Rana' 2-max Seat #2 is the button
Seat 1: PbIbak ($191.90 in chips)
Seat 2: 7seven779 ($57.90 in chips)
7seven779: posts small blind $1
PbIbak: posts big blind $3
*** HOLE CARDS ***
7seven779: folds
Uncalled bet ($2) returned to PbIbak
PbIbak collected $2 from pot
PbIbak: doesn't show hand
*** SUMMARY ***
Total pot $2 | Rake $0
Seat 1: PbIbak (big blind) collected ($2)
Seat 2: 7seven779 (button) (small blind) folded before Flop


PokerStars Hand #147959520048:  Hold'em Limit ($3/$6 USD) - 2016/01/30 17:30:02 ET
Table 'Rana' 2-max Seat #1 is the button
Seat 1: PbIbak ($171.40 in chips)
Seat 2: 7seven779 ($78.90 in chips)
PbIbak: posts small blind $1
7seven779: posts big blind $3
*** HOLE CARDS ***
PbIbak: raises $3 to $6
7seven779: calls $3
*** FLOP *** [5c 4d 3c]
7seven779: checks
PbIbak: bets $3
7seven779: calls $3
*** TURN *** [5c 4d 3c] [4s]
7seven779: checks
PbIbak: bets $6
7seven779: calls $6
*** RIVER *** [5c 4d 3c 4s] [8d]
7seven779: checks
PbIbak: bets $6
7seven779: calls $6
*** SHOW DOWN ***
PbIbak: shows [6s 6d] (two pair, Sixes and Fours)
7seven779: mucks hand
PbIbak collected $41.50 from pot
*** SUMMARY ***
Total pot $42 | Rake $0.50
Board [5c 4d 3c 4s 8d]
Seat 1: PbIbak (button) (small blind) showed [6s 6d] and won ($41.50) with two pair, Sixes and Fours
Seat 2: 7seven779 (big blind) mucked


PokerStars Hand #147959495172:  Hold'em Limit ($3/$6 USD) - 2016/01/30 17:29:36 ET
Table 'Rana' 2-max Seat #1 is the button
Seat 1: PbIbak ($142.40 in chips)
Seat 2: 7seven779 ($108.90 in chips)
PbIbak: posts small blind $1
7seven779: posts big blind $3
*** HOLE CARDS ***
PbIbak: raises $3 to $6
7seven779: calls $3
*** FLOP *** [7c 5h Qh]
7seven779: checks
PbIbak: bets $3
7seven779: calls $3
*** TURN *** [7c 5h Qh] [4c]
7seven779: checks
PbIbak: checks
*** RIVER *** [7c 5h Qh 4c] [7s]
7seven779: bets $6
PbIbak: calls $6
*** SHOW DOWN ***
7seven779: shows [2d 6s] (a pair of Sevens)
PbIbak: shows [9s Ad] (a pair of Sevens - Ace kicker)
PbIbak collected $29.50 from pot
*** SUMMARY ***
Total pot $30 | Rake $0.50
Board [7c 5h Qh 4c 7s]
Seat 1: PbIbak (button) (small blind) showed [9s Ad] and won ($29.50) with a pair of Sevens
Seat 2: 7seven779 (big blind) showed [2d 6s] and lost with a pair of Sevens


PokerStars Hand #147959507805:  Hold'em Limit ($3/$6 USD) - 2016/01/30 17:29:49 ET
Table 'Rana' 2-max Seat #2 is the button
Seat 1: PbIbak ($156.90 in chips)
Seat 2: 7seven779 ($93.90 in chips)
7seven779: posts small blind $1
PbIbak: posts big blind $3
*** HOLE CARDS ***
7seven779: raises $3 to $6
PbIbak: calls $3
*** FLOP *** [3h Qh 2d]
PbIbak: checks
7seven779: bets $3
PbIbak: calls $3
*** TURN *** [3h Qh 2d] [Kc]
PbIbak: bets $6
7seven779: calls $6
*** RIVER *** [3h Qh 2d Kc] [9c]
PbIbak: bets $6
7seven779: folds
Uncalled bet ($6) returned to PbIbak
PbIbak collected $29.50 from pot
PbIbak: doesn't show hand
*** SUMMARY ***
Total pot $30 | Rake $0.50
Board [3h Qh 2d Kc 9c]
Seat 1: PbIbak (big blind) collected ($29.50)
Seat 2: 7seven779 (button) (small blind) folded on the River


PokerStars Hand #147959543839:  Hold'em Limit ($3/$6 USD) - 2016/01/30 17:30:26 ET
Table 'Rana' 2-max Seat #2 is the button
Seat 1: PbIbak ($191.90 in chips)
Seat 2: 7seven779 ($57.90 in chips)
7seven779: posts small blind $1
PbIbak: posts big blind $3
*** HOLE CARDS ***
7seven779: folds
Uncalled bet ($2) returned to PbIbak
PbIbak collected $2 from pot
PbIbak: doesn't show hand
*** SUMMARY ***
Total pot $2 | Rake $0
Seat 1: PbIbak (big blind) collected ($2)
Seat 2: 7seven779 (button) (small blind) folded before Flop


PokerStars Hand #147959539742:  Hold'em Limit ($3/$6 USD) - 2016/01/30 17:30:22 ET
Table 'Rana' 2-max Seat #1 is the button
Seat 1: PbIbak ($192.90 in chips)
Seat 2: 7seven779 ($56.90 in chips)
PbIbak: posts small blind $1
7seven779: posts big blind $3
*** HOLE CARDS ***
PbIbak: folds
Uncalled bet ($2) returned to 7seven779
7seven779 collected $2 from pot
7seven779: doesn't show hand
*** SUMMARY ***
Total pot $2 | Rake $0
Seat 1: PbIbak (button) (small blind) folded before Flop
Seat 2: 7seven779 (big blind) collected ($2)


PokerStars Hand #147959562510:  Hold'em Limit ($3/$6 USD) - 2016/01/30 17:30:46 ET
Table 'Rana' 2-max Seat #2 is the button
Seat 1: PbIbak ($213.40 in chips)
Seat 2: 7seven779 ($35.90 in chips)
7seven779: posts small blind $1
PbIbak: posts big blind $3
*** HOLE CARDS ***
7seven779: raises $3 to $6
PbIbak: calls $3
*** FLOP *** [Th 5s Kd]
PbIbak: checks
7seven779: bets $3
PbIbak: calls $3
*** TURN *** [Th 5s Kd] [Ac]
PbIbak: checks
7seven779: bets $6
PbIbak: calls $6
*** RIVER *** [Th 5s Kd Ac] [Qs]
PbIbak: checks
7seven779: checks
*** SHOW DOWN ***
PbIbak: shows [9s Kc] (a pair of Kings)
7seven779: mucks hand
PbIbak collected $29.50 from pot
*** SUMMARY ***
Total pot $30 | Rake $0.50
Board [Th 5s Kd Ac Qs]
Seat 1: PbIbak (big blind) showed [9s Kc] and won ($29.50) with a pair of Kings
Seat 2: 7seven779 (button) (small blind) mucked


PokerStars Hand #147959548152:  Hold'em Limit ($3/$6 USD) - 2016/01/30 17:30:31 ET
Table 'Rana' 2-max Seat #1 is the button
Seat 1: PbIbak ($192.90 in chips)
Seat 2: 7seven779 ($56.90 in chips)
PbIbak: posts small blind $1
7seven779: posts big blind $3
*** HOLE CARDS ***
PbIbak: raises $3 to $6
7seven779: calls $3
*** FLOP *** [9d 3c Ah]
7seven779: checks
PbIbak: bets $3
7seven779: calls $3
*** TURN *** [9d 3c Ah] [3d]
7seven779: checks
PbIbak: bets $6
7seven779: calls $6
*** RIVER *** [9d 3c Ah 3d] [2c]
7seven779: checks
PbIbak: bets $6
7seven779: calls $6
*** SHOW DOWN ***
PbIbak: shows [As Td] (two pair, Aces and Threes)
7seven779: mucks hand
PbIbak collected $41.50 from pot
*** SUMMARY ***
Total pot $42 | Rake $0.50
Board [9d 3c Ah 3d 2c]
Seat 1: PbIbak (button) (small blind) showed [As Td] and won ($41.50) with two pair, Aces and Threes
Seat 2: 7seven779 (big blind) mucked


PokerStars Hand #147959580967:  Hold'em Limit ($3/$6 USD) - 2016/01/30 17:31:05 ET
Table 'Rana' 2-max Seat #1 is the button
Seat 1: PbIbak ($227.90 in chips)
Seat 2: 7seven779 ($20.90 in chips)
PbIbak: posts small blind $1
7seven779: posts big blind $3
*** HOLE CARDS ***
PbIbak: raises $3 to $6
7seven779: calls $3
*** FLOP *** [5d Ad Td]
7seven779: checks
PbIbak: checks
*** TURN *** [5d Ad Td] [5c]
7seven779: bets $6
PbIbak: folds
Uncalled bet ($6) returned to 7seven779
7seven779 collected $11.76 from pot
7seven779: doesn't show hand
*** SUMMARY ***
Total pot $12 | Rake $0.24
Board [5d Ad Td 5c]
Seat 1: PbIbak (button) (small blind) folded on the Turn
Seat 2: 7seven779 (big blind) collected ($11.76)


PokerStars Hand #147959590393:  Hold'em Limit ($3/$6 USD) - 2016/01/30 17:31:15 ET
Table 'Rana' 2-max Seat #2 is the button
Seat 1: PbIbak ($221.90 in chips)
Seat 2: 7seven779 ($26.66 in chips)
7seven779: posts small blind $1
PbIbak: posts big blind $3
*** HOLE CARDS ***
7seven779: raises $3 to $6
PbIbak: calls $3
*** FLOP *** [3d Ts 8s]
PbIbak: checks
7seven779: bets $3
PbIbak: calls $3
*** TURN *** [3d Ts 8s] [6s]
PbIbak: checks
7seven779: bets $6
PbIbak: folds
Uncalled bet ($6) returned to 7seven779
7seven779 collected $17.64 from pot
7seven779: doesn't show hand
*** SUMMARY ***
Total pot $18 | Rake $0.36
Board [3d Ts 8s 6s]
Seat 1: PbIbak (big blind) folded on the Turn
Seat 2: 7seven779 (button) (small blind) collected ($17.64)


PokerStars Hand #147959606558:  Hold'em Limit ($3/$6 USD) - 2016/01/30 17:31:32 ET
Table 'Rana' 2-max Seat #1 is the button
Seat 1: PbIbak ($212.90 in chips)
Seat 2: 7seven779 ($35.30 in chips)
PbIbak: posts small blind $1
7seven779: posts big blind $3
*** HOLE CARDS ***
PbIbak: raises $3 to $6
7seven779: raises $3 to $9
PbIbak: calls $3
*** FLOP *** [7s Qs 9h]
7seven779: bets $3
PbIbak: calls $3
*** TURN *** [7s Qs 9h] [5c]
7seven779: bets $6
PbIbak: calls $6
*** RIVER *** [7s Qs 9h 5c] [7h]
7seven779: checks
PbIbak: checks
*** SHOW DOWN ***
7seven779: shows [Ah Ks] (a pair of Sevens)
PbIbak: mucks hand
7seven779 collected $35.50 from pot
*** SUMMARY ***
Total pot $36 | Rake $0.50
Board [7s Qs 9h 5c 7h]
Seat 1: PbIbak (button) (small blind) mucked
Seat 2: 7seven779 (big blind) showed [Ah Ks] and won ($35.50) with a pair of Sevens


PokerStars Hand #147959629730:  Hold'em Limit ($3/$6 USD) - 2016/01/30 17:31:56 ET
Table 'Rana' 2-max Seat #2 is the button
Seat 1: PbIbak ($194.90 in chips)
Seat 2: 7seven779 ($52.80 in chips)
7seven779: posts small blind $1
PbIbak: posts big blind $3
*** HOLE CARDS ***
7seven779: raises $3 to $6
PbIbak: calls $3
*** FLOP *** [4h Qh 5s]
PbIbak: checks
7seven779: checks
*** TURN *** [4h Qh 5s] [6h]
PbIbak: bets $6
7seven779: folds
Uncalled bet ($6) returned to PbIbak
PbIbak collected $11.76 from pot
PbIbak: doesn't show hand
*** SUMMARY ***
Total pot $12 | Rake $0.24
Board [4h Qh 5s 6h]
Seat 1: PbIbak (big blind) collected ($11.76)
Seat 2: 7seven779 (button) (small blind) folded on the Turn


PokerStars Hand #147959639503:  Hold'em Limit ($3/$6 USD) - 2016/01/30 17:32:06 ET
Table 'Rana' 2-max Seat #1 is the button
Seat 1: PbIbak ($200.66 in chips)
Seat 2: 7seven779 ($46.80 in chips)
PbIbak: posts small blind $1
7seven779: posts big blind $3
*** HOLE CARDS ***
PbIbak: raises $3 to $6
7seven779: raises $3 to $9
PbIbak: calls $3
*** FLOP *** [4h 3h Kc]
7seven779: bets $3
PbIbak: raises $3 to $6
7seven779: calls $3
*** TURN *** [4h 3h Kc] [Kd]
7seven779: checks
PbIbak: checks
*** RIVER *** [4h 3h Kc Kd] [9s]
7seven779: checks
PbIbak: checks
*** SHOW DOWN ***
7seven779: shows [Td Qs] (a pair of Kings)
PbIbak: mucks hand
7seven779 collected $29.50 from pot
*** SUMMARY ***
Total pot $30 | Rake $0.50
Board [4h 3h Kc Kd 9s]
Seat 1: PbIbak (button) (small blind) mucked
Seat 2: 7seven779 (big blind) showed [Td Qs] and won ($29.50) with a pair of Kings


PokerStars Hand #147959664435:  Hold'em Limit ($3/$6 USD) - 2016/01/30 17:32:33 ET
Table 'Rana' 2-max Seat #2 is the button
Seat 1: PbIbak ($185.66 in chips)
Seat 2: 7seven779 ($61.30 in chips)
7seven779: posts small blind $1
PbIbak: posts big blind $3
*** HOLE CARDS ***
7seven779: raises $3 to $6
PbIbak: folds
Uncalled bet ($3) returned to 7seven779
7seven779 collected $6 from pot
7seven779: doesn't show hand
*** SUMMARY ***
Total pot $6 | Rake $0
Seat 1: PbIbak (big blind) folded before Flop
Seat 2: 7seven779 (button) (small blind) collected ($6)


PokerStars Hand #147959690434:  Hold'em Limit ($3/$6 USD) - 2016/01/30 17:33:00 ET
Table 'Rana' 2-max Seat #1 is the button
Seat 1: PbIbak ($167.66 in chips)
Seat 2: 7seven779 ($78.82 in chips)
PbIbak: posts small blind $1
7seven779: posts big blind $3
*** HOLE CARDS ***
PbIbak: folds
Uncalled bet ($2) returned to 7seven779
7seven779 collected $2 from pot
7seven779: doesn't show hand
*** SUMMARY ***
Total pot $2 | Rake $0
Seat 1: PbIbak (button) (small blind) folded before Flop
Seat 2: 7seven779 (big blind) collected ($2)


PokerStars Hand #147959685441:  Hold'em Limit ($3/$6 USD) - 2016/01/30 17:32:55 ET
Table 'Rana' 2-max Seat #2 is the button
Seat 1: PbIbak ($170.66 in chips)
Seat 2: 7seven779 ($75.82 in chips)
7seven779: posts small blind $1
PbIbak: posts big blind $3
*** HOLE CARDS ***
7seven779: raises $3 to $6
PbIbak: folds
Uncalled bet ($3) returned to 7seven779
7seven779 collected $6 from pot
7seven779: doesn't show hand
*** SUMMARY ***
Total pot $6 | Rake $0
Seat 1: PbIbak (big blind) folded before Flop
Seat 2: 7seven779 (button) (small blind) collected ($6)


PokerStars Hand #147959669502:  Hold'em Limit ($3/$6 USD) - 2016/01/30 17:32:38 ET
Table 'Rana' 2-max Seat #1 is the button
Seat 1: PbIbak ($182.66 in chips)
Seat 2: 7seven779 ($64.30 in chips)
PbIbak: posts small blind $1
7seven779: posts big blind $3
*** HOLE CARDS ***
PbIbak: raises $3 to $6
7seven779: raises $3 to $9
PbIbak: calls $3
*** FLOP *** [Kc 6h 2h]
7seven779: bets $3
PbIbak: calls $3
*** TURN *** [Kc 6h 2h] [7c]
7seven779: bets $6
PbIbak: folds
Uncalled bet ($6) returned to 7seven779
7seven779 collected $23.52 from pot
7seven779: doesn't show hand
*** SUMMARY ***
Total pot $24 | Rake $0.48
Board [Kc 6h 2h 7c]
Seat 1: PbIbak (button) (small blind) folded on the Turn
Seat 2: 7seven779 (big blind) collected ($23.52)


PokerStars Hand #147959694865:  Hold'em Limit ($3/$6 USD) - 2016/01/30 17:33:04 ET
Table 'Rana' 2-max Seat #2 is the button
Seat 1: PbIbak ($166.66 in chips)
Seat 2: 7seven779 ($79.82 in chips)
7seven779: posts small blind $1
PbIbak: posts big blind $3
*** HOLE CARDS ***
7seven779: raises $3 to $6
PbIbak: raises $3 to $9
7seven779: calls $3
*** FLOP *** [4d 8c 8s]
PbIbak: bets $3
7seven779: calls $3
*** TURN *** [4d 8c 8s] [6d]
PbIbak: checks
7seven779: bets $6
PbIbak: calls $6
*** RIVER *** [4d 8c 8s 6d] [Ts]
PbIbak: checks
7seven779: bets $6
PbIbak: folds
Uncalled bet ($6) returned to 7seven779
7seven779 collected $35.50 from pot
7seven779: doesn't show hand
*** SUMMARY ***
Total pot $36 | Rake $0.50
Board [4d 8c 8s 6d Ts]
Seat 1: PbIbak (big blind) folded on the River
Seat 2: 7seven779 (button) (small blind) collected ($35.50)


PokerStars Hand #147959713368:  Hold'em Limit ($3/$6 USD) - 2016/01/30 17:33:21 ET
Table 'Rana' 2-max Seat #1 is the button
Seat 1: PbIbak ($148.66 in chips)
Seat 2: 7seven779 ($97.32 in chips)
PbIbak: posts small blind $1
7seven779: posts big blind $3
*** HOLE CARDS ***
PbIbak: raises $3 to $6
7seven779: calls $3
*** FLOP *** [6h 4s Qs]
7seven779: checks
PbIbak: bets $3
7seven779: calls $3
*** TURN *** [6h 4s Qs] [5c]
7seven779: checks
PbIbak: bets $6
7seven779: calls $6
*** RIVER *** [6h 4s Qs 5c] [Td]
7seven779: checks
PbIbak: bets $6
7seven779: calls $6
*** SHOW DOWN ***
PbIbak: shows [6c 3s] (a pair of Sixes)
7seven779: shows [6d Jc] (a pair of Sixes - Queen+Jack kicker)
7seven779 collected $41.50 from pot
*** SUMMARY ***
Total pot $42 | Rake $0.50
Board [6h 4s Qs 5c Td]
Seat 1: PbIbak (button) (small blind) showed [6c 3s] and lost with a pair of Sixes
Seat 2: 7seven779 (big blind) showed [6d Jc] and won ($41.50) with a pair of Sixes


PokerStars Hand #147959793424:  Hold'em Limit ($3/$6 USD) - 2016/01/30 17:34:33 ET
Table 'Rana' 2-max Seat #1 is the button
Seat 1: PbIbak ($96.30 in chips)
Seat 2: 7seven779 ($147.60 in chips)
PbIbak: posts small blind $1
7seven779: posts big blind $3
*** HOLE CARDS ***
PbIbak: raises $3 to $6
7seven779: calls $3
*** FLOP *** [3h Qc Ts]
7seven779: checks
PbIbak: bets $3
7seven779: calls $3
*** TURN *** [3h Qc Ts] [4c]
7seven779: checks
PbIbak: checks
*** RIVER *** [3h Qc Ts 4c] [Qd]
7seven779: checks
PbIbak: checks
*** SHOW DOWN ***
7seven779: shows [7c Kh] (a pair of Queens)
PbIbak: mucks hand
7seven779 collected $17.64 from pot
*** SUMMARY ***
Total pot $18 | Rake $0.36
Board [3h Qc Ts 4c Qd]
Seat 1: PbIbak (button) (small blind) mucked
Seat 2: 7seven779 (big blind) showed [7c Kh] and won ($17.64) with a pair of Queens


PokerStars Hand #147959747580:  Hold'em Limit ($3/$6 USD) - 2016/01/30 17:33:52 ET
Table 'Rana' 2-max Seat #1 is the button
Seat 1: PbIbak ($106.66 in chips)
Seat 2: 7seven779 ($138.32 in chips)
PbIbak: posts small blind $1
7seven779: posts big blind $3
*** HOLE CARDS ***
PbIbak: folds
Uncalled bet ($2) returned to 7seven779
7seven779 collected $2 from pot
7seven779: doesn't show hand
*** SUMMARY ***
Total pot $2 | Rake $0
Seat 1: PbIbak (button) (small blind) folded before Flop
Seat 2: 7seven779 (big blind) collected ($2)


PokerStars Hand #147959752376:  Hold'em Limit ($3/$6 USD) - 2016/01/30 17:33:57 ET
Table 'Rana' 2-max Seat #2 is the button
Seat 1: PbIbak ($105.66 in chips)
Seat 2: 7seven779 ($139.32 in chips)
7seven779: posts small blind $1
PbIbak: posts big blind $3
*** HOLE CARDS ***
7seven779: raises $3 to $6
PbIbak: calls $3
*** FLOP *** [3h Kh Ks]
PbIbak: checks
7seven779: bets $3
PbIbak: calls $3
*** TURN *** [3h Kh Ks] [9d]
PbIbak: checks
7seven779: bets $6
PbIbak: folds
Uncalled bet ($6) returned to 7seven779
7seven779 collected $17.64 from pot
7seven779: doesn't show hand
*** SUMMARY ***
Total pot $18 | Rake $0.36
Board [3h Kh Ks 9d]
Seat 1: PbIbak (big blind) folded on the Turn
Seat 2: 7seven779 (button) (small blind) collected ($17.64)


PokerStars Hand #147959731821:  Hold'em Limit ($3/$6 USD) - 2016/01/30 17:33:38 ET
Table 'Rana' 2-max Seat #2 is the button
Seat 1: PbIbak ($127.66 in chips)
Seat 2: 7seven779 ($117.82 in chips)
7seven779: posts small blind $1
PbIbak: posts big blind $3
*** HOLE CARDS ***
7seven779: raises $3 to $6
PbIbak: calls $3
*** FLOP *** [Td 8h 2h]
PbIbak: checks
7seven779: bets $3
PbIbak: calls $3
*** TURN *** [Td 8h 2h] [Kc]
PbIbak: checks
7seven779: checks
*** RIVER *** [Td 8h 2h Kc] [Qs]
PbIbak: bets $6
7seven779: raises $6 to $12
PbIbak: calls $6
*** SHOW DOWN ***
7seven779: shows [Qh 2d] (two pair, Queens and Deuces)
PbIbak: mucks hand
7seven779 collected $41.50 from pot
*** SUMMARY ***
Total pot $42 | Rake $0.50
Board [Td 8h 2h Kc Qs]
Seat 1: PbIbak (big blind) mucked
Seat 2: 7seven779 (button) (small blind) showed [Qh 2d] and won ($41.50) with two pair, Queens and Deuces


PokerStars Hand #147959765982:  Hold'em Limit ($3/$6 USD) - 2016/01/30 17:34:09 ET
Table 'Rana' 2-max Seat #1 is the button
Seat 1: PbIbak ($96.66 in chips)
Seat 2: 7seven779 ($147.96 in chips)
PbIbak: posts small blind $1
7seven779: posts big blind $3
*** HOLE CARDS ***
PbIbak: raises $3 to $6
7seven779: calls $3
*** FLOP *** [2c 5s Ac]
7seven779: checks
PbIbak: bets $3
7seven779: calls $3
*** TURN *** [2c 5s Ac] [4d]
7seven779: checks
PbIbak: bets $6
7seven779: folds
Uncalled bet ($6) returned to PbIbak
PbIbak collected $17.64 from pot
PbIbak: doesn't show hand
*** SUMMARY ***
Total pot $18 | Rake $0.36
Board [2c 5s Ac 4d]
Seat 1: PbIbak (button) (small blind) collected ($17.64)
Seat 2: 7seven779 (big blind) folded on the Turn


PokerStars Hand #147959780169:  Hold'em Limit ($3/$6 USD) - 2016/01/30 17:34:21 ET
Table 'Rana' 2-max Seat #2 is the button
Seat 1: PbIbak ($105.30 in chips)
Seat 2: 7seven779 ($138.96 in chips)
7seven779: posts small blind $1
PbIbak: posts big blind $3
*** HOLE CARDS ***
7seven779: raises $3 to $6
PbIbak: calls $3
*** FLOP *** [4h Ac Kh]
PbIbak: checks
7seven779: bets $3
PbIbak: calls $3
*** TURN *** [4h Ac Kh] [3c]
PbIbak: checks
7seven779: bets $6
PbIbak: folds
Uncalled bet ($6) returned to 7seven779
7seven779 collected $17.64 from pot
7seven779: doesn't show hand
*** SUMMARY ***
Total pot $18 | Rake $0.36
Board [4h Ac Kh 3c]
Seat 1: PbIbak (big blind) folded on the Turn
Seat 2: 7seven779 (button) (small blind) collected ($17.64)


PokerStars Hand #147959834744:  Hold'em Limit ($3/$6 USD) - 2016/01/30 17:35:09 ET
Table 'Rana' 2-max Seat #1 is the button
Seat 1: PbIbak ($90.94 in chips)
Seat 2: 7seven779 ($152 in chips)
PbIbak: posts small blind $1
7seven779: posts big blind $3
*** HOLE CARDS ***
PbIbak: raises $3 to $6
7seven779: calls $3
*** FLOP *** [8d 4s Qc]
7seven779: checks
PbIbak: bets $3
7seven779: calls $3
*** TURN *** [8d 4s Qc] [2c]
7seven779: checks
PbIbak: bets $6
7seven779: calls $6
*** RIVER *** [8d 4s Qc 2c] [7s]
7seven779: checks
PbIbak: checks
*** SHOW DOWN ***
7seven779: shows [4h 3s] (a pair of Fours)
PbIbak: mucks hand
7seven779 collected $29.50 from pot
*** SUMMARY ***
Total pot $30 | Rake $0.50
Board [8d 4s Qc 2c 7s]
Seat 1: PbIbak (button) (small blind) mucked
Seat 2: 7seven779 (big blind) showed [4h 3s] and won ($29.50) with a pair of Fours


PokerStars Hand #147959812972:  Hold'em Limit ($3/$6 USD) - 2016/01/30 17:34:50 ET
Table 'Rana' 2-max Seat #1 is the button
Seat 1: PbIbak ($88.30 in chips)
Seat 2: 7seven779 ($155.24 in chips)
PbIbak: posts small blind $1
7seven779: posts big blind $3
*** HOLE CARDS ***
PbIbak: raises $3 to $6
7seven779: calls $3
*** FLOP *** [Td 4c Th]
7seven779: checks
PbIbak: bets $3
7seven779: calls $3
*** TURN *** [Td 4c Th] [3c]
7seven779: checks
PbIbak: bets $6
7seven779: folds
Uncalled bet ($6) returned to PbIbak
PbIbak collected $17.64 from pot
PbIbak: doesn't show hand
*** SUMMARY ***
Total pot $18 | Rake $0.36
Board [Td 4c Th 3c]
Seat 1: PbIbak (button) (small blind) collected ($17.64)
Seat 2: 7seven779 (big blind) folded on the Turn


PokerStars Hand #147959825885:  Hold'em Limit ($3/$6 USD) - 2016/01/30 17:35:01 ET
Table 'Rana' 2-max Seat #2 is the button
Seat 1: PbIbak ($96.94 in chips)
Seat 2: 7seven779 ($146.24 in chips)
7seven779: posts small blind $1
PbIbak: posts big blind $3
*** HOLE CARDS ***
7seven779: raises $3 to $6
PbIbak: calls $3
*** FLOP *** [6s Td Qs]
PbIbak: checks
7seven779: bets $3
PbIbak: folds
Uncalled bet ($3) returned to 7seven779
7seven779 collected $11.76 from pot
7seven779: doesn't show hand
*** SUMMARY ***
Total pot $12 | Rake $0.24
Board [6s Td Qs]
Seat 1: PbIbak (big blind) folded on the Flop
Seat 2: 7seven779 (button) (small blind) collected ($11.76)


PokerStars Hand #147959807998:  Hold'em Limit ($3/$6 USD) - 2016/01/30 17:34:46 ET
Table 'Rana' 2-max Seat #2 is the button
Seat 1: PbIbak ($87.30 in chips)
Seat 2: 7seven779 ($156.24 in chips)
7seven779: posts small blind $1
PbIbak: posts big blind $3
*** HOLE CARDS ***
7seven779: folds
Uncalled bet ($2) returned to PbIbak
PbIbak collected $2 from pot
PbIbak: doesn't show hand
*** SUMMARY ***
Total pot $2 | Rake $0
Seat 1: PbIbak (big blind) collected ($2)
Seat 2: 7seven779 (button) (small blind) folded before Flop


PokerStars Hand #147959850175:  Hold'em Limit ($3/$6 USD) - 2016/01/30 17:35:22 ET
Table 'Rana' 2-max Seat #2 is the button
Seat 1: PbIbak ($75.94 in chips)
Seat 2: 7seven779 ($166.50 in chips)
7seven779: posts small blind $1
PbIbak: posts big blind $3
*** HOLE CARDS ***
7seven779: raises $3 to $6
PbIbak: calls $3
*** FLOP *** [Ad 2h Th]
PbIbak: checks
7seven779: bets $3
PbIbak: calls $3
*** TURN *** [Ad 2h Th] [7d]
PbIbak: checks
7seven779: bets $6
PbIbak: calls $6
*** RIVER *** [Ad 2h Th 7d] [6d]
PbIbak: checks
7seven779: checks
*** SHOW DOWN ***
PbIbak: shows [8h Kd] (high card Ace)
7seven779: shows [8c 6h] (a pair of Sixes)
7seven779 collected $29.50 from pot
*** SUMMARY ***
Total pot $30 | Rake $0.50
Board [Ad 2h Th 7d 6d]
Seat 1: PbIbak (big blind) showed [8h Kd] and lost with high card Ace
Seat 2: 7seven779 (button) (small blind) showed [8c 6h] and won ($29.50) with a pair of Sixes


PokerStars Hand #147959892901:  Hold'em Limit ($3/$6 USD) - 2016/01/30 17:36:00 ET
Table 'Rana' 2-max Seat #1 is the button
Seat 1: PbIbak ($54.44 in chips)
Seat 2: 7seven779 ($186.50 in chips)
PbIbak: posts small blind $1
7seven779: posts big blind $3
*** HOLE CARDS ***
PbIbak: raises $3 to $6
7seven779: raises $3 to $9
PbIbak: calls $3
*** FLOP *** [Ts 4c 6h]
7seven779: bets $3
PbIbak: calls $3
*** TURN *** [Ts 4c 6h] [Js]
7seven779: bets $6
PbIbak: calls $6
*** RIVER *** [Ts 4c 6h Js] [7s]
7seven779: bets $6
PbIbak: folds
Uncalled bet ($6) returned to 7seven779
7seven779 collected $35.50 from pot
7seven779: doesn't show hand
*** SUMMARY ***
Total pot $36 | Rake $0.50
Board [Ts 4c 6h Js 7s]
Seat 1: PbIbak (button) (small blind) folded on the River
Seat 2: 7seven779 (big blind) collected ($35.50)


PokerStars Hand #147959864392:  Hold'em Limit ($3/$6 USD) - 2016/01/30 17:35:35 ET
Table 'Rana' 2-max Seat #1 is the button
Seat 1: PbIbak ($60.94 in chips)
Seat 2: 7seven779 ($181 in chips)
PbIbak: posts small blind $1
7seven779: posts big blind $3
*** HOLE CARDS ***
PbIbak: raises $3 to $6
7seven779: raises $3 to $9
PbIbak: calls $3
*** FLOP *** [5d 6d Ts]
7seven779: bets $3
PbIbak: calls $3
*** TURN *** [5d 6d Ts] [8s]
7seven779: bets $6
PbIbak: calls $6
*** RIVER *** [5d 6d Ts 8s] [Kc]
7seven779: bets $6
PbIbak: calls $6
*** SHOW DOWN ***
7seven779: shows [9c 9h] (a pair of Nines)
PbIbak: mucks hand
7seven779 collected $47.50 from pot
*** SUMMARY ***
Total pot $48 | Rake $0.50
Board [5d 6d Ts 8s Kc]
Seat 1: PbIbak (button) (small blind) mucked
Seat 2: 7seven779 (big blind) showed [9c 9h] and won ($47.50) with a pair of Nines


PokerStars Hand #147959879360:  Hold'em Limit ($3/$6 USD) - 2016/01/30 17:35:48 ET
Table 'Rana' 2-max Seat #2 is the button
Seat 1: PbIbak ($36.94 in chips)
Seat 2: 7seven779 ($204.50 in chips)
7seven779: posts small blind $1
PbIbak: posts big blind $3
*** HOLE CARDS ***
7seven779: raises $3 to $6
PbIbak: raises $3 to $9
7seven779: calls $3
*** FLOP *** [5c Jc 3h]
PbIbak: bets $3
7seven779: calls $3
*** TURN *** [5c Jc 3h] [6h]
PbIbak: bets $6
7seven779: calls $6
*** RIVER *** [5c Jc 3h 6h] [6d]
PbIbak: bets $6
7seven779: folds
Uncalled bet ($6) returned to PbIbak
PbIbak collected $35.50 from pot
PbIbak: doesn't show hand
*** SUMMARY ***
Total pot $36 | Rake $0.50
Board [5c Jc 3h 6h 6d]
Seat 1: PbIbak (big blind) collected ($35.50)
Seat 2: 7seven779 (button) (small blind) folded on the River


PokerStars Hand #147959921774:  Hold'em Limit ($3/$6 USD) - 2016/01/30 17:36:26 ET
Table 'Rana' 2-max Seat #2 is the button
Seat 1: PbIbak ($43.20 in chips)
Seat 2: 7seven779 ($197 in chips)
7seven779: posts small blind $1
PbIbak: posts big blind $3
*** HOLE CARDS ***
7seven779: folds
Uncalled bet ($2) returned to PbIbak
PbIbak collected $2 from pot
PbIbak: doesn't show hand
*** SUMMARY ***
Total pot $2 | Rake $0
Seat 1: PbIbak (big blind) collected ($2)
Seat 2: 7seven779 (button) (small blind) folded before Flop


PokerStars Hand #147959927073:  Hold'em Limit ($3/$6 USD) - 2016/01/30 17:36:31 ET
Table 'Rana' 2-max Seat #1 is the button
Seat 1: PbIbak ($44.20 in chips)
Seat 2: 7seven779 ($196 in chips)
PbIbak: posts small blind $1
7seven779: posts big blind $3
*** HOLE CARDS ***
PbIbak: raises $3 to $6
7seven779: calls $3
*** FLOP *** [9d Qs 8s]
7seven779: checks
PbIbak: checks
*** TURN *** [9d Qs 8s] [6d]
7seven779: bets $6
PbIbak: raises $6 to $12
7seven779: calls $6
*** RIVER *** [9d Qs 8s 6d] [5d]
7seven779: bets $6
PbIbak: calls $6
*** SHOW DOWN ***
7seven779: shows [Ts 3d] (high card Queen)
PbIbak: shows [7h 8d] (a straight, Five to Nine)
PbIbak collected $47.50 from pot
*** SUMMARY ***
Total pot $48 | Rake $0.50
Board [9d Qs 8s 6d 5d]
Seat 1: PbIbak (button) (small blind) showed [7h 8d] and won ($47.50) with a straight, Five to Nine
Seat 2: 7seven779 (big blind) showed [Ts 3d] and lost with high card Queen


PokerStars Hand #147959912816:  Hold'em Limit ($3/$6 USD) - 2016/01/30 17:36:18 ET
Table 'Rana' 2-max Seat #1 is the button
Seat 1: PbIbak ($37.44 in chips)
Seat 2: 7seven779 ($203 in chips)
PbIbak: posts small blind $1
7seven779: posts big blind $3
*** HOLE CARDS ***
PbIbak: raises $3 to $6
7seven779: calls $3
*** FLOP *** [Js Jh 2c]
7seven779: checks
PbIbak: bets $3
7seven779: folds
Uncalled bet ($3) returned to PbIbak
PbIbak collected $11.76 from pot
PbIbak: doesn't show hand
*** SUMMARY ***
Total pot $12 | Rake $0.24
Board [Js Jh 2c]
Seat 1: PbIbak (button) (small blind) collected ($11.76)
Seat 2: 7seven779 (big blind) folded on the Flop


PokerStars Hand #147959907294:  Hold'em Limit ($3/$6 USD) - 2016/01/30 17:36:13 ET
Table 'Rana' 2-max Seat #2 is the button
Seat 1: PbIbak ($36.44 in chips)
Seat 2: 7seven779 ($204 in chips)
7seven779: posts small blind $1
PbIbak: posts big blind $3
*** HOLE CARDS ***
7seven779: folds
Uncalled bet ($2) returned to PbIbak
PbIbak collected $2 from pot
PbIbak: doesn't show hand
*** SUMMARY ***
Total pot $2 | Rake $0
Seat 1: PbIbak (big blind) collected ($2)
Seat 2: 7seven779 (button) (small blind) folded before Flop


PokerStars Hand #147959999144:  Hold'em Limit ($3/$6 USD) - 2016/01/30 17:37:35 ET
Table 'Rana' 2-max Seat #2 is the button
Seat 1: PbIbak ($44.46 in chips)
Seat 2: 7seven779 ($194 in chips)
7seven779: posts small blind $1
PbIbak: posts big blind $3
*** HOLE CARDS ***
7seven779: raises $3 to $6
PbIbak: folds
Uncalled bet ($3) returned to 7seven779
7seven779 collected $6 from pot
7seven779: doesn't show hand
*** SUMMARY ***
Total pot $6 | Rake $0
Seat 1: PbIbak (big blind) folded before Flop
Seat 2: 7seven779 (button) (small blind) collected ($6)


PokerStars Hand #147959944943:  Hold'em Limit ($3/$6 USD) - 2016/01/30 17:36:46 ET
Table 'Rana' 2-max Seat #2 is the button
Seat 1: PbIbak ($67.70 in chips)
Seat 2: 7seven779 ($172 in chips)
7seven779: posts small blind $1
PbIbak: posts big blind $3
*** HOLE CARDS ***
7seven779: folds
Uncalled bet ($2) returned to PbIbak
PbIbak collected $2 from pot
PbIbak: doesn't show hand
*** SUMMARY ***
Total pot $2 | Rake $0
Seat 1: PbIbak (big blind) collected ($2)
Seat 2: 7seven779 (button) (small blind) folded before Flop


PokerStars Hand #147959960866:  Hold'em Limit ($3/$6 USD) - 2016/01/30 17:37:01 ET
Table 'Rana' 2-max Seat #2 is the button
Seat 1: PbIbak ($74.46 in chips)
Seat 2: 7seven779 ($165 in chips)
7seven779: posts small blind $1
PbIbak: posts big blind $3
*** HOLE CARDS ***
7seven779: folds
Uncalled bet ($2) returned to PbIbak
PbIbak collected $2 from pot
PbIbak: doesn't show hand
*** SUMMARY ***
Total pot $2 | Rake $0
Seat 1: PbIbak (big blind) collected ($2)
Seat 2: 7seven779 (button) (small blind) folded before Flop


PokerStars Hand #147959950171:  Hold'em Limit ($3/$6 USD) - 2016/01/30 17:36:51 ET
Table 'Rana' 2-max Seat #1 is the button
Seat 1: PbIbak ($68.70 in chips)
Seat 2: 7seven779 ($171 in chips)
PbIbak: posts small blind $1
7seven779: posts big blind $3
*** HOLE CARDS ***
PbIbak: raises $3 to $6
7seven779: calls $3
*** FLOP *** [9d 9h Js]
7seven779: checks
PbIbak: bets $3
7seven779: folds
Uncalled bet ($3) returned to PbIbak
PbIbak collected $11.76 from pot
PbIbak: doesn't show hand
*** SUMMARY ***
Total pot $12 | Rake $0.24
Board [9d 9h Js]
Seat 1: PbIbak (button) (small blind) collected ($11.76)
Seat 2: 7seven779 (big blind) folded on the Flop


PokerStars Hand #147959966354:  Hold'em Limit ($3/$6 USD) - 2016/01/30 17:37:06 ET
Table 'Rana' 2-max Seat #1 is the button
Seat 1: PbIbak ($75.46 in chips)
Seat 2: 7seven779 ($164 in chips)
PbIbak: posts small blind $1
7seven779: posts big blind $3
*** HOLE CARDS ***
PbIbak: folds
Uncalled bet ($2) returned to 7seven779
7seven779 collected $2 from pot
7seven779: doesn't show hand
*** SUMMARY ***
Total pot $2 | Rake $0
Seat 1: PbIbak (button) (small blind) folded before Flop
Seat 2: 7seven779 (big blind) collected ($2)


PokerStars Hand #147959983942:  Hold'em Limit ($3/$6 USD) - 2016/01/30 17:37:21 ET
Table 'Rana' 2-max Seat #1 is the button
Seat 1: PbIbak ($59.46 in chips)
Seat 2: 7seven779 ($179.50 in chips)
PbIbak: posts small blind $1
7seven779: posts big blind $3
*** HOLE CARDS ***
PbIbak: raises $3 to $6
7seven779: calls $3
*** FLOP *** [8c 8h 4c]
7seven779: checks
PbIbak: bets $3
7seven779: calls $3
*** TURN *** [8c 8h 4c] [3s]
7seven779: checks
PbIbak: bets $6
7seven779: calls $6
*** RIVER *** [8c 8h 4c 3s] [4s]
7seven779: bets $6
PbIbak: folds
Uncalled bet ($6) returned to 7seven779
7seven779 collected $29.50 from pot
7seven779: doesn't show hand
*** SUMMARY ***
Total pot $30 | Rake $0.50
Board [8c 8h 4c 3s 4s]
Seat 1: PbIbak (button) (small blind) folded on the River
Seat 2: 7seven779 (big blind) collected ($29.50)


PokerStars Hand #147959970956:  Hold'em Limit ($3/$6 USD) - 2016/01/30 17:37:10 ET
Table 'Rana' 2-max Seat #2 is the button
Seat 1: PbIbak ($74.46 in chips)
Seat 2: 7seven779 ($165 in chips)
7seven779: posts small blind $1
PbIbak: posts big blind $3
*** HOLE CARDS ***
7seven779: raises $3 to $6
PbIbak: calls $3
*** FLOP *** [2c 7c 2s]
PbIbak: checks
7seven779: bets $3
PbIbak: calls $3
*** TURN *** [2c 7c 2s] [9s]
PbIbak: checks
7seven779: checks
*** RIVER *** [2c 7c 2s 9s] [3d]
PbIbak: bets $6
7seven779: calls $6
*** SHOW DOWN ***
PbIbak: shows [Jh 8s] (a pair of Deuces)
7seven779: shows [4s Ad] (a pair of Deuces - Ace kicker)
7seven779 collected $29.50 from pot
*** SUMMARY ***
Total pot $30 | Rake $0.50
Board [2c 7c 2s 9s 3d]
Seat 1: PbIbak (big blind) showed [Jh 8s] and lost with a pair of Deuces
Seat 2: 7seven779 (button) (small blind) showed [4s Ad] and won ($29.50) with a pair of Deuces


PokerStars Hand #147960004580:  Hold'em Limit ($3/$6 USD) - 2016/01/30 17:37:40 ET
Table 'Rana' 2-max Seat #1 is the button
Seat 1: PbIbak ($41.46 in chips)
Seat 2: 7seven779 ($197 in chips)
PbIbak: posts small blind $1
7seven779: posts big blind $3
*** HOLE CARDS ***
PbIbak: raises $3 to $6
7seven779: calls $3
*** FLOP *** [5h 7s 8c]
7seven779: checks
PbIbak: bets $3
7seven779: calls $3
*** TURN *** [5h 7s 8c] [Tc]
7seven779: checks
PbIbak: bets $6
7seven779: calls $6
*** RIVER *** [5h 7s 8c Tc] [Kh]
7seven779: checks
PbIbak: bets $6
7seven779: calls $6
*** SHOW DOWN ***
PbIbak: shows [Td Ts] (three of a kind, Tens)
7seven779: mucks hand
PbIbak collected $41.50 from pot
*** SUMMARY ***
Total pot $42 | Rake $0.50
Board [5h 7s 8c Tc Kh]
Seat 1: PbIbak (button) (small blind) showed [Td Ts] and won ($41.50) with three of a kind, Tens
Seat 2: 7seven779 (big blind) mucked


PokerStars Hand #147960038374:  Hold'em Limit ($3/$6 USD) - 2016/01/30 17:38:10 ET
Table 'Rana' 2-max Seat #2 is the button
Seat 1: PbIbak ($61.96 in chips)
Seat 2: 7seven779 ($176 in chips)
7seven779: posts small blind $1
PbIbak: posts big blind $3
*** HOLE CARDS ***
7seven779: raises $3 to $6
PbIbak: calls $3
*** FLOP *** [Ah Qd 8d]
PbIbak: checks
7seven779: bets $3
PbIbak: raises $3 to $6
7seven779: calls $3
*** TURN *** [Ah Qd 8d] [4d]
PbIbak: bets $6
7seven779: calls $6
*** RIVER *** [Ah Qd 8d 4d] [2d]
PbIbak: checks
7seven779: bets $6
PbIbak: calls $6
*** SHOW DOWN ***
7seven779: shows [7d 5h] (a flush, Queen high)
PbIbak: mucks hand
7seven779 collected $47.50 from pot
*** SUMMARY ***
Total pot $48 | Rake $0.50
Board [Ah Qd 8d 4d 2d]
Seat 1: PbIbak (big blind) mucked
Seat 2: 7seven779 (button) (small blind) showed [7d 5h] and won ($47.50) with a flush, Queen high


