PokerStars Hand #154218479407:  Hold'em Limit ($3/$6 USD) - 2016/06/03 2:48:18 ET
Table 'Raphaela' 6-max Seat #1 is the button
Seat 1: manly70 ($72.51 in chips)
Seat 4: VolkovDmitri ($120 in chips)
manly70: posts small blind $1
VolkovDmitri: posts big blind $3
*** HOLE CARDS ***
manly70: calls $2
VolkovDmitri: raises $3 to $6
manly70: calls $3
*** FLOP *** [5c 2c 6h]
VolkovDmitri: bets $3
manly70: calls $3
*** TURN *** [5c 2c 6h] [Qs]
VolkovDmitri: bets $6
manly70: calls $6
*** RIVER *** [5c 2c 6h Qs] [4d]
VolkovDmitri: bets $6
manly70: raises $6 to $12
VolkovDmitri: calls $6
*** SHOW DOWN ***
manly70: shows [3h Qh] (a straight, Deuce to Six)
VolkovDmitri: shows [2d 3d] (a straight, Deuce to Six)
VolkovDmitri collected $26.75 from pot
manly70 collected $26.75 from pot
*** SUMMARY ***
Total pot $54 | Rake $0.50
Board [5c 2c 6h Qs 4d]
Seat 1: manly70 (button) (small blind) showed [3h Qh] and won ($26.75) with a straight, Deuce to Six
Seat 4: VolkovDmitri (big blind) showed [2d 3d] and won ($26.75) with a straight, Deuce to Six


PokerStars Hand #154218489884:  Hold'em Limit ($3/$6 USD) - 2016/06/03 2:48:58 ET
Table 'Raphaela' 6-max Seat #4 is the button
Seat 1: manly70 ($72.26 in chips)
Seat 4: VolkovDmitri ($120 in chips)
VolkovDmitri: posts small blind $1
manly70: posts big blind $3
*** HOLE CARDS ***
VolkovDmitri: raises $3 to $6
manly70: calls $3
*** FLOP *** [Qd 2s Kc]
manly70: checks
VolkovDmitri: bets $3
manly70: folds
Uncalled bet ($3) returned to VolkovDmitri
VolkovDmitri collected $11.76 from pot
VolkovDmitri: doesn't show hand
*** SUMMARY ***
Total pot $12 | Rake $0.24
Board [Qd 2s Kc]
Seat 1: manly70 (big blind) folded on the Flop
Seat 4: VolkovDmitri (button) (small blind) collected ($11.76)


PokerStars Hand #154218495332:  Hold'em Limit ($3/$6 USD) - 2016/06/03 2:49:18 ET
Table 'Raphaela' 6-max Seat #1 is the button
Seat 1: manly70 ($66.26 in chips)
Seat 4: VolkovDmitri ($125.76 in chips)
manly70: posts small blind $1
VolkovDmitri: posts big blind $3
*** HOLE CARDS ***
manly70: raises $3 to $6
VolkovDmitri: calls $3
*** FLOP *** [Ac 6c Ah]
VolkovDmitri: checks
manly70: bets $3
VolkovDmitri: raises $3 to $6
manly70: calls $3
*** TURN *** [Ac 6c Ah] [Tc]
VolkovDmitri: checks
manly70: checks
*** RIVER *** [Ac 6c Ah Tc] [Ad]
VolkovDmitri: bets $6
manly70: calls $6
*** SHOW DOWN ***
VolkovDmitri: shows [Kc 6h] (a full house, Aces full of Sixes)
manly70: mucks hand
VolkovDmitri collected $35.50 from pot
*** SUMMARY ***
Total pot $36 | Rake $0.50
Board [Ac 6c Ah Tc Ad]
Seat 1: manly70 (button) (small blind) mucked
Seat 4: VolkovDmitri (big blind) showed [Kc 6h] and won ($35.50) with a full house, Aces full of Sixes


PokerStars Hand #154218506530:  Hold'em Limit ($3/$6 USD) - 2016/06/03 2:50:01 ET
Table 'Raphaela' 6-max Seat #4 is the button
Seat 1: manly70 ($48.26 in chips)
Seat 4: VolkovDmitri ($143.26 in chips)
VolkovDmitri: posts small blind $1
manly70: posts big blind $3
*** HOLE CARDS ***
VolkovDmitri: raises $3 to $6
manly70: calls $3
*** FLOP *** [6h Qd 7h]
manly70: checks
VolkovDmitri: bets $3
manly70: calls $3
*** TURN *** [6h Qd 7h] [Tc]
manly70: checks
VolkovDmitri: bets $6
manly70: calls $6
*** RIVER *** [6h Qd 7h Tc] [8c]
fiddler92 joins the table at seat #3
manly70: checks
JoeBlack1982 joins the table at seat #5
VolkovDmitri: bets $6
manly70: calls $6
*** SHOW DOWN ***
VolkovDmitri: shows [9c Qc] (a straight, Six to Ten)
manly70: mucks hand
VolkovDmitri collected $41.50 from pot
*** SUMMARY ***
Total pot $42 | Rake $0.50
Board [6h Qd 7h Tc 8c]
Seat 1: manly70 (big blind) mucked
Seat 4: VolkovDmitri (button) (small blind) showed [9c Qc] and won ($41.50) with a straight, Six to Ten


PokerStars Hand #154219827571:  Hold'em Limit ($3/$6 USD) - 2016/06/03 4:06:25 ET
Table 'Raphaela' 6-max Seat #5 is the button
Seat 2: Ag3r0n ($102.78 in chips)
Seat 5: SneakyMastr ($305.83 in chips)
SneakyMastr: posts small blind $1
Ag3r0n: posts big blind $3
*** HOLE CARDS ***
manly70 leaves the table
SneakyMastr: folds
Uncalled bet ($2) returned to Ag3r0n
Ag3r0n collected $2 from pot
*** SUMMARY ***
Total pot $2 | Rake $0
Seat 2: Ag3r0n (big blind) collected ($2)
Seat 5: SneakyMastr (button) (small blind) folded before Flop


