PokerStars Hand #165499480707:  Hold'em Limit ($3/$6 USD) - 2017/02/01 6:04:16 ET
Table 'Rarahu' 6-max Seat #3 is the button
Seat 3: laubes04 ($120 in chips)
Seat 4: VolkovDmitri ($120 in chips)
laubes04: posts small blind $1
VolkovDmitri: posts big blind $3
*** HOLE CARDS ***
laubes04: raises $3 to $6
VolkovDmitri: calls $3
*** FLOP *** [Ac Ts 6d]
VolkovDmitri: bets $3
laubes04: calls $3
*** TURN *** [Ac Ts 6d] [Kd]
VolkovDmitri: checks
laubes04: bets $6
VolkovDmitri: calls $6
*** RIVER *** [Ac Ts 6d Kd] [Ah]
VolkovDmitri: checks
laubes04: checks
*** SHOW DOWN ***
VolkovDmitri: shows [6h Qh] (two pair, Aces and Sixes)
laubes04: mucks hand
VolkovDmitri collected $29.50 from pot
*** SUMMARY ***
Total pot $30 | Rake $0.50
Board [Ac Ts 6d Kd Ah]
Seat 3: laubes04 (button) (small blind) mucked
Seat 4: VolkovDmitri (big blind) showed [6h Qh] and won ($29.50) with two pair, Aces and Sixes


PokerStars Hand #165499499691:  Hold'em Limit ($3/$6 USD) - 2017/02/01 6:04:58 ET
Table 'Rarahu' 6-max Seat #4 is the button
Seat 3: laubes04 ($105 in chips)
Seat 4: VolkovDmitri ($134.50 in chips)
VolkovDmitri: posts small blind $1
laubes04: posts big blind $3
*** HOLE CARDS ***
VolkovDmitri: raises $3 to $6
laubes04: calls $3
*** FLOP *** [9d 7s 4h]
laubes04: checks
VolkovDmitri: bets $3
laubes04: raises $3 to $6
VolkovDmitri: raises $3 to $9
laubes04: calls $3
*** TURN *** [9d 7s 4h] [3c]
laubes04: checks
VolkovDmitri: bets $6
laubes04: calls $6
*** RIVER *** [9d 7s 4h 3c] [7h]
laubes04: checks
VolkovDmitri: bets $6
laubes04: folds
Uncalled bet ($6) returned to VolkovDmitri
VolkovDmitri collected $41.50 from pot
VolkovDmitri: doesn't show hand
*** SUMMARY ***
Total pot $42 | Rake $0.50
Board [9d 7s 4h 3c 7h]
Seat 3: laubes04 (big blind) folded on the River
Seat 4: VolkovDmitri (button) (small blind) collected ($41.50)


PokerStars Hand #165499514518:  Hold'em Limit ($3/$6 USD) - 2017/02/01 6:05:31 ET
Table 'Rarahu' 6-max Seat #3 is the button
Seat 3: laubes04 ($84 in chips)
Seat 4: VolkovDmitri ($155 in chips)
laubes04: posts small blind $1
VolkovDmitri: posts big blind $3
*** HOLE CARDS ***
laubes04: raises $3 to $6
VolkovDmitri: raises $3 to $9
laubes04: calls $3
*** FLOP *** [Kc 8d Js]
VolkovDmitri: bets $3
laubes04: calls $3
*** TURN *** [Kc 8d Js] [Kh]
VolkovDmitri: bets $6
laubes04: calls $6
*** RIVER *** [Kc 8d Js Kh] [6s]
VolkovDmitri: bets $6
laubes04: folds
Uncalled bet ($6) returned to VolkovDmitri
VolkovDmitri collected $35.50 from pot
VolkovDmitri: doesn't show hand
*** SUMMARY ***
Total pot $36 | Rake $0.50
Board [Kc 8d Js Kh 6s]
Seat 3: laubes04 (button) (small blind) folded on the River
Seat 4: VolkovDmitri (big blind) collected ($35.50)


PokerStars Hand #165499529928:  Hold'em Limit ($3/$6 USD) - 2017/02/01 6:06:05 ET
Table 'Rarahu' 6-max Seat #4 is the button
Seat 3: laubes04 ($66 in chips)
Seat 4: VolkovDmitri ($172.50 in chips)
VolkovDmitri: posts small blind $1
laubes04: posts big blind $3
*** HOLE CARDS ***
VolkovDmitri: raises $3 to $6
laubes04: raises $3 to $9
VolkovDmitri: calls $3
*** FLOP *** [2d As Kd]
laubes04: bets $3
VolkovDmitri: folds
Uncalled bet ($3) returned to laubes04
laubes04 collected $17.64 from pot
laubes04: doesn't show hand
*** SUMMARY ***
Total pot $18 | Rake $0.36
Board [2d As Kd]
Seat 3: laubes04 (big blind) collected ($17.64)
Seat 4: VolkovDmitri (button) (small blind) folded on the Flop


PokerStars Hand #165499539613:  Hold'em Limit ($3/$6 USD) - 2017/02/01 6:06:26 ET
Table 'Rarahu' 6-max Seat #3 is the button
Seat 3: laubes04 ($74.64 in chips)
Seat 4: VolkovDmitri ($163.50 in chips)
laubes04: posts small blind $1
VolkovDmitri: posts big blind $3
*** HOLE CARDS ***
laubes04: raises $3 to $6
VolkovDmitri: raises $3 to $9
laubes04: calls $3
*** FLOP *** [Tc 2h 3s]
VolkovDmitri: bets $3
laubes04: raises $3 to $6
VolkovDmitri: calls $3
*** TURN *** [Tc 2h 3s] [9h]
VolkovDmitri: checks
laubes04: bets $6
VolkovDmitri: calls $6
*** RIVER *** [Tc 2h 3s 9h] [8c]
VolkovDmitri: checks
laubes04: bets $6
VolkovDmitri: calls $6
*** SHOW DOWN ***
laubes04: shows [8h 3c] (two pair, Eights and Threes)
VolkovDmitri: mucks hand
laubes04 collected $53.50 from pot
*** SUMMARY ***
Total pot $54 | Rake $0.50
Board [Tc 2h 3s 9h 8c]
Seat 3: laubes04 (button) (small blind) showed [8h 3c] and won ($53.50) with two pair, Eights and Threes
Seat 4: VolkovDmitri (big blind) mucked


PokerStars Hand #165499574347:  Hold'em Limit ($3/$6 USD) - 2017/02/01 6:07:42 ET
Table 'Rarahu' 6-max Seat #3 is the button
Seat 3: laubes04 ($92.14 in chips)
Seat 4: VolkovDmitri ($145.14 in chips)
laubes04: posts small blind $1
VolkovDmitri: posts big blind $3
*** HOLE CARDS ***
laubes04: raises $3 to $6
VolkovDmitri: calls $3
*** FLOP *** [3s 3c Td]
VolkovDmitri: checks
laubes04: bets $3
VolkovDmitri: folds
Uncalled bet ($3) returned to laubes04
laubes04 collected $11.76 from pot
laubes04: doesn't show hand
*** SUMMARY ***
Total pot $12 | Rake $0.24
Board [3s 3c Td]
Seat 3: laubes04 (button) (small blind) collected ($11.76)
Seat 4: VolkovDmitri (big blind) folded on the Flop


PokerStars Hand #165499558024:  Hold'em Limit ($3/$6 USD) - 2017/02/01 6:07:06 ET
Table 'Rarahu' 6-max Seat #4 is the button
Seat 3: laubes04 ($101.14 in chips)
Seat 4: VolkovDmitri ($136.50 in chips)
VolkovDmitri: posts small blind $1
laubes04: posts big blind $3
*** HOLE CARDS ***
VolkovDmitri: raises $3 to $6
laubes04: calls $3
*** FLOP *** [Jc Jd 2h]
laubes04: checks
VolkovDmitri: bets $3
laubes04: calls $3
*** TURN *** [Jc Jd 2h] [Qc]
laubes04: checks
VolkovDmitri: checks
*** RIVER *** [Jc Jd 2h Qc] [6d]
laubes04: checks
VolkovDmitri: bets $6
laubes04: folds
Uncalled bet ($6) returned to VolkovDmitri
VolkovDmitri collected $17.64 from pot
VolkovDmitri: doesn't show hand
*** SUMMARY ***
Total pot $18 | Rake $0.36
Board [Jc Jd 2h Qc 6d]
Seat 3: laubes04 (big blind) folded on the River
Seat 4: VolkovDmitri (button) (small blind) collected ($17.64)


PokerStars Hand #165499611689:  Hold'em Limit ($3/$6 USD) - 2017/02/01 6:09:04 ET
Table 'Rarahu' 6-max Seat #4 is the button
Seat 3: laubes04 ($126.90 in chips)
Seat 4: VolkovDmitri ($120 in chips)
VolkovDmitri: posts small blind $1
laubes04: posts big blind $3
*** HOLE CARDS ***
VolkovDmitri: folds
Uncalled bet ($2) returned to laubes04
laubes04 collected $2 from pot
laubes04: doesn't show hand
*** SUMMARY ***
Total pot $2 | Rake $0
Seat 3: laubes04 (big blind) collected ($2)
Seat 4: VolkovDmitri (button) (small blind) folded before Flop


PokerStars Hand #165499600298:  Hold'em Limit ($3/$6 USD) - 2017/02/01 6:08:38 ET
Table 'Rarahu' 6-max Seat #3 is the button
Seat 3: laubes04 ($112.40 in chips)
Seat 4: VolkovDmitri ($124.14 in chips)
laubes04: posts small blind $1
VolkovDmitri: posts big blind $3
*** HOLE CARDS ***
laubes04: raises $3 to $6
VolkovDmitri: calls $3
*** FLOP *** [3s 7c Ac]
VolkovDmitri: checks
laubes04: bets $3
VolkovDmitri: calls $3
*** TURN *** [3s 7c Ac] [3c]
VolkovDmitri: checks
laubes04: checks
*** RIVER *** [3s 7c Ac 3c] [8c]
VolkovDmitri: bets $6
laubes04: calls $6
*** SHOW DOWN ***
VolkovDmitri: shows [5s Qh] (a pair of Threes)
laubes04: shows [9d 4c] (a flush, Ace high)
laubes04 collected $29.50 from pot
*** SUMMARY ***
Total pot $30 | Rake $0.50
Board [3s 7c Ac 3c 8c]
Seat 3: laubes04 (button) (small blind) showed [9d 4c] and won ($29.50) with a flush, Ace high
Seat 4: VolkovDmitri (big blind) showed [5s Qh] and lost with a pair of Threes


PokerStars Hand #165499585148:  Hold'em Limit ($3/$6 USD) - 2017/02/01 6:08:05 ET
Table 'Rarahu' 6-max Seat #4 is the button
Seat 3: laubes04 ($97.90 in chips)
Seat 4: VolkovDmitri ($139.14 in chips)
VolkovDmitri: posts small blind $1
laubes04: posts big blind $3
*** HOLE CARDS ***
VolkovDmitri: raises $3 to $6
laubes04: calls $3
*** FLOP *** [6h Ts Jc]
laubes04: checks
VolkovDmitri: bets $3
laubes04: calls $3
*** TURN *** [6h Ts Jc] [3s]
laubes04: checks
VolkovDmitri: checks
*** RIVER *** [6h Ts Jc 3s] [8h]
laubes04: bets $6
VolkovDmitri: calls $6
*** SHOW DOWN ***
laubes04: shows [Td 5s] (a pair of Tens)
VolkovDmitri: mucks hand
laubes04 collected $29.50 from pot
*** SUMMARY ***
Total pot $30 | Rake $0.50
Board [6h Ts Jc 3s 8h]
Seat 3: laubes04 (big blind) showed [Td 5s] and won ($29.50) with a pair of Tens
Seat 4: VolkovDmitri (button) (small blind) mucked


PokerStars Hand #165499626055:  Hold'em Limit ($3/$6 USD) - 2017/02/01 6:09:35 ET
Table 'Rarahu' 6-max Seat #4 is the button
Seat 3: laubes04 ($115.90 in chips)
Seat 4: VolkovDmitri ($131.52 in chips)
VolkovDmitri: posts small blind $1
laubes04: posts big blind $3
*** HOLE CARDS ***
VolkovDmitri: raises $3 to $6
laubes04: calls $3
*** FLOP *** [8h 3c Qs]
laubes04: checks
VolkovDmitri: bets $3
laubes04: folds
Uncalled bet ($3) returned to VolkovDmitri
VolkovDmitri collected $11.76 from pot
VolkovDmitri: doesn't show hand
*** SUMMARY ***
Total pot $12 | Rake $0.24
Board [8h 3c Qs]
Seat 3: laubes04 (big blind) folded on the Flop
Seat 4: VolkovDmitri (button) (small blind) collected ($11.76)


PokerStars Hand #165499614292:  Hold'em Limit ($3/$6 USD) - 2017/02/01 6:09:09 ET
Table 'Rarahu' 6-max Seat #3 is the button
Seat 3: laubes04 ($127.90 in chips)
Seat 4: VolkovDmitri ($120 in chips)
laubes04: posts small blind $1
VolkovDmitri: posts big blind $3
*** HOLE CARDS ***
laubes04: raises $3 to $6
VolkovDmitri: calls $3
*** FLOP *** [Tc 9d Kh]
VolkovDmitri: checks
laubes04: bets $3
VolkovDmitri: raises $3 to $6
laubes04: calls $3
*** TURN *** [Tc 9d Kh] [8c]
VolkovDmitri: checks
laubes04: checks
*** RIVER *** [Tc 9d Kh 8c] [Qd]
VolkovDmitri: checks
laubes04: checks
*** SHOW DOWN ***
VolkovDmitri: shows [7d 8d] (a pair of Eights)
laubes04: mucks hand
VolkovDmitri collected $23.52 from pot
*** SUMMARY ***
Total pot $24 | Rake $0.48
Board [Tc 9d Kh 8c Qd]
Seat 3: laubes04 (button) (small blind) mucked
Seat 4: VolkovDmitri (big blind) showed [7d 8d] and won ($23.52) with a pair of Eights


PokerStars Hand #165499632102:  Hold'em Limit ($3/$6 USD) - 2017/02/01 6:09:48 ET
Table 'Rarahu' 6-max Seat #3 is the button
Seat 3: laubes04 ($109.90 in chips)
Seat 4: VolkovDmitri ($137.28 in chips)
laubes04: posts small blind $1
VolkovDmitri: posts big blind $3
*** HOLE CARDS ***
laubes04: raises $3 to $6
VolkovDmitri: calls $3
*** FLOP *** [Th 4s 8s]
VolkovDmitri: bets $3
laubes04: calls $3
*** TURN *** [Th 4s 8s] [7h]
VolkovDmitri: bets $6
laubes04: calls $6
*** RIVER *** [Th 4s 8s 7h] [9d]
VolkovDmitri: checks
laubes04: checks
*** SHOW DOWN ***
VolkovDmitri: shows [5c 8d] (a pair of Eights)
laubes04: mucks hand
VolkovDmitri collected $29.50 from pot
*** SUMMARY ***
Total pot $30 | Rake $0.50
Board [Th 4s 8s 7h 9d]
Seat 3: laubes04 (button) (small blind) mucked
Seat 4: VolkovDmitri (big blind) showed [5c 8d] and won ($29.50) with a pair of Eights


PokerStars Hand #165499651326:  Hold'em Limit ($3/$6 USD) - 2017/02/01 6:10:30 ET
Table 'Rarahu' 6-max Seat #4 is the button
Seat 3: laubes04 ($94.90 in chips)
Seat 4: VolkovDmitri ($151.78 in chips)
VolkovDmitri: posts small blind $1
laubes04: posts big blind $3
*** HOLE CARDS ***
VolkovDmitri: raises $3 to $6
laubes04: calls $3
*** FLOP *** [Qs 6h 2h]
laubes04: checks
VolkovDmitri: bets $3
laubes04: calls $3
*** TURN *** [Qs 6h 2h] [6d]
laubes04: checks
VolkovDmitri: bets $6
laubes04: calls $6
*** RIVER *** [Qs 6h 2h 6d] [Kd]
laubes04: checks
VolkovDmitri: bets $6
laubes04: folds
Uncalled bet ($6) returned to VolkovDmitri
VolkovDmitri collected $29.50 from pot
VolkovDmitri: doesn't show hand
*** SUMMARY ***
Total pot $30 | Rake $0.50
Board [Qs 6h 2h 6d Kd]
Seat 3: laubes04 (big blind) folded on the River
Seat 4: VolkovDmitri (button) (small blind) collected ($29.50)


PokerStars Hand #165499671945:  Hold'em Limit ($3/$6 USD) - 2017/02/01 6:11:15 ET
Table 'Rarahu' 6-max Seat #3 is the button
Seat 3: laubes04 ($79.90 in chips)
Seat 4: VolkovDmitri ($166.28 in chips)
laubes04: posts small blind $1
VolkovDmitri: posts big blind $3
*** HOLE CARDS ***
laubes04: folds
Uncalled bet ($2) returned to VolkovDmitri
VolkovDmitri collected $2 from pot
VolkovDmitri: doesn't show hand
*** SUMMARY ***
Total pot $2 | Rake $0
Seat 3: laubes04 (button) (small blind) folded before Flop
Seat 4: VolkovDmitri (big blind) collected ($2)


PokerStars Hand #165499688553:  Hold'em Limit ($3/$6 USD) - 2017/02/01 6:11:51 ET
Table 'Rarahu' 6-max Seat #4 is the button
Seat 3: laubes04 ($92.40 in chips)
Seat 4: VolkovDmitri ($153.28 in chips)
VolkovDmitri: posts small blind $1
laubes04: posts big blind $3
*** HOLE CARDS ***
VolkovDmitri: raises $3 to $6
laubes04: folds
Uncalled bet ($3) returned to VolkovDmitri
VolkovDmitri collected $6 from pot
VolkovDmitri: doesn't show hand
*** SUMMARY ***
Total pot $6 | Rake $0
Seat 3: laubes04 (big blind) folded before Flop
Seat 4: VolkovDmitri (button) (small blind) collected ($6)


PokerStars Hand #165499685813:  Hold'em Limit ($3/$6 USD) - 2017/02/01 6:11:45 ET
Table 'Rarahu' 6-max Seat #3 is the button
Seat 3: laubes04 ($93.40 in chips)
Seat 4: VolkovDmitri ($152.28 in chips)
laubes04: posts small blind $1
VolkovDmitri: posts big blind $3
*** HOLE CARDS ***
laubes04: folds
Uncalled bet ($2) returned to VolkovDmitri
VolkovDmitri collected $2 from pot
VolkovDmitri: doesn't show hand
*** SUMMARY ***
Total pot $2 | Rake $0
Seat 3: laubes04 (button) (small blind) folded before Flop
Seat 4: VolkovDmitri (big blind) collected ($2)


PokerStars Hand #165499674861:  Hold'em Limit ($3/$6 USD) - 2017/02/01 6:11:21 ET
Table 'Rarahu' 6-max Seat #4 is the button
Seat 3: laubes04 ($78.90 in chips)
Seat 4: VolkovDmitri ($167.28 in chips)
VolkovDmitri: posts small blind $1
laubes04: posts big blind $3
*** HOLE CARDS ***
VolkovDmitri: raises $3 to $6
laubes04: calls $3
*** FLOP *** [5h 8s 2h]
laubes04: checks
VolkovDmitri: bets $3
laubes04: calls $3
*** TURN *** [5h 8s 2h] [2s]
laubes04: checks
VolkovDmitri: checks
*** RIVER *** [5h 8s 2h 2s] [3c]
laubes04: bets $6
VolkovDmitri: calls $6
*** SHOW DOWN ***
laubes04: shows [As 5s] (two pair, Fives and Deuces)
VolkovDmitri: mucks hand
laubes04 collected $29.50 from pot
*** SUMMARY ***
Total pot $30 | Rake $0.50
Board [5h 8s 2h 2s 3c]
Seat 3: laubes04 (big blind) showed [As 5s] and won ($29.50) with two pair, Fives and Deuces
Seat 4: VolkovDmitri (button) (small blind) mucked


PokerStars Hand #165499691501:  Hold'em Limit ($3/$6 USD) - 2017/02/01 6:11:58 ET
Table 'Rarahu' 6-max Seat #3 is the button
Seat 3: laubes04 ($89.40 in chips)
Seat 4: VolkovDmitri ($156.28 in chips)
laubes04: posts small blind $1
VolkovDmitri: posts big blind $3
*** HOLE CARDS ***
laubes04: raises $3 to $6
VolkovDmitri: calls $3
*** FLOP *** [9c 8d 3h]
VolkovDmitri: checks
laubes04: bets $3
VolkovDmitri: calls $3
*** TURN *** [9c 8d 3h] [2s]
VolkovDmitri: checks
laubes04: bets $6
VolkovDmitri: calls $6
*** RIVER *** [9c 8d 3h 2s] [2d]
VolkovDmitri: checks
laubes04: bets $6
VolkovDmitri: calls $6
*** SHOW DOWN ***
laubes04: shows [5h 6c] (a pair of Deuces)
VolkovDmitri: shows [Kh 4h] (a pair of Deuces - King kicker)
VolkovDmitri collected $41.50 from pot
*** SUMMARY ***
Total pot $42 | Rake $0.50
Board [9c 8d 3h 2s 2d]
Seat 3: laubes04 (button) (small blind) showed [5h 6c] and lost with a pair of Deuces
Seat 4: VolkovDmitri (big blind) showed [Kh 4h] and won ($41.50) with a pair of Deuces


