PokerStars Hand #159153243593:  Hold'em Limit ($3/$6 USD) - 2016/09/27 6:01:56 ET
Table 'Rarahu' 6-max Seat #6 is the button
Seat 5: VolkovDmitri ($134.47 in chips)
Seat 6: SilaSoNi ($130.52 in chips)
SilaSoNi: posts small blind $1
VolkovDmitri: posts big blind $3
*** HOLE CARDS ***
SilaSoNi: folds
Uncalled bet ($2) returned to VolkovDmitri
VolkovDmitri collected $2 from pot
VolkovDmitri: doesn't show hand
*** SUMMARY ***
Total pot $2 | Rake $0
Seat 5: VolkovDmitri (big blind) collected ($2)
Seat 6: SilaSoNi (button) (small blind) folded before Flop


PokerStars Hand #159153228529:  Hold'em Limit ($3/$6 USD) - 2016/09/27 6:01:14 ET
Table 'Rarahu' 6-max Seat #5 is the button
Seat 5: VolkovDmitri ($146.47 in chips)
Seat 6: SilaSoNi ($119 in chips)
VolkovDmitri: posts small blind $1
SilaSoNi: posts big blind $3
*** HOLE CARDS ***
Katerina1552 leaves the table
VolkovDmitri: raises $3 to $6
SilaSoNi: raises $3 to $9
Ale4o leaves the table
VolkovDmitri: calls $3
*** FLOP *** [Ac 3h 4d]
SilaSoNi: bets $3
VolkovDmitri: calls $3
*** TURN *** [Ac 3h 4d] [6c]
SilaSoNi: checks
VolkovDmitri: checks
*** RIVER *** [Ac 3h 4d 6c] [7c]
SilaSoNi: checks
VolkovDmitri: checks
*** SHOW DOWN ***
SilaSoNi: shows [Kd Ah] (a pair of Aces)
VolkovDmitri: mucks hand
SilaSoNi collected $23.52 from pot
*** SUMMARY ***
Total pot $24 | Rake $0.48
Board [Ac 3h 4d 6c 7c]
Seat 5: VolkovDmitri (button) (small blind) mucked
Seat 6: SilaSoNi (big blind) showed [Kd Ah] and won ($23.52) with a pair of Aces


PokerStars Hand #159153273452:  Hold'em Limit ($3/$6 USD) - 2016/09/27 6:03:15 ET
Table 'Rarahu' 6-max Seat #5 is the button
Seat 5: VolkovDmitri ($120 in chips)
Seat 6: SilaSoNi ($161.52 in chips)
VolkovDmitri: posts small blind $1
SilaSoNi: posts big blind $3
*** HOLE CARDS ***
VolkovDmitri: raises $3 to $6
SilaSoNi: calls $3
*** FLOP *** [6s Ks Ad]
SilaSoNi: checks
VolkovDmitri: bets $3
SilaSoNi: raises $3 to $6
VolkovDmitri: folds
Uncalled bet ($3) returned to SilaSoNi
SilaSoNi collected $17.64 from pot
SilaSoNi: doesn't show hand
*** SUMMARY ***
Total pot $18 | Rake $0.36
Board [6s Ks Ad]
Seat 5: VolkovDmitri (button) (small blind) folded on the Flop
Seat 6: SilaSoNi (big blind) collected ($17.64)


PokerStars Hand #159153258524:  Hold'em Limit ($3/$6 USD) - 2016/09/27 6:02:35 ET
Table 'Rarahu' 6-max Seat #6 is the button
Seat 5: VolkovDmitri ($120 in chips)
Seat 6: SilaSoNi ($147.02 in chips)
SilaSoNi: posts small blind $1
VolkovDmitri: posts big blind $3
*** HOLE CARDS ***
SilaSoNi: raises $3 to $6
VolkovDmitri: calls $3
*** FLOP *** [4d 4c Kd]
VolkovDmitri: checks
SilaSoNi: bets $3
VolkovDmitri: calls $3
*** TURN *** [4d 4c Kd] [4s]
VolkovDmitri: checks
SilaSoNi: bets $6
VolkovDmitri: calls $6
*** RIVER *** [4d 4c Kd 4s] [9d]
VolkovDmitri: checks
SilaSoNi: bets $6
VolkovDmitri: folds
Uncalled bet ($6) returned to SilaSoNi
SilaSoNi collected $29.50 from pot
SilaSoNi: doesn't show hand
*** SUMMARY ***
Total pot $30 | Rake $0.50
Board [4d 4c Kd 4s 9d]
Seat 5: VolkovDmitri (big blind) folded on the River
Seat 6: SilaSoNi (button) (small blind) collected ($29.50)


PokerStars Hand #159153245772:  Hold'em Limit ($3/$6 USD) - 2016/09/27 6:02:02 ET
Table 'Rarahu' 6-max Seat #5 is the button
Seat 5: VolkovDmitri ($135.47 in chips)
Seat 6: SilaSoNi ($129.52 in chips)
VolkovDmitri: posts small blind $1
SilaSoNi: posts big blind $3
*** HOLE CARDS ***
VolkovDmitri: raises $3 to $6
SilaSoNi: calls $3
*** FLOP *** [7h 9h 4s]
SilaSoNi: checks
VolkovDmitri: bets $3
SilaSoNi: raises $3 to $6
VolkovDmitri: calls $3
*** TURN *** [7h 9h 4s] [5d]
SilaSoNi: bets $6
VolkovDmitri: calls $6
*** RIVER *** [7h 9h 4s 5d] [9d]
SilaSoNi: bets $6
VolkovDmitri: folds
Uncalled bet ($6) returned to SilaSoNi
SilaSoNi collected $35.50 from pot
SilaSoNi: doesn't show hand
*** SUMMARY ***
Total pot $36 | Rake $0.50
Board [7h 9h 4s 5d 9d]
Seat 5: VolkovDmitri (button) (small blind) folded on the River
Seat 6: SilaSoNi (big blind) collected ($35.50)


PokerStars Hand #159153279588:  Hold'em Limit ($3/$6 USD) - 2016/09/27 6:03:32 ET
Table 'Rarahu' 6-max Seat #6 is the button
Seat 5: VolkovDmitri ($120 in chips)
Seat 6: SilaSoNi ($170.16 in chips)
SilaSoNi: posts small blind $1
VolkovDmitri: posts big blind $3
*** HOLE CARDS ***
SilaSoNi: raises $3 to $6
VolkovDmitri: calls $3
*** FLOP *** [8h 7d Td]
VolkovDmitri: checks
SilaSoNi: bets $3
VolkovDmitri: calls $3
*** TURN *** [8h 7d Td] [4s]
VolkovDmitri: checks
SilaSoNi: checks
*** RIVER *** [8h 7d Td 4s] [6d]
VolkovDmitri: bets $6
SilaSoNi: calls $6
*** SHOW DOWN ***
VolkovDmitri: shows [Ad 3c] (high card Ace)
SilaSoNi: shows [7c Js] (a pair of Sevens)
SilaSoNi collected $29.50 from pot
*** SUMMARY ***
Total pot $30 | Rake $0.50
Board [8h 7d Td 4s 6d]
Seat 5: VolkovDmitri (big blind) showed [Ad 3c] and lost with high card Ace
Seat 6: SilaSoNi (button) (small blind) showed [7c Js] and won ($29.50) with a pair of Sevens


PokerStars Hand #159153293651:  Hold'em Limit ($3/$6 USD) - 2016/09/27 6:04:09 ET
Table 'Rarahu' 6-max Seat #5 is the button
Seat 5: VolkovDmitri ($120 in chips)
Seat 6: SilaSoNi ($184.66 in chips)
VolkovDmitri: posts small blind $1
SilaSoNi: posts big blind $3
*** HOLE CARDS ***
VolkovDmitri: raises $3 to $6
SilaSoNi: raises $3 to $9
VolkovDmitri: calls $3
*** FLOP *** [Jh Jd 5c]
SilaSoNi: bets $3
VolkovDmitri: folds
Uncalled bet ($3) returned to SilaSoNi
SilaSoNi collected $17.64 from pot
SilaSoNi: doesn't show hand
*** SUMMARY ***
Total pot $18 | Rake $0.36
Board [Jh Jd 5c]
Seat 5: VolkovDmitri (button) (small blind) folded on the Flop
Seat 6: SilaSoNi (big blind) collected ($17.64)


PokerStars Hand #159153304092:  Hold'em Limit ($3/$6 USD) - 2016/09/27 6:04:36 ET
Table 'Rarahu' 6-max Seat #5 is the button
Seat 5: VolkovDmitri ($120 in chips)
Seat 6: SilaSoNi ($196.30 in chips)
VolkovDmitri: posts small blind $1
SilaSoNi: posts big blind $3
*** HOLE CARDS ***
VolkovDmitri: folds
Uncalled bet ($2) returned to SilaSoNi
SilaSoNi collected $2 from pot
*** SUMMARY ***
Total pot $2 | Rake $0
Seat 5: VolkovDmitri (button) (small blind) folded before Flop
Seat 6: SilaSoNi (big blind) collected ($2)


PokerStars Hand #159153300011:  Hold'em Limit ($3/$6 USD) - 2016/09/27 6:04:25 ET
Table 'Rarahu' 6-max Seat #6 is the button
Seat 5: VolkovDmitri ($120 in chips)
Seat 6: SilaSoNi ($193.30 in chips)
SilaSoNi: posts small blind $1
VolkovDmitri: posts big blind $3
*** HOLE CARDS ***
SilaSoNi: raises $3 to $6
VolkovDmitri: folds
Uncalled bet ($3) returned to SilaSoNi
SilaSoNi collected $6 from pot
SilaSoNi: doesn't show hand
*** SUMMARY ***
Total pot $6 | Rake $0
Seat 5: VolkovDmitri (big blind) folded before Flop
Seat 6: SilaSoNi (button) (small blind) collected ($6)


PokerStars Hand #159153306482:  Hold'em Limit ($3/$6 USD) - 2016/09/27 6:04:42 ET
Table 'Rarahu' 6-max Seat #6 is the button
Seat 5: VolkovDmitri ($120 in chips)
Seat 6: SilaSoNi ($197.30 in chips)
SilaSoNi: posts small blind $1
VolkovDmitri: posts big blind $3
*** HOLE CARDS ***
SilaSoNi: raises $3 to $6
VolkovDmitri: raises $3 to $9
SilaSoNi: calls $3
*** FLOP *** [2h Ks 4s]
VolkovDmitri: bets $3
SilaSoNi: raises $3 to $6
VolkovDmitri: calls $3
*** TURN *** [2h Ks 4s] [5s]
VolkovDmitri: checks
SilaSoNi: checks
*** RIVER *** [2h Ks 4s 5s] [7c]
VolkovDmitri: bets $6
SilaSoNi: calls $6
*** SHOW DOWN ***
VolkovDmitri: shows [Jc Js] (a pair of Jacks)
SilaSoNi: mucks hand
VolkovDmitri collected $41.50 from pot
*** SUMMARY ***
Total pot $42 | Rake $0.50
Board [2h Ks 4s 5s 7c]
Seat 5: VolkovDmitri (big blind) showed [Jc Js] and won ($41.50) with a pair of Jacks
Seat 6: SilaSoNi (button) (small blind) mucked


PokerStars Hand #159153319700:  Hold'em Limit ($3/$6 USD) - 2016/09/27 6:05:17 ET
Table 'Rarahu' 6-max Seat #5 is the button
Seat 5: VolkovDmitri ($140.50 in chips)
Seat 6: SilaSoNi ($176.30 in chips)
VolkovDmitri: posts small blind $1
SilaSoNi: posts big blind $3
*** HOLE CARDS ***
VolkovDmitri: raises $3 to $6
SilaSoNi: raises $3 to $9
VolkovDmitri: calls $3
*** FLOP *** [3s 5h 8d]
SilaSoNi: bets $3
VolkovDmitri: calls $3
*** TURN *** [3s 5h 8d] [5s]
SilaSoNi: checks
VolkovDmitri: checks
*** RIVER *** [3s 5h 8d 5s] [Jh]
SilaSoNi: bets $6
VolkovDmitri: folds
Uncalled bet ($6) returned to SilaSoNi
SilaSoNi collected $23.52 from pot
SilaSoNi: doesn't show hand
*** SUMMARY ***
Total pot $24 | Rake $0.48
Board [3s 5h 8d 5s Jh]
Seat 5: VolkovDmitri (button) (small blind) folded on the River
Seat 6: SilaSoNi (big blind) collected ($23.52)


PokerStars Hand #159153352359:  Hold'em Limit ($3/$6 USD) - 2016/09/27 6:06:43 ET
Table 'Rarahu' 6-max Seat #5 is the button
Seat 5: VolkovDmitri ($149 in chips)
Seat 6: SilaSoNi ($166.82 in chips)
VolkovDmitri: posts small blind $1
SilaSoNi: posts big blind $3
*** HOLE CARDS ***
VolkovDmitri: raises $3 to $6
SilaSoNi: folds
Uncalled bet ($3) returned to VolkovDmitri
VolkovDmitri collected $6 from pot
VolkovDmitri: doesn't show hand
*** SUMMARY ***
Total pot $6 | Rake $0
Seat 5: VolkovDmitri (button) (small blind) collected ($6)
Seat 6: SilaSoNi (big blind) folded before Flop


PokerStars Hand #159153337264:  Hold'em Limit ($3/$6 USD) - 2016/09/27 6:06:03 ET
Table 'Rarahu' 6-max Seat #6 is the button
Seat 5: VolkovDmitri ($128.50 in chips)
Seat 6: SilaSoNi ($187.82 in chips)
SilaSoNi: posts small blind $1
VolkovDmitri: posts big blind $3
*** HOLE CARDS ***
Mite1981 joins the table at seat #3
SilaSoNi: raises $3 to $6
VolkovDmitri: calls $3
*** FLOP *** [Qs Js 9d]
VolkovDmitri: checks
SilaSoNi: bets $3
VolkovDmitri: calls $3
*** TURN *** [Qs Js 9d] [Tc]
VolkovDmitri: bets $6
SilaSoNi: calls $6
*** RIVER *** [Qs Js 9d Tc] [5s]
VolkovDmitri: bets $6
SilaSoNi: calls $6
*** SHOW DOWN ***
VolkovDmitri: shows [Ks 2h] (a straight, Nine to King)
SilaSoNi: mucks hand
VolkovDmitri collected $41.50 from pot
*** SUMMARY ***
Total pot $42 | Rake $0.50
Board [Qs Js 9d Tc 5s]
Seat 5: VolkovDmitri (big blind) showed [Ks 2h] and won ($41.50) with a straight, Nine to King
Seat 6: SilaSoNi (button) (small blind) mucked


PokerStars Hand #159153704586:  Hold'em Limit ($3/$6 USD) - 2016/09/27 6:21:56 ET
Table 'Rarahu' 6-max Seat #5 is the button
Seat 1: Luanto 14 ($268.38 in chips)
Seat 5: VolkovDmitri ($238.50 in chips)
Dennis410 will be allowed to play after the button
zimin10 will be allowed to play after the button
VolkovDmitri: posts small blind $1
Luanto 14: posts big blind $3
*** HOLE CARDS ***
VolkovDmitri: raises $3 to $6
Luanto 14: calls $3
*** FLOP *** [2d Qs 9d]
Luanto 14: checks
VolkovDmitri: bets $3
Luanto 14: raises $3 to $6
VolkovDmitri: calls $3
*** TURN *** [2d Qs 9d] [5s]
Luanto 14: bets $6
VolkovDmitri: raises $6 to $12
Luanto 14: folds
Uncalled bet ($6) returned to VolkovDmitri
VolkovDmitri collected $35.50 from pot
VolkovDmitri: doesn't show hand
*** SUMMARY ***
Total pot $36 | Rake $0.50
Board [2d Qs 9d 5s]
Seat 1: Luanto 14 (big blind) folded on the Turn
Seat 5: VolkovDmitri (button) (small blind) collected ($35.50)


PokerStars Hand #159155234652:  Hold'em Limit ($3/$6 USD) - 2016/09/27 7:24:44 ET
Table 'Rarahu' 6-max Seat #2 is the button
Seat 2: YseRussia ($302.16 in chips)
Seat 5: whistler45 ($169.43 in chips)
YseRussia: posts small blind $1
Krazy90: is sitting out
whistler45: posts big blind $3
*** HOLE CARDS ***
YseRussia: raises $3 to $6
adi1sa joins the table at seat #6
whistler45: calls $3
*** FLOP *** [8c Jd 3c]
Krazy90 leaves the table
whistler45: bets $3
YseRussia: calls $3
*** TURN *** [8c Jd 3c] [7d]
whistler45: bets $6
YseRussia: folds
Uncalled bet ($6) returned to whistler45
whistler45 collected $17.64 from pot
*** SUMMARY ***
Total pot $18 | Rake $0.36
Board [8c Jd 3c 7d]
Seat 2: YseRussia (button) (small blind) folded on the Turn
Seat 5: whistler45 (big blind) collected ($17.64)


PokerStars Hand #159155884191:  Hold'em Limit ($3/$6 USD) - 2016/09/27 7:49:17 ET
Table 'Rarahu' 6-max Seat #6 is the button
Seat 3: zimin10 ($188 in chips)
Seat 6: Rmk1500 ($47 in chips)
Rmk1500: posts small blind $1
Luanto 14: is sitting out
YseRussia: is sitting out
zimin10: posts big blind $3
*** HOLE CARDS ***
Rmk1500: raises $3 to $6
zimin10: calls $3
*** FLOP *** [Ad 8s 6c]
zimin10: checks
Rmk1500: bets $3
YseRussia is disconnected
zimin10: raises $3 to $6
Rmk1500: folds
Uncalled bet ($3) returned to zimin10
zimin10 collected $17.64 from pot
zimin10: doesn't show hand
*** SUMMARY ***
Total pot $18 | Rake $0.36
Board [Ad 8s 6c]
Seat 3: zimin10 (big blind) collected ($17.64)
Seat 6: Rmk1500 (button) (small blind) folded on the Flop


