PokerStars Hand #149629294663:  Hold'em Limit ($3/$6 USD) - 2016/02/29 15:11:29 ET
Table 'Rarahu' 6-max Seat #5 is the button
Seat 2: bodo1444 ($120.62 in chips)
Seat 5: vestimokrec ($161.54 in chips)
vestimokrec: posts small blind $1
bodo1444: posts big blind $3
*** HOLE CARDS ***
jodie1968 leaves the table
vestimokrec: folds
Uncalled bet ($2) returned to bodo1444
bodo1444 collected $2 from pot
bodo1444: doesn't show hand
*** SUMMARY ***
Total pot $2 | Rake $0
Seat 2: bodo1444 (big blind) collected ($2)
Seat 5: vestimokrec (button) (small blind) folded before Flop


PokerStars Hand #149629269378:  Hold'em Limit ($3/$6 USD) - 2016/02/29 15:11:06 ET
Table 'Rarahu' 6-max Seat #5 is the button
Seat 2: bodo1444 ($120.62 in chips)
Seat 5: vestimokrec ($161.54 in chips)
Suitishla will be allowed to play after the button
vestimokrec: posts small blind $1
Zubasa07: is sitting out
bodo1444: posts big blind $3
*** HOLE CARDS ***
vestimokrec: raises $3 to $6
bodo1444: folds
Uncalled bet ($3) returned to vestimokrec
vestimokrec collected $6 from pot
vestimokrec: doesn't show hand
*** SUMMARY ***
Total pot $6 | Rake $0
Seat 2: bodo1444 (big blind) folded before Flop
Seat 5: vestimokrec (button) (small blind) collected ($6)


