PokerStars Hand #153732512453:  Hold'em Limit ($3/$6 USD) - 2016/05/23 12:16:59 ET
Table 'Rastaban' 6-max Seat #1 is the button
Seat 1: logex949 ($52.06 in chips)
Seat 4: VolkovDmitri ($120 in chips)
logex949: posts small blind $1
VolkovDmitri: posts big blind $3
*** HOLE CARDS ***
logex949: raises $3 to $6
VolkovDmitri: calls $3
*** FLOP *** [Ad 4s 9c]
VolkovDmitri: checks
logex949: bets $3
VolkovDmitri: calls $3
*** TURN *** [Ad 4s 9c] [Qh]
VolkovDmitri: checks
logex949: bets $6
VolkovDmitri: calls $6
*** RIVER *** [Ad 4s 9c Qh] [Qd]
VolkovDmitri: checks
logex949: bets $6
VolkovDmitri: calls $6
*** SHOW DOWN ***
logex949: shows [As Th] (two pair, Aces and Queens)
VolkovDmitri: mucks hand
logex949 collected $41.50 from pot
*** SUMMARY ***
Total pot $42 | Rake $0.50
Board [Ad 4s 9c Qh Qd]
Seat 1: logex949 (button) (small blind) showed [As Th] and won ($41.50) with two pair, Aces and Queens
Seat 4: VolkovDmitri (big blind) mucked


PokerStars Hand #153732537271:  Hold'em Limit ($3/$6 USD) - 2016/05/23 12:17:34 ET
Table 'Rastaban' 6-max Seat #4 is the button
Seat 1: logex949 ($72.56 in chips)
Seat 4: VolkovDmitri ($120 in chips)
VolkovDmitri: posts small blind $1
logex949: posts big blind $3
*** HOLE CARDS ***
VolkovDmitri: raises $3 to $6
logex949: calls $3
*** FLOP *** [Qc 4h 9c]
logex949: checks
VolkovDmitri: bets $3
logex949: folds
Uncalled bet ($3) returned to VolkovDmitri
VolkovDmitri collected $11.76 from pot
VolkovDmitri: doesn't show hand
*** SUMMARY ***
Total pot $12 | Rake $0.24
Board [Qc 4h 9c]
Seat 1: logex949 (big blind) folded on the Flop
Seat 4: VolkovDmitri (button) (small blind) collected ($11.76)


PokerStars Hand #153732546625:  Hold'em Limit ($3/$6 USD) - 2016/05/23 12:17:47 ET
Table 'Rastaban' 6-max Seat #1 is the button
Seat 1: logex949 ($66.56 in chips)
Seat 4: VolkovDmitri ($125.76 in chips)
logex949: posts small blind $1
VolkovDmitri: posts big blind $3
*** HOLE CARDS ***
logex949: folds
Uncalled bet ($2) returned to VolkovDmitri
VolkovDmitri collected $2 from pot
VolkovDmitri: doesn't show hand
*** SUMMARY ***
Total pot $2 | Rake $0
Seat 1: logex949 (button) (small blind) folded before Flop
Seat 4: VolkovDmitri (big blind) collected ($2)


PokerStars Hand #153732554448:  Hold'em Limit ($3/$6 USD) - 2016/05/23 12:17:58 ET
Table 'Rastaban' 6-max Seat #4 is the button
Seat 1: logex949 ($65.56 in chips)
Seat 4: VolkovDmitri ($126.76 in chips)
VolkovDmitri: posts small blind $1
logex949: posts big blind $3
*** HOLE CARDS ***
VolkovDmitri: raises $3 to $6
logex949: calls $3
*** FLOP *** [Jh Qh 4h]
logex949: bets $3
VolkovDmitri: calls $3
*** TURN *** [Jh Qh 4h] [Qc]
logex949: bets $6
VolkovDmitri: calls $6
*** RIVER *** [Jh Qh 4h Qc] [5h]
logex949: bets $6
VolkovDmitri: folds
Uncalled bet ($6) returned to logex949
logex949 collected $29.50 from pot
*** SUMMARY ***
Total pot $30 | Rake $0.50
Board [Jh Qh 4h Qc 5h]
Seat 1: logex949 (big blind) collected ($29.50)
Seat 4: VolkovDmitri (button) (small blind) folded on the River


PokerStars Hand #153732586612:  Hold'em Limit ($3/$6 USD) - 2016/05/23 12:18:42 ET
Table 'Rastaban' 6-max Seat #4 is the button
Seat 1: logex949 ($85.82 in chips)
Seat 4: VolkovDmitri ($120 in chips)
VolkovDmitri: posts small blind $1
logex949: posts big blind $3
*** HOLE CARDS ***
VolkovDmitri: raises $3 to $6
logex949: calls $3
*** FLOP *** [Ts 3h Kh]
logex949: checks
VolkovDmitri: bets $3
logex949: folds
Uncalled bet ($3) returned to VolkovDmitri
VolkovDmitri collected $11.76 from pot
VolkovDmitri: doesn't show hand
*** SUMMARY ***
Total pot $12 | Rake $0.24
Board [Ts 3h Kh]
Seat 1: logex949 (big blind) folded on the Flop
Seat 4: VolkovDmitri (button) (small blind) collected ($11.76)


PokerStars Hand #153732568045:  Hold'em Limit ($3/$6 USD) - 2016/05/23 12:18:17 ET
Table 'Rastaban' 6-max Seat #1 is the button
Seat 1: logex949 ($80.06 in chips)
Seat 4: VolkovDmitri ($120 in chips)
logex949: posts small blind $1
VolkovDmitri: posts big blind $3
*** HOLE CARDS ***
logex949: calls $2
VolkovDmitri: raises $3 to $6
logex949: calls $3
*** FLOP *** [7c 6h Ac]
VolkovDmitri: checks
logex949: checks
*** TURN *** [7c 6h Ac] [9s]
VolkovDmitri: checks
logex949: bets $6
VolkovDmitri: folds
Uncalled bet ($6) returned to logex949
logex949 collected $11.76 from pot
*** SUMMARY ***
Total pot $12 | Rake $0.24
Board [7c 6h Ac 9s]
Seat 1: logex949 (button) (small blind) collected ($11.76)
Seat 4: VolkovDmitri (big blind) folded on the Turn


PokerStars Hand #153732632569:  Hold'em Limit ($3/$6 USD) - 2016/05/23 12:19:46 ET
Table 'Rastaban' 6-max Seat #1 is the button
Seat 1: logex949 ($55.82 in chips)
Seat 4: VolkovDmitri ($149.26 in chips)
logex949: posts small blind $1
VolkovDmitri: posts big blind $3
*** HOLE CARDS ***
logex949: folds
Uncalled bet ($2) returned to VolkovDmitri
VolkovDmitri collected $2 from pot
VolkovDmitri: doesn't show hand
*** SUMMARY ***
Total pot $2 | Rake $0
Seat 1: logex949 (button) (small blind) folded before Flop
Seat 4: VolkovDmitri (big blind) collected ($2)


PokerStars Hand #153732636216:  Hold'em Limit ($3/$6 USD) - 2016/05/23 12:19:51 ET
Table 'Rastaban' 6-max Seat #4 is the button
Seat 1: logex949 ($54.82 in chips)
Seat 4: VolkovDmitri ($150.26 in chips)
boony444 joins the table at seat #2
VolkovDmitri: posts small blind $1
logex949: posts big blind $3
*** HOLE CARDS ***
VolkovDmitri: raises $3 to $6
logex949: calls $3
*** FLOP *** [Kh Ks 8c]
logex949: checks
VolkovDmitri: bets $3
logex949: calls $3
*** TURN *** [Kh Ks 8c] [Ac]
logex949: checks
VolkovDmitri: checks
*** RIVER *** [Kh Ks 8c Ac] [5s]
logex949: bets $6
VolkovDmitri: calls $6
*** SHOW DOWN ***
logex949: shows [Kd 5d] (a full house, Kings full of Fives)
VolkovDmitri: mucks hand
logex949 collected $29.50 from pot
*** SUMMARY ***
Total pot $30 | Rake $0.50
Board [Kh Ks 8c Ac 5s]
Seat 1: logex949 (big blind) showed [Kd 5d] and won ($29.50) with a full house, Kings full of Fives
Seat 4: VolkovDmitri (button) (small blind) mucked


PokerStars Hand #153732626215:  Hold'em Limit ($3/$6 USD) - 2016/05/23 12:19:37 ET
Table 'Rastaban' 6-max Seat #4 is the button
Seat 1: logex949 ($58.82 in chips)
Seat 4: VolkovDmitri ($146.26 in chips)
VolkovDmitri: posts small blind $1
logex949: posts big blind $3
*** HOLE CARDS ***
VolkovDmitri: raises $3 to $6
logex949: folds
Uncalled bet ($3) returned to VolkovDmitri
VolkovDmitri collected $6 from pot
VolkovDmitri: doesn't show hand
*** SUMMARY ***
Total pot $6 | Rake $0
Seat 1: logex949 (big blind) folded before Flop
Seat 4: VolkovDmitri (button) (small blind) collected ($6)


PokerStars Hand #153732594372:  Hold'em Limit ($3/$6 USD) - 2016/05/23 12:18:53 ET
Table 'Rastaban' 6-max Seat #1 is the button
Seat 1: logex949 ($79.82 in chips)
Seat 4: VolkovDmitri ($125.76 in chips)
logex949: posts small blind $1
VolkovDmitri: posts big blind $3
*** HOLE CARDS ***
logex949: raises $3 to $6
VolkovDmitri: calls $3
*** FLOP *** [Qh 2s 4c]
VolkovDmitri: checks
logex949: bets $3
VolkovDmitri: calls $3
*** TURN *** [Qh 2s 4c] [Th]
VolkovDmitri: checks
logex949: bets $6
VolkovDmitri: calls $6
*** RIVER *** [Qh 2s 4c Th] [5c]
VolkovDmitri: checks
logex949: bets $6
VolkovDmitri: calls $6
*** SHOW DOWN ***
logex949: shows [6c 7d] (high card Queen)
VolkovDmitri: shows [Kd 5h] (a pair of Fives)
VolkovDmitri collected $41.50 from pot
*** SUMMARY ***
Total pot $42 | Rake $0.50
Board [Qh 2s 4c Th 5c]
Seat 1: logex949 (button) (small blind) showed [6c 7d] and lost with high card Queen
Seat 4: VolkovDmitri (big blind) showed [Kd 5h] and won ($41.50) with a pair of Fives


