PokerStars Hand #151047475570:  Hold'em Limit ($3/$6 USD) - 2016/03/28 0:06:46 ET
Table 'Rastaban' 6-max Seat #3 is the button
Seat 3: fabricio004 ($91.14 in chips)
Seat 4: AzureCaper ($77.76 in chips)
fabricio004: posts small blind $1
AzureCaper: posts big blind $3
*** HOLE CARDS ***
fabricio004: calls $2
AzureCaper: checks
*** FLOP *** [2s 9s 5d]
AzureCaper: bets $3
fabricio004: folds
Uncalled bet ($3) returned to AzureCaper
AzureCaper collected $5.88 from pot
AzureCaper: doesn't show hand
*** SUMMARY ***
Total pot $6 | Rake $0.12
Board [2s 9s 5d]
Seat 3: fabricio004 (button) (small blind) folded on the Flop
Seat 4: AzureCaper (big blind) collected ($5.88)


PokerStars Hand #151047471588:  Hold'em Limit ($3/$6 USD) - 2016/03/28 0:06:31 ET
Table 'Rastaban' 6-max Seat #4 is the button
Seat 3: fabricio004 ($97.14 in chips)
Seat 4: AzureCaper ($72 in chips)
AzureCaper: posts small blind $1
fabricio004: posts big blind $3
*** HOLE CARDS ***
AzureCaper: raises $3 to $6
fabricio004: calls $3
*** FLOP *** [Ks Ad 8d]
fabricio004: checks
AzureCaper: bets $3
fabricio004: folds
Uncalled bet ($3) returned to AzureCaper
AzureCaper collected $11.76 from pot
AzureCaper: doesn't show hand
*** SUMMARY ***
Total pot $12 | Rake $0.24
Board [Ks Ad 8d]
Seat 3: fabricio004 (big blind) folded on the Flop
Seat 4: AzureCaper (button) (small blind) collected ($11.76)


PokerStars Hand #151047495734:  Hold'em Limit ($3/$6 USD) - 2016/03/28 0:08:03 ET
Table 'Rastaban' 6-max Seat #4 is the button
Seat 3: fabricio004 ($71.14 in chips)
Seat 4: AzureCaper ($97.14 in chips)
AzureCaper: posts small blind $1
fabricio004: posts big blind $3
*** HOLE CARDS ***
AzureCaper: folds
Uncalled bet ($2) returned to fabricio004
fabricio004 collected $2 from pot
fabricio004: doesn't show hand
*** SUMMARY ***
Total pot $2 | Rake $0
Seat 3: fabricio004 (big blind) collected ($2)
Seat 4: AzureCaper (button) (small blind) folded before Flop


PokerStars Hand #151047489781:  Hold'em Limit ($3/$6 USD) - 2016/03/28 0:07:41 ET
Table 'Rastaban' 6-max Seat #3 is the button
Seat 3: fabricio004 ($89.14 in chips)
Seat 4: AzureCaper ($79.64 in chips)
fabricio004: posts small blind $1
AzureCaper: posts big blind $3
*** HOLE CARDS ***
fabricio004: raises $3 to $6
AzureCaper: calls $3
*** FLOP *** [8d Kh Jh]
AzureCaper: checks
fabricio004: checks
*** TURN *** [8d Kh Jh] [4c]
AzureCaper: bets $6
fabricio004: calls $6
*** RIVER *** [8d Kh Jh 4c] [4s]
AzureCaper: bets $6
fabricio004: calls $6
*** SHOW DOWN ***
AzureCaper: shows [Kd 5d] (two pair, Kings and Fours)
fabricio004: mucks hand
AzureCaper collected $35.50 from pot
*** SUMMARY ***
Total pot $36 | Rake $0.50
Board [8d Kh Jh 4c 4s]
Seat 3: fabricio004 (button) (small blind) mucked
Seat 4: AzureCaper (big blind) showed [Kd 5d] and won ($35.50) with two pair, Kings and Fours


PokerStars Hand #151047487785:  Hold'em Limit ($3/$6 USD) - 2016/03/28 0:07:33 ET
Table 'Rastaban' 6-max Seat #4 is the button
Seat 3: fabricio004 ($92.14 in chips)
Seat 4: AzureCaper ($76.64 in chips)
AzureCaper: posts small blind $1
fabricio004: posts big blind $3
*** HOLE CARDS ***
AzureCaper: raises $3 to $6
fabricio004: folds
Uncalled bet ($3) returned to AzureCaper
AzureCaper collected $6 from pot
AzureCaper: doesn't show hand
*** SUMMARY ***
Total pot $6 | Rake $0
Seat 3: fabricio004 (big blind) folded before Flop
Seat 4: AzureCaper (button) (small blind) collected ($6)


PokerStars Hand #151047483961:  Hold'em Limit ($3/$6 USD) - 2016/03/28 0:07:18 ET
Table 'Rastaban' 6-max Seat #3 is the button
Seat 3: fabricio004 ($89.14 in chips)
Seat 4: AzureCaper ($79.64 in chips)
fabricio004: posts small blind $1
AzureCaper: posts big blind $3
*** HOLE CARDS ***
fabricio004: raises $3 to $6
AzureCaper: folds
Uncalled bet ($3) returned to fabricio004
fabricio004 collected $6 from pot
fabricio004: doesn't show hand
*** SUMMARY ***
Total pot $6 | Rake $0
Seat 3: fabricio004 (button) (small blind) collected ($6)
Seat 4: AzureCaper (big blind) folded before Flop


PokerStars Hand #151047482691:  Hold'em Limit ($3/$6 USD) - 2016/03/28 0:07:13 ET
Table 'Rastaban' 6-max Seat #4 is the button
Seat 3: fabricio004 ($88.14 in chips)
Seat 4: AzureCaper ($80.64 in chips)
AzureCaper: posts small blind $1
fabricio004: posts big blind $3
*** HOLE CARDS ***
AzureCaper: folds
Uncalled bet ($2) returned to fabricio004
fabricio004 collected $2 from pot
fabricio004: doesn't show hand
*** SUMMARY ***
Total pot $2 | Rake $0
Seat 3: fabricio004 (big blind) collected ($2)
Seat 4: AzureCaper (button) (small blind) folded before Flop


PokerStars Hand #151047481136:  Hold'em Limit ($3/$6 USD) - 2016/03/28 0:07:07 ET
Table 'Rastaban' 6-max Seat #3 is the button
Seat 3: fabricio004 ($89.14 in chips)
Seat 4: AzureCaper ($79.64 in chips)
fabricio004: posts small blind $1
AzureCaper: posts big blind $3
*** HOLE CARDS ***
fabricio004: folds
Uncalled bet ($2) returned to AzureCaper
AzureCaper collected $2 from pot
AzureCaper: doesn't show hand
*** SUMMARY ***
Total pot $2 | Rake $0
Seat 3: fabricio004 (button) (small blind) folded before Flop
Seat 4: AzureCaper (big blind) collected ($2)


PokerStars Hand #151047479847:  Hold'em Limit ($3/$6 USD) - 2016/03/28 0:07:02 ET
Table 'Rastaban' 6-max Seat #4 is the button
Seat 3: fabricio004 ($88.14 in chips)
Seat 4: AzureCaper ($80.64 in chips)
AzureCaper: posts small blind $1
fabricio004: posts big blind $3
*** HOLE CARDS ***
AzureCaper: folds
Uncalled bet ($2) returned to fabricio004
fabricio004 collected $2 from pot
fabricio004: doesn't show hand
*** SUMMARY ***
Total pot $2 | Rake $0
Seat 3: fabricio004 (big blind) collected ($2)
Seat 4: AzureCaper (button) (small blind) folded before Flop


PokerStars Hand #151047510156:  Hold'em Limit ($3/$6 USD) - 2016/03/28 0:08:58 ET
Table 'Rastaban' 6-max Seat #3 is the button
Seat 3: fabricio004 ($75.78 in chips)
Seat 4: AzureCaper ($91.78 in chips)
fabricio004: posts small blind $1
AzureCaper: posts big blind $3
*** HOLE CARDS ***
fabricio004: folds
Uncalled bet ($2) returned to AzureCaper
AzureCaper collected $2 from pot
AzureCaper: doesn't show hand
*** SUMMARY ***
Total pot $2 | Rake $0
Seat 3: fabricio004 (button) (small blind) folded before Flop
Seat 4: AzureCaper (big blind) collected ($2)


PokerStars Hand #151047506269:  Hold'em Limit ($3/$6 USD) - 2016/03/28 0:08:43 ET
Table 'Rastaban' 6-max Seat #4 is the button
Seat 3: fabricio004 ($67.14 in chips)
Seat 4: AzureCaper ($100.78 in chips)
AzureCaper: posts small blind $1
fabricio004: posts big blind $3
*** HOLE CARDS ***
AzureCaper: raises $3 to $6
fabricio004: raises $3 to $9
AzureCaper: calls $3
*** FLOP *** [Qh 4h 3s]
fabricio004: bets $3
AzureCaper: folds
Uncalled bet ($3) returned to fabricio004
fabricio004 collected $17.64 from pot
fabricio004: doesn't show hand
*** SUMMARY ***
Total pot $18 | Rake $0.36
Board [Qh 4h 3s]
Seat 3: fabricio004 (big blind) collected ($17.64)
Seat 4: AzureCaper (button) (small blind) folded on the Flop


PokerStars Hand #151047503983:  Hold'em Limit ($3/$6 USD) - 2016/03/28 0:08:34 ET
Table 'Rastaban' 6-max Seat #3 is the button
Seat 3: fabricio004 ($64.14 in chips)
Seat 4: AzureCaper ($103.78 in chips)
fabricio004: posts small blind $1
AzureCaper: posts big blind $3
*** HOLE CARDS ***
fabricio004: raises $3 to $6
AzureCaper: folds
Uncalled bet ($3) returned to fabricio004
fabricio004 collected $6 from pot
fabricio004: doesn't show hand
*** SUMMARY ***
Total pot $6 | Rake $0
Seat 3: fabricio004 (button) (small blind) collected ($6)
Seat 4: AzureCaper (big blind) folded before Flop


PokerStars Hand #151047502670:  Hold'em Limit ($3/$6 USD) - 2016/03/28 0:08:30 ET
Table 'Rastaban' 6-max Seat #4 is the button
Seat 3: fabricio004 ($63.14 in chips)
Seat 4: AzureCaper ($104.78 in chips)
AzureCaper: posts small blind $1
fabricio004: posts big blind $3
*** HOLE CARDS ***
AzureCaper: folds
Uncalled bet ($2) returned to fabricio004
fabricio004 collected $2 from pot
fabricio004: doesn't show hand
*** SUMMARY ***
Total pot $2 | Rake $0
Seat 3: fabricio004 (big blind) collected ($2)
Seat 4: AzureCaper (button) (small blind) folded before Flop


PokerStars Hand #151047498007:  Hold'em Limit ($3/$6 USD) - 2016/03/28 0:08:12 ET
Table 'Rastaban' 6-max Seat #3 is the button
Seat 3: fabricio004 ($72.14 in chips)
Seat 4: AzureCaper ($96.14 in chips)
fabricio004: posts small blind $1
AzureCaper: posts big blind $3
*** HOLE CARDS ***
fabricio004: calls $2
AzureCaper: raises $3 to $6
fabricio004: calls $3
*** FLOP *** [5s 5d 2d]
AzureCaper: bets $3
fabricio004: calls $3
*** TURN *** [5s 5d 2d] [Jh]
AzureCaper: bets $6
fabricio004: folds
Uncalled bet ($6) returned to AzureCaper
AzureCaper collected $17.64 from pot
AzureCaper: doesn't show hand
*** SUMMARY ***
Total pot $18 | Rake $0.36
Board [5s 5d 2d Jh]
Seat 3: fabricio004 (button) (small blind) folded on the Turn
Seat 4: AzureCaper (big blind) collected ($17.64)


PokerStars Hand #151047516420:  Hold'em Limit ($3/$6 USD) - 2016/03/28 0:09:22 ET
Table 'Rastaban' 6-max Seat #3 is the button
Seat 3: fabricio004 ($104.28 in chips)
Seat 4: AzureCaper ($72 in chips)
fabricio004: posts small blind $1
AzureCaper: posts big blind $3
*** HOLE CARDS ***
fabricio004: raises $3 to $6
AzureCaper: folds
Uncalled bet ($3) returned to fabricio004
fabricio004 collected $6 from pot
fabricio004: doesn't show hand
*** SUMMARY ***
Total pot $6 | Rake $0
Seat 3: fabricio004 (button) (small blind) collected ($6)
Seat 4: AzureCaper (big blind) folded before Flop


PokerStars Hand #151047511737:  Hold'em Limit ($3/$6 USD) - 2016/03/28 0:09:04 ET
Table 'Rastaban' 6-max Seat #4 is the button
Seat 3: fabricio004 ($74.78 in chips)
Seat 4: AzureCaper ($92.78 in chips)
AzureCaper: posts small blind $1
fabricio004: posts big blind $3
*** HOLE CARDS ***
AzureCaper: raises $3 to $6
fabricio004: raises $3 to $9
MissEKAmouse joins the table at seat #2
AzureCaper: calls $3
*** FLOP *** [8d 6h 4h]
fabricio004: bets $3
AzureCaper: raises $3 to $6
fabricio004: raises $3 to $9
AzureCaper: calls $3
*** TURN *** [8d 6h 4h] [5d]
fabricio004: bets $6
AzureCaper: calls $6
*** RIVER *** [8d 6h 4h 5d] [Jd]
fabricio004: bets $6
AzureCaper: calls $6
*** SHOW DOWN ***
fabricio004: shows [7d Ad] (a flush, Ace high)
AzureCaper: mucks hand
fabricio004 collected $59.50 from pot
*** SUMMARY ***
Total pot $60 | Rake $0.50
Board [8d 6h 4h 5d Jd]
Seat 3: fabricio004 (big blind) showed [7d Ad] and won ($59.50) with a flush, Ace high
Seat 4: AzureCaper (button) (small blind) mucked


PokerStars Hand #151047555953:  Hold'em Limit ($3/$6 USD) - 2016/03/28 0:11:56 ET
Table 'Rastaban' 6-max Seat #3 is the button
Seat 3: fabricio004 ($74.65 in chips)
Seat 4: AzureCaper ($94.53 in chips)
fabricio004: posts small blind $1
AzureCaper: posts big blind $3
*** HOLE CARDS ***
fabricio004: folds
Uncalled bet ($2) returned to AzureCaper
AzureCaper collected $2 from pot
AzureCaper: doesn't show hand
*** SUMMARY ***
Total pot $2 | Rake $0
Seat 3: fabricio004 (button) (small blind) folded before Flop
Seat 4: AzureCaper (big blind) collected ($2)


PokerStars Hand #151047554593:  Hold'em Limit ($3/$6 USD) - 2016/03/28 0:11:51 ET
Table 'Rastaban' 6-max Seat #4 is the button
Seat 3: fabricio004 ($73.65 in chips)
Seat 4: AzureCaper ($95.53 in chips)
AzureCaper: posts small blind $1
MissEKAmouse: is sitting out
fabricio004: posts big blind $3
*** HOLE CARDS ***
MissEKAmouse leaves the table
AzureCaper: folds
Uncalled bet ($2) returned to fabricio004
fabricio004 collected $2 from pot
fabricio004: doesn't show hand
*** SUMMARY ***
Total pot $2 | Rake $0
Seat 3: fabricio004 (big blind) collected ($2)
Seat 4: AzureCaper (button) (small blind) folded before Flop


PokerStars Hand #151047563532:  Hold'em Limit ($3/$6 USD) - 2016/03/28 0:12:25 ET
Table 'Rastaban' 6-max Seat #4 is the button
Seat 3: fabricio004 ($69.65 in chips)
Seat 4: AzureCaper ($99.53 in chips)
AzureCaper: posts small blind $1
fabricio004: posts big blind $3
*** HOLE CARDS ***
AzureCaper: folds
Uncalled bet ($2) returned to fabricio004
fabricio004 collected $2 from pot
fabricio004: doesn't show hand
*** SUMMARY ***
Total pot $2 | Rake $0
Seat 3: fabricio004 (big blind) collected ($2)
Seat 4: AzureCaper (button) (small blind) folded before Flop


PokerStars Hand #151047561503:  Hold'em Limit ($3/$6 USD) - 2016/03/28 0:12:18 ET
Table 'Rastaban' 6-max Seat #3 is the button
Seat 3: fabricio004 ($70.65 in chips)
Seat 4: AzureCaper ($98.53 in chips)
fabricio004: posts small blind $1
AzureCaper: posts big blind $3
*** HOLE CARDS ***
fabricio004: folds
Uncalled bet ($2) returned to AzureCaper
AzureCaper collected $2 from pot
AzureCaper: doesn't show hand
*** SUMMARY ***
Total pot $2 | Rake $0
Seat 3: fabricio004 (button) (small blind) folded before Flop
Seat 4: AzureCaper (big blind) collected ($2)


PokerStars Hand #151047557392:  Hold'em Limit ($3/$6 USD) - 2016/03/28 0:12:01 ET
Table 'Rastaban' 6-max Seat #4 is the button
Seat 3: fabricio004 ($73.65 in chips)
Seat 4: AzureCaper ($95.53 in chips)
AzureCaper: posts small blind $1
fabricio004: posts big blind $3
*** HOLE CARDS ***
AzureCaper: raises $3 to $6
fabricio004: folds
Uncalled bet ($3) returned to AzureCaper
AzureCaper collected $6 from pot
AzureCaper: doesn't show hand
*** SUMMARY ***
Total pot $6 | Rake $0
Seat 3: fabricio004 (big blind) folded before Flop
Seat 4: AzureCaper (button) (small blind) collected ($6)


PokerStars Hand #151047588726:  Hold'em Limit ($3/$6 USD) - 2016/03/28 0:14:02 ET
Table 'Rastaban' 6-max Seat #4 is the button
Seat 3: fabricio004 ($61.17 in chips)
Seat 4: AzureCaper ($107.03 in chips)
AzureCaper: posts small blind $1
fabricio004: posts big blind $3
*** HOLE CARDS ***
AzureCaper: folds
Uncalled bet ($2) returned to fabricio004
fabricio004 collected $2 from pot
fabricio004: doesn't show hand
*** SUMMARY ***
Total pot $2 | Rake $0
Seat 3: fabricio004 (big blind) collected ($2)
Seat 4: AzureCaper (button) (small blind) folded before Flop


PokerStars Hand #151047582535:  Hold'em Limit ($3/$6 USD) - 2016/03/28 0:13:38 ET
Table 'Rastaban' 6-max Seat #3 is the button
Seat 3: fabricio004 ($58.29 in chips)
Seat 4: AzureCaper ($110.03 in chips)
fabricio004: posts small blind $1
AzureCaper: posts big blind $3
*** HOLE CARDS ***
fabricio004: calls $2
AzureCaper: checks
*** FLOP *** [Tc 7h Qs]
AzureCaper: checks
fabricio004: bets $3
AzureCaper: folds
Uncalled bet ($3) returned to fabricio004
fabricio004 collected $5.88 from pot
fabricio004: doesn't show hand
*** SUMMARY ***
Total pot $6 | Rake $0.12
Board [Tc 7h Qs]
Seat 3: fabricio004 (button) (small blind) collected ($5.88)
Seat 4: AzureCaper (big blind) folded on the Flop


PokerStars Hand #151047576399:  Hold'em Limit ($3/$6 USD) - 2016/03/28 0:13:15 ET
Table 'Rastaban' 6-max Seat #4 is the button
Seat 3: fabricio004 ($49.65 in chips)
Seat 4: AzureCaper ($119.03 in chips)
AzureCaper: posts small blind $1
fabricio004: posts big blind $3
*** HOLE CARDS ***
AzureCaper: raises $3 to $6
fabricio004: raises $3 to $9
AzureCaper: calls $3
*** FLOP *** [Ah Th 9s]
fabricio004: checks
AzureCaper: checks
*** TURN *** [Ah Th 9s] [9h]
fabricio004: bets $6
AzureCaper: folds
Uncalled bet ($6) returned to fabricio004
fabricio004 collected $17.64 from pot
fabricio004: doesn't show hand
*** SUMMARY ***
Total pot $18 | Rake $0.36
Board [Ah Th 9s 9h]
Seat 3: fabricio004 (big blind) collected ($17.64)
Seat 4: AzureCaper (button) (small blind) folded on the Turn


PokerStars Hand #151047566913:  Hold'em Limit ($3/$6 USD) - 2016/03/28 0:12:38 ET
Table 'Rastaban' 6-max Seat #3 is the button
Seat 3: fabricio004 ($70.65 in chips)
Seat 4: AzureCaper ($98.53 in chips)
fabricio004: posts small blind $1
AzureCaper: posts big blind $3
*** HOLE CARDS ***
fabricio004: raises $3 to $6
AzureCaper: calls $3
*** FLOP *** [8s Td 6s]
AzureCaper: bets $3
fabricio004: calls $3
*** TURN *** [8s Td 6s] [9h]
AzureCaper: checks
fabricio004: bets $6
AzureCaper: calls $6
*** RIVER *** [8s Td 6s 9h] [7d]
AzureCaper: bets $6
fabricio004: calls $6
*** SHOW DOWN ***
AzureCaper: shows [Jc 6c] (a straight, Seven to Jack)
fabricio004: mucks hand
AzureCaper collected $41.50 from pot
*** SUMMARY ***
Total pot $42 | Rake $0.50
Board [8s Td 6s 9h 7d]
Seat 3: fabricio004 (button) (small blind) mucked
Seat 4: AzureCaper (big blind) showed [Jc 6c] and won ($41.50) with a straight, Seven to Jack


PokerStars Hand #151047602891:  Hold'em Limit ($3/$6 USD) - 2016/03/28 0:14:57 ET
Table 'Rastaban' 6-max Seat #4 is the button
Seat 3: fabricio004 ($98.43 in chips)
Seat 4: AzureCaper ($72 in chips)
AzureCaper: posts small blind $1
fabricio004: posts big blind $3
*** HOLE CARDS ***
AzureCaper: folds
Uncalled bet ($2) returned to fabricio004
fabricio004 collected $2 from pot
fabricio004: doesn't show hand
*** SUMMARY ***
Total pot $2 | Rake $0
Seat 3: fabricio004 (big blind) collected ($2)
Seat 4: AzureCaper (button) (small blind) folded before Flop


PokerStars Hand #151047598185:  Hold'em Limit ($3/$6 USD) - 2016/03/28 0:14:39 ET
Table 'Rastaban' 6-max Seat #3 is the button
Seat 3: fabricio004 ($92.67 in chips)
Seat 4: AzureCaper ($75.03 in chips)
fabricio004: posts small blind $1
AzureCaper: posts big blind $3
*** HOLE CARDS ***
fabricio004: raises $3 to $6
AzureCaper: calls $3
*** FLOP *** [Ks 7c Js]
AzureCaper: checks
fabricio004: checks
*** TURN *** [Ks 7c Js] [3c]
AzureCaper: checks
fabricio004: bets $6
AzureCaper: folds
Uncalled bet ($6) returned to fabricio004
fabricio004 collected $11.76 from pot
fabricio004: doesn't show hand
*** SUMMARY ***
Total pot $12 | Rake $0.24
Board [Ks 7c Js 3c]
Seat 3: fabricio004 (button) (small blind) collected ($11.76)
Seat 4: AzureCaper (big blind) folded on the Turn


PokerStars Hand #151047596241:  Hold'em Limit ($3/$6 USD) - 2016/03/28 0:14:31 ET
Table 'Rastaban' 6-max Seat #4 is the button
Seat 3: fabricio004 ($91.67 in chips)
Seat 4: AzureCaper ($76.03 in chips)
AzureCaper: posts small blind $1
fabricio004: posts big blind $3
*** HOLE CARDS ***
AzureCaper: folds
Uncalled bet ($2) returned to fabricio004
fabricio004 collected $2 from pot
fabricio004: doesn't show hand
*** SUMMARY ***
Total pot $2 | Rake $0
Seat 3: fabricio004 (big blind) collected ($2)
Seat 4: AzureCaper (button) (small blind) folded before Flop


PokerStars Hand #151047589904:  Hold'em Limit ($3/$6 USD) - 2016/03/28 0:14:07 ET
Table 'Rastaban' 6-max Seat #3 is the button
Seat 3: fabricio004 ($62.17 in chips)
Seat 4: AzureCaper ($106.03 in chips)
fabricio004: posts small blind $1
AzureCaper: posts big blind $3
*** HOLE CARDS ***
fabricio004: calls $2
AzureCaper: raises $3 to $6
fabricio004: calls $3
*** FLOP *** [8s 6c 4c]
AzureCaper: bets $3
fabricio004: raises $3 to $6
AzureCaper: calls $3
*** TURN *** [8s 6c 4c] [Td]
AzureCaper: checks
fabricio004: bets $6
AzureCaper: calls $6
*** RIVER *** [8s 6c 4c Td] [9d]
AzureCaper: bets $6
fabricio004: raises $6 to $12
AzureCaper: calls $6
*** SHOW DOWN ***
fabricio004: shows [9h 7c] (a straight, Six to Ten)
AzureCaper: mucks hand
fabricio004 collected $59.50 from pot
*** SUMMARY ***
Total pot $60 | Rake $0.50
Board [8s 6c 4c Td 9d]
Seat 3: fabricio004 (button) (small blind) showed [9h 7c] and won ($59.50) with a straight, Six to Ten
Seat 4: AzureCaper (big blind) mucked


PokerStars Hand #151047606819:  Hold'em Limit ($3/$6 USD) - 2016/03/28 0:15:12 ET
Table 'Rastaban' 6-max Seat #3 is the button
Seat 3: fabricio004 ($99.43 in chips)
Seat 4: AzureCaper ($72 in chips)
fabricio004: posts small blind $1
AzureCaper: posts big blind $3
*** HOLE CARDS ***
fabricio004: calls $2
AzureCaper: checks
*** FLOP *** [6s 5d 3s]
AzureCaper: bets $3
fabricio004: calls $3
*** TURN *** [6s 5d 3s] [3d]
AzureCaper: bets $6
fabricio004: calls $6
*** RIVER *** [6s 5d 3s 3d] [4s]
AzureCaper: bets $6
fabricio004: raises $6 to $12
kr.poker8029 joins the table at seat #6
AzureCaper: calls $6
*** SHOW DOWN ***
fabricio004: shows [2c 2d] (a straight, Deuce to Six)
AzureCaper: shows [7s 3c] (a straight, Three to Seven)
AzureCaper collected $47.50 from pot
*** SUMMARY ***
Total pot $48 | Rake $0.50
Board [6s 5d 3s 3d 4s]
Seat 3: fabricio004 (button) (small blind) showed [2c 2d] and lost with a straight, Deuce to Six
Seat 4: AzureCaper (big blind) showed [7s 3c] and won ($47.50) with a straight, Three to Seven


PokerStars Hand #151049928747:  Hold'em Limit ($3/$6 USD) - 2016/03/28 2:44:12 ET
Table 'Rastaban' 6-max Seat #3 is the button
Seat 2: RaisemyNut$ ($263 in chips)
Seat 3: megaboy18xx ($114 in chips)
megaboy18xx: posts small blind $1
AzureCaper: is sitting out
pokrates: is sitting out
RaisemyNut$: posts big blind $3
*** HOLE CARDS ***
megaboy18xx: raises $3 to $6
RaisemyNut$: calls $3
*** FLOP *** [Kd 3c Jc]
AzureCaper leaves the table
pokrates leaves the table
RaisemyNut$: checks
megaboy18xx: bets $3
RaisemyNut$: calls $3
*** TURN *** [Kd 3c Jc] [Jh]
RaisemyNut$: checks
megaboy18xx: bets $6
love_mmm leaves the table
RaisemyNut$: calls $6
*** RIVER *** [Kd 3c Jc Jh] [4h]
RaisemyNut$: checks
megaboy18xx: bets $6
RaisemyNut$: calls $6
*** SHOW DOWN ***
megaboy18xx: shows [Jd Ad] (three of a kind, Jacks)
RaisemyNut$: mucks hand
megaboy18xx collected $41.50 from pot
*** SUMMARY ***
Total pot $42 | Rake $0.50
Board [Kd 3c Jc Jh 4h]
Seat 2: RaisemyNut$ (big blind) mucked
Seat 3: megaboy18xx (button) (small blind) showed [Jd Ad] and won ($41.50) with three of a kind, Jacks


