PokerStars Hand #145545087327:  Hold'em Limit ($3/$6 USD) - 2015/12/18 15:08:25 ET
Table 'Rauma' 2-max Seat #2 is the button
Seat 1: minigus575 ($79.64 in chips)
Seat 2: Pandakey ($119.64 in chips)
Pandakey: posts small blind $1
minigus575: posts big blind $3
*** HOLE CARDS ***
Pandakey: raises $3 to $6
minigus575: calls $3
*** FLOP *** [9d 4d 6h]
minigus575: checks
Pandakey: bets $3
minigus575: raises $3 to $6
Pandakey: calls $3
*** TURN *** [9d 4d 6h] [5c]
minigus575: bets $6
Pandakey: folds
Uncalled bet ($6) returned to minigus575
minigus575 collected $23.52 from pot
minigus575: doesn't show hand
*** SUMMARY ***
Total pot $24 | Rake $0.48
Board [9d 4d 6h 5c]
Seat 1: minigus575 (big blind) collected ($23.52)
Seat 2: Pandakey (button) (small blind) folded on the Turn


PokerStars Hand #145545072215:  Hold'em Limit ($3/$6 USD) - 2015/12/18 15:08:09 ET
Table 'Rauma' 2-max Seat #1 is the button
Seat 1: minigus575 ($88.64 in chips)
Seat 2: Pandakey ($111 in chips)
minigus575: posts small blind $1
Pandakey: posts big blind $3
*** HOLE CARDS ***
minigus575: raises $3 to $6
Pandakey: calls $3
*** FLOP *** [Js 3h Qc]
Pandakey: checks
minigus575: bets $3
Pandakey: raises $3 to $6
minigus575: folds
Uncalled bet ($3) returned to Pandakey
Pandakey collected $17.64 from pot
Pandakey: doesn't show hand
*** SUMMARY ***
Total pot $18 | Rake $0.36
Board [Js 3h Qc]
Seat 1: minigus575 (button) (small blind) folded on the Flop
Seat 2: Pandakey (big blind) collected ($17.64)


PokerStars Hand #145545031015:  Hold'em Limit ($3/$6 USD) - 2015/12/18 15:07:25 ET
Table 'Rauma' 2-max Seat #2 is the button
Seat 1: minigus575 ($80 in chips)
Seat 2: Pandakey ($120 in chips)
Pandakey: posts small blind $1
minigus575: posts big blind $3
*** HOLE CARDS ***
Pandakey: raises $3 to $6
minigus575: raises $3 to $9
Pandakey: calls $3
*** FLOP *** [8d 3d 4h]
minigus575: bets $3
Pandakey: folds
Uncalled bet ($3) returned to minigus575
minigus575 collected $17.64 from pot
minigus575: doesn't show hand
*** SUMMARY ***
Total pot $18 | Rake $0.36
Board [8d 3d 4h]
Seat 1: minigus575 (big blind) collected ($17.64)
Seat 2: Pandakey (button) (small blind) folded on the Flop


PokerStars Hand #145545142411:  Hold'em Limit ($3/$6 USD) - 2015/12/18 15:09:25 ET
Table 'Rauma' 2-max Seat #1 is the button
Seat 1: minigus575 ($109.66 in chips)
Seat 2: Pandakey ($88.64 in chips)
minigus575: posts small blind $1
Pandakey: posts big blind $3
*** HOLE CARDS ***
minigus575: raises $3 to $6
Pandakey: calls $3
*** FLOP *** [4c 9d Qh]
Pandakey: checks
minigus575: bets $3
Pandakey: folds
Uncalled bet ($3) returned to minigus575
minigus575 collected $11.76 from pot
minigus575: doesn't show hand
*** SUMMARY ***
Total pot $12 | Rake $0.24
Board [4c 9d Qh]
Seat 1: minigus575 (button) (small blind) collected ($11.76)
Seat 2: Pandakey (big blind) folded on the Flop


PokerStars Hand #145545138483:  Hold'em Limit ($3/$6 USD) - 2015/12/18 15:09:21 ET
Table 'Rauma' 2-max Seat #2 is the button
Seat 1: minigus575 ($108.66 in chips)
Seat 2: Pandakey ($89.64 in chips)
Pandakey: posts small blind $1
minigus575: posts big blind $3
*** HOLE CARDS ***
Pandakey: folds
Uncalled bet ($2) returned to minigus575
minigus575 collected $2 from pot
minigus575: doesn't show hand
*** SUMMARY ***
Total pot $2 | Rake $0
Seat 1: minigus575 (big blind) collected ($2)
Seat 2: Pandakey (button) (small blind) folded before Flop


PokerStars Hand #145545110326:  Hold'em Limit ($3/$6 USD) - 2015/12/18 15:08:50 ET
Table 'Rauma' 2-max Seat #1 is the button
Seat 1: minigus575 ($91.16 in chips)
Seat 2: Pandakey ($107.64 in chips)
minigus575: posts small blind $1
Pandakey: posts big blind $3
*** HOLE CARDS ***
minigus575: raises $3 to $6
Pandakey: calls $3
*** FLOP *** [3h 8s 7d]
Pandakey: checks
minigus575: bets $3
Pandakey: raises $3 to $6
minigus575: calls $3
*** TURN *** [3h 8s 7d] [7h]
Pandakey: bets $6
minigus575: raises $6 to $12
Pandakey: folds
Uncalled bet ($6) returned to minigus575
minigus575 collected $35.50 from pot
minigus575: doesn't show hand
*** SUMMARY ***
Total pot $36 | Rake $0.50
Board [3h 8s 7d 7h]
Seat 1: minigus575 (button) (small blind) collected ($35.50)
Seat 2: Pandakey (big blind) folded on the Turn


PokerStars Hand #145545154650:  Hold'em Limit ($3/$6 USD) - 2015/12/18 15:09:38 ET
Table 'Rauma' 2-max Seat #2 is the button
Seat 1: minigus575 ($115.42 in chips)
Seat 2: Pandakey ($82.64 in chips)
Pandakey: posts small blind $1
minigus575: posts big blind $3
*** HOLE CARDS ***
Pandakey: raises $3 to $6
minigus575: raises $3 to $9
Pandakey: calls $3
*** FLOP *** [4h Kh 2c]
minigus575: bets $3
Pandakey: calls $3
*** TURN *** [4h Kh 2c] [Qs]
minigus575: bets $6
Pandakey: raises $6 to $12
minigus575: folds
Uncalled bet ($6) returned to Pandakey
Pandakey collected $35.50 from pot
Pandakey: doesn't show hand
*** SUMMARY ***
Total pot $36 | Rake $0.50
Board [4h Kh 2c Qs]
Seat 1: minigus575 (big blind) folded on the Turn
Seat 2: Pandakey (button) (small blind) collected ($35.50)


PokerStars Hand #145545170483:  Hold'em Limit ($3/$6 USD) - 2015/12/18 15:09:56 ET
Table 'Rauma' 2-max Seat #1 is the button
Seat 1: minigus575 ($97.42 in chips)
Seat 2: Pandakey ($100.14 in chips)
minigus575: posts small blind $1
Pandakey: posts big blind $3
*** HOLE CARDS ***
minigus575: raises $3 to $6
Pandakey: calls $3
*** FLOP *** [5s 9d Ad]
Pandakey: checks
minigus575: bets $3
Pandakey: calls $3
*** TURN *** [5s 9d Ad] [3c]
Pandakey: checks
minigus575: bets $6
Pandakey: calls $6
*** RIVER *** [5s 9d Ad 3c] [3d]
Pandakey: checks
minigus575: bets $6
Pandakey: calls $6
*** SHOW DOWN ***
minigus575: shows [Js 9s] (two pair, Nines and Threes)
Pandakey: shows [Ts 9h] (two pair, Nines and Threes)
Pandakey collected $20.75 from pot
minigus575 collected $20.75 from pot
*** SUMMARY ***
Total pot $42 | Rake $0.50
Board [5s 9d Ad 3c 3d]
Seat 1: minigus575 (button) (small blind) showed [Js 9s] and won ($20.75) with two pair, Nines and Threes
Seat 2: Pandakey (big blind) showed [Ts 9h] and won ($20.75) with two pair, Nines and Threes


PokerStars Hand #145545195924:  Hold'em Limit ($3/$6 USD) - 2015/12/18 15:10:24 ET
Table 'Rauma' 2-max Seat #2 is the button
Seat 1: minigus575 ($97.17 in chips)
Seat 2: Pandakey ($99.89 in chips)
Pandakey: posts small blind $1
minigus575: posts big blind $3
*** HOLE CARDS ***
Pandakey: raises $3 to $6
minigus575: calls $3
*** FLOP *** [4c 3s As]
minigus575: checks
Pandakey: bets $3
minigus575: raises $3 to $6
Pandakey: calls $3
*** TURN *** [4c 3s As] [Qs]
minigus575: bets $6
Pandakey: calls $6
*** RIVER *** [4c 3s As Qs] [7s]
minigus575: checks
Pandakey: checks
*** SHOW DOWN ***
minigus575: shows [4d 6c] (a pair of Fours)
Pandakey: mucks hand
minigus575 collected $35.50 from pot
*** SUMMARY ***
Total pot $36 | Rake $0.50
Board [4c 3s As Qs 7s]
Seat 1: minigus575 (big blind) showed [4d 6c] and won ($35.50) with a pair of Fours
Seat 2: Pandakey (button) (small blind) mucked


PokerStars Hand #145545224037:  Hold'em Limit ($3/$6 USD) - 2015/12/18 15:10:54 ET
Table 'Rauma' 2-max Seat #1 is the button
Seat 1: minigus575 ($114.67 in chips)
Seat 2: Pandakey ($81.89 in chips)
minigus575: posts small blind $1
Pandakey: posts big blind $3
*** HOLE CARDS ***
minigus575: raises $3 to $6
Pandakey: raises $3 to $9
minigus575: calls $3
*** FLOP *** [9c Js 5d]
Pandakey: checks
minigus575: checks
*** TURN *** [9c Js 5d] [Td]
Pandakey: bets $6
minigus575: folds
Uncalled bet ($6) returned to Pandakey
Pandakey collected $17.64 from pot
Pandakey: doesn't show hand
*** SUMMARY ***
Total pot $18 | Rake $0.36
Board [9c Js 5d Td]
Seat 1: minigus575 (button) (small blind) folded on the Turn
Seat 2: Pandakey (big blind) collected ($17.64)


PokerStars Hand #145545272717:  Hold'em Limit ($3/$6 USD) - 2015/12/18 15:11:48 ET
Table 'Rauma' 2-max Seat #1 is the button
Seat 1: minigus575 ($106.67 in chips)
Seat 2: Pandakey ($89.53 in chips)
minigus575: posts small blind $1
Pandakey: posts big blind $3
*** HOLE CARDS ***
minigus575: folds
Uncalled bet ($2) returned to Pandakey
Pandakey collected $2 from pot
Pandakey: doesn't show hand
*** SUMMARY ***
Total pot $2 | Rake $0
Seat 1: minigus575 (button) (small blind) folded before Flop
Seat 2: Pandakey (big blind) collected ($2)


PokerStars Hand #145545268162:  Hold'em Limit ($3/$6 USD) - 2015/12/18 15:11:43 ET
Table 'Rauma' 2-max Seat #2 is the button
Seat 1: minigus575 ($105.67 in chips)
Seat 2: Pandakey ($90.53 in chips)
Pandakey: posts small blind $1
minigus575: posts big blind $3
*** HOLE CARDS ***
Pandakey: folds
Uncalled bet ($2) returned to minigus575
minigus575 collected $2 from pot
minigus575: doesn't show hand
*** SUMMARY ***
Total pot $2 | Rake $0
Seat 1: minigus575 (big blind) collected ($2)
Seat 2: Pandakey (button) (small blind) folded before Flop


PokerStars Hand #145545276681:  Hold'em Limit ($3/$6 USD) - 2015/12/18 15:11:52 ET
Table 'Rauma' 2-max Seat #2 is the button
Seat 1: minigus575 ($105.67 in chips)
Seat 2: Pandakey ($90.53 in chips)
Pandakey: posts small blind $1
minigus575: posts big blind $3
*** HOLE CARDS ***
Pandakey: raises $3 to $6
minigus575: raises $3 to $9
Pandakey: calls $3
*** FLOP *** [4d Ac Jc]
minigus575: bets $3
Pandakey: calls $3
*** TURN *** [4d Ac Jc] [6c]
minigus575: checks
Pandakey: bets $6
minigus575: folds
Uncalled bet ($6) returned to Pandakey
Pandakey collected $23.52 from pot
Pandakey: doesn't show hand
*** SUMMARY ***
Total pot $24 | Rake $0.48
Board [4d Ac Jc 6c]
Seat 1: minigus575 (big blind) folded on the Turn
Seat 2: Pandakey (button) (small blind) collected ($23.52)


PokerStars Hand #145545303668:  Hold'em Limit ($3/$6 USD) - 2015/12/18 15:12:22 ET
Table 'Rauma' 2-max Seat #1 is the button
Seat 1: minigus575 ($93.67 in chips)
Seat 2: Pandakey ($102.05 in chips)
minigus575: posts small blind $1
Pandakey: posts big blind $3
*** HOLE CARDS ***
minigus575: folds
Uncalled bet ($2) returned to Pandakey
Pandakey collected $2 from pot
Pandakey: doesn't show hand
*** SUMMARY ***
Total pot $2 | Rake $0
Seat 1: minigus575 (button) (small blind) folded before Flop
Seat 2: Pandakey (big blind) collected ($2)


PokerStars Hand #145545307835:  Hold'em Limit ($3/$6 USD) - 2015/12/18 15:12:26 ET
Table 'Rauma' 2-max Seat #2 is the button
Seat 1: minigus575 ($92.67 in chips)
Seat 2: Pandakey ($103.05 in chips)
Pandakey: posts small blind $1
minigus575: posts big blind $3
*** HOLE CARDS ***
Pandakey: raises $3 to $6
minigus575: raises $3 to $9
Pandakey: calls $3
*** FLOP *** [Th 2c 3c]
minigus575: bets $3
Pandakey: calls $3
*** TURN *** [Th 2c 3c] [Tc]
minigus575: bets $6
Pandakey: calls $6
*** RIVER *** [Th 2c 3c Tc] [2d]
minigus575: checks
Pandakey: checks
*** SHOW DOWN ***
minigus575: shows [Jc 9h] (two pair, Tens and Deuces)
Pandakey: shows [6c Js] (two pair, Tens and Deuces)
minigus575 collected $17.75 from pot
Pandakey collected $17.75 from pot
*** SUMMARY ***
Total pot $36 | Rake $0.50
Board [Th 2c 3c Tc 2d]
Seat 1: minigus575 (big blind) showed [Jc 9h] and won ($17.75) with two pair, Tens and Deuces
Seat 2: Pandakey (button) (small blind) showed [6c Js] and won ($17.75) with two pair, Tens and Deuces


PokerStars Hand #145545355403:  Hold'em Limit ($3/$6 USD) - 2015/12/18 15:13:18 ET
Table 'Rauma' 2-max Seat #1 is the button
Seat 1: minigus575 ($92.42 in chips)
Seat 2: Pandakey ($102.80 in chips)
minigus575: posts small blind $1
Pandakey: posts big blind $3
*** HOLE CARDS ***
minigus575: raises $3 to $6
Pandakey: calls $3
*** FLOP *** [9h 5c 9d]
Pandakey: checks
minigus575: bets $3
Pandakey: calls $3
*** TURN *** [9h 5c 9d] [Tc]
Pandakey: bets $6
minigus575: calls $6
*** RIVER *** [9h 5c 9d Tc] [5s]
Pandakey: bets $6
minigus575: raises $6 to $12
Pandakey: calls $6
*** SHOW DOWN ***
minigus575: shows [5h Ac] (a full house, Fives full of Nines)
Pandakey: mucks hand
minigus575 collected $53.50 from pot
*** SUMMARY ***
Total pot $54 | Rake $0.50
Board [9h 5c 9d Tc 5s]
Seat 1: minigus575 (button) (small blind) showed [5h Ac] and won ($53.50) with a full house, Fives full of Nines
Seat 2: Pandakey (big blind) mucked


PokerStars Hand #145545381490:  Hold'em Limit ($3/$6 USD) - 2015/12/18 15:13:47 ET
Table 'Rauma' 2-max Seat #2 is the button
Seat 1: minigus575 ($118.92 in chips)
Seat 2: Pandakey ($75.80 in chips)
Pandakey: posts small blind $1
minigus575: posts big blind $3
*** HOLE CARDS ***
Pandakey: raises $3 to $6
minigus575: calls $3
*** FLOP *** [Kh 9c 8c]
minigus575: checks
Pandakey: checks
*** TURN *** [Kh 9c 8c] [Ac]
minigus575: checks
Pandakey: checks
*** RIVER *** [Kh 9c 8c Ac] [2c]
minigus575: bets $6
Pandakey: raises $6 to $12
minigus575: folds
Uncalled bet ($6) returned to Pandakey
Pandakey collected $23.52 from pot
Pandakey: doesn't show hand
*** SUMMARY ***
Total pot $24 | Rake $0.48
Board [Kh 9c 8c Ac 2c]
Seat 1: minigus575 (big blind) folded on the River
Seat 2: Pandakey (button) (small blind) collected ($23.52)


PokerStars Hand #145545412527:  Hold'em Limit ($3/$6 USD) - 2015/12/18 15:14:20 ET
Table 'Rauma' 2-max Seat #1 is the button
Seat 1: minigus575 ($106.92 in chips)
Seat 2: Pandakey ($87.32 in chips)
minigus575: posts small blind $1
Pandakey: posts big blind $3
*** HOLE CARDS ***
minigus575: raises $3 to $6
Pandakey: raises $3 to $9
minigus575: calls $3
*** FLOP *** [4c 5s Ad]
Pandakey: bets $3
minigus575: calls $3
*** TURN *** [4c 5s Ad] [2h]
Pandakey: checks
minigus575: checks
*** RIVER *** [4c 5s Ad 2h] [9h]
Pandakey: bets $6
minigus575: calls $6
*** SHOW DOWN ***
Pandakey: shows [Kc Td] (high card Ace)
minigus575: mucks hand
Pandakey collected $35.50 from pot
*** SUMMARY ***
Total pot $36 | Rake $0.50
Board [4c 5s Ad 2h 9h]
Seat 1: minigus575 (button) (small blind) mucked
Seat 2: Pandakey (big blind) showed [Kc Td] and won ($35.50) with high card Ace


PokerStars Hand #145545428559:  Hold'em Limit ($3/$6 USD) - 2015/12/18 15:14:38 ET
Table 'Rauma' 2-max Seat #2 is the button
Seat 1: minigus575 ($88.92 in chips)
Seat 2: Pandakey ($104.82 in chips)
Pandakey: posts small blind $1
minigus575: posts big blind $3
*** HOLE CARDS ***
Pandakey: raises $3 to $6
minigus575: raises $3 to $9
Pandakey: calls $3
*** FLOP *** [8s 7c Kd]
minigus575: bets $3
Pandakey: calls $3
*** TURN *** [8s 7c Kd] [8d]
minigus575: checks
Pandakey: checks
*** RIVER *** [8s 7c Kd 8d] [7h]
minigus575: bets $6
Pandakey: calls $6
*** SHOW DOWN ***
minigus575: shows [Kc 3c] (two pair, Kings and Eights)
Pandakey: mucks hand
minigus575 collected $35.50 from pot
*** SUMMARY ***
Total pot $36 | Rake $0.50
Board [8s 7c Kd 8d 7h]
Seat 1: minigus575 (big blind) showed [Kc 3c] and won ($35.50) with two pair, Kings and Eights
Seat 2: Pandakey (button) (small blind) mucked


PokerStars Hand #145545469009:  Hold'em Limit ($3/$6 USD) - 2015/12/18 15:15:22 ET
Table 'Rauma' 2-max Seat #1 is the button
Seat 1: minigus575 ($106.42 in chips)
Seat 2: Pandakey ($86.82 in chips)
minigus575: posts small blind $1
Pandakey: posts big blind $3
*** HOLE CARDS ***
minigus575: raises $3 to $6
Pandakey: calls $3
*** FLOP *** [3s Ts 7d]
Pandakey: checks
minigus575: bets $3
Pandakey: folds
Uncalled bet ($3) returned to minigus575
minigus575 collected $11.76 from pot
minigus575: doesn't show hand
*** SUMMARY ***
Total pot $12 | Rake $0.24
Board [3s Ts 7d]
Seat 1: minigus575 (button) (small blind) collected ($11.76)
Seat 2: Pandakey (big blind) folded on the Flop


PokerStars Hand #145545502437:  Hold'em Limit ($3/$6 USD) - 2015/12/18 15:15:59 ET
Table 'Rauma' 2-max Seat #1 is the button
Seat 1: minigus575 ($106.18 in chips)
Seat 2: Pandakey ($86.58 in chips)
minigus575: posts small blind $1
Pandakey: posts big blind $3
*** HOLE CARDS ***
minigus575: folds
Uncalled bet ($2) returned to Pandakey
Pandakey collected $2 from pot
Pandakey: doesn't show hand
*** SUMMARY ***
Total pot $2 | Rake $0
Seat 1: minigus575 (button) (small blind) folded before Flop
Seat 2: Pandakey (big blind) collected ($2)


PokerStars Hand #145545480671:  Hold'em Limit ($3/$6 USD) - 2015/12/18 15:15:35 ET
Table 'Rauma' 2-max Seat #2 is the button
Seat 1: minigus575 ($112.18 in chips)
Seat 2: Pandakey ($80.82 in chips)
Pandakey: posts small blind $1
minigus575: posts big blind $3
*** HOLE CARDS ***
Pandakey: raises $3 to $6
minigus575: calls $3
*** FLOP *** [7h Ah 7c]
minigus575: checks
Pandakey: bets $3
minigus575: folds
Uncalled bet ($3) returned to Pandakey
Pandakey collected $11.76 from pot
Pandakey: doesn't show hand
*** SUMMARY ***
Total pot $12 | Rake $0.24
Board [7h Ah 7c]
Seat 1: minigus575 (big blind) folded on the Flop
Seat 2: Pandakey (button) (small blind) collected ($11.76)


PokerStars Hand #145545506548:  Hold'em Limit ($3/$6 USD) - 2015/12/18 15:16:04 ET
Table 'Rauma' 2-max Seat #2 is the button
Seat 1: minigus575 ($105.18 in chips)
Seat 2: Pandakey ($87.58 in chips)
Pandakey: posts small blind $1
minigus575: posts big blind $3
*** HOLE CARDS ***
Pandakey: raises $3 to $6
minigus575: raises $3 to $9
Pandakey: raises $3 to $12
Betting is capped
minigus575: calls $3
*** FLOP *** [9h Ac 4d]
minigus575: checks
Pandakey: bets $3
minigus575: folds
Uncalled bet ($3) returned to Pandakey
Pandakey collected $23.52 from pot
Pandakey: doesn't show hand
*** SUMMARY ***
Total pot $24 | Rake $0.48
Board [9h Ac 4d]
Seat 1: minigus575 (big blind) folded on the Flop
Seat 2: Pandakey (button) (small blind) collected ($23.52)


PokerStars Hand #145545528913:  Hold'em Limit ($3/$6 USD) - 2015/12/18 15:16:28 ET
Table 'Rauma' 2-max Seat #1 is the button
Seat 1: minigus575 ($93.18 in chips)
Seat 2: Pandakey ($99.10 in chips)
minigus575: posts small blind $1
Pandakey: posts big blind $3
*** HOLE CARDS ***
minigus575: raises $3 to $6
Pandakey: raises $3 to $9
minigus575: calls $3
*** FLOP *** [3c 3s Ah]
Pandakey: bets $3
minigus575: raises $3 to $6
Pandakey: calls $3
*** TURN *** [3c 3s Ah] [8d]
Pandakey: checks
minigus575: bets $6
Pandakey: calls $6
*** RIVER *** [3c 3s Ah 8d] [2h]
Pandakey: checks
minigus575: checks
*** SHOW DOWN ***
Pandakey: shows [Ac 9d] (two pair, Aces and Threes)
minigus575: mucks hand
Pandakey collected $41.50 from pot
*** SUMMARY ***
Total pot $42 | Rake $0.50
Board [3c 3s Ah 8d 2h]
Seat 1: minigus575 (button) (small blind) mucked
Seat 2: Pandakey (big blind) showed [Ac 9d] and won ($41.50) with two pair, Aces and Threes


PokerStars Hand #145545554138:  Hold'em Limit ($3/$6 USD) - 2015/12/18 15:16:56 ET
Table 'Rauma' 2-max Seat #2 is the button
Seat 1: minigus575 ($72.18 in chips)
Seat 2: Pandakey ($119.60 in chips)
Pandakey: posts small blind $1
minigus575: posts big blind $3
*** HOLE CARDS ***
Pandakey: folds
Uncalled bet ($2) returned to minigus575
minigus575 collected $2 from pot
minigus575: doesn't show hand
*** SUMMARY ***
Total pot $2 | Rake $0
Seat 1: minigus575 (big blind) collected ($2)
Seat 2: Pandakey (button) (small blind) folded before Flop


PokerStars Hand #145545569209:  Hold'em Limit ($3/$6 USD) - 2015/12/18 15:17:12 ET
Table 'Rauma' 2-max Seat #2 is the button
Seat 1: minigus575 ($76.18 in chips)
Seat 2: Pandakey ($115.60 in chips)
Pandakey: posts small blind $1
minigus575: posts big blind $3
*** HOLE CARDS ***
Pandakey: raises $3 to $6
minigus575: folds
Uncalled bet ($3) returned to Pandakey
Pandakey collected $6 from pot
Pandakey: doesn't show hand
*** SUMMARY ***
Total pot $6 | Rake $0
Seat 1: minigus575 (big blind) folded before Flop
Seat 2: Pandakey (button) (small blind) collected ($6)


PokerStars Hand #145545564337:  Hold'em Limit ($3/$6 USD) - 2015/12/18 15:17:07 ET
Table 'Rauma' 2-max Seat #1 is the button
Seat 1: minigus575 ($73.18 in chips)
Seat 2: Pandakey ($118.60 in chips)
minigus575: posts small blind $1
Pandakey: posts big blind $3
*** HOLE CARDS ***
minigus575: raises $3 to $6
Pandakey: folds
Uncalled bet ($3) returned to minigus575
minigus575 collected $6 from pot
minigus575: doesn't show hand
*** SUMMARY ***
Total pot $6 | Rake $0
Seat 1: minigus575 (button) (small blind) collected ($6)
Seat 2: Pandakey (big blind) folded before Flop


PokerStars Hand #145545574445:  Hold'em Limit ($3/$6 USD) - 2015/12/18 15:17:18 ET
Table 'Rauma' 2-max Seat #1 is the button
Seat 1: minigus575 ($73.18 in chips)
Seat 2: Pandakey ($118.60 in chips)
minigus575: posts small blind $1
Pandakey: posts big blind $3
*** HOLE CARDS ***
minigus575: raises $3 to $6
Pandakey: raises $3 to $9
minigus575: raises $3 to $12
Betting is capped
Pandakey: calls $3
*** FLOP *** [5c 8c 5d]
Pandakey: checks
minigus575: bets $3
Pandakey: raises $3 to $6
minigus575: calls $3
*** TURN *** [5c 8c 5d] [9h]
Pandakey: bets $6
minigus575: calls $6
*** RIVER *** [5c 8c 5d 9h] [2c]
Pandakey: bets $6
minigus575: calls $6
*** SHOW DOWN ***
Pandakey: shows [Kh Ah] (a pair of Fives)
minigus575: shows [Kd As] (a pair of Fives)
Pandakey collected $29.75 from pot
minigus575 collected $29.75 from pot
*** SUMMARY ***
Total pot $60 | Rake $0.50
Board [5c 8c 5d 9h 2c]
Seat 1: minigus575 (button) (small blind) showed [Kd As] and won ($29.75) with a pair of Fives
Seat 2: Pandakey (big blind) showed [Kh Ah] and won ($29.75) with a pair of Fives


PokerStars Hand #145545594093:  Hold'em Limit ($3/$6 USD) - 2015/12/18 15:17:39 ET
Table 'Rauma' 2-max Seat #2 is the button
Seat 1: minigus575 ($72.93 in chips)
Seat 2: Pandakey ($118.35 in chips)
Pandakey: posts small blind $1
minigus575: posts big blind $3
*** HOLE CARDS ***
Pandakey: raises $3 to $6
minigus575: calls $3
*** FLOP *** [6s Qh 9d]
minigus575: checks
Pandakey: checks
*** TURN *** [6s Qh 9d] [9c]
minigus575: checks
Pandakey: bets $6
minigus575: raises $6 to $12
Pandakey: calls $6
*** RIVER *** [6s Qh 9d 9c] [Ks]
minigus575: bets $6
Pandakey: calls $6
*** SHOW DOWN ***
minigus575: shows [4d Th] (a pair of Nines)
Pandakey: shows [3c 6c] (two pair, Nines and Sixes)
Pandakey collected $47.50 from pot
*** SUMMARY ***
Total pot $48 | Rake $0.50
Board [6s Qh 9d 9c Ks]
Seat 1: minigus575 (big blind) showed [4d Th] and lost with a pair of Nines
Seat 2: Pandakey (button) (small blind) showed [3c 6c] and won ($47.50) with two pair, Nines and Sixes


PokerStars Hand #145545625859:  Hold'em Limit ($3/$6 USD) - 2015/12/18 15:18:14 ET
Table 'Rauma' 2-max Seat #2 is the button
Seat 1: minigus575 ($27.93 in chips)
Seat 2: Pandakey ($162.35 in chips)
Pandakey: posts small blind $1
minigus575: posts big blind $3
*** HOLE CARDS ***
Pandakey: folds
Uncalled bet ($2) returned to minigus575
minigus575 collected $2 from pot
minigus575: doesn't show hand
*** SUMMARY ***
Total pot $2 | Rake $0
Seat 1: minigus575 (big blind) collected ($2)
Seat 2: Pandakey (button) (small blind) folded before Flop


PokerStars Hand #145545609939:  Hold'em Limit ($3/$6 USD) - 2015/12/18 15:17:57 ET
Table 'Rauma' 2-max Seat #1 is the button
Seat 1: minigus575 ($48.93 in chips)
Seat 2: Pandakey ($141.85 in chips)
minigus575: posts small blind $1
Pandakey: posts big blind $3
*** HOLE CARDS ***
minigus575: raises $3 to $6
Pandakey: calls $3
*** FLOP *** [6d 3s 3d]
Pandakey: checks
minigus575: bets $3
Pandakey: calls $3
*** TURN *** [6d 3s 3d] [Kd]
Pandakey: bets $6
minigus575: calls $6
*** RIVER *** [6d 3s 3d Kd] [6s]
Pandakey: bets $6
minigus575: calls $6
*** SHOW DOWN ***
Pandakey: shows [Ks Tc] (two pair, Kings and Sixes)
minigus575: mucks hand
Pandakey collected $41.50 from pot
*** SUMMARY ***
Total pot $42 | Rake $0.50
Board [6d 3s 3d Kd 6s]
Seat 1: minigus575 (button) (small blind) mucked
Seat 2: Pandakey (big blind) showed [Ks Tc] and won ($41.50) with two pair, Kings and Sixes


PokerStars Hand #145545629984:  Hold'em Limit ($3/$6 USD) - 2015/12/18 15:18:19 ET
Table 'Rauma' 2-max Seat #1 is the button
Seat 1: minigus575 ($28.93 in chips)
Seat 2: Pandakey ($161.35 in chips)
minigus575: posts small blind $1
Pandakey: posts big blind $3
*** HOLE CARDS ***
minigus575: raises $3 to $6
Pandakey: calls $3
*** FLOP *** [4s Jh 9c]
Pandakey: checks
minigus575: bets $3
Pandakey: raises $3 to $6
minigus575: calls $3
*** TURN *** [4s Jh 9c] [8d]
Pandakey: bets $6
minigus575: calls $6
*** RIVER *** [4s Jh 9c 8d] [Qc]
Pandakey: bets $6
minigus575: folds
Uncalled bet ($6) returned to Pandakey
Pandakey collected $35.50 from pot
Pandakey: doesn't show hand
*** SUMMARY ***
Total pot $36 | Rake $0.50
Board [4s Jh 9c 8d Qc]
Seat 1: minigus575 (button) (small blind) folded on the River
Seat 2: Pandakey (big blind) collected ($35.50)


PokerStars Hand #145545644507:  Hold'em Limit ($3/$6 USD) - 2015/12/18 15:18:34 ET
Table 'Rauma' 2-max Seat #2 is the button
Seat 1: minigus575 ($10.93 in chips)
Seat 2: Pandakey ($178.85 in chips)
Pandakey: posts small blind $1
minigus575: posts big blind $3
*** HOLE CARDS ***
Pandakey: raises $3 to $6
minigus575: calls $3
*** FLOP *** [4h Ah 4d]
minigus575: bets $3
Pandakey: calls $3
*** TURN *** [4h Ah 4d] [2s]
minigus575: bets $1.93 and is all-in
Pandakey: calls $1.93
*** RIVER *** [4h Ah 4d 2s] [4s]
*** SHOW DOWN ***
minigus575: shows [Js 6s] (three of a kind, Fours)
Pandakey: shows [Ac Ks] (a full house, Fours full of Aces)
Pandakey collected $21.42 from pot
*** SUMMARY ***
Total pot $21.86 | Rake $0.44
Board [4h Ah 4d 2s 4s]
Seat 1: minigus575 (big blind) showed [Js 6s] and lost with three of a kind, Fours
Seat 2: Pandakey (button) (small blind) showed [Ac Ks] and won ($21.42) with a full house, Fours full of Aces


PokerStars Hand #145545689877:  Hold'em Limit ($3/$6 USD) - 2015/12/18 15:19:23 ET
Table 'Rauma' 2-max Seat #2 is the button
Seat 1: minigus575 ($134.50 in chips)
Seat 2: Pandakey ($174.34 in chips)
Pandakey: posts small blind $1
minigus575: posts big blind $3
*** HOLE CARDS ***
Pandakey: folds
Uncalled bet ($2) returned to minigus575
minigus575 collected $2 from pot
minigus575: doesn't show hand
*** SUMMARY ***
Total pot $2 | Rake $0
Seat 1: minigus575 (big blind) collected ($2)
Seat 2: Pandakey (button) (small blind) folded before Flop


PokerStars Hand #145545673287:  Hold'em Limit ($3/$6 USD) - 2015/12/18 15:19:05 ET
Table 'Rauma' 2-max Seat #1 is the button
Seat 1: minigus575 ($120 in chips)
Seat 2: Pandakey ($189.34 in chips)
minigus575: posts small blind $1
Pandakey: posts big blind $3
*** HOLE CARDS ***
minigus575: raises $3 to $6
Pandakey: raises $3 to $9
minigus575: raises $3 to $12
Betting is capped
Pandakey: calls $3
*** FLOP *** [Ad 7d 3s]
Pandakey: checks
minigus575: bets $3
Pandakey: calls $3
*** TURN *** [Ad 7d 3s] [3h]
Pandakey: checks
minigus575: bets $6
Pandakey: folds
Uncalled bet ($6) returned to minigus575
minigus575 collected $29.50 from pot
minigus575: doesn't show hand
*** SUMMARY ***
Total pot $30 | Rake $0.50
Board [Ad 7d 3s 3h]
Seat 1: minigus575 (button) (small blind) collected ($29.50)
Seat 2: Pandakey (big blind) folded on the Turn


PokerStars Hand #145545694990:  Hold'em Limit ($3/$6 USD) - 2015/12/18 15:19:29 ET
Table 'Rauma' 2-max Seat #1 is the button
Seat 1: minigus575 ($135.50 in chips)
Seat 2: Pandakey ($173.34 in chips)
minigus575: posts small blind $1
Pandakey: posts big blind $3
*** HOLE CARDS ***
minigus575: raises $3 to $6
Pandakey: calls $3
*** FLOP *** [Kd Qc Ts]
Pandakey: checks
minigus575: bets $3
Pandakey: calls $3
*** TURN *** [Kd Qc Ts] [Qs]
Pandakey: checks
minigus575: bets $6
Pandakey: calls $6
*** RIVER *** [Kd Qc Ts Qs] [Jc]
Pandakey: checks
minigus575: checks
*** SHOW DOWN ***
Pandakey: shows [2s 2h] (two pair, Queens and Deuces)
minigus575: shows [8c Th] (two pair, Queens and Tens)
minigus575 collected $29.50 from pot
*** SUMMARY ***
Total pot $30 | Rake $0.50
Board [Kd Qc Ts Qs Jc]
Seat 1: minigus575 (button) (small blind) showed [8c Th] and won ($29.50) with two pair, Queens and Tens
Seat 2: Pandakey (big blind) showed [2s 2h] and lost with two pair, Queens and Deuces


PokerStars Hand #145545709325:  Hold'em Limit ($3/$6 USD) - 2015/12/18 15:19:44 ET
Table 'Rauma' 2-max Seat #2 is the button
Seat 1: minigus575 ($150 in chips)
Seat 2: Pandakey ($158.34 in chips)
Pandakey: posts small blind $1
minigus575: posts big blind $3
*** HOLE CARDS ***
Pandakey: raises $3 to $6
minigus575: calls $3
*** FLOP *** [9h 6h Jd]
minigus575: checks
Pandakey: bets $3
minigus575: raises $3 to $6
Pandakey: calls $3
*** TURN *** [9h 6h Jd] [6d]
minigus575: bets $6
Pandakey: calls $6
*** RIVER *** [9h 6h Jd 6d] [4s]
minigus575: bets $6
Pandakey: calls $6
*** SHOW DOWN ***
minigus575: shows [9s Td] (two pair, Nines and Sixes)
Pandakey: mucks hand
minigus575 collected $47.50 from pot
*** SUMMARY ***
Total pot $48 | Rake $0.50
Board [9h 6h Jd 6d 4s]
Seat 1: minigus575 (big blind) showed [9s Td] and won ($47.50) with two pair, Nines and Sixes
Seat 2: Pandakey (button) (small blind) mucked


PokerStars Hand #145545727581:  Hold'em Limit ($3/$6 USD) - 2015/12/18 15:20:04 ET
Table 'Rauma' 2-max Seat #1 is the button
Seat 1: minigus575 ($173.50 in chips)
Seat 2: Pandakey ($134.34 in chips)
minigus575: posts small blind $1
Pandakey: posts big blind $3
*** HOLE CARDS ***
minigus575: raises $3 to $6
Pandakey: raises $3 to $9
minigus575: calls $3
*** FLOP *** [9s 9h 2s]
Pandakey: bets $3
minigus575: calls $3
*** TURN *** [9s 9h 2s] [Qc]
Pandakey: bets $6
minigus575: calls $6
*** RIVER *** [9s 9h 2s Qc] [Ah]
Pandakey: checks
minigus575: bets $6
Pandakey: calls $6
*** SHOW DOWN ***
minigus575: shows [Qs 4h] (two pair, Queens and Nines)
Pandakey: mucks hand
minigus575 collected $47.50 from pot
*** SUMMARY ***
Total pot $48 | Rake $0.50
Board [9s 9h 2s Qc Ah]
Seat 1: minigus575 (button) (small blind) showed [Qs 4h] and won ($47.50) with two pair, Queens and Nines
Seat 2: Pandakey (big blind) mucked


PokerStars Hand #145545761488:  Hold'em Limit ($3/$6 USD) - 2015/12/18 15:20:40 ET
Table 'Rauma' 2-max Seat #2 is the button
Seat 1: minigus575 ($197 in chips)
Seat 2: Pandakey ($110.34 in chips)
Pandakey: posts small blind $1
minigus575: posts big blind $3
*** HOLE CARDS ***
Pandakey: raises $3 to $6
minigus575: raises $3 to $9
Pandakey: calls $3
*** FLOP *** [8c Kd 4h]
minigus575: bets $3
Pandakey: calls $3
*** TURN *** [8c Kd 4h] [9c]
minigus575: bets $6
Pandakey: folds
Uncalled bet ($6) returned to minigus575
minigus575 collected $23.52 from pot
minigus575: doesn't show hand
*** SUMMARY ***
Total pot $24 | Rake $0.48
Board [8c Kd 4h 9c]
Seat 1: minigus575 (big blind) collected ($23.52)
Seat 2: Pandakey (button) (small blind) folded on the Turn


PokerStars Hand #145545822018:  Hold'em Limit ($3/$6 USD) - 2015/12/18 15:21:46 ET
Table 'Rauma' 2-max Seat #2 is the button
Seat 1: minigus575 ($199.52 in chips)
Seat 2: Pandakey ($106.98 in chips)
Pandakey: posts small blind $1
minigus575: posts big blind $3
*** HOLE CARDS ***
Pandakey: folds
Uncalled bet ($2) returned to minigus575
minigus575 collected $2 from pot
minigus575: doesn't show hand
*** SUMMARY ***
Total pot $2 | Rake $0
Seat 1: minigus575 (big blind) collected ($2)
Seat 2: Pandakey (button) (small blind) folded before Flop


PokerStars Hand #145545801867:  Hold'em Limit ($3/$6 USD) - 2015/12/18 15:21:24 ET
Table 'Rauma' 2-max Seat #1 is the button
Seat 1: minigus575 ($208.52 in chips)
Seat 2: Pandakey ($98.34 in chips)
minigus575: posts small blind $1
Pandakey: posts big blind $3
*** HOLE CARDS ***
minigus575: raises $3 to $6
Pandakey: calls $3
*** FLOP *** [9s Kh Ad]
Pandakey: checks
minigus575: bets $3
Pandakey: calls $3
*** TURN *** [9s Kh Ad] [2s]
Pandakey: checks
minigus575: checks
*** RIVER *** [9s Kh Ad 2s] [2c]
Pandakey: bets $6
minigus575: folds
Uncalled bet ($6) returned to Pandakey
Pandakey collected $17.64 from pot
Pandakey: doesn't show hand
*** SUMMARY ***
Total pot $18 | Rake $0.36
Board [9s Kh Ad 2s 2c]
Seat 1: minigus575 (button) (small blind) folded on the River
Seat 2: Pandakey (big blind) collected ($17.64)


PokerStars Hand #145545825933:  Hold'em Limit ($3/$6 USD) - 2015/12/18 15:21:50 ET
Table 'Rauma' 2-max Seat #1 is the button
Seat 1: minigus575 ($200.52 in chips)
Seat 2: Pandakey ($105.98 in chips)
minigus575: posts small blind $1
Pandakey: posts big blind $3
*** HOLE CARDS ***
minigus575: raises $3 to $6
Pandakey: raises $3 to $9
minigus575: calls $3
*** FLOP *** [Ad Kd 8d]
Pandakey: bets $3
minigus575: calls $3
*** TURN *** [Ad Kd 8d] [As]
Pandakey: bets $6
minigus575: calls $6
*** RIVER *** [Ad Kd 8d As] [6s]
Pandakey: checks
minigus575: bets $6
Pandakey: folds
Uncalled bet ($6) returned to minigus575
minigus575 collected $35.50 from pot
minigus575: doesn't show hand
*** SUMMARY ***
Total pot $36 | Rake $0.50
Board [Ad Kd 8d As 6s]
Seat 1: minigus575 (button) (small blind) collected ($35.50)
Seat 2: Pandakey (big blind) folded on the River


PokerStars Hand #145545867126:  Hold'em Limit ($3/$6 USD) - 2015/12/18 15:22:35 ET
Table 'Rauma' 2-max Seat #1 is the button
Seat 1: minigus575 ($209.02 in chips)
Seat 2: Pandakey ($96.62 in chips)
minigus575: posts small blind $1
Pandakey: posts big blind $3
*** HOLE CARDS ***
minigus575: folds
Uncalled bet ($2) returned to Pandakey
Pandakey collected $2 from pot
Pandakey: doesn't show hand
*** SUMMARY ***
Total pot $2 | Rake $0
Seat 1: minigus575 (button) (small blind) folded before Flop
Seat 2: Pandakey (big blind) collected ($2)


PokerStars Hand #145545845056:  Hold'em Limit ($3/$6 USD) - 2015/12/18 15:22:11 ET
Table 'Rauma' 2-max Seat #2 is the button
Seat 1: minigus575 ($218.02 in chips)
Seat 2: Pandakey ($87.98 in chips)
Pandakey: posts small blind $1
minigus575: posts big blind $3
*** HOLE CARDS ***
Pandakey: raises $3 to $6
minigus575: calls $3
*** FLOP *** [7c Ah 3h]
minigus575: checks
Pandakey: bets $3
minigus575: calls $3
*** TURN *** [7c Ah 3h] [2c]
minigus575: checks
Pandakey: bets $6
minigus575: folds
Uncalled bet ($6) returned to Pandakey
Pandakey collected $17.64 from pot
Pandakey: doesn't show hand
*** SUMMARY ***
Total pot $18 | Rake $0.36
Board [7c Ah 3h 2c]
Seat 1: minigus575 (big blind) folded on the Turn
Seat 2: Pandakey (button) (small blind) collected ($17.64)


PokerStars Hand #145545871531:  Hold'em Limit ($3/$6 USD) - 2015/12/18 15:22:40 ET
Table 'Rauma' 2-max Seat #2 is the button
Seat 1: minigus575 ($208.02 in chips)
Seat 2: Pandakey ($97.62 in chips)
Pandakey: posts small blind $1
minigus575: posts big blind $3
*** HOLE CARDS ***
Pandakey: raises $3 to $6
minigus575: calls $3
*** FLOP *** [8c 9s 6h]
minigus575: checks
Pandakey: checks
*** TURN *** [8c 9s 6h] [4d]
minigus575: checks
Pandakey: checks
*** RIVER *** [8c 9s 6h 4d] [Ks]
minigus575: checks
Pandakey: bets $6
minigus575: raises $6 to $12
Pandakey: folds
Uncalled bet ($6) returned to minigus575
minigus575 collected $23.52 from pot
minigus575: doesn't show hand
*** SUMMARY ***
Total pot $24 | Rake $0.48
Board [8c 9s 6h 4d Ks]
Seat 1: minigus575 (big blind) collected ($23.52)
Seat 2: Pandakey (button) (small blind) folded on the River


PokerStars Hand #145545894222:  Hold'em Limit ($3/$6 USD) - 2015/12/18 15:23:04 ET
Table 'Rauma' 2-max Seat #1 is the button
Seat 1: minigus575 ($219.54 in chips)
Seat 2: Pandakey ($85.62 in chips)
minigus575: posts small blind $1
Pandakey: posts big blind $3
*** HOLE CARDS ***
minigus575: raises $3 to $6
Pandakey: folds
Uncalled bet ($3) returned to minigus575
minigus575 collected $6 from pot
minigus575: doesn't show hand
*** SUMMARY ***
Total pot $6 | Rake $0
Seat 1: minigus575 (button) (small blind) collected ($6)
Seat 2: Pandakey (big blind) folded before Flop


PokerStars Hand #145545901565:  Hold'em Limit ($3/$6 USD) - 2015/12/18 15:23:12 ET
Table 'Rauma' 2-max Seat #2 is the button
Seat 1: minigus575 ($222.54 in chips)
Seat 2: Pandakey ($82.62 in chips)
Pandakey: posts small blind $1
minigus575: posts big blind $3
*** HOLE CARDS ***
Pandakey: raises $3 to $6
minigus575: raises $3 to $9
Pandakey: calls $3
*** FLOP *** [6s Tc Jh]
minigus575: bets $3
Pandakey: folds
Uncalled bet ($3) returned to minigus575
minigus575 collected $17.64 from pot
minigus575: doesn't show hand
*** SUMMARY ***
Total pot $18 | Rake $0.36
Board [6s Tc Jh]
Seat 1: minigus575 (big blind) collected ($17.64)
Seat 2: Pandakey (button) (small blind) folded on the Flop


PokerStars Hand #145545910721:  Hold'em Limit ($3/$6 USD) - 2015/12/18 15:23:22 ET
Table 'Rauma' 2-max Seat #1 is the button
Seat 1: minigus575 ($231.18 in chips)
Seat 2: Pandakey ($73.62 in chips)
minigus575: posts small blind $1
Pandakey: posts big blind $3
*** HOLE CARDS ***
minigus575: raises $3 to $6
Pandakey: folds
Uncalled bet ($3) returned to minigus575
minigus575 collected $6 from pot
minigus575: doesn't show hand
*** SUMMARY ***
Total pot $6 | Rake $0
Seat 1: minigus575 (button) (small blind) collected ($6)
Seat 2: Pandakey (big blind) folded before Flop


PokerStars Hand #145545919479:  Hold'em Limit ($3/$6 USD) - 2015/12/18 15:23:32 ET
Table 'Rauma' 2-max Seat #2 is the button
Seat 1: minigus575 ($234.18 in chips)
Seat 2: Pandakey ($70.62 in chips)
Pandakey: posts small blind $1
minigus575: posts big blind $3
*** HOLE CARDS ***
Pandakey: raises $3 to $6
minigus575: raises $3 to $9
Pandakey: calls $3
*** FLOP *** [8s Tc 9c]
minigus575: bets $3
Pandakey: raises $3 to $6
minigus575: raises $3 to $9
Pandakey: calls $3
*** TURN *** [8s Tc 9c] [9d]
minigus575: bets $6
Pandakey: calls $6
*** RIVER *** [8s Tc 9c 9d] [4d]
minigus575: bets $6
Pandakey: calls $6
*** SHOW DOWN ***
minigus575: shows [8c 7c] (two pair, Nines and Eights)
Pandakey: shows [Td 7h] (two pair, Tens and Nines)
Pandakey collected $59.50 from pot
*** SUMMARY ***
Total pot $60 | Rake $0.50
Board [8s Tc 9c 9d 4d]
Seat 1: minigus575 (big blind) showed [8c 7c] and lost with two pair, Nines and Eights
Seat 2: Pandakey (button) (small blind) showed [Td 7h] and won ($59.50) with two pair, Tens and Nines


PokerStars Hand #145545958566:  Hold'em Limit ($3/$6 USD) - 2015/12/18 15:24:15 ET
Table 'Rauma' 2-max Seat #1 is the button
Seat 1: minigus575 ($204.18 in chips)
Seat 2: Pandakey ($100.12 in chips)
minigus575: posts small blind $1
Pandakey: posts big blind $3
*** HOLE CARDS ***
minigus575: raises $3 to $6
Pandakey: calls $3
*** FLOP *** [Qc As 2h]
Pandakey: checks
minigus575: bets $3
Pandakey: calls $3
*** TURN *** [Qc As 2h] [4c]
Pandakey: checks
minigus575: checks
*** RIVER *** [Qc As 2h 4c] [Kd]
Pandakey: bets $6
minigus575: calls $6
*** SHOW DOWN ***
Pandakey: shows [8h Ac] (a pair of Aces)
minigus575: mucks hand
Pandakey collected $29.50 from pot
*** SUMMARY ***
Total pot $30 | Rake $0.50
Board [Qc As 2h 4c Kd]
Seat 1: minigus575 (button) (small blind) mucked
Seat 2: Pandakey (big blind) showed [8h Ac] and won ($29.50) with a pair of Aces


PokerStars Hand #145546025256:  Hold'em Limit ($3/$6 USD) - 2015/12/18 15:25:27 ET
Table 'Rauma' 2-max Seat #2 is the button
Seat 1: minigus575 ($167.94 in chips)
Seat 2: Pandakey ($135.12 in chips)
Pandakey: posts small blind $1
minigus575: posts big blind $3
*** HOLE CARDS ***
Pandakey: folds
Uncalled bet ($2) returned to minigus575
minigus575 collected $2 from pot
minigus575: doesn't show hand
*** SUMMARY ***
Total pot $2 | Rake $0
Seat 1: minigus575 (big blind) collected ($2)
Seat 2: Pandakey (button) (small blind) folded before Flop


PokerStars Hand #145546018550:  Hold'em Limit ($3/$6 USD) - 2015/12/18 15:25:20 ET
Table 'Rauma' 2-max Seat #1 is the button
Seat 1: minigus575 ($164.94 in chips)
Seat 2: Pandakey ($138.12 in chips)
minigus575: posts small blind $1
Pandakey: posts big blind $3
*** HOLE CARDS ***
minigus575: raises $3 to $6
Pandakey: folds
Uncalled bet ($3) returned to minigus575
minigus575 collected $6 from pot
minigus575: doesn't show hand
*** SUMMARY ***
Total pot $6 | Rake $0
Seat 1: minigus575 (button) (small blind) collected ($6)
Seat 2: Pandakey (big blind) folded before Flop


PokerStars Hand #145546012336:  Hold'em Limit ($3/$6 USD) - 2015/12/18 15:25:13 ET
Table 'Rauma' 2-max Seat #2 is the button
Seat 1: minigus575 ($167.94 in chips)
Seat 2: Pandakey ($135.12 in chips)
Pandakey: posts small blind $1
minigus575: posts big blind $3
*** HOLE CARDS ***
Pandakey: raises $3 to $6
minigus575: folds
Uncalled bet ($3) returned to Pandakey
Pandakey collected $6 from pot
Pandakey: doesn't show hand
*** SUMMARY ***
Total pot $6 | Rake $0
Seat 1: minigus575 (big blind) folded before Flop
Seat 2: Pandakey (button) (small blind) collected ($6)


PokerStars Hand #145546004749:  Hold'em Limit ($3/$6 USD) - 2015/12/18 15:25:05 ET
Table 'Rauma' 2-max Seat #1 is the button
Seat 1: minigus575 ($162.18 in chips)
Seat 2: Pandakey ($141.12 in chips)
minigus575: posts small blind $1
Pandakey: posts big blind $3
*** HOLE CARDS ***
minigus575: raises $3 to $6
Pandakey: calls $3
*** FLOP *** [Kc 3s 8s]
Pandakey: checks
minigus575: bets $3
Pandakey: folds
Uncalled bet ($3) returned to minigus575
minigus575 collected $11.76 from pot
minigus575: doesn't show hand
*** SUMMARY ***
Total pot $12 | Rake $0.24
Board [Kc 3s 8s]
Seat 1: minigus575 (button) (small blind) collected ($11.76)
Seat 2: Pandakey (big blind) folded on the Flop


PokerStars Hand #145545974905:  Hold'em Limit ($3/$6 USD) - 2015/12/18 15:24:32 ET
Table 'Rauma' 2-max Seat #2 is the button
Seat 1: minigus575 ($189.18 in chips)
Seat 2: Pandakey ($114.62 in chips)
Pandakey: posts small blind $1
minigus575: posts big blind $3
*** HOLE CARDS ***
Pandakey: raises $3 to $6
minigus575: raises $3 to $9
Pandakey: calls $3
*** FLOP *** [9d 9c Qs]
minigus575: bets $3
Pandakey: raises $3 to $6
minigus575: calls $3
*** TURN *** [9d 9c Qs] [3h]
minigus575: checks
Pandakey: bets $6
minigus575: calls $6
*** RIVER *** [9d 9c Qs 3h] [4s]
minigus575: checks
Pandakey: bets $6
minigus575: calls $6
*** SHOW DOWN ***
Pandakey: shows [Td Qh] (two pair, Queens and Nines)
minigus575: mucks hand
Pandakey collected $53.50 from pot
*** SUMMARY ***
Total pot $54 | Rake $0.50
Board [9d 9c Qs 3h 4s]
Seat 1: minigus575 (big blind) mucked
Seat 2: Pandakey (button) (small blind) showed [Td Qh] and won ($53.50) with two pair, Queens and Nines


PokerStars Hand #145546081863:  Hold'em Limit ($3/$6 USD) - 2015/12/18 15:26:29 ET
Table 'Rauma' 2-max Seat #2 is the button
Seat 1: minigus575 ($180.44 in chips)
Seat 2: Pandakey ($121.62 in chips)
Pandakey: posts small blind $1
minigus575: posts big blind $3
*** HOLE CARDS ***
Pandakey: raises $3 to $6
minigus575: calls $3
*** FLOP *** [7s Kd 6h]
minigus575: checks
Pandakey: bets $3
minigus575: raises $3 to $6
Pandakey: folds
Uncalled bet ($3) returned to minigus575
minigus575 collected $17.64 from pot
minigus575: doesn't show hand
*** SUMMARY ***
Total pot $18 | Rake $0.36
Board [7s Kd 6h]
Seat 1: minigus575 (big blind) collected ($17.64)
Seat 2: Pandakey (button) (small blind) folded on the Flop


PokerStars Hand #145546067558:  Hold'em Limit ($3/$6 USD) - 2015/12/18 15:26:13 ET
Table 'Rauma' 2-max Seat #1 is the button
Seat 1: minigus575 ($150.94 in chips)
Seat 2: Pandakey ($151.62 in chips)
minigus575: posts small blind $1
Pandakey: posts big blind $3
*** HOLE CARDS ***
minigus575: raises $3 to $6
Pandakey: calls $3
*** FLOP *** [Qs 6c 3c]
Pandakey: checks
minigus575: bets $3
Pandakey: raises $3 to $6
minigus575: calls $3
*** TURN *** [Qs 6c 3c] [Ts]
Pandakey: bets $6
minigus575: calls $6
*** RIVER *** [Qs 6c 3c Ts] [7d]
Pandakey: bets $6
minigus575: raises $6 to $12
Pandakey: calls $6
*** SHOW DOWN ***
minigus575: shows [4s 5d] (a straight, Three to Seven)
Pandakey: mucks hand
minigus575 collected $59.50 from pot
*** SUMMARY ***
Total pot $60 | Rake $0.50
Board [Qs 6c 3c Ts 7d]
Seat 1: minigus575 (button) (small blind) showed [4s 5d] and won ($59.50) with a straight, Three to Seven
Seat 2: Pandakey (big blind) mucked


PokerStars Hand #145546062382:  Hold'em Limit ($3/$6 USD) - 2015/12/18 15:26:08 ET
Table 'Rauma' 2-max Seat #2 is the button
Seat 1: minigus575 ($153.94 in chips)
Seat 2: Pandakey ($148.62 in chips)
Pandakey: posts small blind $1
minigus575: posts big blind $3
*** HOLE CARDS ***
Pandakey: raises $3 to $6
minigus575: folds
Uncalled bet ($3) returned to Pandakey
Pandakey collected $6 from pot
Pandakey: doesn't show hand
*** SUMMARY ***
Total pot $6 | Rake $0
Seat 1: minigus575 (big blind) folded before Flop
Seat 2: Pandakey (button) (small blind) collected ($6)


PokerStars Hand #145546037889:  Hold'em Limit ($3/$6 USD) - 2015/12/18 15:25:41 ET
Table 'Rauma' 2-max Seat #1 is the button
Seat 1: minigus575 ($168.94 in chips)
Seat 2: Pandakey ($134.12 in chips)
minigus575: posts small blind $1
Pandakey: posts big blind $3
*** HOLE CARDS ***
minigus575: raises $3 to $6
Pandakey: calls $3
*** FLOP *** [2s 3c 8d]
Pandakey: checks
minigus575: bets $3
Pandakey: calls $3
*** TURN *** [2s 3c 8d] [As]
Pandakey: checks
minigus575: bets $6
Pandakey: calls $6
*** RIVER *** [2s 3c 8d As] [7h]
Pandakey: checks
minigus575: checks
*** SHOW DOWN ***
Pandakey: shows [4s Kh] (high card Ace)
minigus575: mucks hand
Pandakey collected $29.50 from pot
*** SUMMARY ***
Total pot $30 | Rake $0.50
Board [2s 3c 8d As 7h]
Seat 1: minigus575 (button) (small blind) mucked
Seat 2: Pandakey (big blind) showed [4s Kh] and won ($29.50) with high card Ace


PokerStars Hand #145546124842:  Hold'em Limit ($3/$6 USD) - 2015/12/18 15:27:15 ET
Table 'Rauma' 2-max Seat #1 is the button
Seat 1: minigus575 ($236.08 in chips)
Seat 2: Pandakey ($64.62 in chips)
minigus575: posts small blind $1
Pandakey: posts big blind $3
*** HOLE CARDS ***
minigus575: raises $3 to $6
Pandakey: calls $3
*** FLOP *** [Ah Js 4h]
Pandakey: checks
minigus575: bets $3
Pandakey: calls $3
*** TURN *** [Ah Js 4h] [8h]
Pandakey: checks
minigus575: bets $6
Pandakey: calls $6
*** RIVER *** [Ah Js 4h 8h] [4c]
Pandakey: checks
minigus575: checks
*** SHOW DOWN ***
Pandakey: shows [9h Kd] (a pair of Fours)
minigus575: mucks hand
Pandakey collected $29.50 from pot
*** SUMMARY ***
Total pot $30 | Rake $0.50
Board [Ah Js 4h 8h 4c]
Seat 1: minigus575 (button) (small blind) mucked
Seat 2: Pandakey (big blind) showed [9h Kd] and won ($29.50) with a pair of Fours


PokerStars Hand #145546105832:  Hold'em Limit ($3/$6 USD) - 2015/12/18 15:26:55 ET
Table 'Rauma' 2-max Seat #2 is the button
Seat 1: minigus575 ($212.58 in chips)
Seat 2: Pandakey ($88.62 in chips)
Pandakey: posts small blind $1
minigus575: posts big blind $3
*** HOLE CARDS ***
Pandakey: raises $3 to $6
minigus575: raises $3 to $9
Pandakey: calls $3
*** FLOP *** [5d Ts 7c]
minigus575: bets $3
Pandakey: calls $3
*** TURN *** [5d Ts 7c] [8h]
minigus575: bets $6
Pandakey: calls $6
*** RIVER *** [5d Ts 7c 8h] [6s]
minigus575: bets $6
Pandakey: calls $6
*** SHOW DOWN ***
minigus575: shows [5h 5c] (three of a kind, Fives)
Pandakey: mucks hand
minigus575 collected $47.50 from pot
*** SUMMARY ***
Total pot $48 | Rake $0.50
Board [5d Ts 7c 8h 6s]
Seat 1: minigus575 (big blind) showed [5h 5c] and won ($47.50) with three of a kind, Fives
Seat 2: Pandakey (button) (small blind) mucked


PokerStars Hand #145546090424:  Hold'em Limit ($3/$6 USD) - 2015/12/18 15:26:38 ET
Table 'Rauma' 2-max Seat #1 is the button
Seat 1: minigus575 ($189.08 in chips)
Seat 2: Pandakey ($112.62 in chips)
minigus575: posts small blind $1
Pandakey: posts big blind $3
*** HOLE CARDS ***
minigus575: raises $3 to $6
Pandakey: raises $3 to $9
minigus575: calls $3
*** FLOP *** [5s 8s 4d]
Pandakey: bets $3
minigus575: calls $3
*** TURN *** [5s 8s 4d] [Tc]
Pandakey: checks
minigus575: bets $6
Pandakey: calls $6
*** RIVER *** [5s 8s 4d Tc] [3s]
Pandakey: checks
minigus575: bets $6
Pandakey: calls $6
*** SHOW DOWN ***
minigus575: shows [5h Kc] (a pair of Fives)
Pandakey: mucks hand
minigus575 collected $47.50 from pot
*** SUMMARY ***
Total pot $48 | Rake $0.50
Board [5s 8s 4d Tc 3s]
Seat 1: minigus575 (button) (small blind) showed [5h Kc] and won ($47.50) with a pair of Fives
Seat 2: Pandakey (big blind) mucked


PokerStars Hand #145546156656:  Hold'em Limit ($3/$6 USD) - 2015/12/18 15:27:50 ET
Table 'Rauma' 2-max Seat #2 is the button
Seat 1: minigus575 ($221.08 in chips)
Seat 2: Pandakey ($79.12 in chips)
Pandakey: posts small blind $1
minigus575: posts big blind $3
*** HOLE CARDS ***
Pandakey: raises $3 to $6
minigus575: raises $3 to $9
Pandakey: calls $3
*** FLOP *** [Ad Qd 4c]
minigus575: bets $3
Pandakey: calls $3
*** TURN *** [Ad Qd 4c] [Ac]
minigus575: bets $6
Pandakey: raises $6 to $12
minigus575: raises $6 to $18
Pandakey: calls $6
*** RIVER *** [Ad Qd 4c Ac] [Js]
minigus575: bets $6
Pandakey: folds
Uncalled bet ($6) returned to minigus575
minigus575 collected $59.50 from pot
minigus575: doesn't show hand
*** SUMMARY ***
Total pot $60 | Rake $0.50
Board [Ad Qd 4c Ac Js]
Seat 1: minigus575 (big blind) collected ($59.50)
Seat 2: Pandakey (button) (small blind) folded on the River


PokerStars Hand #145546235105:  Hold'em Limit ($3/$6 USD) - 2015/12/18 15:29:15 ET
Table 'Rauma' 2-max Seat #2 is the button
Seat 1: minigus575 ($271.08 in chips)
Seat 2: Pandakey ($28.12 in chips)
Pandakey: posts small blind $1
minigus575: posts big blind $3
*** HOLE CARDS ***
Pandakey: raises $3 to $6
minigus575: raises $3 to $9
Pandakey: calls $3
*** FLOP *** [Ks 4d 9c]
minigus575: bets $3
Pandakey: calls $3
*** TURN *** [Ks 4d 9c] [7s]
minigus575: bets $6
Pandakey: calls $6
*** RIVER *** [Ks 4d 9c 7s] [8c]
minigus575: bets $6
Pandakey: calls $6
*** SHOW DOWN ***
minigus575: shows [Ac 8s] (a pair of Eights)
Pandakey: mucks hand
minigus575 collected $47.50 from pot
*** SUMMARY ***
Total pot $48 | Rake $0.50
Board [Ks 4d 9c 7s 8c]
Seat 1: minigus575 (big blind) showed [Ac 8s] and won ($47.50) with a pair of Eights
Seat 2: Pandakey (button) (small blind) mucked


PokerStars Hand #145546199182:  Hold'em Limit ($3/$6 USD) - 2015/12/18 15:28:36 ET
Table 'Rauma' 2-max Seat #1 is the button
Seat 1: minigus575 ($250.58 in chips)
Seat 2: Pandakey ($49.12 in chips)
minigus575: posts small blind $1
Pandakey: posts big blind $3
*** HOLE CARDS ***
minigus575: raises $3 to $6
Pandakey: raises $3 to $9
minigus575: calls $3
*** FLOP *** [Qh 4h 8d]
Pandakey: bets $3
minigus575: raises $3 to $6
Pandakey: calls $3
*** TURN *** [Qh 4h 8d] [6s]
Pandakey: checks
minigus575: checks
*** RIVER *** [Qh 4h 8d 6s] [3d]
Pandakey: checks
minigus575: bets $6
Pandakey: calls $6
*** SHOW DOWN ***
minigus575: shows [4c Jc] (a pair of Fours)
Pandakey: mucks hand
minigus575 collected $41.50 from pot
*** SUMMARY ***
Total pot $42 | Rake $0.50
Board [Qh 4h 8d 6s 3d]
Seat 1: minigus575 (button) (small blind) showed [4c Jc] and won ($41.50) with a pair of Fours
Seat 2: Pandakey (big blind) mucked


PokerStars Hand #145546307311:  Hold'em Limit ($3/$6 USD) - 2015/12/18 15:30:34 ET
Table 'Rauma' 2-max Seat #2 is the button
Seat 1: minigus575 ($263.54 in chips)
Seat 2: Pandakey ($138.02 in chips)
Pandakey: posts small blind $1
minigus575: posts big blind $3
*** HOLE CARDS ***
Pandakey: raises $3 to $6
minigus575: calls $3
*** FLOP *** [9c 7c 5h]
minigus575: checks
Pandakey: bets $3
minigus575: calls $3
*** TURN *** [9c 7c 5h] [8s]
minigus575: checks
Pandakey: bets $6
minigus575: folds
Uncalled bet ($6) returned to Pandakey
Pandakey collected $17.64 from pot
Pandakey: doesn't show hand
*** SUMMARY ***
Total pot $18 | Rake $0.36
Board [9c 7c 5h 8s]
Seat 1: minigus575 (big blind) folded on the Turn
Seat 2: Pandakey (button) (small blind) collected ($17.64)


PokerStars Hand #145546283863:  Hold'em Limit ($3/$6 USD) - 2015/12/18 15:30:08 ET
Table 'Rauma' 2-max Seat #1 is the button
Seat 1: minigus575 ($299.54 in chips)
Seat 2: Pandakey ($102.52 in chips)
minigus575: posts small blind $1
Pandakey: posts big blind $3
*** HOLE CARDS ***
minigus575: raises $3 to $6
Pandakey: calls $3
*** FLOP *** [8h 9h 7d]
Pandakey: checks
minigus575: bets $3
Pandakey: raises $3 to $6
minigus575: calls $3
*** TURN *** [8h 9h 7d] [9d]
Pandakey: bets $6
minigus575: raises $6 to $12
Pandakey: raises $6 to $18
minigus575: calls $6
*** RIVER *** [8h 9h 7d 9d] [4d]
Pandakey: bets $6
minigus575: calls $6
*** SHOW DOWN ***
Pandakey: shows [6c Ts] (a straight, Six to Ten)
minigus575: mucks hand
Pandakey collected $71.50 from pot
*** SUMMARY ***
Total pot $72 | Rake $0.50
Board [8h 9h 7d 9d 4d]
Seat 1: minigus575 (button) (small blind) mucked
Seat 2: Pandakey (big blind) showed [6c Ts] and won ($71.50) with a straight, Six to Ten


PokerStars Hand #145546277139:  Hold'em Limit ($3/$6 USD) - 2015/12/18 15:30:00 ET
Table 'Rauma' 2-max Seat #2 is the button
Seat 1: minigus575 ($298.54 in chips)
Seat 2: Pandakey ($103.52 in chips)
Pandakey: posts small blind $1
minigus575: posts big blind $3
*** HOLE CARDS ***
Pandakey: folds
Uncalled bet ($2) returned to minigus575
minigus575 collected $2 from pot
minigus575: doesn't show hand
*** SUMMARY ***
Total pot $2 | Rake $0
Seat 1: minigus575 (big blind) collected ($2)
Seat 2: Pandakey (button) (small blind) folded before Flop


PokerStars Hand #145546261712:  Hold'em Limit ($3/$6 USD) - 2015/12/18 15:29:44 ET
Table 'Rauma' 2-max Seat #1 is the button
Seat 1: minigus575 ($294.58 in chips)
Seat 2: Pandakey ($4.12 in chips)
minigus575: posts small blind $1
Pandakey: posts big blind $3
*** HOLE CARDS ***
minigus575: raises $3 to $6
Pandakey: calls $1.12 and is all-in
Uncalled bet ($1.88) returned to minigus575
*** FLOP *** [8d Kh 5d]
*** TURN *** [8d Kh 5d] [5s]
*** RIVER *** [8d Kh 5d 5s] [Th]
*** SHOW DOWN ***
Pandakey: shows [9s Td] (two pair, Tens and Fives)
minigus575: shows [8h 5c] (a full house, Fives full of Eights)
minigus575 collected $8.08 from pot
*** SUMMARY ***
Total pot $8.24 | Rake $0.16
Board [8d Kh 5d 5s Th]
Seat 1: minigus575 (button) (small blind) showed [8h 5c] and won ($8.08) with a full house, Fives full of Eights
Seat 2: Pandakey (big blind) showed [9s Td] and lost with two pair, Tens and Fives


PokerStars Hand #145546325818:  Hold'em Limit ($3/$6 USD) - 2015/12/18 15:30:54 ET
Table 'Rauma' 2-max Seat #1 is the button
Seat 1: minigus575 ($254.54 in chips)
Seat 2: Pandakey ($146.66 in chips)
minigus575: posts small blind $1
Pandakey: posts big blind $3
*** HOLE CARDS ***
minigus575: raises $3 to $6
Pandakey: calls $3
*** FLOP *** [4h 8s 7s]
Pandakey: checks
minigus575: bets $3
Pandakey: calls $3
*** TURN *** [4h 8s 7s] [6s]
Pandakey: checks
minigus575: bets $6
Pandakey: calls $6
*** RIVER *** [4h 8s 7s 6s] [2s]
Pandakey: bets $6
minigus575: calls $6
*** SHOW DOWN ***
Pandakey: shows [3c As] (a flush, Ace high)
minigus575: mucks hand
Pandakey collected $41.50 from pot
*** SUMMARY ***
Total pot $42 | Rake $0.50
Board [4h 8s 7s 6s 2s]
Seat 1: minigus575 (button) (small blind) mucked
Seat 2: Pandakey (big blind) showed [3c As] and won ($41.50) with a flush, Ace high


PokerStars Hand #145546416821:  Hold'em Limit ($3/$6 USD) - 2015/12/18 15:32:32 ET
Table 'Rauma' 2-max Seat #1 is the button
Seat 1: minigus575 ($242.18 in chips)
Seat 2: Pandakey ($158.16 in chips)
minigus575: posts small blind $1
Pandakey: posts big blind $3
*** HOLE CARDS ***
minigus575: raises $3 to $6
Pandakey: folds
Uncalled bet ($3) returned to minigus575
minigus575 collected $6 from pot
minigus575: doesn't show hand
*** SUMMARY ***
Total pot $6 | Rake $0
Seat 1: minigus575 (button) (small blind) collected ($6)
Seat 2: Pandakey (big blind) folded before Flop


PokerStars Hand #145546405228:  Hold'em Limit ($3/$6 USD) - 2015/12/18 15:32:19 ET
Table 'Rauma' 2-max Seat #2 is the button
Seat 1: minigus575 ($241.18 in chips)
Seat 2: Pandakey ($159.16 in chips)
Pandakey: posts small blind $1
minigus575: posts big blind $3
*** HOLE CARDS ***
Pandakey: folds
Uncalled bet ($2) returned to minigus575
minigus575 collected $2 from pot
minigus575: doesn't show hand
*** SUMMARY ***
Total pot $2 | Rake $0
Seat 1: minigus575 (big blind) collected ($2)
Seat 2: Pandakey (button) (small blind) folded before Flop


PokerStars Hand #145546400779:  Hold'em Limit ($3/$6 USD) - 2015/12/18 15:32:15 ET
Table 'Rauma' 2-max Seat #1 is the button
Seat 1: minigus575 ($242.18 in chips)
Seat 2: Pandakey ($158.16 in chips)
minigus575: posts small blind $1
Pandakey: posts big blind $3
*** HOLE CARDS ***
minigus575: folds
Uncalled bet ($2) returned to Pandakey
Pandakey collected $2 from pot
Pandakey: doesn't show hand
*** SUMMARY ***
Total pot $2 | Rake $0
Seat 1: minigus575 (button) (small blind) folded before Flop
Seat 2: Pandakey (big blind) collected ($2)


PokerStars Hand #145546394966:  Hold'em Limit ($3/$6 USD) - 2015/12/18 15:32:09 ET
Table 'Rauma' 2-max Seat #2 is the button
Seat 1: minigus575 ($245.18 in chips)
Seat 2: Pandakey ($155.16 in chips)
Pandakey: posts small blind $1
minigus575: posts big blind $3
*** HOLE CARDS ***
Pandakey: raises $3 to $6
minigus575: folds
Uncalled bet ($3) returned to Pandakey
Pandakey collected $6 from pot
Pandakey: doesn't show hand
*** SUMMARY ***
Total pot $6 | Rake $0
Seat 1: minigus575 (big blind) folded before Flop
Seat 2: Pandakey (button) (small blind) collected ($6)


PokerStars Hand #145546388973:  Hold'em Limit ($3/$6 USD) - 2015/12/18 15:32:02 ET
Table 'Rauma' 2-max Seat #1 is the button
Seat 1: minigus575 ($242.18 in chips)
Seat 2: Pandakey ($158.16 in chips)
minigus575: posts small blind $1
Pandakey: posts big blind $3
*** HOLE CARDS ***
minigus575: raises $3 to $6
Pandakey: folds
Uncalled bet ($3) returned to minigus575
minigus575 collected $6 from pot
minigus575: doesn't show hand
*** SUMMARY ***
Total pot $6 | Rake $0
Seat 1: minigus575 (button) (small blind) collected ($6)
Seat 2: Pandakey (big blind) folded before Flop


PokerStars Hand #145546345449:  Hold'em Limit ($3/$6 USD) - 2015/12/18 15:31:15 ET
Table 'Rauma' 2-max Seat #2 is the button
Seat 1: minigus575 ($233.54 in chips)
Seat 2: Pandakey ($167.16 in chips)
Pandakey: posts small blind $1
minigus575: posts big blind $3
*** HOLE CARDS ***
Pandakey: raises $3 to $6
minigus575: calls $3
*** FLOP *** [2s 7s 9d]
minigus575: checks
Pandakey: bets $3
minigus575: raises $3 to $6
Pandakey: folds
Uncalled bet ($3) returned to minigus575
minigus575 collected $17.64 from pot
minigus575: doesn't show hand
*** SUMMARY ***
Total pot $18 | Rake $0.36
Board [2s 7s 9d]
Seat 1: minigus575 (big blind) collected ($17.64)
Seat 2: Pandakey (button) (small blind) folded on the Flop


PokerStars Hand #145546489227:  Hold'em Limit ($3/$6 USD) - 2015/12/18 15:33:50 ET
Table 'Rauma' 2-max Seat #1 is the button
Seat 1: minigus575 ($278.82 in chips)
Seat 2: Pandakey ($119.92 in chips)
minigus575: posts small blind $1
Pandakey: posts big blind $3
*** HOLE CARDS ***
minigus575: folds
Uncalled bet ($2) returned to Pandakey
Pandakey collected $2 from pot
Pandakey: doesn't show hand
*** SUMMARY ***
Total pot $2 | Rake $0
Seat 1: minigus575 (button) (small blind) folded before Flop
Seat 2: Pandakey (big blind) collected ($2)


PokerStars Hand #145546478333:  Hold'em Limit ($3/$6 USD) - 2015/12/18 15:33:39 ET
Table 'Rauma' 2-max Seat #2 is the button
Seat 1: minigus575 ($270.18 in chips)
Seat 2: Pandakey ($128.92 in chips)
Pandakey: posts small blind $1
minigus575: posts big blind $3
*** HOLE CARDS ***
Pandakey: raises $3 to $6
minigus575: raises $3 to $9
Pandakey: calls $3
*** FLOP *** [Th Kd 8d]
minigus575: bets $3
Pandakey: folds
Uncalled bet ($3) returned to minigus575
minigus575 collected $17.64 from pot
minigus575: doesn't show hand
*** SUMMARY ***
Total pot $18 | Rake $0.36
Board [Th Kd 8d]
Seat 1: minigus575 (big blind) collected ($17.64)
Seat 2: Pandakey (button) (small blind) folded on the Flop


PokerStars Hand #145546474318:  Hold'em Limit ($3/$6 USD) - 2015/12/18 15:33:34 ET
Table 'Rauma' 2-max Seat #1 is the button
Seat 1: minigus575 ($271.18 in chips)
Seat 2: Pandakey ($127.92 in chips)
minigus575: posts small blind $1
Pandakey: posts big blind $3
*** HOLE CARDS ***
minigus575: folds
Uncalled bet ($2) returned to Pandakey
Pandakey collected $2 from pot
Pandakey: doesn't show hand
*** SUMMARY ***
Total pot $2 | Rake $0
Seat 1: minigus575 (button) (small blind) folded before Flop
Seat 2: Pandakey (big blind) collected ($2)


PokerStars Hand #145546462917:  Hold'em Limit ($3/$6 USD) - 2015/12/18 15:33:22 ET
Table 'Rauma' 2-max Seat #2 is the button
Seat 1: minigus575 ($277.18 in chips)
Seat 2: Pandakey ($122.16 in chips)
Pandakey: posts small blind $1
minigus575: posts big blind $3
*** HOLE CARDS ***
Pandakey: raises $3 to $6
minigus575: calls $3
*** FLOP *** [As Jc Js]
minigus575: checks
Pandakey: checks
*** TURN *** [As Jc Js] [9s]
minigus575: checks
Pandakey: bets $6
minigus575: folds
Uncalled bet ($6) returned to Pandakey
Pandakey collected $11.76 from pot
Pandakey: doesn't show hand
*** SUMMARY ***
Total pot $12 | Rake $0.24
Board [As Jc Js 9s]
Seat 1: minigus575 (big blind) folded on the Turn
Seat 2: Pandakey (button) (small blind) collected ($11.76)


PokerStars Hand #145546446814:  Hold'em Limit ($3/$6 USD) - 2015/12/18 15:33:04 ET
Table 'Rauma' 2-max Seat #1 is the button
Seat 1: minigus575 ($262.68 in chips)
Seat 2: Pandakey ($137.16 in chips)
minigus575: posts small blind $1
Pandakey: posts big blind $3
*** HOLE CARDS ***
minigus575: raises $3 to $6
Pandakey: calls $3
*** FLOP *** [As 3d Js]
Pandakey: checks
minigus575: bets $3
Pandakey: calls $3
*** TURN *** [As 3d Js] [Qh]
Pandakey: checks
minigus575: bets $6
Pandakey: calls $6
*** RIVER *** [As 3d Js Qh] [8h]
Pandakey: checks
minigus575: bets $6
Pandakey: folds
Uncalled bet ($6) returned to minigus575
minigus575 collected $29.50 from pot
minigus575: doesn't show hand
*** SUMMARY ***
Total pot $30 | Rake $0.50
Board [As 3d Js Qh 8h]
Seat 1: minigus575 (button) (small blind) collected ($29.50)
Seat 2: Pandakey (big blind) folded on the River


PokerStars Hand #145546432774:  Hold'em Limit ($3/$6 USD) - 2015/12/18 15:32:49 ET
Table 'Rauma' 2-max Seat #2 is the button
Seat 1: minigus575 ($245.18 in chips)
Seat 2: Pandakey ($155.16 in chips)
Pandakey: posts small blind $1
minigus575: posts big blind $3
*** HOLE CARDS ***
Pandakey: raises $3 to $6
minigus575: calls $3
*** FLOP *** [Jc 8c 9h]
minigus575: checks
Pandakey: checks
*** TURN *** [Jc 8c 9h] [Kc]
minigus575: bets $6
Pandakey: calls $6
*** RIVER *** [Jc 8c 9h Kc] [7c]
minigus575: bets $6
Pandakey: calls $6
*** SHOW DOWN ***
minigus575: shows [3s Ac] (a flush, Ace high)
Pandakey: mucks hand
minigus575 collected $35.50 from pot
*** SUMMARY ***
Total pot $36 | Rake $0.50
Board [Jc 8c 9h Kc 7c]
Seat 1: minigus575 (big blind) showed [3s Ac] and won ($35.50) with a flush, Ace high
Seat 2: Pandakey (button) (small blind) mucked


PokerStars Hand #145546533388:  Hold'em Limit ($3/$6 USD) - 2015/12/18 15:34:38 ET
Table 'Rauma' 2-max Seat #1 is the button
Seat 1: minigus575 ($236.82 in chips)
Seat 2: Pandakey ($160.92 in chips)
minigus575: posts small blind $1
Pandakey: posts big blind $3
*** HOLE CARDS ***
minigus575: raises $3 to $6
Pandakey: calls $3
*** FLOP *** [7d Kh Kd]
Pandakey: checks
minigus575: bets $3
Pandakey: folds
Uncalled bet ($3) returned to minigus575
minigus575 collected $11.76 from pot
minigus575: doesn't show hand
*** SUMMARY ***
Total pot $12 | Rake $0.24
Board [7d Kh Kd]
Seat 1: minigus575 (button) (small blind) collected ($11.76)
Seat 2: Pandakey (big blind) folded on the Flop


PokerStars Hand #145546529566:  Hold'em Limit ($3/$6 USD) - 2015/12/18 15:34:34 ET
Table 'Rauma' 2-max Seat #2 is the button
Seat 1: minigus575 ($235.82 in chips)
Seat 2: Pandakey ($161.92 in chips)
Pandakey: posts small blind $1
minigus575: posts big blind $3
*** HOLE CARDS ***
Pandakey: folds
Uncalled bet ($2) returned to minigus575
minigus575 collected $2 from pot
minigus575: doesn't show hand
*** SUMMARY ***
Total pot $2 | Rake $0
Seat 1: minigus575 (big blind) collected ($2)
Seat 2: Pandakey (button) (small blind) folded before Flop


PokerStars Hand #145546512489:  Hold'em Limit ($3/$6 USD) - 2015/12/18 15:34:15 ET
Table 'Rauma' 2-max Seat #1 is the button
Seat 1: minigus575 ($250.82 in chips)
Seat 2: Pandakey ($147.42 in chips)
minigus575: posts small blind $1
Pandakey: posts big blind $3
*** HOLE CARDS ***
minigus575: raises $3 to $6
Pandakey: calls $3
*** FLOP *** [7h Jd 7c]
Pandakey: checks
minigus575: bets $3
Pandakey: calls $3
*** TURN *** [7h Jd 7c] [7s]
Pandakey: checks
minigus575: bets $6
Pandakey: calls $6
*** RIVER *** [7h Jd 7c 7s] [Td]
Pandakey: checks
minigus575: checks
*** SHOW DOWN ***
Pandakey: shows [Ad 5c] (three of a kind, Sevens)
minigus575: mucks hand
Pandakey collected $29.50 from pot
*** SUMMARY ***
Total pot $30 | Rake $0.50
Board [7h Jd 7c 7s Td]
Seat 1: minigus575 (button) (small blind) mucked
Seat 2: Pandakey (big blind) showed [Ad 5c] and won ($29.50) with three of a kind, Sevens


PokerStars Hand #145546493473:  Hold'em Limit ($3/$6 USD) - 2015/12/18 15:33:55 ET
Table 'Rauma' 2-max Seat #2 is the button
Seat 1: minigus575 ($277.82 in chips)
Seat 2: Pandakey ($120.92 in chips)
Pandakey: posts small blind $1
minigus575: posts big blind $3
*** HOLE CARDS ***
Pandakey: raises $3 to $6
minigus575: calls $3
*** FLOP *** [8d 5h Kc]
minigus575: bets $3
Pandakey: calls $3
*** TURN *** [8d 5h Kc] [7d]
minigus575: bets $6
Pandakey: raises $6 to $12
minigus575: calls $6
*** RIVER *** [8d 5h Kc 7d] [Th]
minigus575: checks
Pandakey: bets $6
minigus575: calls $6
*** SHOW DOWN ***
Pandakey: shows [6s 4c] (a straight, Four to Eight)
minigus575: mucks hand
Pandakey collected $53.50 from pot
*** SUMMARY ***
Total pot $54 | Rake $0.50
Board [8d 5h Kc 7d Th]
Seat 1: minigus575 (big blind) mucked
Seat 2: Pandakey (button) (small blind) showed [6s 4c] and won ($53.50) with a straight, Four to Eight


PokerStars Hand #145546596629:  Hold'em Limit ($3/$6 USD) - 2015/12/18 15:35:46 ET
Table 'Rauma' 2-max Seat #1 is the button
Seat 1: minigus575 ($268.84 in chips)
Seat 2: Pandakey ($127.56 in chips)
minigus575: posts small blind $1
Pandakey: posts big blind $3
*** HOLE CARDS ***
minigus575: folds
Uncalled bet ($2) returned to Pandakey
Pandakey collected $2 from pot
Pandakey: doesn't show hand
*** SUMMARY ***
Total pot $2 | Rake $0
Seat 1: minigus575 (button) (small blind) folded before Flop
Seat 2: Pandakey (big blind) collected ($2)


PokerStars Hand #145546580718:  Hold'em Limit ($3/$6 USD) - 2015/12/18 15:35:29 ET
Table 'Rauma' 2-max Seat #2 is the button
Seat 1: minigus575 ($277.84 in chips)
Seat 2: Pandakey ($118.92 in chips)
Pandakey: posts small blind $1
minigus575: posts big blind $3
*** HOLE CARDS ***
Pandakey: raises $3 to $6
minigus575: calls $3
*** FLOP *** [6s 9s Kd]
minigus575: checks
Pandakey: bets $3
minigus575: calls $3
*** TURN *** [6s 9s Kd] [8s]
minigus575: checks
Pandakey: bets $6
minigus575: folds
Uncalled bet ($6) returned to Pandakey
Pandakey collected $17.64 from pot
Pandakey: doesn't show hand
*** SUMMARY ***
Total pot $18 | Rake $0.36
Board [6s 9s Kd 8s]
Seat 1: minigus575 (big blind) folded on the Turn
Seat 2: Pandakey (button) (small blind) collected ($17.64)


PokerStars Hand #145546565815:  Hold'em Limit ($3/$6 USD) - 2015/12/18 15:35:13 ET
Table 'Rauma' 2-max Seat #1 is the button
Seat 1: minigus575 ($272.08 in chips)
Seat 2: Pandakey ($124.92 in chips)
minigus575: posts small blind $1
Pandakey: posts big blind $3
*** HOLE CARDS ***
minigus575: raises $3 to $6
Pandakey: calls $3
*** FLOP *** [Kh 3d 2c]
Pandakey: checks
minigus575: bets $3
Pandakey: folds
Uncalled bet ($3) returned to minigus575
minigus575 collected $11.76 from pot
minigus575: doesn't show hand
*** SUMMARY ***
Total pot $12 | Rake $0.24
Board [Kh 3d 2c]
Seat 1: minigus575 (button) (small blind) collected ($11.76)
Seat 2: Pandakey (big blind) folded on the Flop


PokerStars Hand #145546542782:  Hold'em Limit ($3/$6 USD) - 2015/12/18 15:34:48 ET
Table 'Rauma' 2-max Seat #2 is the button
Seat 1: minigus575 ($242.58 in chips)
Seat 2: Pandakey ($154.92 in chips)
Pandakey: posts small blind $1
minigus575: posts big blind $3
*** HOLE CARDS ***
Pandakey: raises $3 to $6
minigus575: calls $3
*** FLOP *** [3s 9s 6c]
minigus575: checks
Pandakey: bets $3
minigus575: raises $3 to $6
Pandakey: calls $3
*** TURN *** [3s 9s 6c] [7s]
minigus575: bets $6
Pandakey: raises $6 to $12
minigus575: calls $6
*** RIVER *** [3s 9s 6c 7s] [Qh]
minigus575: checks
Pandakey: bets $6
minigus575: calls $6
*** SHOW DOWN ***
Pandakey: shows [9c 8d] (a pair of Nines)
minigus575: shows [6h 3c] (two pair, Sixes and Threes)
minigus575 collected $59.50 from pot
*** SUMMARY ***
Total pot $60 | Rake $0.50
Board [3s 9s 6c 7s Qh]
Seat 1: minigus575 (big blind) showed [6h 3c] and won ($59.50) with two pair, Sixes and Threes
Seat 2: Pandakey (button) (small blind) showed [9c 8d] and lost with a pair of Nines


PokerStars Hand #145546649328:  Hold'em Limit ($3/$6 USD) - 2015/12/18 15:36:42 ET
Table 'Rauma' 2-max Seat #2 is the button
Seat 1: minigus575 ($291.34 in chips)
Seat 2: Pandakey ($104.32 in chips)
Pandakey: posts small blind $1
minigus575: posts big blind $3
*** HOLE CARDS ***
Pandakey: raises $3 to $6
minigus575: folds
Uncalled bet ($3) returned to Pandakey
Pandakey collected $6 from pot
Pandakey: doesn't show hand
*** SUMMARY ***
Total pot $6 | Rake $0
Seat 1: minigus575 (big blind) folded before Flop
Seat 2: Pandakey (button) (small blind) collected ($6)


PokerStars Hand #145546639307:  Hold'em Limit ($3/$6 USD) - 2015/12/18 15:36:32 ET
Table 'Rauma' 2-max Seat #1 is the button
Seat 1: minigus575 ($288.34 in chips)
Seat 2: Pandakey ($107.32 in chips)
minigus575: posts small blind $1
Pandakey: posts big blind $3
*** HOLE CARDS ***
minigus575: raises $3 to $6
Pandakey: folds
Uncalled bet ($3) returned to minigus575
minigus575 collected $6 from pot
minigus575: doesn't show hand
*** SUMMARY ***
Total pot $6 | Rake $0
Seat 1: minigus575 (button) (small blind) collected ($6)
Seat 2: Pandakey (big blind) folded before Flop


PokerStars Hand #145546618323:  Hold'em Limit ($3/$6 USD) - 2015/12/18 15:36:09 ET
Table 'Rauma' 2-max Seat #2 is the button
Seat 1: minigus575 ($264.84 in chips)
Seat 2: Pandakey ($131.32 in chips)
Pandakey: posts small blind $1
minigus575: posts big blind $3
*** HOLE CARDS ***
Pandakey: raises $3 to $6
minigus575: raises $3 to $9
Pandakey: calls $3
*** FLOP *** [Jh Ts Qc]
minigus575: bets $3
Pandakey: calls $3
*** TURN *** [Jh Ts Qc] [Qh]
minigus575: bets $6
Pandakey: calls $6
*** RIVER *** [Jh Ts Qc Qh] [8h]
minigus575: bets $6
Pandakey: calls $6
*** SHOW DOWN ***
minigus575: shows [9c Kc] (a straight, Nine to King)
Pandakey: mucks hand
minigus575 collected $47.50 from pot
*** SUMMARY ***
Total pot $48 | Rake $0.50
Board [Jh Ts Qc Qh 8h]
Seat 1: minigus575 (big blind) showed [9c Kc] and won ($47.50) with a straight, Nine to King
Seat 2: Pandakey (button) (small blind) mucked


PokerStars Hand #145546611167:  Hold'em Limit ($3/$6 USD) - 2015/12/18 15:36:02 ET
Table 'Rauma' 2-max Seat #1 is the button
Seat 1: minigus575 ($261.84 in chips)
Seat 2: Pandakey ($134.32 in chips)
minigus575: posts small blind $1
Pandakey: posts big blind $3
*** HOLE CARDS ***
minigus575: raises $3 to $6
Pandakey: folds
Uncalled bet ($3) returned to minigus575
minigus575 collected $6 from pot
minigus575: doesn't show hand
*** SUMMARY ***
Total pot $6 | Rake $0
Seat 1: minigus575 (button) (small blind) collected ($6)
Seat 2: Pandakey (big blind) folded before Flop


PokerStars Hand #145546600840:  Hold'em Limit ($3/$6 USD) - 2015/12/18 15:35:51 ET
Table 'Rauma' 2-max Seat #2 is the button
Seat 1: minigus575 ($267.84 in chips)
Seat 2: Pandakey ($128.56 in chips)
Pandakey: posts small blind $1
minigus575: posts big blind $3
*** HOLE CARDS ***
Pandakey: raises $3 to $6
minigus575: calls $3
*** FLOP *** [9d 7d 7s]
minigus575: checks
Pandakey: bets $3
minigus575: folds
Uncalled bet ($3) returned to Pandakey
Pandakey collected $11.76 from pot
Pandakey: doesn't show hand
*** SUMMARY ***
Total pot $12 | Rake $0.24
Board [9d 7d 7s]
Seat 1: minigus575 (big blind) folded on the Flop
Seat 2: Pandakey (button) (small blind) collected ($11.76)


PokerStars Hand #145546697975:  Hold'em Limit ($3/$6 USD) - 2015/12/18 15:37:35 ET
Table 'Rauma' 2-max Seat #1 is the button
Seat 1: minigus575 ($293.84 in chips)
Seat 2: Pandakey ($100.96 in chips)
minigus575: posts small blind $1
Pandakey: posts big blind $3
*** HOLE CARDS ***
minigus575: raises $3 to $6
Pandakey: folds
Uncalled bet ($3) returned to minigus575
minigus575 collected $6 from pot
minigus575: doesn't show hand
*** SUMMARY ***
Total pot $6 | Rake $0
Seat 1: minigus575 (button) (small blind) collected ($6)
Seat 2: Pandakey (big blind) folded before Flop


PokerStars Hand #145546679796:  Hold'em Limit ($3/$6 USD) - 2015/12/18 15:37:15 ET
Table 'Rauma' 2-max Seat #2 is the button
Seat 1: minigus575 ($279.34 in chips)
Seat 2: Pandakey ($115.96 in chips)
Pandakey: posts small blind $1
minigus575: posts big blind $3
*** HOLE CARDS ***
Pandakey: raises $3 to $6
minigus575: calls $3
*** FLOP *** [Ks Jc 7s]
minigus575: checks
Pandakey: bets $3
minigus575: calls $3
*** TURN *** [Ks Jc 7s] [Ac]
minigus575: checks
Pandakey: checks
*** RIVER *** [Ks Jc 7s Ac] [4s]
minigus575: bets $6
Pandakey: calls $6
*** SHOW DOWN ***
minigus575: shows [7c Kh] (two pair, Kings and Sevens)
Pandakey: mucks hand
minigus575 collected $29.50 from pot
*** SUMMARY ***
Total pot $30 | Rake $0.50
Board [Ks Jc 7s Ac 4s]
Seat 1: minigus575 (big blind) showed [7c Kh] and won ($29.50) with two pair, Kings and Sevens
Seat 2: Pandakey (button) (small blind) mucked


PokerStars Hand #145546653871:  Hold'em Limit ($3/$6 USD) - 2015/12/18 15:36:47 ET
Table 'Rauma' 2-max Seat #1 is the button
Seat 1: minigus575 ($288.34 in chips)
Seat 2: Pandakey ($107.32 in chips)
minigus575: posts small blind $1
Pandakey: posts big blind $3
*** HOLE CARDS ***
minigus575: raises $3 to $6
Pandakey: calls $3
*** FLOP *** [Jc Qc Kh]
Pandakey: checks
minigus575: bets $3
Pandakey: calls $3
*** TURN *** [Jc Qc Kh] [2d]
Pandakey: checks
minigus575: checks
*** RIVER *** [Jc Qc Kh 2d] [Ah]
Pandakey: checks
minigus575: checks
*** SHOW DOWN ***
Pandakey: shows [Qh 4s] (a pair of Queens)
minigus575: mucks hand
Pandakey collected $17.64 from pot
*** SUMMARY ***
Total pot $18 | Rake $0.36
Board [Jc Qc Kh 2d Ah]
Seat 1: minigus575 (button) (small blind) mucked
Seat 2: Pandakey (big blind) showed [Qh 4s] and won ($17.64) with a pair of Queens


PokerStars Hand #145546753288:  Hold'em Limit ($3/$6 USD) - 2015/12/18 15:38:34 ET
Table 'Rauma' 2-max Seat #2 is the button
Seat 1: minigus575 ($311.34 in chips)
Seat 2: Pandakey ($82.60 in chips)
Pandakey: posts small blind $1
minigus575: posts big blind $3
*** HOLE CARDS ***
Pandakey: raises $3 to $6
minigus575: calls $3
*** FLOP *** [3d Jd Ah]
minigus575: checks
Pandakey: checks
*** TURN *** [3d Jd Ah] [Kd]
minigus575: bets $6
Pandakey: calls $6
*** RIVER *** [3d Jd Ah Kd] [4h]
minigus575: checks
Pandakey: bets $6
minigus575: folds
Uncalled bet ($6) returned to Pandakey
Pandakey collected $23.52 from pot
Pandakey: doesn't show hand
*** SUMMARY ***
Total pot $24 | Rake $0.48
Board [3d Jd Ah Kd 4h]
Seat 1: minigus575 (big blind) folded on the River
Seat 2: Pandakey (button) (small blind) collected ($23.52)


PokerStars Hand #145546737398:  Hold'em Limit ($3/$6 USD) - 2015/12/18 15:38:17 ET
Table 'Rauma' 2-max Seat #1 is the button
Seat 1: minigus575 ($287.84 in chips)
Seat 2: Pandakey ($106.60 in chips)
minigus575: posts small blind $1
Pandakey: posts big blind $3
*** HOLE CARDS ***
minigus575: raises $3 to $6
Pandakey: raises $3 to $9
minigus575: calls $3
*** FLOP *** [3h 2c Kc]
Pandakey: bets $3
minigus575: calls $3
*** TURN *** [3h 2c Kc] [9d]
Pandakey: bets $6
minigus575: calls $6
*** RIVER *** [3h 2c Kc 9d] [Ad]
Pandakey: bets $6
minigus575: calls $6
*** SHOW DOWN ***
Pandakey: shows [Qs 9s] (a pair of Nines)
minigus575: shows [Kd 5h] (a pair of Kings)
minigus575 collected $47.50 from pot
*** SUMMARY ***
Total pot $48 | Rake $0.50
Board [3h 2c Kc 9d Ad]
Seat 1: minigus575 (button) (small blind) showed [Kd 5h] and won ($47.50) with a pair of Kings
Seat 2: Pandakey (big blind) showed [Qs 9s] and lost with a pair of Nines


PokerStars Hand #145546727337:  Hold'em Limit ($3/$6 USD) - 2015/12/18 15:38:06 ET
Table 'Rauma' 2-max Seat #2 is the button
Seat 1: minigus575 ($286.84 in chips)
Seat 2: Pandakey ($107.60 in chips)
Pandakey: posts small blind $1
minigus575: posts big blind $3
*** HOLE CARDS ***
Pandakey: folds
Uncalled bet ($2) returned to minigus575
minigus575 collected $2 from pot
minigus575: doesn't show hand
*** SUMMARY ***
Total pot $2 | Rake $0
Seat 1: minigus575 (big blind) collected ($2)
Seat 2: Pandakey (button) (small blind) folded before Flop


PokerStars Hand #145546723289:  Hold'em Limit ($3/$6 USD) - 2015/12/18 15:38:02 ET
Table 'Rauma' 2-max Seat #1 is the button
Seat 1: minigus575 ($287.84 in chips)
Seat 2: Pandakey ($106.60 in chips)
minigus575: posts small blind $1
Pandakey: posts big blind $3
*** HOLE CARDS ***
minigus575: folds
Uncalled bet ($2) returned to Pandakey
Pandakey collected $2 from pot
Pandakey: doesn't show hand
*** SUMMARY ***
Total pot $2 | Rake $0
Seat 1: minigus575 (button) (small blind) folded before Flop
Seat 2: Pandakey (big blind) collected ($2)


PokerStars Hand #145546702998:  Hold'em Limit ($3/$6 USD) - 2015/12/18 15:37:40 ET
Table 'Rauma' 2-max Seat #2 is the button
Seat 1: minigus575 ($296.84 in chips)
Seat 2: Pandakey ($97.96 in chips)
Pandakey: posts small blind $1
minigus575: posts big blind $3
*** HOLE CARDS ***
Pandakey: raises $3 to $6
minigus575: calls $3
*** FLOP *** [Ah 8d 4c]
minigus575: checks
Pandakey: bets $3
minigus575: calls $3
*** TURN *** [Ah 8d 4c] [9s]
minigus575: checks
Pandakey: bets $6
minigus575: folds
Uncalled bet ($6) returned to Pandakey
Pandakey collected $17.64 from pot
Pandakey: doesn't show hand
*** SUMMARY ***
Total pot $18 | Rake $0.36
Board [Ah 8d 4c 9s]
Seat 1: minigus575 (big blind) folded on the Turn
Seat 2: Pandakey (button) (small blind) collected ($17.64)


PokerStars Hand #145546792757:  Hold'em Limit ($3/$6 USD) - 2015/12/18 15:39:16 ET
Table 'Rauma' 2-max Seat #2 is the button
Seat 1: minigus575 ($305.10 in chips)
Seat 2: Pandakey ($88.12 in chips)
Pandakey: posts small blind $1
minigus575: posts big blind $3
*** HOLE CARDS ***
Pandakey: raises $3 to $6
minigus575: raises $3 to $9
Pandakey: calls $3
*** FLOP *** [Kc 7h 9c]
minigus575: bets $3
Pandakey: calls $3
*** TURN *** [Kc 7h 9c] [2s]
minigus575: bets $6
Pandakey: calls $6
*** RIVER *** [Kc 7h 9c 2s] [5c]
minigus575: bets $6
Pandakey: calls $6
*** SHOW DOWN ***
minigus575: shows [3c 3s] (a pair of Threes)
Pandakey: mucks hand
minigus575 collected $47.50 from pot
*** SUMMARY ***
Total pot $48 | Rake $0.50
Board [Kc 7h 9c 2s 5c]
Seat 1: minigus575 (big blind) showed [3c 3s] and won ($47.50) with a pair of Threes
Seat 2: Pandakey (button) (small blind) mucked


PokerStars Hand #145546768342:  Hold'em Limit ($3/$6 USD) - 2015/12/18 15:38:50 ET
Table 'Rauma' 2-max Seat #1 is the button
Seat 1: minigus575 ($299.34 in chips)
Seat 2: Pandakey ($94.12 in chips)
minigus575: posts small blind $1
Pandakey: posts big blind $3
*** HOLE CARDS ***
minigus575: raises $3 to $6
Pandakey: calls $3
*** FLOP *** [6s Jd Ac]
Pandakey: checks
minigus575: bets $3
Pandakey: folds
Uncalled bet ($3) returned to minigus575
minigus575 collected $11.76 from pot
minigus575: doesn't show hand
*** SUMMARY ***
Total pot $12 | Rake $0.24
Board [6s Jd Ac]
Seat 1: minigus575 (button) (small blind) collected ($11.76)
Seat 2: Pandakey (big blind) folded on the Flop


PokerStars Hand #145546841176:  Hold'em Limit ($3/$6 USD) - 2015/12/18 15:40:08 ET
Table 'Rauma' 2-max Seat #2 is the button
Seat 1: minigus575 ($304.60 in chips)
Seat 2: Pandakey ($87.62 in chips)
Pandakey: posts small blind $1
minigus575: posts big blind $3
*** HOLE CARDS ***
Pandakey: raises $3 to $6
minigus575: folds
Uncalled bet ($3) returned to Pandakey
Pandakey collected $6 from pot
Pandakey: doesn't show hand
*** SUMMARY ***
Total pot $6 | Rake $0
Seat 1: minigus575 (big blind) folded before Flop
Seat 2: Pandakey (button) (small blind) collected ($6)


PokerStars Hand #145546814455:  Hold'em Limit ($3/$6 USD) - 2015/12/18 15:39:40 ET
Table 'Rauma' 2-max Seat #1 is the button
Seat 1: minigus575 ($328.60 in chips)
Seat 2: Pandakey ($64.12 in chips)
minigus575: posts small blind $1
Pandakey: posts big blind $3
*** HOLE CARDS ***
minigus575: raises $3 to $6
Pandakey: raises $3 to $9
minigus575: calls $3
*** FLOP *** [2h 2d 4c]
Pandakey: bets $3
minigus575: calls $3
*** TURN *** [2h 2d 4c] [Jd]
Pandakey: bets $6
minigus575: raises $6 to $12
Pandakey: raises $6 to $18
minigus575: folds
Uncalled bet ($6) returned to Pandakey
Pandakey collected $47.50 from pot
Pandakey: doesn't show hand
*** SUMMARY ***
Total pot $48 | Rake $0.50
Board [2h 2d 4c Jd]
Seat 1: minigus575 (button) (small blind) folded on the Turn
Seat 2: Pandakey (big blind) collected ($47.50)


