PokerStars Hand #168124082482:  Hold'em Limit ($3/$6 USD) - 2017/03/26 4:16:56 ET
Table 'Rauma' 6-max Seat #3 is the button
Seat 3: majekk ($120 in chips)
Seat 4: VolkovDmitri ($120 in chips)
majekk: posts small blind $1
VolkovDmitri: posts big blind $3
*** HOLE CARDS ***
majekk: folds
Uncalled bet ($2) returned to VolkovDmitri
VolkovDmitri collected $2 from pot
VolkovDmitri: doesn't show hand
*** SUMMARY ***
Total pot $2 | Rake $0
Seat 3: majekk (button) (small blind) folded before Flop
Seat 4: VolkovDmitri (big blind) collected ($2)


PokerStars Hand #168124095906:  Hold'em Limit ($3/$6 USD) - 2017/03/26 4:17:35 ET
Table 'Rauma' 6-max Seat #4 is the button
Seat 3: majekk ($115 in chips)
Seat 4: VolkovDmitri ($125 in chips)
VolkovDmitri: posts small blind $1
majekk: posts big blind $3
*** HOLE CARDS ***
VolkovDmitri: folds
Uncalled bet ($2) returned to majekk
majekk collected $2 from pot
majekk: doesn't show hand
*** SUMMARY ***
Total pot $2 | Rake $0
Seat 3: majekk (big blind) collected ($2)
Seat 4: VolkovDmitri (button) (small blind) folded before Flop


PokerStars Hand #168124092829:  Hold'em Limit ($3/$6 USD) - 2017/03/26 4:17:26 ET
Table 'Rauma' 6-max Seat #3 is the button
Seat 3: majekk ($116 in chips)
Seat 4: VolkovDmitri ($124 in chips)
majekk: posts small blind $1
VolkovDmitri: posts big blind $3
*** HOLE CARDS ***
majekk: folds
Uncalled bet ($2) returned to VolkovDmitri
VolkovDmitri collected $2 from pot
VolkovDmitri: doesn't show hand
*** SUMMARY ***
Total pot $2 | Rake $0
Seat 3: majekk (button) (small blind) folded before Flop
Seat 4: VolkovDmitri (big blind) collected ($2)


PokerStars Hand #168124088232:  Hold'em Limit ($3/$6 USD) - 2017/03/26 4:17:12 ET
Table 'Rauma' 6-max Seat #4 is the button
Seat 3: majekk ($119 in chips)
Seat 4: VolkovDmitri ($121 in chips)
VolkovDmitri: posts small blind $1
majekk: posts big blind $3
*** HOLE CARDS ***
VolkovDmitri: raises $3 to $6
majekk: folds
Uncalled bet ($3) returned to VolkovDmitri
VolkovDmitri collected $6 from pot
VolkovDmitri: doesn't show hand
*** SUMMARY ***
Total pot $6 | Rake $0
Seat 3: majekk (big blind) folded before Flop
Seat 4: VolkovDmitri (button) (small blind) collected ($6)


PokerStars Hand #168124097657:  Hold'em Limit ($3/$6 USD) - 2017/03/26 4:17:40 ET
Table 'Rauma' 6-max Seat #3 is the button
Seat 3: majekk ($116 in chips)
Seat 4: VolkovDmitri ($124 in chips)
majekk: posts small blind $1
VolkovDmitri: posts big blind $3
*** HOLE CARDS ***
majekk: calls $2
VolkovDmitri: checks
*** FLOP *** [Ts 7h Qs]
VolkovDmitri: checks
majekk: checks
*** TURN *** [Ts 7h Qs] [6s]
VolkovDmitri: bets $6
majekk: raises $6 to $12
VolkovDmitri: folds
Uncalled bet ($6) returned to majekk
majekk collected $17.64 from pot
majekk: doesn't show hand
*** SUMMARY ***
Total pot $18 | Rake $0.36
Board [Ts 7h Qs 6s]
Seat 3: majekk (button) (small blind) collected ($17.64)
Seat 4: VolkovDmitri (big blind) folded on the Turn


PokerStars Hand #168124109104:  Hold'em Limit ($3/$6 USD) - 2017/03/26 4:18:13 ET
Table 'Rauma' 6-max Seat #4 is the button
Seat 3: majekk ($124.64 in chips)
Seat 4: VolkovDmitri ($120 in chips)
VolkovDmitri: posts small blind $1
majekk: posts big blind $3
*** HOLE CARDS ***
VolkovDmitri: raises $3 to $6
majekk: calls $3
*** FLOP *** [7s 2d Js]
majekk: bets $3
VolkovDmitri: calls $3
*** TURN *** [7s 2d Js] [Th]
majekk: bets $6
VolkovDmitri: raises $6 to $12
majekk: calls $6
*** RIVER *** [7s 2d Js Th] [3c]
majekk: checks
VolkovDmitri: bets $6
majekk: calls $6
*** SHOW DOWN ***
VolkovDmitri: shows [8d Jh] (a pair of Jacks)
majekk: mucks hand
VolkovDmitri collected $53.50 from pot
*** SUMMARY ***
Total pot $54 | Rake $0.50
Board [7s 2d Js Th 3c]
Seat 3: majekk (big blind) mucked
Seat 4: VolkovDmitri (button) (small blind) showed [8d Jh] and won ($53.50) with a pair of Jacks


PokerStars Hand #168124127663:  Hold'em Limit ($3/$6 USD) - 2017/03/26 4:19:08 ET
Table 'Rauma' 6-max Seat #3 is the button
Seat 3: majekk ($97.64 in chips)
Seat 4: VolkovDmitri ($146.50 in chips)
majekk: posts small blind $1
VolkovDmitri: posts big blind $3
*** HOLE CARDS ***
majekk: raises $3 to $6
VolkovDmitri: folds
Uncalled bet ($3) returned to majekk
majekk collected $6 from pot
majekk: doesn't show hand
*** SUMMARY ***
Total pot $6 | Rake $0
Seat 3: majekk (button) (small blind) collected ($6)
Seat 4: VolkovDmitri (big blind) folded before Flop


PokerStars Hand #168124129553:  Hold'em Limit ($3/$6 USD) - 2017/03/26 4:19:13 ET
Table 'Rauma' 6-max Seat #4 is the button
Seat 3: majekk ($100.64 in chips)
Seat 4: VolkovDmitri ($143.50 in chips)
VolkovDmitri: posts small blind $1
majekk: posts big blind $3
*** HOLE CARDS ***
VolkovDmitri: raises $3 to $6
majekk: calls $3
*** FLOP *** [8c 5c 9s]
majekk: checks
VolkovDmitri: checks
*** TURN *** [8c 5c 9s] [3s]
majekk: checks
VolkovDmitri: checks
*** RIVER *** [8c 5c 9s 3s] [4c]
majekk: checks
VolkovDmitri: checks
*** SHOW DOWN ***
majekk: shows [2h Kc] (high card King)
VolkovDmitri: mucks hand
majekk collected $11.76 from pot
*** SUMMARY ***
Total pot $12 | Rake $0.24
Board [8c 5c 9s 3s 4c]
Seat 3: majekk (big blind) showed [2h Kc] and won ($11.76) with high card King
Seat 4: VolkovDmitri (button) (small blind) mucked


PokerStars Hand #168124140166:  Hold'em Limit ($3/$6 USD) - 2017/03/26 4:19:45 ET
Table 'Rauma' 6-max Seat #3 is the button
Seat 3: majekk ($106.40 in chips)
Seat 4: VolkovDmitri ($137.50 in chips)
majekk: posts small blind $1
VolkovDmitri: posts big blind $3
*** HOLE CARDS ***
majekk: raises $3 to $6
VolkovDmitri: raises $3 to $9
majekk: raises $3 to $12
Betting is capped
VolkovDmitri: calls $3
*** FLOP *** [2h Js 9c]
VolkovDmitri: checks
majekk: bets $3
VolkovDmitri: calls $3
*** TURN *** [2h Js 9c] [Tc]
VolkovDmitri: checks
majekk: checks
*** RIVER *** [2h Js 9c Tc] [Jc]
VolkovDmitri: checks
majekk: checks
*** SHOW DOWN ***
VolkovDmitri: shows [As 4d] (a pair of Jacks)
majekk: shows [Ah 8s] (a pair of Jacks)
VolkovDmitri collected $14.75 from pot
majekk collected $14.75 from pot
*** SUMMARY ***
Total pot $30 | Rake $0.50
Board [2h Js 9c Tc Jc]
Seat 3: majekk (button) (small blind) showed [Ah 8s] and won ($14.75) with a pair of Jacks
Seat 4: VolkovDmitri (big blind) showed [As 4d] and won ($14.75) with a pair of Jacks


PokerStars Hand #168124152397:  Hold'em Limit ($3/$6 USD) - 2017/03/26 4:20:21 ET
Table 'Rauma' 6-max Seat #4 is the button
Seat 3: majekk ($106.15 in chips)
Seat 4: VolkovDmitri ($137.25 in chips)
VolkovDmitri: posts small blind $1
majekk: posts big blind $3
*** HOLE CARDS ***
VolkovDmitri: raises $3 to $6
majekk: raises $3 to $9
VolkovDmitri: calls $3
*** FLOP *** [2s 4s 5s]
majekk: bets $3
VolkovDmitri: folds
Uncalled bet ($3) returned to majekk
majekk collected $17.64 from pot
majekk: doesn't show hand
*** SUMMARY ***
Total pot $18 | Rake $0.36
Board [2s 4s 5s]
Seat 3: majekk (big blind) collected ($17.64)
Seat 4: VolkovDmitri (button) (small blind) folded on the Flop


PokerStars Hand #168124164099:  Hold'em Limit ($3/$6 USD) - 2017/03/26 4:20:56 ET
Table 'Rauma' 6-max Seat #3 is the button
Seat 3: majekk ($114.79 in chips)
Seat 4: VolkovDmitri ($128.25 in chips)
majekk: posts small blind $1
VolkovDmitri: posts big blind $3
*** HOLE CARDS ***
majekk: calls $2
VolkovDmitri: raises $3 to $6
majekk: calls $3
*** FLOP *** [5d Qs Kh]
VolkovDmitri: checks
majekk: checks
*** TURN *** [5d Qs Kh] [7d]
VolkovDmitri: bets $6
majekk: calls $6
*** RIVER *** [5d Qs Kh 7d] [Jc]
VolkovDmitri: bets $6
majekk: calls $6
*** SHOW DOWN ***
VolkovDmitri: shows [8d Qc] (a pair of Queens)
majekk: mucks hand
VolkovDmitri collected $35.50 from pot
*** SUMMARY ***
Total pot $36 | Rake $0.50
Board [5d Qs Kh 7d Jc]
Seat 3: majekk (button) (small blind) mucked
Seat 4: VolkovDmitri (big blind) showed [8d Qc] and won ($35.50) with a pair of Queens


PokerStars Hand #168124174380:  Hold'em Limit ($3/$6 USD) - 2017/03/26 4:21:26 ET
Table 'Rauma' 6-max Seat #4 is the button
Seat 3: majekk ($96.79 in chips)
Seat 4: VolkovDmitri ($145.75 in chips)
VolkovDmitri: posts small blind $1
majekk: posts big blind $3
*** HOLE CARDS ***
VolkovDmitri: raises $3 to $6
majekk: calls $3
*** FLOP *** [8s 4h Qh]
majekk: checks
VolkovDmitri: bets $3
majekk: calls $3
*** TURN *** [8s 4h Qh] [7s]
majekk: checks
VolkovDmitri: checks
*** RIVER *** [8s 4h Qh 7s] [Jc]
majekk: checks
VolkovDmitri: checks
*** SHOW DOWN ***
majekk: shows [4c Ks] (a pair of Fours)
VolkovDmitri: mucks hand
majekk collected $17.64 from pot
*** SUMMARY ***
Total pot $18 | Rake $0.36
Board [8s 4h Qh 7s Jc]
Seat 3: majekk (big blind) showed [4c Ks] and won ($17.64) with a pair of Fours
Seat 4: VolkovDmitri (button) (small blind) mucked


PokerStars Hand #168124186097:  Hold'em Limit ($3/$6 USD) - 2017/03/26 4:22:00 ET
Table 'Rauma' 6-max Seat #3 is the button
Seat 3: majekk ($105.43 in chips)
Seat 4: VolkovDmitri ($136.75 in chips)
majekk: posts small blind $1
VolkovDmitri: posts big blind $3
*** HOLE CARDS ***
majekk: raises $3 to $6
VolkovDmitri: raises $3 to $9
majekk: calls $3
*** FLOP *** [6s 5c Jc]
VolkovDmitri: bets $3
majekk: calls $3
*** TURN *** [6s 5c Jc] [8s]
VolkovDmitri: checks
majekk: bets $6
VolkovDmitri: calls $6
*** RIVER *** [6s 5c Jc 8s] [7s]
VolkovDmitri: bets $6
majekk: calls $6
*** SHOW DOWN ***
VolkovDmitri: shows [9d Ah] (a straight, Five to Nine)
majekk: mucks hand
VolkovDmitri collected $47.50 from pot
*** SUMMARY ***
Total pot $48 | Rake $0.50
Board [6s 5c Jc 8s 7s]
Seat 3: majekk (button) (small blind) mucked
Seat 4: VolkovDmitri (big blind) showed [9d Ah] and won ($47.50) with a straight, Five to Nine


PokerStars Hand #168124214458:  Hold'em Limit ($3/$6 USD) - 2017/03/26 4:23:23 ET
Table 'Rauma' 6-max Seat #3 is the button
Seat 3: majekk ($90.07 in chips)
Seat 4: VolkovDmitri ($151.25 in chips)
majekk: posts small blind $1
VolkovDmitri: posts big blind $3
*** HOLE CARDS ***
majekk: raises $3 to $6
VolkovDmitri: calls $3
*** FLOP *** [2d 4h 4d]
VolkovDmitri: checks
majekk: bets $3
VolkovDmitri: folds
Uncalled bet ($3) returned to majekk
majekk collected $11.76 from pot
majekk: doesn't show hand
*** SUMMARY ***
Total pot $12 | Rake $0.24
Board [2d 4h 4d]
Seat 3: majekk (button) (small blind) collected ($11.76)
Seat 4: VolkovDmitri (big blind) folded on the Flop


PokerStars Hand #168124206113:  Hold'em Limit ($3/$6 USD) - 2017/03/26 4:22:59 ET
Table 'Rauma' 6-max Seat #4 is the button
Seat 3: majekk ($81.43 in chips)
Seat 4: VolkovDmitri ($160.25 in chips)
VolkovDmitri: posts small blind $1
majekk: posts big blind $3
*** HOLE CARDS ***
VolkovDmitri: raises $3 to $6
majekk: raises $3 to $9
VolkovDmitri: calls $3
*** FLOP *** [Qc 3d 9d]
majekk: bets $3
VolkovDmitri: folds
Uncalled bet ($3) returned to majekk
majekk collected $17.64 from pot
majekk: doesn't show hand
*** SUMMARY ***
Total pot $18 | Rake $0.36
Board [Qc 3d 9d]
Seat 3: majekk (big blind) collected ($17.64)
Seat 4: VolkovDmitri (button) (small blind) folded on the Flop


PokerStars Hand #168124222980:  Hold'em Limit ($3/$6 USD) - 2017/03/26 4:23:48 ET
Table 'Rauma' 6-max Seat #4 is the button
Seat 3: majekk ($95.83 in chips)
Seat 4: VolkovDmitri ($145.25 in chips)
VolkovDmitri: posts small blind $1
majekk: posts big blind $3
*** HOLE CARDS ***
VolkovDmitri: raises $3 to $6
majekk: calls $3
*** FLOP *** [6c 5s 7s]
majekk: checks
VolkovDmitri: checks
*** TURN *** [6c 5s 7s] [Ks]
majekk: bets $6
VolkovDmitri: calls $6
*** RIVER *** [6c 5s 7s Ks] [6h]
majekk: checks
VolkovDmitri: checks
*** SHOW DOWN ***
majekk: shows [9s 5d] (two pair, Sixes and Fives)
VolkovDmitri: mucks hand
majekk collected $23.52 from pot
*** SUMMARY ***
Total pot $24 | Rake $0.48
Board [6c 5s 7s Ks 6h]
Seat 3: majekk (big blind) showed [9s 5d] and won ($23.52) with two pair, Sixes and Fives
Seat 4: VolkovDmitri (button) (small blind) mucked


PokerStars Hand #168124233967:  Hold'em Limit ($3/$6 USD) - 2017/03/26 4:24:20 ET
Table 'Rauma' 6-max Seat #3 is the button
Seat 3: majekk ($107.35 in chips)
Seat 4: VolkovDmitri ($133.25 in chips)
majekk: posts small blind $1
VolkovDmitri: posts big blind $3
*** HOLE CARDS ***
majekk: raises $3 to $6
VolkovDmitri: calls $3
*** FLOP *** [Jc Td Kc]
VolkovDmitri: checks
majekk: bets $3
VolkovDmitri: calls $3
*** TURN *** [Jc Td Kc] [4d]
VolkovDmitri: checks
majekk: bets $6
VolkovDmitri: calls $6
*** RIVER *** [Jc Td Kc 4d] [7s]
VolkovDmitri: checks
majekk: bets $6
VolkovDmitri: calls $6
*** SHOW DOWN ***
majekk: shows [Qd 9d] (a straight, Nine to King)
VolkovDmitri: mucks hand
majekk collected $41.50 from pot
*** SUMMARY ***
Total pot $42 | Rake $0.50
Board [Jc Td Kc 4d 7s]
Seat 3: majekk (button) (small blind) showed [Qd 9d] and won ($41.50) with a straight, Nine to King
Seat 4: VolkovDmitri (big blind) mucked


PokerStars Hand #168124256556:  Hold'em Limit ($3/$6 USD) - 2017/03/26 4:25:27 ET
Table 'Rauma' 6-max Seat #4 is the button
Seat 3: majekk ($127.85 in chips)
Seat 4: VolkovDmitri ($120 in chips)
VolkovDmitri: posts small blind $1
majekk: posts big blind $3
*** HOLE CARDS ***
VolkovDmitri: raises $3 to $6
majekk: calls $3
*** FLOP *** [Ks 4h Qh]
majekk: checks
VolkovDmitri: checks
*** TURN *** [Ks 4h Qh] [Jc]
majekk: bets $6
VolkovDmitri: calls $6
*** RIVER *** [Ks 4h Qh Jc] [Tc]
majekk: checks
VolkovDmitri: checks
*** SHOW DOWN ***
majekk: shows [Js 7c] (a pair of Jacks)
VolkovDmitri: shows [Qs 7s] (a pair of Queens)
VolkovDmitri collected $23.52 from pot
*** SUMMARY ***
Total pot $24 | Rake $0.48
Board [Ks 4h Qh Jc Tc]
Seat 3: majekk (big blind) showed [Js 7c] and lost with a pair of Jacks
Seat 4: VolkovDmitri (button) (small blind) showed [Qs 7s] and won ($23.52) with a pair of Queens


PokerStars Hand #168124271845:  Hold'em Limit ($3/$6 USD) - 2017/03/26 4:26:11 ET
Table 'Rauma' 6-max Seat #3 is the button
Seat 3: majekk ($115.85 in chips)
Seat 4: VolkovDmitri ($131.52 in chips)
majekk: posts small blind $1
VolkovDmitri: posts big blind $3
*** HOLE CARDS ***
majekk: raises $3 to $6
VolkovDmitri: calls $3
*** FLOP *** [7s 8s Qs]
VolkovDmitri: checks
majekk: bets $3
VolkovDmitri: calls $3
*** TURN *** [7s 8s Qs] [8d]
VolkovDmitri: checks
majekk: bets $6
VolkovDmitri: calls $6
*** RIVER *** [7s 8s Qs 8d] [9d]
VolkovDmitri: checks
majekk: bets $6
VolkovDmitri: folds
Uncalled bet ($6) returned to majekk
majekk collected $29.50 from pot
majekk: doesn't show hand
*** SUMMARY ***
Total pot $30 | Rake $0.50
Board [7s 8s Qs 8d 9d]
Seat 3: majekk (button) (small blind) collected ($29.50)
Seat 4: VolkovDmitri (big blind) folded on the River


PokerStars Hand #168124308700:  Hold'em Limit ($3/$6 USD) - 2017/03/26 4:27:58 ET
Table 'Rauma' 6-max Seat #3 is the button
Seat 3: majekk ($168.85 in chips)
Seat 4: VolkovDmitri ($120 in chips)
majekk: posts small blind $1
VolkovDmitri: posts big blind $3
*** HOLE CARDS ***
majekk: raises $3 to $6
VolkovDmitri: raises $3 to $9
majekk: calls $3
*** FLOP *** [8s Js 9c]
VolkovDmitri: bets $3
majekk: calls $3
*** TURN *** [8s Js 9c] [7s]
VolkovDmitri: checks
majekk: bets $6
VolkovDmitri: folds
Uncalled bet ($6) returned to majekk
majekk collected $23.52 from pot
majekk: doesn't show hand
*** SUMMARY ***
Total pot $24 | Rake $0.48
Board [8s Js 9c 7s]
Seat 3: majekk (button) (small blind) collected ($23.52)
Seat 4: VolkovDmitri (big blind) folded on the Turn


PokerStars Hand #168124290228:  Hold'em Limit ($3/$6 USD) - 2017/03/26 4:27:05 ET
Table 'Rauma' 6-max Seat #4 is the button
Seat 3: majekk ($130.35 in chips)
Seat 4: VolkovDmitri ($120 in chips)
VolkovDmitri: posts small blind $1
majekk: posts big blind $3
*** HOLE CARDS ***
VolkovDmitri: raises $3 to $6
majekk: raises $3 to $9
VolkovDmitri: raises $3 to $12
Betting is capped
majekk: calls $3
*** FLOP *** [3d Ah 2h]
majekk: checks
VolkovDmitri: bets $3
majekk: calls $3
*** TURN *** [3d Ah 2h] [7c]
majekk: checks
VolkovDmitri: bets $6
majekk: raises $6 to $12
VolkovDmitri: calls $6
*** RIVER *** [3d Ah 2h 7c] [Jd]
majekk: bets $6
VolkovDmitri: raises $6 to $12
majekk: calls $6
*** SHOW DOWN ***
VolkovDmitri: shows [Jc As] (two pair, Aces and Jacks)
majekk: shows [2s 2c] (three of a kind, Deuces)
majekk collected $77.50 from pot
*** SUMMARY ***
Total pot $78 | Rake $0.50
Board [3d Ah 2h 7c Jd]
Seat 3: majekk (big blind) showed [2s 2c] and won ($77.50) with three of a kind, Deuces
Seat 4: VolkovDmitri (button) (small blind) showed [Jc As] and lost with two pair, Aces and Jacks


PokerStars Hand #168124334203:  Hold'em Limit ($3/$6 USD) - 2017/03/26 4:29:12 ET
Table 'Rauma' 6-max Seat #3 is the button
Seat 3: majekk ($180.12 in chips)
Seat 4: VolkovDmitri ($120 in chips)
majekk: posts small blind $1
VolkovDmitri: posts big blind $3
*** HOLE CARDS ***
majekk: raises $3 to $6
VolkovDmitri: calls $3
*** FLOP *** [Qc 3h Tc]
VolkovDmitri: bets $3
majekk: folds
Uncalled bet ($3) returned to VolkovDmitri
VolkovDmitri collected $11.76 from pot
VolkovDmitri: doesn't show hand
*** SUMMARY ***
Total pot $12 | Rake $0.24
Board [Qc 3h Tc]
Seat 3: majekk (button) (small blind) folded on the Flop
Seat 4: VolkovDmitri (big blind) collected ($11.76)


PokerStars Hand #168124359509:  Hold'em Limit ($3/$6 USD) - 2017/03/26 4:30:24 ET
Table 'Rauma' 6-max Seat #3 is the button
Seat 3: majekk ($150.12 in chips)
Seat 4: VolkovDmitri ($149.26 in chips)
majekk: posts small blind $1
VolkovDmitri: posts big blind $3
*** HOLE CARDS ***
majekk: folds
Uncalled bet ($2) returned to VolkovDmitri
VolkovDmitri collected $2 from pot
VolkovDmitri: doesn't show hand
*** SUMMARY ***
Total pot $2 | Rake $0
Seat 3: majekk (button) (small blind) folded before Flop
Seat 4: VolkovDmitri (big blind) collected ($2)


PokerStars Hand #168124344553:  Hold'em Limit ($3/$6 USD) - 2017/03/26 4:29:41 ET
Table 'Rauma' 6-max Seat #4 is the button
Seat 3: majekk ($174.12 in chips)
Seat 4: VolkovDmitri ($125.76 in chips)
VolkovDmitri: posts small blind $1
majekk: posts big blind $3
*** HOLE CARDS ***
VolkovDmitri: raises $3 to $6
majekk: raises $3 to $9
VolkovDmitri: calls $3
*** FLOP *** [2s 2c 9s]
majekk: bets $3
VolkovDmitri: calls $3
*** TURN *** [2s 2c 9s] [9c]
majekk: bets $6
VolkovDmitri: calls $6
*** RIVER *** [2s 2c 9s 9c] [6d]
majekk: bets $6
VolkovDmitri: calls $6
*** SHOW DOWN ***
majekk: shows [Jh Ac] (two pair, Nines and Deuces)
VolkovDmitri: shows [5h 5s] (two pair, Nines and Fives)
VolkovDmitri collected $47.50 from pot
*** SUMMARY ***
Total pot $48 | Rake $0.50
Board [2s 2c 9s 9c 6d]
Seat 3: majekk (big blind) showed [Jh Ac] and lost with two pair, Nines and Deuces
Seat 4: VolkovDmitri (button) (small blind) showed [5h 5s] and won ($47.50) with two pair, Nines and Fives


PokerStars Hand #168124361587:  Hold'em Limit ($3/$6 USD) - 2017/03/26 4:30:30 ET
Table 'Rauma' 6-max Seat #4 is the button
Seat 3: majekk ($149.12 in chips)
Seat 4: VolkovDmitri ($150.26 in chips)
VolkovDmitri: posts small blind $1
majekk: posts big blind $3
*** HOLE CARDS ***
VolkovDmitri: raises $3 to $6
majekk: calls $3
*** FLOP *** [3c Ah 4d]
majekk: checks
VolkovDmitri: bets $3
majekk: folds
Uncalled bet ($3) returned to VolkovDmitri
VolkovDmitri collected $11.76 from pot
VolkovDmitri: doesn't show hand
*** SUMMARY ***
Total pot $12 | Rake $0.24
Board [3c Ah 4d]
Seat 3: majekk (big blind) folded on the Flop
Seat 4: VolkovDmitri (button) (small blind) collected ($11.76)


PokerStars Hand #168124373643:  Hold'em Limit ($3/$6 USD) - 2017/03/26 4:31:04 ET
Table 'Rauma' 6-max Seat #4 is the button
Seat 3: majekk ($148.88 in chips)
Seat 4: VolkovDmitri ($150.02 in chips)
VolkovDmitri: posts small blind $1
majekk: posts big blind $3
*** HOLE CARDS ***
VolkovDmitri: raises $3 to $6
majekk: calls $3
*** FLOP *** [9h Qs 6d]
majekk: checks
VolkovDmitri: bets $3
majekk: folds
Uncalled bet ($3) returned to VolkovDmitri
VolkovDmitri collected $11.76 from pot
VolkovDmitri: doesn't show hand
*** SUMMARY ***
Total pot $12 | Rake $0.24
Board [9h Qs 6d]
Seat 3: majekk (big blind) folded on the Flop
Seat 4: VolkovDmitri (button) (small blind) collected ($11.76)


PokerStars Hand #168124368426:  Hold'em Limit ($3/$6 USD) - 2017/03/26 4:30:49 ET
Table 'Rauma' 6-max Seat #3 is the button
Seat 3: majekk ($143.12 in chips)
Seat 4: VolkovDmitri ($156.02 in chips)
majekk: posts small blind $1
VolkovDmitri: posts big blind $3
*** HOLE CARDS ***
majekk: raises $3 to $6
VolkovDmitri: calls $3
*** FLOP *** [Ts Ad Qs]
VolkovDmitri: checks
majekk: bets $3
VolkovDmitri: folds
Uncalled bet ($3) returned to majekk
majekk collected $11.76 from pot
majekk: doesn't show hand
*** SUMMARY ***
Total pot $12 | Rake $0.24
Board [Ts Ad Qs]
Seat 3: majekk (button) (small blind) collected ($11.76)
Seat 4: VolkovDmitri (big blind) folded on the Flop


PokerStars Hand #168124383722:  Hold'em Limit ($3/$6 USD) - 2017/03/26 4:31:33 ET
Table 'Rauma' 6-max Seat #3 is the button
Seat 3: majekk ($142.88 in chips)
Seat 4: VolkovDmitri ($155.78 in chips)
majekk: posts small blind $1
VolkovDmitri: posts big blind $3
*** HOLE CARDS ***
majekk: folds
Uncalled bet ($2) returned to VolkovDmitri
VolkovDmitri collected $2 from pot
VolkovDmitri: doesn't show hand
*** SUMMARY ***
Total pot $2 | Rake $0
Seat 3: majekk (button) (small blind) folded before Flop
Seat 4: VolkovDmitri (big blind) collected ($2)


PokerStars Hand #168124387798:  Hold'em Limit ($3/$6 USD) - 2017/03/26 4:31:44 ET
Table 'Rauma' 6-max Seat #4 is the button
Seat 3: majekk ($141.88 in chips)
Seat 4: VolkovDmitri ($156.78 in chips)
VolkovDmitri: posts small blind $1
majekk: posts big blind $3
*** HOLE CARDS ***
VolkovDmitri: raises $3 to $6
majekk: calls $3
*** FLOP *** [Qc 8d 3s]
majekk: checks
VolkovDmitri: bets $3
majekk: raises $3 to $6
VolkovDmitri: calls $3
*** TURN *** [Qc 8d 3s] [9h]
majekk: bets $6
VolkovDmitri: calls $6
*** RIVER *** [Qc 8d 3s 9h] [5c]
majekk: bets $6
VolkovDmitri: calls $6
*** SHOW DOWN ***
majekk: shows [9c 6h] (a pair of Nines)
VolkovDmitri: shows [Jc Qh] (a pair of Queens)
VolkovDmitri collected $47.50 from pot
*** SUMMARY ***
Total pot $48 | Rake $0.50
Board [Qc 8d 3s 9h 5c]
Seat 3: majekk (big blind) showed [9c 6h] and lost with a pair of Nines
Seat 4: VolkovDmitri (button) (small blind) showed [Jc Qh] and won ($47.50) with a pair of Queens


PokerStars Hand #168124404861:  Hold'em Limit ($3/$6 USD) - 2017/03/26 4:32:32 ET
Table 'Rauma' 6-max Seat #3 is the button
Seat 3: majekk ($117.88 in chips)
Seat 4: VolkovDmitri ($180.28 in chips)
majekk: posts small blind $1
VolkovDmitri: posts big blind $3
*** HOLE CARDS ***
majekk: raises $3 to $6
VolkovDmitri: calls $3
*** FLOP *** [Ks 9h Ac]
habari786 joins the table at seat #6
VolkovDmitri: checks
majekk: bets $3
VolkovDmitri: folds
Uncalled bet ($3) returned to majekk
majekk collected $11.76 from pot
majekk: doesn't show hand
*** SUMMARY ***
Total pot $12 | Rake $0.24
Board [Ks 9h Ac]
Seat 3: majekk (button) (small blind) collected ($11.76)
Seat 4: VolkovDmitri (big blind) folded on the Flop


PokerStars Hand #168124770526:  Hold'em Limit ($3/$6 USD) - 2017/03/26 4:49:37 ET
Table 'Rauma' 6-max Seat #4 is the button
Seat 3: majekk ($218.30 in chips)
Seat 4: VolkovDmitri ($184.70 in chips)
VolkovDmitri: posts small blind $1
majekk: posts big blind $3
*** HOLE CARDS ***
VolkovDmitri: raises $3 to $6
majekk: raises $3 to $9
VolkovDmitri: calls $3
*** FLOP *** [Tc 3c 7c]
majekk: bets $3
VolkovDmitri: calls $3
*** TURN *** [Tc 3c 7c] [Jh]
majekk: checks
VolkovDmitri: bets $6
majekk: raises $6 to $12
habari786 leaves the table
VolkovDmitri: calls $6
*** RIVER *** [Tc 3c 7c Jh] [6c]
majekk: bets $6
VolkovDmitri: folds
Uncalled bet ($6) returned to majekk
majekk collected $47.50 from pot
majekk: doesn't show hand
*** SUMMARY ***
Total pot $48 | Rake $0.50
Board [Tc 3c 7c Jh 6c]
Seat 3: majekk (big blind) collected ($47.50)
Seat 4: VolkovDmitri (button) (small blind) folded on the River


PokerStars Hand #168124793055:  Hold'em Limit ($3/$6 USD) - 2017/03/26 4:50:38 ET
Table 'Rauma' 6-max Seat #3 is the button
Seat 3: majekk ($241.80 in chips)
Seat 4: VolkovDmitri ($160.70 in chips)
majekk: posts small blind $1
VolkovDmitri: posts big blind $3
*** HOLE CARDS ***
majekk: raises $3 to $6
VolkovDmitri: raises $3 to $9
majekk: calls $3
*** FLOP *** [7s 2c Qh]
VolkovDmitri: bets $3
majekk: calls $3
*** TURN *** [7s 2c Qh] [Jd]
VolkovDmitri: bets $6
majekk: calls $6
*** RIVER *** [7s 2c Qh Jd] [Kd]
VolkovDmitri: bets $6
majekk: calls $6
*** SHOW DOWN ***
VolkovDmitri: shows [8s 8d] (a pair of Eights)
majekk: mucks hand
VolkovDmitri collected $47.50 from pot
*** SUMMARY ***
Total pot $48 | Rake $0.50
Board [7s 2c Qh Jd Kd]
Seat 3: majekk (button) (small blind) mucked
Seat 4: VolkovDmitri (big blind) showed [8s 8d] and won ($47.50) with a pair of Eights


PokerStars Hand #168124813218:  Hold'em Limit ($3/$6 USD) - 2017/03/26 4:51:34 ET
Table 'Rauma' 6-max Seat #3 is the button
Seat 3: majekk ($223.56 in chips)
Seat 4: VolkovDmitri ($178.20 in chips)
majekk: posts small blind $1
VolkovDmitri: posts big blind $3
*** HOLE CARDS ***
majekk: folds
Uncalled bet ($2) returned to VolkovDmitri
VolkovDmitri collected $2 from pot
VolkovDmitri: doesn't show hand
*** SUMMARY ***
Total pot $2 | Rake $0
Seat 3: majekk (button) (small blind) folded before Flop
Seat 4: VolkovDmitri (big blind) collected ($2)


PokerStars Hand #168124803483:  Hold'em Limit ($3/$6 USD) - 2017/03/26 4:51:07 ET
Table 'Rauma' 6-max Seat #4 is the button
Seat 3: majekk ($217.80 in chips)
Seat 4: VolkovDmitri ($184.20 in chips)
VolkovDmitri: posts small blind $1
majekk: posts big blind $3
*** HOLE CARDS ***
VolkovDmitri: raises $3 to $6
majekk: calls $3
*** FLOP *** [6d 5c 3c]
majekk: checks
VolkovDmitri: checks
*** TURN *** [6d 5c 3c] [Kc]
majekk: checks
VolkovDmitri: checks
*** RIVER *** [6d 5c 3c Kc] [4d]
majekk: bets $6
VolkovDmitri: folds
Uncalled bet ($6) returned to majekk
majekk collected $11.76 from pot
majekk: doesn't show hand
*** SUMMARY ***
Total pot $12 | Rake $0.24
Board [6d 5c 3c Kc 4d]
Seat 3: majekk (big blind) collected ($11.76)
Seat 4: VolkovDmitri (button) (small blind) folded on the River


PokerStars Hand #168124829202:  Hold'em Limit ($3/$6 USD) - 2017/03/26 4:52:18 ET
Table 'Rauma' 6-max Seat #4 is the button
Seat 3: majekk ($230.20 in chips)
Seat 4: VolkovDmitri ($171.20 in chips)
VolkovDmitri: posts small blind $1
majekk: posts big blind $3
*** HOLE CARDS ***
VolkovDmitri: raises $3 to $6
majekk: raises $3 to $9
VolkovDmitri: calls $3
*** FLOP *** [9c 9d Kh]
majekk: checks
VolkovDmitri: checks
*** TURN *** [9c 9d Kh] [2c]
majekk: checks
VolkovDmitri: checks
*** RIVER *** [9c 9d Kh 2c] [Ts]
majekk: checks
VolkovDmitri: checks
*** SHOW DOWN ***
majekk: shows [Ah 4h] (a pair of Nines)
VolkovDmitri: mucks hand
majekk collected $17.64 from pot
*** SUMMARY ***
Total pot $18 | Rake $0.36
Board [9c 9d Kh 2c Ts]
Seat 3: majekk (big blind) showed [Ah 4h] and won ($17.64) with a pair of Nines
Seat 4: VolkovDmitri (button) (small blind) mucked


PokerStars Hand #168124827341:  Hold'em Limit ($3/$6 USD) - 2017/03/26 4:52:13 ET
Table 'Rauma' 6-max Seat #3 is the button
Seat 3: majekk ($231.20 in chips)
Seat 4: VolkovDmitri ($170.20 in chips)
majekk: posts small blind $1
VolkovDmitri: posts big blind $3
*** HOLE CARDS ***
majekk: folds
Uncalled bet ($2) returned to VolkovDmitri
VolkovDmitri collected $2 from pot
VolkovDmitri: doesn't show hand
*** SUMMARY ***
Total pot $2 | Rake $0
Seat 3: majekk (button) (small blind) folded before Flop
Seat 4: VolkovDmitri (big blind) collected ($2)


PokerStars Hand #168124815744:  Hold'em Limit ($3/$6 USD) - 2017/03/26 4:51:41 ET
Table 'Rauma' 6-max Seat #4 is the button
Seat 3: majekk ($222.56 in chips)
Seat 4: VolkovDmitri ($179.20 in chips)
VolkovDmitri: posts small blind $1
majekk: posts big blind $3
*** HOLE CARDS ***
VolkovDmitri: raises $3 to $6
majekk: calls $3
*** FLOP *** [4c 9s Jc]
majekk: checks
VolkovDmitri: bets $3
majekk: calls $3
*** TURN *** [4c 9s Jc] [8c]
majekk: checks
VolkovDmitri: checks
*** RIVER *** [4c 9s Jc 8c] [9d]
majekk: bets $6
VolkovDmitri: folds
Uncalled bet ($6) returned to majekk
majekk collected $17.64 from pot
majekk: doesn't show hand
*** SUMMARY ***
Total pot $18 | Rake $0.36
Board [4c 9s Jc 8c 9d]
Seat 3: majekk (big blind) collected ($17.64)
Seat 4: VolkovDmitri (button) (small blind) folded on the River


PokerStars Hand #168124841109:  Hold'em Limit ($3/$6 USD) - 2017/03/26 4:52:51 ET
Table 'Rauma' 6-max Seat #3 is the button
Seat 3: majekk ($238.84 in chips)
Seat 4: VolkovDmitri ($162.20 in chips)
majekk: posts small blind $1
VolkovDmitri: posts big blind $3
*** HOLE CARDS ***
majekk: folds
Uncalled bet ($2) returned to VolkovDmitri
VolkovDmitri collected $2 from pot
VolkovDmitri: doesn't show hand
*** SUMMARY ***
Total pot $2 | Rake $0
Seat 3: majekk (button) (small blind) folded before Flop
Seat 4: VolkovDmitri (big blind) collected ($2)


PokerStars Hand #168124846028:  Hold'em Limit ($3/$6 USD) - 2017/03/26 4:53:04 ET
Table 'Rauma' 6-max Seat #4 is the button
Seat 3: majekk ($237.84 in chips)
Seat 4: VolkovDmitri ($163.20 in chips)
VolkovDmitri: posts small blind $1
majekk: posts big blind $3
*** HOLE CARDS ***
VolkovDmitri: raises $3 to $6
majekk: calls $3
*** FLOP *** [8d Jh 3s]
majekk: checks
VolkovDmitri: bets $3
majekk: raises $3 to $6
VolkovDmitri: calls $3
*** TURN *** [8d Jh 3s] [9s]
majekk: bets $6
VolkovDmitri: calls $6
*** RIVER *** [8d Jh 3s 9s] [Jd]
majekk: checks
VolkovDmitri: checks
*** SHOW DOWN ***
majekk: shows [4d Ad] (a pair of Jacks)
VolkovDmitri: shows [As Qh] (a pair of Jacks - Ace+Queen kicker)
VolkovDmitri collected $35.50 from pot
*** SUMMARY ***
Total pot $36 | Rake $0.50
Board [8d Jh 3s 9s Jd]
Seat 3: majekk (big blind) showed [4d Ad] and lost with a pair of Jacks
Seat 4: VolkovDmitri (button) (small blind) showed [As Qh] and won ($35.50) with a pair of Jacks


PokerStars Hand #168124858493:  Hold'em Limit ($3/$6 USD) - 2017/03/26 4:53:38 ET
Table 'Rauma' 6-max Seat #3 is the button
Seat 3: majekk ($219.84 in chips)
Seat 4: VolkovDmitri ($180.70 in chips)
majekk: posts small blind $1
VolkovDmitri: posts big blind $3
*** HOLE CARDS ***
majekk: raises $3 to $6
VolkovDmitri: calls $3
*** FLOP *** [6h 9d 9h]
VolkovDmitri: checks
majekk: bets $3
VolkovDmitri: folds
Uncalled bet ($3) returned to majekk
majekk collected $11.76 from pot
majekk: doesn't show hand
*** SUMMARY ***
Total pot $12 | Rake $0.24
Board [6h 9d 9h]
Seat 3: majekk (button) (small blind) collected ($11.76)
Seat 4: VolkovDmitri (big blind) folded on the Flop


PokerStars Hand #168124879461:  Hold'em Limit ($3/$6 USD) - 2017/03/26 4:54:36 ET
Table 'Rauma' 6-max Seat #3 is the button
Seat 3: majekk ($234.24 in chips)
Seat 4: VolkovDmitri ($165.70 in chips)
majekk: posts small blind $1
VolkovDmitri: posts big blind $3
*** HOLE CARDS ***
majekk: raises $3 to $6
VolkovDmitri: calls $3
*** FLOP *** [Ac 2c Ks]
VolkovDmitri: checks
majekk: bets $3
VolkovDmitri: calls $3
*** TURN *** [Ac 2c Ks] [9h]
VolkovDmitri: checks
majekk: bets $6
VolkovDmitri: calls $6
*** RIVER *** [Ac 2c Ks 9h] [Jd]
VolkovDmitri: checks
majekk: bets $6
VolkovDmitri: calls $6
*** SHOW DOWN ***
majekk: shows [8s 7h] (high card Ace)
VolkovDmitri: shows [Jc 4c] (a pair of Jacks)
VolkovDmitri collected $41.50 from pot
*** SUMMARY ***
Total pot $42 | Rake $0.50
Board [Ac 2c Ks 9h Jd]
Seat 3: majekk (button) (small blind) showed [8s 7h] and lost with high card Ace
Seat 4: VolkovDmitri (big blind) showed [Jc 4c] and won ($41.50) with a pair of Jacks


PokerStars Hand #168124908339:  Hold'em Limit ($3/$6 USD) - 2017/03/26 4:56:00 ET
Table 'Rauma' 6-max Seat #4 is the button
Seat 3: majekk ($213.24 in chips)
Seat 4: VolkovDmitri ($186.20 in chips)
VolkovDmitri: posts small blind $1
majekk: posts big blind $3
*** HOLE CARDS ***
VolkovDmitri: raises $3 to $6
majekk: calls $3
*** FLOP *** [6s Ad 8c]
majekk: bets $3
VolkovDmitri: calls $3
*** TURN *** [6s Ad 8c] [2d]
majekk: bets $6
VolkovDmitri: calls $6
*** RIVER *** [6s Ad 8c 2d] [3h]
majekk: bets $6
VolkovDmitri: calls $6
*** SHOW DOWN ***
majekk: shows [3c 6d] (two pair, Sixes and Threes)
VolkovDmitri: mucks hand
majekk collected $41.50 from pot
*** SUMMARY ***
Total pot $42 | Rake $0.50
Board [6s Ad 8c 2d 3h]
Seat 3: majekk (big blind) showed [3c 6d] and won ($41.50) with two pair, Sixes and Threes
Seat 4: VolkovDmitri (button) (small blind) mucked


PokerStars Hand #168124921883:  Hold'em Limit ($3/$6 USD) - 2017/03/26 4:56:40 ET
Table 'Rauma' 6-max Seat #3 is the button
Seat 3: majekk ($233.74 in chips)
Seat 4: VolkovDmitri ($165.20 in chips)
majekk: posts small blind $1
VolkovDmitri: posts big blind $3
*** HOLE CARDS ***
majekk: raises $3 to $6
VolkovDmitri: calls $3
*** FLOP *** [2d 4s 4h]
VolkovDmitri: checks
majekk: bets $3
VolkovDmitri: folds
Uncalled bet ($3) returned to majekk
majekk collected $11.76 from pot
majekk: doesn't show hand
*** SUMMARY ***
Total pot $12 | Rake $0.24
Board [2d 4s 4h]
Seat 3: majekk (button) (small blind) collected ($11.76)
Seat 4: VolkovDmitri (big blind) folded on the Flop


PokerStars Hand #168124927959:  Hold'em Limit ($3/$6 USD) - 2017/03/26 4:56:59 ET
Table 'Rauma' 6-max Seat #4 is the button
Seat 3: majekk ($239.50 in chips)
Seat 4: VolkovDmitri ($159.20 in chips)
VolkovDmitri: posts small blind $1
majekk: posts big blind $3
*** HOLE CARDS ***
VolkovDmitri: raises $3 to $6
majekk: calls $3
*** FLOP *** [7c 6c Jc]
majekk: checks
VolkovDmitri: bets $3
majekk: calls $3
*** TURN *** [7c 6c Jc] [9d]
majekk: checks
VolkovDmitri: checks
*** RIVER *** [7c 6c Jc 9d] [8d]
majekk: checks
VolkovDmitri: bets $6
majekk: calls $6
*** SHOW DOWN ***
VolkovDmitri: shows [8h Kh] (a pair of Eights)
majekk: shows [Qd Qc] (a pair of Queens)
majekk collected $29.50 from pot
*** SUMMARY ***
Total pot $30 | Rake $0.50
Board [7c 6c Jc 9d 8d]
Seat 3: majekk (big blind) showed [Qd Qc] and won ($29.50) with a pair of Queens
Seat 4: VolkovDmitri (button) (small blind) showed [8h Kh] and lost with a pair of Eights


PokerStars Hand #168124936367:  Hold'em Limit ($3/$6 USD) - 2017/03/26 4:57:24 ET
Table 'Rauma' 6-max Seat #3 is the button
Seat 3: majekk ($254 in chips)
Seat 4: VolkovDmitri ($144.20 in chips)
majekk: posts small blind $1
VolkovDmitri: posts big blind $3
*** HOLE CARDS ***
majekk: raises $3 to $6
VolkovDmitri: raises $3 to $9
majekk: calls $3
*** FLOP *** [Ts 8d 9d]
VolkovDmitri: checks
majekk: checks
*** TURN *** [Ts 8d 9d] [3h]
VolkovDmitri: bets $6
majekk: calls $6
*** RIVER *** [Ts 8d 9d 3h] [Kh]
VolkovDmitri: checks
majekk: checks
*** SHOW DOWN ***
VolkovDmitri: shows [Ah 5h] (high card Ace)
majekk: shows [4d 3s] (a pair of Threes)
majekk collected $29.50 from pot
*** SUMMARY ***
Total pot $30 | Rake $0.50
Board [Ts 8d 9d 3h Kh]
Seat 3: majekk (button) (small blind) showed [4d 3s] and won ($29.50) with a pair of Threes
Seat 4: VolkovDmitri (big blind) showed [Ah 5h] and lost with high card Ace


PokerStars Hand #168124951710:  Hold'em Limit ($3/$6 USD) - 2017/03/26 4:58:10 ET
Table 'Rauma' 6-max Seat #3 is the button
Seat 3: majekk ($277.14 in chips)
Seat 4: VolkovDmitri ($120.20 in chips)
majekk: posts small blind $1
VolkovDmitri: posts big blind $3
*** HOLE CARDS ***
majekk: raises $3 to $6
VolkovDmitri: calls $3
*** FLOP *** [2s 3c 6s]
VolkovDmitri: bets $3
majekk: raises $3 to $6
VolkovDmitri: calls $3
*** TURN *** [2s 3c 6s] [Qs]
VolkovDmitri: checks
majekk: bets $6
VolkovDmitri: calls $6
*** RIVER *** [2s 3c 6s Qs] [8h]
VolkovDmitri: checks
majekk: checks
*** SHOW DOWN ***
VolkovDmitri: shows [2c Td] (a pair of Deuces)
majekk: shows [3s 4h] (a pair of Threes)
majekk collected $35.50 from pot
*** SUMMARY ***
Total pot $36 | Rake $0.50
Board [2s 3c 6s Qs 8h]
Seat 3: majekk (button) (small blind) showed [3s 4h] and won ($35.50) with a pair of Threes
Seat 4: VolkovDmitri (big blind) showed [2c Td] and lost with a pair of Deuces


PokerStars Hand #168124983075:  Hold'em Limit ($3/$6 USD) - 2017/03/26 4:59:43 ET
Table 'Rauma' 6-max Seat #3 is the button
Seat 3: majekk ($303.28 in chips)
Seat 4: VolkovDmitri ($120 in chips)
majekk: posts small blind $1
VolkovDmitri: posts big blind $3
*** HOLE CARDS ***
majekk: folds
Uncalled bet ($2) returned to VolkovDmitri
VolkovDmitri collected $2 from pot
VolkovDmitri: doesn't show hand
*** SUMMARY ***
Total pot $2 | Rake $0
Seat 3: majekk (button) (small blind) folded before Flop
Seat 4: VolkovDmitri (big blind) collected ($2)


PokerStars Hand #168124968944:  Hold'em Limit ($3/$6 USD) - 2017/03/26 4:59:01 ET
Table 'Rauma' 6-max Seat #4 is the button
Seat 3: majekk ($294.64 in chips)
Seat 4: VolkovDmitri ($120 in chips)
VolkovDmitri: posts small blind $1
majekk: posts big blind $3
*** HOLE CARDS ***
VolkovDmitri: raises $3 to $6
majekk: calls $3
*** FLOP *** [3s 4s Kd]
majekk: checks
VolkovDmitri: bets $3
majekk: calls $3
*** TURN *** [3s 4s Kd] [9s]
majekk: checks
VolkovDmitri: checks
*** RIVER *** [3s 4s Kd 9s] [Ad]
majekk: checks
VolkovDmitri: checks
*** SHOW DOWN ***
majekk: shows [8s Kc] (a pair of Kings)
VolkovDmitri: mucks hand
majekk collected $17.64 from pot
*** SUMMARY ***
Total pot $18 | Rake $0.36
Board [3s 4s Kd 9s Ad]
Seat 3: majekk (big blind) showed [8s Kc] and won ($17.64) with a pair of Kings
Seat 4: VolkovDmitri (button) (small blind) mucked


PokerStars Hand #168124995609:  Hold'em Limit ($3/$6 USD) - 2017/03/26 5:00:19 ET
Table 'Rauma' 6-max Seat #3 is the button
Seat 3: majekk ($293.28 in chips)
Seat 4: VolkovDmitri ($129.64 in chips)
majekk: posts small blind $1
VolkovDmitri: posts big blind $3
*** HOLE CARDS ***
majekk: raises $3 to $6
VolkovDmitri: folds
Uncalled bet ($3) returned to majekk
majekk collected $6 from pot
majekk: doesn't show hand
*** SUMMARY ***
Total pot $6 | Rake $0
Seat 3: majekk (button) (small blind) collected ($6)
Seat 4: VolkovDmitri (big blind) folded before Flop


PokerStars Hand #168124999359:  Hold'em Limit ($3/$6 USD) - 2017/03/26 5:00:30 ET
Table 'Rauma' 6-max Seat #4 is the button
Seat 3: majekk ($296.28 in chips)
Seat 4: VolkovDmitri ($126.64 in chips)
VolkovDmitri: posts small blind $1
majekk: posts big blind $3
*** HOLE CARDS ***
VolkovDmitri: raises $3 to $6
majekk: calls $3
*** FLOP *** [Ts Jh Jc]
majekk: checks
VolkovDmitri: bets $3
majekk: raises $3 to $6
VolkovDmitri: calls $3
*** TURN *** [Ts Jh Jc] [3c]
majekk: bets $6
VolkovDmitri: raises $6 to $12
majekk: folds
Uncalled bet ($6) returned to VolkovDmitri
VolkovDmitri collected $35.50 from pot
VolkovDmitri: doesn't show hand
*** SUMMARY ***
Total pot $36 | Rake $0.50
Board [Ts Jh Jc 3c]
Seat 3: majekk (big blind) folded on the Turn
Seat 4: VolkovDmitri (button) (small blind) collected ($35.50)


PokerStars Hand #168124984872:  Hold'em Limit ($3/$6 USD) - 2017/03/26 4:59:48 ET
Table 'Rauma' 6-max Seat #4 is the button
Seat 3: majekk ($302.28 in chips)
Seat 4: VolkovDmitri ($121 in chips)
VolkovDmitri: posts small blind $1
majekk: posts big blind $3
*** HOLE CARDS ***
VolkovDmitri: raises $3 to $6
majekk: calls $3
*** FLOP *** [3d 4h 3c]
majekk: checks
VolkovDmitri: bets $3
majekk: calls $3
*** TURN *** [3d 4h 3c] [Ac]
majekk: checks
VolkovDmitri: checks
*** RIVER *** [3d 4h 3c Ac] [Jc]
majekk: checks
VolkovDmitri: checks
*** SHOW DOWN ***
majekk: shows [Qc 7d] (a pair of Threes)
VolkovDmitri: shows [Tc Td] (two pair, Tens and Threes)
VolkovDmitri collected $17.64 from pot
*** SUMMARY ***
Total pot $18 | Rake $0.36
Board [3d 4h 3c Ac Jc]
Seat 3: majekk (big blind) showed [Qc 7d] and lost with a pair of Threes
Seat 4: VolkovDmitri (button) (small blind) showed [Tc Td] and won ($17.64) with two pair, Tens and Threes


PokerStars Hand #168125008046:  Hold'em Limit ($3/$6 USD) - 2017/03/26 5:00:54 ET
Table 'Rauma' 6-max Seat #4 is the button
Seat 3: majekk ($277.28 in chips)
Seat 4: VolkovDmitri ($145.14 in chips)
VolkovDmitri: posts small blind $1
majekk: posts big blind $3
*** HOLE CARDS ***
VolkovDmitri: folds
Uncalled bet ($2) returned to majekk
majekk collected $2 from pot
majekk: doesn't show hand
*** SUMMARY ***
Total pot $2 | Rake $0
Seat 3: majekk (big blind) collected ($2)
Seat 4: VolkovDmitri (button) (small blind) folded before Flop


PokerStars Hand #168125006190:  Hold'em Limit ($3/$6 USD) - 2017/03/26 5:00:49 ET
Table 'Rauma' 6-max Seat #3 is the button
Seat 3: majekk ($278.28 in chips)
Seat 4: VolkovDmitri ($144.14 in chips)
majekk: posts small blind $1
VolkovDmitri: posts big blind $3
*** HOLE CARDS ***
majekk: folds
Uncalled bet ($2) returned to VolkovDmitri
VolkovDmitri collected $2 from pot
VolkovDmitri: doesn't show hand
*** SUMMARY ***
Total pot $2 | Rake $0
Seat 3: majekk (button) (small blind) folded before Flop
Seat 4: VolkovDmitri (big blind) collected ($2)


PokerStars Hand #168125010094:  Hold'em Limit ($3/$6 USD) - 2017/03/26 5:01:00 ET
Table 'Rauma' 6-max Seat #3 is the button
Seat 3: majekk ($278.28 in chips)
Seat 4: VolkovDmitri ($144.14 in chips)
majekk: posts small blind $1
VolkovDmitri: posts big blind $3
*** HOLE CARDS ***
majekk: raises $3 to $6
VolkovDmitri: calls $3
*** FLOP *** [4s 6h Kc]
VolkovDmitri: checks
majekk: bets $3
VolkovDmitri: calls $3
*** TURN *** [4s 6h Kc] [6d]
VolkovDmitri: checks
majekk: checks
*** RIVER *** [4s 6h Kc 6d] [9s]
VolkovDmitri: checks
majekk: bets $6
VolkovDmitri: calls $6
*** SHOW DOWN ***
majekk: shows [Jd 9c] (two pair, Nines and Sixes)
VolkovDmitri: mucks hand
majekk collected $29.50 from pot
*** SUMMARY ***
Total pot $30 | Rake $0.50
Board [4s 6h Kc 6d 9s]
Seat 3: majekk (button) (small blind) showed [Jd 9c] and won ($29.50) with two pair, Nines and Sixes
Seat 4: VolkovDmitri (big blind) mucked


PokerStars Hand #168125022574:  Hold'em Limit ($3/$6 USD) - 2017/03/26 5:01:34 ET
Table 'Rauma' 6-max Seat #4 is the button
Seat 3: majekk ($292.78 in chips)
Seat 4: VolkovDmitri ($129.14 in chips)
VolkovDmitri: posts small blind $1
majekk: posts big blind $3
*** HOLE CARDS ***
VolkovDmitri: raises $3 to $6
majekk: calls $3
*** FLOP *** [9h 6h 3h]
majekk: checks
VolkovDmitri: bets $3
majekk: calls $3
*** TURN *** [9h 6h 3h] [4d]
majekk: checks
VolkovDmitri: checks
*** RIVER *** [9h 6h 3h 4d] [4c]
majekk: bets $6
VolkovDmitri: folds
Uncalled bet ($6) returned to majekk
majekk collected $17.64 from pot
majekk: doesn't show hand
*** SUMMARY ***
Total pot $18 | Rake $0.36
Board [9h 6h 3h 4d 4c]
Seat 3: majekk (big blind) collected ($17.64)
Seat 4: VolkovDmitri (button) (small blind) folded on the River


PokerStars Hand #168125065681:  Hold'em Limit ($3/$6 USD) - 2017/03/26 5:03:29 ET
Table 'Rauma' 6-max Seat #4 is the button
Seat 3: majekk ($315.92 in chips)
Seat 4: VolkovDmitri ($120 in chips)
VolkovDmitri: posts small blind $1
majekk: posts big blind $3
*** HOLE CARDS ***
VolkovDmitri: raises $3 to $6
majekk: folds
Uncalled bet ($3) returned to VolkovDmitri
VolkovDmitri collected $6 from pot
VolkovDmitri: doesn't show hand
*** SUMMARY ***
Total pot $6 | Rake $0
Seat 3: majekk (big blind) folded before Flop
Seat 4: VolkovDmitri (button) (small blind) collected ($6)


PokerStars Hand #168125067969:  Hold'em Limit ($3/$6 USD) - 2017/03/26 5:03:35 ET
Table 'Rauma' 6-max Seat #3 is the button
Seat 3: majekk ($312.92 in chips)
Seat 4: VolkovDmitri ($123 in chips)
majekk: posts small blind $1
VolkovDmitri: posts big blind $3
*** HOLE CARDS ***
majekk: raises $3 to $6
VolkovDmitri: calls $3
*** FLOP *** [5h Qc Qs]
VolkovDmitri: checks
majekk: bets $3
VolkovDmitri: folds
Uncalled bet ($3) returned to majekk
majekk collected $11.76 from pot
majekk: doesn't show hand
*** SUMMARY ***
Total pot $12 | Rake $0.24
Board [5h Qc Qs]
Seat 3: majekk (button) (small blind) collected ($11.76)
Seat 4: VolkovDmitri (big blind) folded on the Flop


PokerStars Hand #168125052422:  Hold'em Limit ($3/$6 USD) - 2017/03/26 5:02:54 ET
Table 'Rauma' 6-max Seat #3 is the button
Seat 3: majekk ($301.42 in chips)
Seat 4: VolkovDmitri ($120.14 in chips)
majekk: posts small blind $1
VolkovDmitri: posts big blind $3
*** HOLE CARDS ***
majekk: raises $3 to $6
VolkovDmitri: calls $3
*** FLOP *** [Js Ah 5c]
VolkovDmitri: checks
majekk: bets $3
VolkovDmitri: calls $3
*** TURN *** [Js Ah 5c] [2h]
VolkovDmitri: checks
majekk: bets $6
VolkovDmitri: calls $6
*** RIVER *** [Js Ah 5c 2h] [Ac]
VolkovDmitri: checks
majekk: checks
*** SHOW DOWN ***
VolkovDmitri: shows [Kh 3s] (a pair of Aces)
majekk: shows [7c Kc] (a pair of Aces - King+Jack+Seven kicker)
majekk collected $29.50 from pot
*** SUMMARY ***
Total pot $30 | Rake $0.50
Board [Js Ah 5c 2h Ac]
Seat 3: majekk (button) (small blind) showed [7c Kc] and won ($29.50) with a pair of Aces
Seat 4: VolkovDmitri (big blind) showed [Kh 3s] and lost with a pair of Aces


PokerStars Hand #168125075539:  Hold'em Limit ($3/$6 USD) - 2017/03/26 5:03:55 ET
Table 'Rauma' 6-max Seat #4 is the button
Seat 3: majekk ($318.68 in chips)
Seat 4: VolkovDmitri ($120 in chips)
VolkovDmitri: posts small blind $1
majekk: posts big blind $3
*** HOLE CARDS ***
VolkovDmitri: raises $3 to $6
majekk: calls $3
*** FLOP *** [7c 8h 4h]
majekk: checks
VolkovDmitri: checks
*** TURN *** [7c 8h 4h] [Js]
majekk: bets $6
VolkovDmitri: folds
Uncalled bet ($6) returned to majekk
majekk collected $11.76 from pot
majekk: doesn't show hand
*** SUMMARY ***
Total pot $12 | Rake $0.24
Board [7c 8h 4h Js]
Seat 3: majekk (big blind) collected ($11.76)
Seat 4: VolkovDmitri (button) (small blind) folded on the Turn


