PokerStars Hand #168022702464:  Hold'em Limit ($3/$6 USD) - 2017/03/23 22:18:09 ET
Table 'Rauma' 6-max Seat #1 is the button
Seat 1: RaisemyNut$ ($125.75 in chips)
Seat 6: GlamDragon ($191.81 in chips)
RaisemyNut$: posts small blind $1
karambakilla: is sitting out
GlamDragon: posts big blind $3
*** HOLE CARDS ***
RaisemyNut$: raises $3 to $6
GlamDragon: folds
Uncalled bet ($3) returned to RaisemyNut$
RaisemyNut$ collected $6 from pot
RaisemyNut$: doesn't show hand
*** SUMMARY ***
Total pot $6 | Rake $0
Seat 1: RaisemyNut$ (button) (small blind) collected ($6)
Seat 6: GlamDragon (big blind) folded before Flop


PokerStars Hand #168022705646:  Hold'em Limit ($3/$6 USD) - 2017/03/23 22:18:16 ET
Table 'Rauma' 6-max Seat #6 is the button
Seat 1: RaisemyNut$ ($128.75 in chips)
Seat 6: GlamDragon ($188.81 in chips)
GlamDragon: posts small blind $1
RaisemyNut$: posts big blind $3
*** HOLE CARDS ***
GlamDragon: raises $3 to $6
RaisemyNut$: folds
Uncalled bet ($3) returned to GlamDragon
GlamDragon collected $6 from pot
GlamDragon: doesn't show hand
*** SUMMARY ***
Total pot $6 | Rake $0
Seat 1: RaisemyNut$ (big blind) folded before Flop
Seat 6: GlamDragon (button) (small blind) collected ($6)


