PokerStars Hand #175656863245:  Hold'em Limit ($3/$6 USD) - 2017/09/14 21:15:55 ET
Table 'Recha' 6-max Seat #1 is the button
Seat 1: LifeisagameX ($84 in chips)
Seat 4: Whaaaat ($120 in chips)
LifeisagameX: posts small blind $1
Whaaaat: posts big blind $3
*** HOLE CARDS ***
B_loJkl joins the table at seat #5
LifeisagameX: raises $3 to $6
Whaaaat: calls $3
*** FLOP *** [7h 3h Qc]
Whaaaat: checks
LifeisagameX: bets $3
Whaaaat: calls $3
*** TURN *** [7h 3h Qc] [Ah]
Whaaaat: checks
LifeisagameX: checks
*** RIVER *** [7h 3h Qc Ah] [2c]
Whaaaat: bets $6
LifeisagameX: calls $6
*** SHOW DOWN ***
Whaaaat: shows [Qh 9c] (a pair of Queens)
LifeisagameX: mucks hand
Whaaaat collected $29.50 from pot
*** SUMMARY ***
Total pot $30 | Rake $0.50
Board [7h 3h Qc Ah 2c]
Seat 1: LifeisagameX (button) (small blind) mucked
Seat 4: Whaaaat (big blind) showed [Qh 9c] and won ($29.50) with a pair of Queens


PokerStars Hand #175656927837:  Hold'em Limit ($3/$6 USD) - 2017/09/14 21:18:32 ET
Table 'Recha' 6-max Seat #1 is the button
Seat 1: LifeisagameX ($84 in chips)
Seat 5: B_loJkl ($77.61 in chips)
LifeisagameX: posts small blind $1
B_loJkl: posts big blind $3
*** HOLE CARDS ***
LifeisagameX: raises $3 to $6
Whaaaat leaves the table
B_loJkl: calls $3
*** FLOP *** [Qd Kc 9h]
B_loJkl: checks
LifeisagameX: checks
*** TURN *** [Qd Kc 9h] [Ks]
cwcarr joins the table at seat #3
B_loJkl: checks
LifeisagameX: bets $6
dmonr joins the table at seat #6
B_loJkl: calls $6
*** RIVER *** [Qd Kc 9h Ks] [Td]
B_loJkl: checks
LifeisagameX: checks
*** SHOW DOWN ***
B_loJkl: shows [5d Ad] (a pair of Kings)
LifeisagameX: shows [6c Qh] (two pair, Kings and Queens)
LifeisagameX collected $23.52 from pot
*** SUMMARY ***
Total pot $24 | Rake $0.48
Board [Qd Kc 9h Ks Td]
Seat 1: LifeisagameX (button) (small blind) showed [6c Qh] and won ($23.52) with two pair, Kings and Queens
Seat 5: B_loJkl (big blind) showed [5d Ad] and lost with a pair of Kings


PokerStars Hand #175656991354:  Hold'em Limit ($3/$6 USD) - 2017/09/14 21:21:08 ET
Table 'Recha' 6-max Seat #5 is the button
Seat 5: B_loJkl ($70.13 in chips)
Seat 6: dmonr ($30.18 in chips)
B_loJkl: posts small blind $1
dmonr: posts big blind $3
*** HOLE CARDS ***
B_loJkl: raises $3 to $6
dmonr: folds
Uncalled bet ($3) returned to B_loJkl
B_loJkl collected $6 from pot
B_loJkl: doesn't show hand
*** SUMMARY ***
Total pot $6 | Rake $0
Seat 5: B_loJkl (button) (small blind) collected ($6)
Seat 6: dmonr (big blind) folded before Flop


PokerStars Hand #175656978374:  Hold'em Limit ($3/$6 USD) - 2017/09/14 21:20:36 ET
Table 'Recha' 6-max Seat #6 is the button
Seat 5: B_loJkl ($79.13 in chips)
Seat 6: dmonr ($21.54 in chips)
dmonr: posts small blind $1
B_loJkl: posts big blind $3
*** HOLE CARDS ***
dmonr: raises $3 to $6
B_loJkl: calls $3
*** FLOP *** [Td Qd 5s]
B_loJkl: checks
dmonr: bets $3
B_loJkl: calls $3
*** TURN *** [Td Qd 5s] [2c]
B_loJkl: checks
dmonr: bets $6
B_loJkl: folds
Uncalled bet ($6) returned to dmonr
dmonr collected $17.64 from pot
dmonr: doesn't show hand
*** SUMMARY ***
Total pot $18 | Rake $0.36
Board [Td Qd 5s 2c]
Seat 5: B_loJkl (big blind) folded on the Turn
Seat 6: dmonr (button) (small blind) collected ($17.64)


PokerStars Hand #175656975512:  Hold'em Limit ($3/$6 USD) - 2017/09/14 21:20:29 ET
Table 'Recha' 6-max Seat #5 is the button
Seat 5: B_loJkl ($76.13 in chips)
Seat 6: dmonr ($24.54 in chips)
B_loJkl: posts small blind $1
dmonr: posts big blind $3
*** HOLE CARDS ***
B_loJkl: raises $3 to $6
dmonr: folds
Uncalled bet ($3) returned to B_loJkl
B_loJkl collected $6 from pot
B_loJkl: doesn't show hand
*** SUMMARY ***
Total pot $6 | Rake $0
Seat 5: B_loJkl (button) (small blind) collected ($6)
Seat 6: dmonr (big blind) folded before Flop


PokerStars Hand #175656967083:  Hold'em Limit ($3/$6 USD) - 2017/09/14 21:20:08 ET
Table 'Recha' 6-max Seat #6 is the button
Seat 5: B_loJkl ($64.61 in chips)
Seat 6: dmonr ($36.54 in chips)
dmonr: posts small blind $1
LifeisagameX: is sitting out
B_loJkl: posts big blind $3
*** HOLE CARDS ***
LifeisagameX leaves the table
dmonr: raises $3 to $6
B_loJkl: raises $3 to $9
dmonr: calls $3
*** FLOP *** [Kh 3h Ad]
B_loJkl: bets $3
dmonr: calls $3
*** TURN *** [Kh 3h Ad] [6h]
B_loJkl: bets $6
dmonr: folds
Uncalled bet ($6) returned to B_loJkl
B_loJkl collected $23.52 from pot
B_loJkl: doesn't show hand
*** SUMMARY ***
Total pot $24 | Rake $0.48
Board [Kh 3h Ad 6h]
Seat 5: B_loJkl (big blind) collected ($23.52)
Seat 6: dmonr (button) (small blind) folded on the Turn


PokerStars Hand #175656994552:  Hold'em Limit ($3/$6 USD) - 2017/09/14 21:21:16 ET
Table 'Recha' 6-max Seat #6 is the button
Seat 5: B_loJkl ($73.13 in chips)
Seat 6: dmonr ($27.18 in chips)
dmonr: posts small blind $1
B_loJkl: posts big blind $3
*** HOLE CARDS ***
dmonr: raises $3 to $6
B_loJkl: calls $3
*** FLOP *** [7c Ks Jd]
B_loJkl: checks
dmonr: checks
*** TURN *** [7c Ks Jd] [2d]
B_loJkl: checks
dmonr: checks
*** RIVER *** [7c Ks Jd 2d] [Qh]
B_loJkl: checks
dmonr: bets $6
B_loJkl: folds
Uncalled bet ($6) returned to dmonr
dmonr collected $11.76 from pot
dmonr: doesn't show hand
*** SUMMARY ***
Total pot $12 | Rake $0.24
Board [7c Ks Jd 2d Qh]
Seat 5: B_loJkl (big blind) folded on the River
Seat 6: dmonr (button) (small blind) collected ($11.76)


PokerStars Hand #175657012517:  Hold'em Limit ($3/$6 USD) - 2017/09/14 21:22:01 ET
Table 'Recha' 6-max Seat #5 is the button
Seat 5: B_loJkl ($67.13 in chips)
Seat 6: dmonr ($32.94 in chips)
B_loJkl: posts small blind $1
dmonr: posts big blind $3
*** HOLE CARDS ***
B_loJkl: raises $3 to $6
dmonr: calls $3
*** FLOP *** [Js 2h Jc]
dmonr: checks
B_loJkl: bets $3
dmonr: calls $3
*** TURN *** [Js 2h Jc] [7c]
dmonr: checks
B_loJkl: bets $6
dmonr: calls $6
*** RIVER *** [Js 2h Jc 7c] [8c]
dmonr: checks
B_loJkl: bets $6
dmonr: calls $6
*** SHOW DOWN ***
B_loJkl: shows [Jd 3c] (three of a kind, Jacks)
dmonr: mucks hand
B_loJkl collected $41.50 from pot
*** SUMMARY ***
Total pot $42 | Rake $0.50
Board [Js 2h Jc 7c 8c]
Seat 5: B_loJkl (button) (small blind) showed [Jd 3c] and won ($41.50) with three of a kind, Jacks
Seat 6: dmonr (big blind) mucked


PokerStars Hand #175657028869:  Hold'em Limit ($3/$6 USD) - 2017/09/14 21:22:42 ET
Table 'Recha' 6-max Seat #6 is the button
Seat 5: B_loJkl ($87.63 in chips)
Seat 6: dmonr ($11.94 in chips)
dmonr: posts small blind $1
B_loJkl: posts big blind $3
*** HOLE CARDS ***
dmonr: raises $3 to $6
B_loJkl: calls $3
*** FLOP *** [Td 7c 9h]
B_loJkl: checks
dmonr: bets $3
B_loJkl: raises $3 to $6
dmonr: calls $2.94 and is all-in
Uncalled bet ($0.06) returned to B_loJkl
*** TURN *** [Td 7c 9h] [Kc]
*** RIVER *** [Td 7c 9h Kc] [Qd]
*** SHOW DOWN ***
B_loJkl: shows [9d Kh] (two pair, Kings and Nines)
dmonr: shows [Ts 4d] (a pair of Tens)
B_loJkl collected $23.40 from pot
*** SUMMARY ***
Total pot $23.88 | Rake $0.48
Board [Td 7c 9h Kc Qd]
Seat 5: B_loJkl (big blind) showed [9d Kh] and won ($23.40) with two pair, Kings and Nines
Seat 6: dmonr (button) (small blind) showed [Ts 4d] and lost with a pair of Tens


