PokerStars Hand #145024943590:  Hold'em Limit ($3/$6 USD) - 2015/12/08 11:27:45 ET
Table 'Recha' 2-max Seat #1 is the button
Seat 1: hartiedd1 ($108.62 in chips)
Seat 2: Kosova1968 ($77.56 in chips)
hartiedd1: posts small blind $1
Kosova1968: posts big blind $3
*** HOLE CARDS ***
hartiedd1: calls $2
Kosova1968: checks
*** FLOP *** [8h 7d 8s]
Kosova1968: checks
hartiedd1: bets $3
Kosova1968: calls $3
*** TURN *** [8h 7d 8s] [7c]
Kosova1968: checks
hartiedd1: bets $6
Kosova1968: calls $6
*** RIVER *** [8h 7d 8s 7c] [6d]
Kosova1968: checks
hartiedd1: bets $6
Kosova1968: calls $6
*** SHOW DOWN ***
hartiedd1: shows [7h 5c] (a full house, Sevens full of Eights)
Kosova1968: mucks hand
hartiedd1 collected $35.50 from pot
*** SUMMARY ***
Total pot $36 | Rake $0.50
Board [8h 7d 8s 7c 6d]
Seat 1: hartiedd1 (button) (small blind) showed [7h 5c] and won ($35.50) with a full house, Sevens full of Eights
Seat 2: Kosova1968 (big blind) mucked


PokerStars Hand #145024991933:  Hold'em Limit ($3/$6 USD) - 2015/12/08 11:28:44 ET
Table 'Recha' 2-max Seat #2 is the button
Seat 1: hartiedd1 ($134.62 in chips)
Seat 2: Kosova1968 ($50.32 in chips)
Kosova1968: posts small blind $1
hartiedd1: posts big blind $3
*** HOLE CARDS ***
Kosova1968: raises $3 to $6
hartiedd1: calls $3
*** FLOP *** [Kd 7d Qh]
hartiedd1: checks
Kosova1968: bets $3
hartiedd1: calls $3
*** TURN *** [Kd 7d Qh] [9d]
hartiedd1: checks
Kosova1968: bets $6
hartiedd1: folds
Uncalled bet ($6) returned to Kosova1968
Kosova1968 collected $17.64 from pot
*** SUMMARY ***
Total pot $18 | Rake $0.36
Board [Kd 7d Qh 9d]
Seat 1: hartiedd1 (big blind) folded on the Turn
Seat 2: Kosova1968 (button) (small blind) collected ($17.64)


PokerStars Hand #145024977161:  Hold'em Limit ($3/$6 USD) - 2015/12/08 11:28:26 ET
Table 'Recha' 2-max Seat #1 is the button
Seat 1: hartiedd1 ($140.62 in chips)
Seat 2: Kosova1968 ($44.56 in chips)
hartiedd1: posts small blind $1
Kosova1968: posts big blind $3
*** HOLE CARDS ***
hartiedd1: calls $2
Kosova1968: raises $3 to $6
hartiedd1: calls $3
*** FLOP *** [4c Kc Qh]
Kosova1968: bets $3
hartiedd1: folds
Uncalled bet ($3) returned to Kosova1968
Kosova1968 collected $11.76 from pot
*** SUMMARY ***
Total pot $12 | Rake $0.24
Board [4c Kc Qh]
Seat 1: hartiedd1 (button) (small blind) folded on the Flop
Seat 2: Kosova1968 (big blind) collected ($11.76)


PokerStars Hand #145024962640:  Hold'em Limit ($3/$6 USD) - 2015/12/08 11:28:08 ET
Table 'Recha' 2-max Seat #2 is the button
Seat 1: hartiedd1 ($126.12 in chips)
Seat 2: Kosova1968 ($59.56 in chips)
Kosova1968: posts small blind $1
hartiedd1: posts big blind $3
*** HOLE CARDS ***
Kosova1968: raises $3 to $6
hartiedd1: calls $3
*** FLOP *** [8d Kd 3c]
hartiedd1: checks
Kosova1968: bets $3
hartiedd1: calls $3
*** TURN *** [8d Kd 3c] [Ts]
hartiedd1: checks
Kosova1968: checks
*** RIVER *** [8d Kd 3c Ts] [7s]
hartiedd1: bets $6
Kosova1968: calls $6
*** SHOW DOWN ***
hartiedd1: shows [3h 4h] (a pair of Threes)
Kosova1968: shows [Ah 6c] (high card Ace)
hartiedd1 collected $29.50 from pot
*** SUMMARY ***
Total pot $30 | Rake $0.50
Board [8d Kd 3c Ts 7s]
Seat 1: hartiedd1 (big blind) showed [3h 4h] and won ($29.50) with a pair of Threes
Seat 2: Kosova1968 (button) (small blind) showed [Ah 6c] and lost with high card Ace


PokerStars Hand #145025050951:  Hold'em Limit ($3/$6 USD) - 2015/12/08 11:29:56 ET
Table 'Recha' 2-max Seat #2 is the button
Seat 1: hartiedd1 ($134.12 in chips)
Seat 2: Kosova1968 ($49.60 in chips)
Kosova1968: posts small blind $1
hartiedd1: posts big blind $3
*** HOLE CARDS ***
Kosova1968: raises $3 to $6
hartiedd1: calls $3
*** FLOP *** [6c 9s Ah]
hartiedd1: checks
Kosova1968: bets $3
hartiedd1: calls $3
*** TURN *** [6c 9s Ah] [Th]
hartiedd1: checks
Kosova1968: checks
*** RIVER *** [6c 9s Ah Th] [Jd]
hartiedd1: checks
Kosova1968: bets $6
hartiedd1: calls $6
*** SHOW DOWN ***
Kosova1968: shows [5c 6h] (a pair of Sixes)
hartiedd1: shows [Kh 6d] (a pair of Sixes - Ace+King kicker)
hartiedd1 collected $29.50 from pot
*** SUMMARY ***
Total pot $30 | Rake $0.50
Board [6c 9s Ah Th Jd]
Seat 1: hartiedd1 (big blind) showed [Kh 6d] and won ($29.50) with a pair of Sixes
Seat 2: Kosova1968 (button) (small blind) showed [5c 6h] and lost with a pair of Sixes


PokerStars Hand #145025046457:  Hold'em Limit ($3/$6 USD) - 2015/12/08 11:29:51 ET
Table 'Recha' 2-max Seat #1 is the button
Seat 1: hartiedd1 ($135.12 in chips)
Seat 2: Kosova1968 ($48.60 in chips)
hartiedd1: posts small blind $1
Kosova1968: posts big blind $3
*** HOLE CARDS ***
hartiedd1: folds
Uncalled bet ($2) returned to Kosova1968
Kosova1968 collected $2 from pot
*** SUMMARY ***
Total pot $2 | Rake $0
Seat 1: hartiedd1 (button) (small blind) folded before Flop
Seat 2: Kosova1968 (big blind) collected ($2)


PokerStars Hand #145025038860:  Hold'em Limit ($3/$6 USD) - 2015/12/08 11:29:41 ET
Table 'Recha' 2-max Seat #2 is the button
Seat 1: hartiedd1 ($138.12 in chips)
Seat 2: Kosova1968 ($45.60 in chips)
Kosova1968: posts small blind $1
hartiedd1: posts big blind $3
*** HOLE CARDS ***
Kosova1968: raises $3 to $6
hartiedd1: folds
Uncalled bet ($3) returned to Kosova1968
Kosova1968 collected $6 from pot
*** SUMMARY ***
Total pot $6 | Rake $0
Seat 1: hartiedd1 (big blind) folded before Flop
Seat 2: Kosova1968 (button) (small blind) collected ($6)


PokerStars Hand #145025027341:  Hold'em Limit ($3/$6 USD) - 2015/12/08 11:29:27 ET
Table 'Recha' 2-max Seat #1 is the button
Seat 1: hartiedd1 ($147.12 in chips)
Seat 2: Kosova1968 ($36.96 in chips)
hartiedd1: posts small blind $1
Kosova1968: posts big blind $3
*** HOLE CARDS ***
hartiedd1: raises $3 to $6
Kosova1968: raises $3 to $9
hartiedd1: calls $3
*** FLOP *** [6d 3d Qd]
Kosova1968: bets $3
hartiedd1: folds
Uncalled bet ($3) returned to Kosova1968
Kosova1968 collected $17.64 from pot
*** SUMMARY ***
Total pot $18 | Rake $0.36
Board [6d 3d Qd]
Seat 1: hartiedd1 (button) (small blind) folded on the Flop
Seat 2: Kosova1968 (big blind) collected ($17.64)


PokerStars Hand #145025023365:  Hold'em Limit ($3/$6 USD) - 2015/12/08 11:29:22 ET
Table 'Recha' 2-max Seat #2 is the button
Seat 1: hartiedd1 ($146.12 in chips)
Seat 2: Kosova1968 ($37.96 in chips)
Kosova1968: posts small blind $1
hartiedd1: posts big blind $3
*** HOLE CARDS ***
Kosova1968: folds
Uncalled bet ($2) returned to hartiedd1
hartiedd1 collected $2 from pot
hartiedd1: doesn't show hand
*** SUMMARY ***
Total pot $2 | Rake $0
Seat 1: hartiedd1 (big blind) collected ($2)
Seat 2: Kosova1968 (button) (small blind) folded before Flop


PokerStars Hand #145025004014:  Hold'em Limit ($3/$6 USD) - 2015/12/08 11:28:59 ET
Table 'Recha' 2-max Seat #1 is the button
Seat 1: hartiedd1 ($125.62 in chips)
Seat 2: Kosova1968 ($58.96 in chips)
hartiedd1: posts small blind $1
Kosova1968: posts big blind $3
*** HOLE CARDS ***
hartiedd1: raises $3 to $6
Kosova1968: raises $3 to $9
hartiedd1: raises $3 to $12
Betting is capped
Kosova1968: calls $3
*** FLOP *** [4c 9c 2s]
Kosova1968: bets $3
hartiedd1: calls $3
*** TURN *** [4c 9c 2s] [5h]
Kosova1968: bets $6
hartiedd1: calls $6
*** RIVER *** [4c 9c 2s 5h] [6d]
Kosova1968: checks
hartiedd1: checks
*** SHOW DOWN ***
Kosova1968: shows [Tc Kc] (high card King)
hartiedd1: shows [Qh Ah] (high card Ace)
hartiedd1 collected $41.50 from pot
*** SUMMARY ***
Total pot $42 | Rake $0.50
Board [4c 9c 2s 5h 6d]
Seat 1: hartiedd1 (button) (small blind) showed [Qh Ah] and won ($41.50) with high card Ace
Seat 2: Kosova1968 (big blind) showed [Tc Kc] and lost with high card King


PokerStars Hand #145025110441:  Hold'em Limit ($3/$6 USD) - 2015/12/08 11:31:08 ET
Table 'Recha' 2-max Seat #1 is the button
Seat 1: hartiedd1 ($106.62 in chips)
Seat 2: Kosova1968 ($75.62 in chips)
hartiedd1: posts small blind $1
Kosova1968: posts big blind $3
*** HOLE CARDS ***
hartiedd1: folds
Uncalled bet ($2) returned to Kosova1968
Kosova1968 collected $2 from pot
*** SUMMARY ***
Total pot $2 | Rake $0
Seat 1: hartiedd1 (button) (small blind) folded before Flop
Seat 2: Kosova1968 (big blind) collected ($2)


PokerStars Hand #145025096515:  Hold'em Limit ($3/$6 USD) - 2015/12/08 11:30:52 ET
Table 'Recha' 2-max Seat #2 is the button
Seat 1: hartiedd1 ($118.62 in chips)
Seat 2: Kosova1968 ($64.10 in chips)
Kosova1968: posts small blind $1
hartiedd1: posts big blind $3
*** HOLE CARDS ***
Kosova1968: raises $3 to $6
hartiedd1: raises $3 to $9
Kosova1968: raises $3 to $12
Betting is capped
hartiedd1: calls $3
*** FLOP *** [Qd Th Kc]
hartiedd1: checks
Kosova1968: checks
*** TURN *** [Qd Th Kc] [4h]
hartiedd1: checks
Kosova1968: bets $6
hartiedd1: folds
Uncalled bet ($6) returned to Kosova1968
Kosova1968 collected $23.52 from pot
*** SUMMARY ***
Total pot $24 | Rake $0.48
Board [Qd Th Kc 4h]
Seat 1: hartiedd1 (big blind) folded on the Turn
Seat 2: Kosova1968 (button) (small blind) collected ($23.52)


PokerStars Hand #145025092037:  Hold'em Limit ($3/$6 USD) - 2015/12/08 11:30:46 ET
Table 'Recha' 2-max Seat #1 is the button
Seat 1: hartiedd1 ($119.62 in chips)
Seat 2: Kosova1968 ($63.10 in chips)
hartiedd1: posts small blind $1
Kosova1968: posts big blind $3
*** HOLE CARDS ***
hartiedd1: folds
Uncalled bet ($2) returned to Kosova1968
Kosova1968 collected $2 from pot
*** SUMMARY ***
Total pot $2 | Rake $0
Seat 1: hartiedd1 (button) (small blind) folded before Flop
Seat 2: Kosova1968 (big blind) collected ($2)


PokerStars Hand #145025088027:  Hold'em Limit ($3/$6 USD) - 2015/12/08 11:30:41 ET
Table 'Recha' 2-max Seat #2 is the button
Seat 1: hartiedd1 ($118.62 in chips)
Seat 2: Kosova1968 ($64.10 in chips)
Kosova1968: posts small blind $1
hartiedd1: posts big blind $3
*** HOLE CARDS ***
Kosova1968: folds
Uncalled bet ($2) returned to hartiedd1
hartiedd1 collected $2 from pot
hartiedd1: doesn't show hand
*** SUMMARY ***
Total pot $2 | Rake $0
Seat 1: hartiedd1 (big blind) collected ($2)
Seat 2: Kosova1968 (button) (small blind) folded before Flop


PokerStars Hand #145025068954:  Hold'em Limit ($3/$6 USD) - 2015/12/08 11:30:18 ET
Table 'Recha' 2-max Seat #1 is the button
Seat 1: hartiedd1 ($148.62 in chips)
Seat 2: Kosova1968 ($34.60 in chips)
hartiedd1: posts small blind $1
Kosova1968: posts big blind $3
*** HOLE CARDS ***
hartiedd1: raises $3 to $6
Kosova1968: calls $3
*** FLOP *** [Kc 7s 3c]
Kosova1968: checks
hartiedd1: bets $3
Kosova1968: raises $3 to $6
hartiedd1: calls $3
*** TURN *** [Kc 7s 3c] [8c]
Kosova1968: checks
hartiedd1: bets $6
Kosova1968: calls $6
*** RIVER *** [Kc 7s 3c 8c] [Ad]
Kosova1968: checks
hartiedd1: bets $6
Kosova1968: raises $6 to $12
hartiedd1: calls $6
*** SHOW DOWN ***
Kosova1968: shows [9c Ac] (a flush, Ace high)
hartiedd1: mucks hand
Kosova1968 collected $59.50 from pot
*** SUMMARY ***
Total pot $60 | Rake $0.50
Board [Kc 7s 3c 8c Ad]
Seat 1: hartiedd1 (button) (small blind) mucked
Seat 2: Kosova1968 (big blind) showed [9c Ac] and won ($59.50) with a flush, Ace high


PokerStars Hand #145025141886:  Hold'em Limit ($3/$6 USD) - 2015/12/08 11:31:47 ET
Table 'Recha' 2-max Seat #1 is the button
Seat 1: hartiedd1 ($92.62 in chips)
Seat 2: Kosova1968 ($89.14 in chips)
hartiedd1: posts small blind $1
Kosova1968: posts big blind $3
*** HOLE CARDS ***
hartiedd1: raises $3 to $6
Kosova1968: raises $3 to $9
hartiedd1: calls $3
*** FLOP *** [4h 8s 8c]
Kosova1968: bets $3
hartiedd1: calls $3
*** TURN *** [4h 8s 8c] [Qd]
Kosova1968: checks
hartiedd1: checks
*** RIVER *** [4h 8s 8c Qd] [5d]
Kosova1968: bets $6
hartiedd1: folds
Uncalled bet ($6) returned to Kosova1968
Kosova1968 collected $23.52 from pot
*** SUMMARY ***
Total pot $24 | Rake $0.48
Board [4h 8s 8c Qd 5d]
Seat 1: hartiedd1 (button) (small blind) folded on the River
Seat 2: Kosova1968 (big blind) collected ($23.52)


PokerStars Hand #145025131083:  Hold'em Limit ($3/$6 USD) - 2015/12/08 11:31:34 ET
Table 'Recha' 2-max Seat #2 is the button
Seat 1: hartiedd1 ($98.62 in chips)
Seat 2: Kosova1968 ($83.38 in chips)
Kosova1968: posts small blind $1
hartiedd1: posts big blind $3
*** HOLE CARDS ***
Kosova1968: raises $3 to $6
hartiedd1: calls $3
*** FLOP *** [5c 5h 2d]
hartiedd1: checks
Kosova1968: bets $3
hartiedd1: folds
Uncalled bet ($3) returned to Kosova1968
Kosova1968 collected $11.76 from pot
*** SUMMARY ***
Total pot $12 | Rake $0.24
Board [5c 5h 2d]
Seat 1: hartiedd1 (big blind) folded on the Flop
Seat 2: Kosova1968 (button) (small blind) collected ($11.76)


PokerStars Hand #145025126589:  Hold'em Limit ($3/$6 USD) - 2015/12/08 11:31:28 ET
Table 'Recha' 2-max Seat #1 is the button
Seat 1: hartiedd1 ($99.62 in chips)
Seat 2: Kosova1968 ($82.38 in chips)
hartiedd1: posts small blind $1
Kosova1968: posts big blind $3
*** HOLE CARDS ***
hartiedd1: folds
Uncalled bet ($2) returned to Kosova1968
Kosova1968 collected $2 from pot
*** SUMMARY ***
Total pot $2 | Rake $0
Seat 1: hartiedd1 (button) (small blind) folded before Flop
Seat 2: Kosova1968 (big blind) collected ($2)


PokerStars Hand #145025115100:  Hold'em Limit ($3/$6 USD) - 2015/12/08 11:31:14 ET
Table 'Recha' 2-max Seat #2 is the button
Seat 1: hartiedd1 ($105.62 in chips)
Seat 2: Kosova1968 ($76.62 in chips)
Kosova1968: posts small blind $1
hartiedd1: posts big blind $3
*** HOLE CARDS ***
Kosova1968: raises $3 to $6
hartiedd1: calls $3
*** FLOP *** [2d Jd Ts]
hartiedd1: checks
Kosova1968: bets $3
hartiedd1: folds
Uncalled bet ($3) returned to Kosova1968
Kosova1968 collected $11.76 from pot
*** SUMMARY ***
Total pot $12 | Rake $0.24
Board [2d Jd Ts]
Seat 1: hartiedd1 (big blind) folded on the Flop
Seat 2: Kosova1968 (button) (small blind) collected ($11.76)


PokerStars Hand #145025205486:  Hold'em Limit ($3/$6 USD) - 2015/12/08 11:33:04 ET
Table 'Recha' 2-max Seat #2 is the button
Seat 1: hartiedd1 ($100.64 in chips)
Seat 2: Kosova1968 ($79.16 in chips)
Kosova1968: posts small blind $1
hartiedd1: posts big blind $3
*** HOLE CARDS ***
Kosova1968: raises $3 to $6
hartiedd1: calls $3
*** FLOP *** [Qc 7d 4h]
hartiedd1: checks
Kosova1968: checks
*** TURN *** [Qc 7d 4h] [Qd]
hartiedd1: checks
Kosova1968: bets $6
hartiedd1: folds
Uncalled bet ($6) returned to Kosova1968
Kosova1968 collected $11.76 from pot
*** SUMMARY ***
Total pot $12 | Rake $0.24
Board [Qc 7d 4h Qd]
Seat 1: hartiedd1 (big blind) folded on the Turn
Seat 2: Kosova1968 (button) (small blind) collected ($11.76)


PokerStars Hand #145025188445:  Hold'em Limit ($3/$6 USD) - 2015/12/08 11:32:44 ET
Table 'Recha' 2-max Seat #1 is the button
Seat 1: hartiedd1 ($77.14 in chips)
Seat 2: Kosova1968 ($103.16 in chips)
hartiedd1: posts small blind $1
Kosova1968: posts big blind $3
*** HOLE CARDS ***
hartiedd1: raises $3 to $6
Kosova1968: calls $3
*** FLOP *** [9d Tc 2c]
Kosova1968: checks
hartiedd1: bets $3
Kosova1968: raises $3 to $6
hartiedd1: calls $3
*** TURN *** [9d Tc 2c] [Ac]
Kosova1968: checks
hartiedd1: bets $6
Kosova1968: raises $6 to $12
hartiedd1: calls $6
*** RIVER *** [9d Tc 2c Ac] [8c]
Kosova1968: checks
hartiedd1: checks
*** SHOW DOWN ***
Kosova1968: shows [Kd Ts] (a pair of Tens)
hartiedd1: shows [Ad Kh] (a pair of Aces)
hartiedd1 collected $47.50 from pot
*** SUMMARY ***
Total pot $48 | Rake $0.50
Board [9d Tc 2c Ac 8c]
Seat 1: hartiedd1 (button) (small blind) showed [Ad Kh] and won ($47.50) with a pair of Aces
Seat 2: Kosova1968 (big blind) showed [Kd Ts] and lost with a pair of Tens


PokerStars Hand #145025177029:  Hold'em Limit ($3/$6 USD) - 2015/12/08 11:32:30 ET
Table 'Recha' 2-max Seat #2 is the button
Seat 1: hartiedd1 ($65.62 in chips)
Seat 2: Kosova1968 ($115.16 in chips)
Kosova1968: posts small blind $1
hartiedd1: posts big blind $3
*** HOLE CARDS ***
Kosova1968: raises $3 to $6
hartiedd1: raises $3 to $9
Kosova1968: calls $3
*** FLOP *** [Ac Qd 8d]
hartiedd1: bets $3
Kosova1968: calls $3
*** TURN *** [Ac Qd 8d] [Kh]
hartiedd1: bets $6
Kosova1968: folds
Uncalled bet ($6) returned to hartiedd1
hartiedd1 collected $23.52 from pot
hartiedd1: doesn't show hand
*** SUMMARY ***
Total pot $24 | Rake $0.48
Board [Ac Qd 8d Kh]
Seat 1: hartiedd1 (big blind) collected ($23.52)
Seat 2: Kosova1968 (button) (small blind) folded on the Turn


PokerStars Hand #145025171679:  Hold'em Limit ($3/$6 USD) - 2015/12/08 11:32:23 ET
Table 'Recha' 2-max Seat #1 is the button
Seat 1: hartiedd1 ($62.62 in chips)
Seat 2: Kosova1968 ($118.16 in chips)
hartiedd1: posts small blind $1
Kosova1968: posts big blind $3
*** HOLE CARDS ***
hartiedd1: raises $3 to $6
Kosova1968: folds
Uncalled bet ($3) returned to hartiedd1
hartiedd1 collected $6 from pot
hartiedd1: doesn't show hand
*** SUMMARY ***
Total pot $6 | Rake $0
Seat 1: hartiedd1 (button) (small blind) collected ($6)
Seat 2: Kosova1968 (big blind) folded before Flop


PokerStars Hand #145025158182:  Hold'em Limit ($3/$6 USD) - 2015/12/08 11:32:07 ET
Table 'Recha' 2-max Seat #2 is the button
Seat 1: hartiedd1 ($80.62 in chips)
Seat 2: Kosova1968 ($100.66 in chips)
Kosova1968: posts small blind $1
hartiedd1: posts big blind $3
*** HOLE CARDS ***
Kosova1968: raises $3 to $6
hartiedd1: calls $3
*** FLOP *** [Qs 8s 2d]
hartiedd1: checks
Kosova1968: checks
*** TURN *** [Qs 8s 2d] [9c]
hartiedd1: bets $6
Kosova1968: calls $6
*** RIVER *** [Qs 8s 2d 9c] [Tc]
hartiedd1: checks
Kosova1968: bets $6
hartiedd1: calls $6
*** SHOW DOWN ***
Kosova1968: shows [Th 5s] (a pair of Tens)
hartiedd1: mucks hand
Kosova1968 collected $35.50 from pot
*** SUMMARY ***
Total pot $36 | Rake $0.50
Board [Qs 8s 2d 9c Tc]
Seat 1: hartiedd1 (big blind) mucked
Seat 2: Kosova1968 (button) (small blind) showed [Th 5s] and won ($35.50) with a pair of Tens


PokerStars Hand #145025257215:  Hold'em Limit ($3/$6 USD) - 2015/12/08 11:34:08 ET
Table 'Recha' 2-max Seat #2 is the button
Seat 1: hartiedd1 ($123.90 in chips)
Seat 2: Kosova1968 ($54.68 in chips)
Kosova1968: posts small blind $1
hartiedd1: posts big blind $3
*** HOLE CARDS ***
Kosova1968: folds
Uncalled bet ($2) returned to hartiedd1
hartiedd1 collected $2 from pot
hartiedd1: doesn't show hand
*** SUMMARY ***
Total pot $2 | Rake $0
Seat 1: hartiedd1 (big blind) collected ($2)
Seat 2: Kosova1968 (button) (small blind) folded before Flop


PokerStars Hand #145025241057:  Hold'em Limit ($3/$6 USD) - 2015/12/08 11:33:48 ET
Table 'Recha' 2-max Seat #1 is the button
Seat 1: hartiedd1 ($94.40 in chips)
Seat 2: Kosova1968 ($84.68 in chips)
hartiedd1: posts small blind $1
Kosova1968: posts big blind $3
*** HOLE CARDS ***
hartiedd1: raises $3 to $6
Kosova1968: calls $3
*** FLOP *** [2s 5s 5c]
Kosova1968: bets $3
hartiedd1: raises $3 to $6
Kosova1968: calls $3
*** TURN *** [2s 5s 5c] [6s]
Kosova1968: checks
hartiedd1: bets $6
Kosova1968: raises $6 to $12
hartiedd1: calls $6
*** RIVER *** [2s 5s 5c 6s] [4s]
Kosova1968: bets $6
hartiedd1: calls $6
*** SHOW DOWN ***
Kosova1968: shows [2d 6d] (two pair, Sixes and Fives)
hartiedd1: shows [9s Js] (a flush, Jack high)
hartiedd1 collected $59.50 from pot
*** SUMMARY ***
Total pot $60 | Rake $0.50
Board [2s 5s 5c 6s 4s]
Seat 1: hartiedd1 (button) (small blind) showed [9s Js] and won ($59.50) with a flush, Jack high
Seat 2: Kosova1968 (big blind) showed [2d 6d] and lost with two pair, Sixes and Fives


PokerStars Hand #145025228636:  Hold'em Limit ($3/$6 USD) - 2015/12/08 11:33:33 ET
Table 'Recha' 2-max Seat #2 is the button
Seat 1: hartiedd1 ($88.64 in chips)
Seat 2: Kosova1968 ($90.68 in chips)
Kosova1968: posts small blind $1
hartiedd1: posts big blind $3
*** HOLE CARDS ***
Kosova1968: raises $3 to $6
hartiedd1: calls $3
*** FLOP *** [Qd Ah 4c]
hartiedd1: checks
Kosova1968: checks
*** TURN *** [Qd Ah 4c] [9d]
hartiedd1: bets $6
Kosova1968: folds
Uncalled bet ($6) returned to hartiedd1
hartiedd1 collected $11.76 from pot
*** SUMMARY ***
Total pot $12 | Rake $0.24
Board [Qd Ah 4c 9d]
Seat 1: hartiedd1 (big blind) collected ($11.76)
Seat 2: Kosova1968 (button) (small blind) folded on the Turn


PokerStars Hand #145025217526:  Hold'em Limit ($3/$6 USD) - 2015/12/08 11:33:19 ET
Table 'Recha' 2-max Seat #1 is the button
Seat 1: hartiedd1 ($94.64 in chips)
Seat 2: Kosova1968 ($84.92 in chips)
hartiedd1: posts small blind $1
Kosova1968: posts big blind $3
*** HOLE CARDS ***
hartiedd1: raises $3 to $6
Kosova1968: calls $3
*** FLOP *** [6s Jd 2s]
Kosova1968: bets $3
hartiedd1: folds
Uncalled bet ($3) returned to Kosova1968
Kosova1968 collected $11.76 from pot
*** SUMMARY ***
Total pot $12 | Rake $0.24
Board [6s Jd 2s]
Seat 1: hartiedd1 (button) (small blind) folded on the Flop
Seat 2: Kosova1968 (big blind) collected ($11.76)


PokerStars Hand #145025290615:  Hold'em Limit ($3/$6 USD) - 2015/12/08 11:34:49 ET
Table 'Recha' 2-max Seat #1 is the button
Seat 1: hartiedd1 ($127.40 in chips)
Seat 2: Kosova1968 ($50.18 in chips)
hartiedd1: posts small blind $1
Kosova1968: posts big blind $3
*** HOLE CARDS ***
hartiedd1: raises $3 to $6
Kosova1968: calls $3
*** FLOP *** [Td 7d Qh]
Kosova1968: bets $3
hartiedd1: raises $3 to $6
Kosova1968: calls $3
*** TURN *** [Td 7d Qh] [6h]
Kosova1968: checks
hartiedd1: checks
*** RIVER *** [Td 7d Qh 6h] [9s]
Kosova1968: checks
hartiedd1: checks
*** SHOW DOWN ***
Kosova1968: shows [6d 3h] (a pair of Sixes)
hartiedd1: shows [9d 4d] (a pair of Nines)
hartiedd1 collected $23.52 from pot
*** SUMMARY ***
Total pot $24 | Rake $0.48
Board [Td 7d Qh 6h 9s]
Seat 1: hartiedd1 (button) (small blind) showed [9d 4d] and won ($23.52) with a pair of Nines
Seat 2: Kosova1968 (big blind) showed [6d 3h] and lost with a pair of Sixes


PokerStars Hand #145025277269:  Hold'em Limit ($3/$6 USD) - 2015/12/08 11:34:32 ET
Table 'Recha' 2-max Seat #2 is the button
Seat 1: hartiedd1 ($151.40 in chips)
Seat 2: Kosova1968 ($26.68 in chips)
Kosova1968: posts small blind $1
hartiedd1: posts big blind $3
*** HOLE CARDS ***
Kosova1968: raises $3 to $6
hartiedd1: calls $3
*** FLOP *** [8d Jh Ks]
hartiedd1: checks
Kosova1968: checks
*** TURN *** [8d Jh Ks] [8h]
hartiedd1: bets $6
Kosova1968: raises $6 to $12
hartiedd1: calls $6
*** RIVER *** [8d Jh Ks 8h] [Jd]
hartiedd1: checks
Kosova1968: bets $6
hartiedd1: calls $6
*** SHOW DOWN ***
Kosova1968: shows [8c Ah] (a full house, Eights full of Jacks)
hartiedd1: mucks hand
Kosova1968 collected $47.50 from pot
*** SUMMARY ***
Total pot $48 | Rake $0.50
Board [8d Jh Ks 8h Jd]
Seat 1: hartiedd1 (big blind) mucked
Seat 2: Kosova1968 (button) (small blind) showed [8c Ah] and won ($47.50) with a full house, Eights full of Jacks


PokerStars Hand #145025261911:  Hold'em Limit ($3/$6 USD) - 2015/12/08 11:34:13 ET
Table 'Recha' 2-max Seat #1 is the button
Seat 1: hartiedd1 ($124.90 in chips)
Seat 2: Kosova1968 ($53.68 in chips)
hartiedd1: posts small blind $1
Kosova1968: posts big blind $3
*** HOLE CARDS ***
hartiedd1: raises $3 to $6
Kosova1968: calls $3
*** FLOP *** [3s 2s 6h]
Kosova1968: bets $3
hartiedd1: raises $3 to $6
Kosova1968: raises $3 to $9
hartiedd1: calls $3
*** TURN *** [3s 2s 6h] [7h]
Kosova1968: bets $6
hartiedd1: calls $6
*** RIVER *** [3s 2s 6h 7h] [Kc]
Kosova1968: bets $6
hartiedd1: calls $6
*** SHOW DOWN ***
Kosova1968: shows [6s 4s] (a pair of Sixes)
hartiedd1: shows [6d 9h] (a pair of Sixes - King+Nine kicker)
hartiedd1 collected $53.50 from pot
*** SUMMARY ***
Total pot $54 | Rake $0.50
Board [3s 2s 6h 7h Kc]
Seat 1: hartiedd1 (button) (small blind) showed [6d 9h] and won ($53.50) with a pair of Sixes
Seat 2: Kosova1968 (big blind) showed [6s 4s] and lost with a pair of Sixes


PokerStars Hand #145025304724:  Hold'em Limit ($3/$6 USD) - 2015/12/08 11:35:06 ET
Table 'Recha' 2-max Seat #2 is the button
Seat 1: hartiedd1 ($138.92 in chips)
Seat 2: Kosova1968 ($38.18 in chips)
Kosova1968: posts small blind $1
hartiedd1: posts big blind $3
*** HOLE CARDS ***
Kosova1968: raises $3 to $6
hartiedd1: raises $3 to $9
Kosova1968: calls $3
*** FLOP *** [6d Qc 3c]
hartiedd1: bets $3
Kosova1968: calls $3
*** TURN *** [6d Qc 3c] [Kd]
hartiedd1: bets $6
Kosova1968: raises $6 to $12
hartiedd1: raises $6 to $18
Kosova1968: raises $6 to $24
Betting is capped
hartiedd1: calls $6
*** RIVER *** [6d Qc 3c Kd] [Kh]
hartiedd1: bets $6
Kosova1968: calls $2.18 and is all-in
Uncalled bet ($3.82) returned to hartiedd1
*** SHOW DOWN ***
hartiedd1: shows [Qd Kc] (a full house, Kings full of Queens)
Kosova1968: shows [3s 3h] (a full house, Threes full of Kings)
hartiedd1 collected $75.86 from pot
*** SUMMARY ***
Total pot $76.36 | Rake $0.50
Board [6d Qc 3c Kd Kh]
Seat 1: hartiedd1 (big blind) showed [Qd Kc] and won ($75.86) with a full house, Kings full of Queens
Seat 2: Kosova1968 (button) (small blind) showed [3s 3h] and lost with a full house, Threes full of Kings


PokerStars Hand #145025343554:  Hold'em Limit ($3/$6 USD) - 2015/12/08 11:35:53 ET
Table 'Recha' 2-max Seat #2 is the button
Seat 1: hartiedd1 ($175.60 in chips)
Seat 2: Kosova1968 ($73 in chips)
Kosova1968: posts small blind $1
hartiedd1: posts big blind $3
*** HOLE CARDS ***
Kosova1968: raises $3 to $6
hartiedd1: calls $3
*** FLOP *** [9h 7d 8s]
hartiedd1: checks
Kosova1968: checks
*** TURN *** [9h 7d 8s] [3c]
hartiedd1: bets $6
Kosova1968: calls $6
*** RIVER *** [9h 7d 8s 3c] [Th]
hartiedd1: checks
Kosova1968: checks
*** SHOW DOWN ***
hartiedd1: shows [3h 5h] (a pair of Threes)
Kosova1968: shows [3d Qd] (a pair of Threes - Queen kicker)
Kosova1968 collected $23.52 from pot
*** SUMMARY ***
Total pot $24 | Rake $0.48
Board [9h 7d 8s 3c Th]
Seat 1: hartiedd1 (big blind) showed [3h 5h] and lost with a pair of Threes
Seat 2: Kosova1968 (button) (small blind) showed [3d Qd] and won ($23.52) with a pair of Threes


PokerStars Hand #145025338179:  Hold'em Limit ($3/$6 USD) - 2015/12/08 11:35:47 ET
Table 'Recha' 2-max Seat #1 is the button
Seat 1: hartiedd1 ($176.60 in chips)
Seat 2: Kosova1968 ($72 in chips)
hartiedd1: posts small blind $1
Kosova1968: posts big blind $3
*** HOLE CARDS ***
hartiedd1: folds
Uncalled bet ($2) returned to Kosova1968
Kosova1968 collected $2 from pot
*** SUMMARY ***
Total pot $2 | Rake $0
Seat 1: hartiedd1 (button) (small blind) folded before Flop
Seat 2: Kosova1968 (big blind) collected ($2)


PokerStars Hand #145025359548:  Hold'em Limit ($3/$6 USD) - 2015/12/08 11:36:13 ET
Table 'Recha' 2-max Seat #1 is the button
Seat 1: hartiedd1 ($163.60 in chips)
Seat 2: Kosova1968 ($84.52 in chips)
hartiedd1: posts small blind $1
Kosova1968: posts big blind $3
*** HOLE CARDS ***
hartiedd1: raises $3 to $6
Kosova1968: calls $3
*** FLOP *** [Jh 3s Ac]
Kosova1968: checks
hartiedd1: checks
*** TURN *** [Jh 3s Ac] [8s]
Kosova1968: bets $6
hartiedd1: raises $6 to $12
Kosova1968: calls $6
*** RIVER *** [Jh 3s Ac 8s] [2c]
Kosova1968: checks
hartiedd1: bets $6
Kosova1968: calls $6
*** SHOW DOWN ***
hartiedd1: shows [Kh 8d] (a pair of Eights)
Kosova1968: shows [5s 3h] (a pair of Threes)
hartiedd1 collected $47.50 from pot
*** SUMMARY ***
Total pot $48 | Rake $0.50
Board [Jh 3s Ac 8s 2c]
Seat 1: hartiedd1 (button) (small blind) showed [Kh 8d] and won ($47.50) with a pair of Eights
Seat 2: Kosova1968 (big blind) showed [5s 3h] and lost with a pair of Threes


PokerStars Hand #145025395211:  Hold'em Limit ($3/$6 USD) - 2015/12/08 11:36:56 ET
Table 'Recha' 2-max Seat #2 is the button
Seat 1: hartiedd1 ($172.10 in chips)
Seat 2: Kosova1968 ($74.92 in chips)
Kosova1968: posts small blind $1
hartiedd1: posts big blind $3
*** HOLE CARDS ***
Kosova1968: raises $3 to $6
hartiedd1: calls $3
*** FLOP *** [2h 9d 7d]
hartiedd1: checks
Kosova1968: checks
*** TURN *** [2h 9d 7d] [9c]
hartiedd1: checks
Kosova1968: bets $6
hartiedd1: folds
Uncalled bet ($6) returned to Kosova1968
Kosova1968 collected $11.76 from pot
*** SUMMARY ***
Total pot $12 | Rake $0.24
Board [2h 9d 7d 9c]
Seat 1: hartiedd1 (big blind) folded on the Turn
Seat 2: Kosova1968 (button) (small blind) collected ($11.76)


PokerStars Hand #145025388577:  Hold'em Limit ($3/$6 USD) - 2015/12/08 11:36:48 ET
Table 'Recha' 2-max Seat #1 is the button
Seat 1: hartiedd1 ($178.10 in chips)
Seat 2: Kosova1968 ($69.16 in chips)
hartiedd1: posts small blind $1
Kosova1968: posts big blind $3
*** HOLE CARDS ***
hartiedd1: raises $3 to $6
Kosova1968: calls $3
*** FLOP *** [7d Qs Jc]
Kosova1968: bets $3
hartiedd1: folds
Uncalled bet ($3) returned to Kosova1968
Kosova1968 collected $11.76 from pot
*** SUMMARY ***
Total pot $12 | Rake $0.24
Board [7d Qs Jc]
Seat 1: hartiedd1 (button) (small blind) folded on the Flop
Seat 2: Kosova1968 (big blind) collected ($11.76)


PokerStars Hand #145025374919:  Hold'em Limit ($3/$6 USD) - 2015/12/08 11:36:31 ET
Table 'Recha' 2-max Seat #2 is the button
Seat 1: hartiedd1 ($187.10 in chips)
Seat 2: Kosova1968 ($60.52 in chips)
Kosova1968: posts small blind $1
hartiedd1: posts big blind $3
*** HOLE CARDS ***
Kosova1968: raises $3 to $6
hartiedd1: calls $3
*** FLOP *** [6d 6h 5s]
hartiedd1: checks
Kosova1968: bets $3
hartiedd1: calls $3
*** TURN *** [6d 6h 5s] [9d]
hartiedd1: checks
Kosova1968: bets $6
hartiedd1: folds
Uncalled bet ($6) returned to Kosova1968
Kosova1968 collected $17.64 from pot
*** SUMMARY ***
Total pot $18 | Rake $0.36
Board [6d 6h 5s 9d]
Seat 1: hartiedd1 (big blind) folded on the Turn
Seat 2: Kosova1968 (button) (small blind) collected ($17.64)


PokerStars Hand #145025407142:  Hold'em Limit ($3/$6 USD) - 2015/12/08 11:37:11 ET
Table 'Recha' 2-max Seat #1 is the button
Seat 1: hartiedd1 ($166.10 in chips)
Seat 2: Kosova1968 ($80.68 in chips)
hartiedd1: posts small blind $1
Kosova1968: posts big blind $3
*** HOLE CARDS ***
hartiedd1: raises $3 to $6
Kosova1968: calls $3
*** FLOP *** [5h Kc 3h]
Kosova1968: bets $3
hartiedd1: calls $3
*** TURN *** [5h Kc 3h] [Ad]
Kosova1968: checks
hartiedd1: bets $6
Kosova1968: folds
Uncalled bet ($6) returned to hartiedd1
hartiedd1 collected $17.64 from pot
hartiedd1: doesn't show hand
*** SUMMARY ***
Total pot $18 | Rake $0.36
Board [5h Kc 3h Ad]
Seat 1: hartiedd1 (button) (small blind) collected ($17.64)
Seat 2: Kosova1968 (big blind) folded on the Turn


PokerStars Hand #145025451944:  Hold'em Limit ($3/$6 USD) - 2015/12/08 11:38:05 ET
Table 'Recha' 2-max Seat #1 is the button
Seat 1: hartiedd1 ($174.26 in chips)
Seat 2: Kosova1968 ($71.20 in chips)
hartiedd1: posts small blind $1
Kosova1968: posts big blind $3
*** HOLE CARDS ***
hartiedd1: raises $3 to $6
Kosova1968: calls $3
*** FLOP *** [Kc 8h 4s]
Kosova1968: checks
hartiedd1: checks
*** TURN *** [Kc 8h 4s] [3h]
Kosova1968: bets $6
hartiedd1: folds
Uncalled bet ($6) returned to Kosova1968
Kosova1968 collected $11.76 from pot
*** SUMMARY ***
Total pot $12 | Rake $0.24
Board [Kc 8h 4s 3h]
Seat 1: hartiedd1 (button) (small blind) folded on the Turn
Seat 2: Kosova1968 (big blind) collected ($11.76)


PokerStars Hand #145025438541:  Hold'em Limit ($3/$6 USD) - 2015/12/08 11:37:49 ET
Table 'Recha' 2-max Seat #2 is the button
Seat 1: hartiedd1 ($162.74 in chips)
Seat 2: Kosova1968 ($83.20 in chips)
Kosova1968: posts small blind $1
hartiedd1: posts big blind $3
*** HOLE CARDS ***
Kosova1968: raises $3 to $6
hartiedd1: raises $3 to $9
Kosova1968: calls $3
*** FLOP *** [Jh Kc Td]
hartiedd1: checks
Kosova1968: bets $3
hartiedd1: calls $3
*** TURN *** [Jh Kc Td] [Qs]
hartiedd1: bets $6
Kosova1968: folds
Uncalled bet ($6) returned to hartiedd1
hartiedd1 collected $23.52 from pot
hartiedd1: doesn't show hand
*** SUMMARY ***
Total pot $24 | Rake $0.48
Board [Jh Kc Td Qs]
Seat 1: hartiedd1 (big blind) collected ($23.52)
Seat 2: Kosova1968 (button) (small blind) folded on the Turn


PokerStars Hand #145025430402:  Hold'em Limit ($3/$6 USD) - 2015/12/08 11:37:39 ET
Table 'Recha' 2-max Seat #1 is the button
Seat 1: hartiedd1 ($168.74 in chips)
Seat 2: Kosova1968 ($77.44 in chips)
hartiedd1: posts small blind $1
Kosova1968: posts big blind $3
*** HOLE CARDS ***
hartiedd1: raises $3 to $6
Kosova1968: calls $3
*** FLOP *** [2c 6c Qs]
Kosova1968: bets $3
hartiedd1: folds
Uncalled bet ($3) returned to Kosova1968
Kosova1968 collected $11.76 from pot
*** SUMMARY ***
Total pot $12 | Rake $0.24
Board [2c 6c Qs]
Seat 1: hartiedd1 (button) (small blind) folded on the Flop
Seat 2: Kosova1968 (big blind) collected ($11.76)


PokerStars Hand #145025420732:  Hold'em Limit ($3/$6 USD) - 2015/12/08 11:37:27 ET
Table 'Recha' 2-max Seat #2 is the button
Seat 1: hartiedd1 ($174.74 in chips)
Seat 2: Kosova1968 ($71.68 in chips)
Kosova1968: posts small blind $1
hartiedd1: posts big blind $3
*** HOLE CARDS ***
Kosova1968: raises $3 to $6
hartiedd1: calls $3
*** FLOP *** [5h 9c Qh]
hartiedd1: checks
Kosova1968: checks
*** TURN *** [5h 9c Qh] [2d]
hartiedd1: checks
Kosova1968: bets $6
hartiedd1: folds
Uncalled bet ($6) returned to Kosova1968
Kosova1968 collected $11.76 from pot
*** SUMMARY ***
Total pot $12 | Rake $0.24
Board [5h 9c Qh 2d]
Seat 1: hartiedd1 (big blind) folded on the Turn
Seat 2: Kosova1968 (button) (small blind) collected ($11.76)


PokerStars Hand #145025493348:  Hold'em Limit ($3/$6 USD) - 2015/12/08 11:38:56 ET
Table 'Recha' 2-max Seat #2 is the button
Seat 1: hartiedd1 ($191.76 in chips)
Seat 2: Kosova1968 ($52.72 in chips)
Kosova1968: posts small blind $1
hartiedd1: posts big blind $3
*** HOLE CARDS ***
Kosova1968: raises $3 to $6
hartiedd1: calls $3
*** FLOP *** [5d 2d 9s]
hartiedd1: checks
Kosova1968: checks
*** TURN *** [5d 2d 9s] [2h]
hartiedd1: checks
Kosova1968: bets $6
hartiedd1: calls $6
*** RIVER *** [5d 2d 9s 2h] [Jh]
hartiedd1: checks
Kosova1968: bets $6
hartiedd1: calls $6
*** SHOW DOWN ***
Kosova1968: shows [8h 4h] (a pair of Deuces)
hartiedd1: shows [Ah 7d] (a pair of Deuces - Ace kicker)
hartiedd1 collected $35.50 from pot
*** SUMMARY ***
Total pot $36 | Rake $0.50
Board [5d 2d 9s 2h Jh]
Seat 1: hartiedd1 (big blind) showed [Ah 7d] and won ($35.50) with a pair of Deuces
Seat 2: Kosova1968 (button) (small blind) showed [8h 4h] and lost with a pair of Deuces


PokerStars Hand #145025475922:  Hold'em Limit ($3/$6 USD) - 2015/12/08 11:38:34 ET
Table 'Recha' 2-max Seat #1 is the button
Seat 1: hartiedd1 ($162.26 in chips)
Seat 2: Kosova1968 ($82.72 in chips)
hartiedd1: posts small blind $1
Kosova1968: posts big blind $3
*** HOLE CARDS ***
hartiedd1: raises $3 to $6
Kosova1968: calls $3
*** FLOP *** [Tc 5s 4c]
Kosova1968: bets $3
hartiedd1: raises $3 to $6
Kosova1968: calls $3
*** TURN *** [Tc 5s 4c] [6c]
Kosova1968: bets $6
hartiedd1: raises $6 to $12
Kosova1968: calls $6
*** RIVER *** [Tc 5s 4c 6c] [5d]
Kosova1968: checks
hartiedd1: bets $6
Kosova1968: calls $6
*** SHOW DOWN ***
hartiedd1: shows [8c 9c] (a flush, Ten high)
Kosova1968: shows [7c 8s] (a straight, Four to Eight)
hartiedd1 collected $59.50 from pot
*** SUMMARY ***
Total pot $60 | Rake $0.50
Board [Tc 5s 4c 6c 5d]
Seat 1: hartiedd1 (button) (small blind) showed [8c 9c] and won ($59.50) with a flush, Ten high
Seat 2: Kosova1968 (big blind) showed [7c 8s] and lost with a straight, Four to Eight


PokerStars Hand #145025462025:  Hold'em Limit ($3/$6 USD) - 2015/12/08 11:38:18 ET
Table 'Recha' 2-max Seat #2 is the button
Seat 1: hartiedd1 ($168.26 in chips)
Seat 2: Kosova1968 ($76.96 in chips)
Kosova1968: posts small blind $1
hartiedd1: posts big blind $3
*** HOLE CARDS ***
Kosova1968: raises $3 to $6
hartiedd1: calls $3
*** FLOP *** [8d Ts Td]
hartiedd1: checks
Kosova1968: checks
*** TURN *** [8d Ts Td] [4s]
hartiedd1: checks
Kosova1968: checks
*** RIVER *** [8d Ts Td 4s] [As]
hartiedd1: checks
Kosova1968: bets $6
hartiedd1: folds
Uncalled bet ($6) returned to Kosova1968
Kosova1968 collected $11.76 from pot
*** SUMMARY ***
Total pot $12 | Rake $0.24
Board [8d Ts Td 4s As]
Seat 1: hartiedd1 (big blind) folded on the River
Seat 2: Kosova1968 (button) (small blind) collected ($11.76)


PokerStars Hand #145025525534:  Hold'em Limit ($3/$6 USD) - 2015/12/08 11:39:35 ET
Table 'Recha' 2-max Seat #2 is the button
Seat 1: hartiedd1 ($226.76 in chips)
Seat 2: Kosova1968 ($16.72 in chips)
Kosova1968: posts small blind $1
hartiedd1: posts big blind $3
*** HOLE CARDS ***
Kosova1968: raises $3 to $6
hartiedd1: calls $3
*** FLOP *** [Tc Js Qc]
hartiedd1: checks
Kosova1968: checks
*** TURN *** [Tc Js Qc] [8s]
hartiedd1: checks
Kosova1968: checks
*** RIVER *** [Tc Js Qc 8s] [6d]
hartiedd1: bets $6
Kosova1968: folds
Uncalled bet ($6) returned to hartiedd1
hartiedd1 collected $11.76 from pot
hartiedd1: doesn't show hand
*** SUMMARY ***
Total pot $12 | Rake $0.24
Board [Tc Js Qc 8s 6d]
Seat 1: hartiedd1 (big blind) collected ($11.76)
Seat 2: Kosova1968 (button) (small blind) folded on the River


PokerStars Hand #145025544740:  Hold'em Limit ($3/$6 USD) - 2015/12/08 11:39:58 ET
Table 'Recha' 2-max Seat #2 is the button
Seat 1: hartiedd1 ($238.28 in chips)
Seat 2: Kosova1968 ($4.72 in chips)
Kosova1968: posts small blind $1
hartiedd1: posts big blind $3
*** HOLE CARDS ***
Kosova1968: folds
Uncalled bet ($2) returned to hartiedd1
hartiedd1 collected $2 from pot
hartiedd1: doesn't show hand
*** SUMMARY ***
Total pot $2 | Rake $0
Seat 1: hartiedd1 (big blind) collected ($2)
Seat 2: Kosova1968 (button) (small blind) folded before Flop


PokerStars Hand #145025536236:  Hold'em Limit ($3/$6 USD) - 2015/12/08 11:39:48 ET
Table 'Recha' 2-max Seat #1 is the button
Seat 1: hartiedd1 ($232.52 in chips)
Seat 2: Kosova1968 ($10.72 in chips)
hartiedd1: posts small blind $1
Kosova1968: posts big blind $3
*** HOLE CARDS ***
hartiedd1: raises $3 to $6
Kosova1968: calls $3
*** FLOP *** [Qh Jh 5s]
Kosova1968: checks
hartiedd1: bets $3
Kosova1968: folds
Uncalled bet ($3) returned to hartiedd1
hartiedd1 collected $11.76 from pot
hartiedd1: doesn't show hand
*** SUMMARY ***
Total pot $12 | Rake $0.24
Board [Qh Jh 5s]
Seat 1: hartiedd1 (button) (small blind) collected ($11.76)
Seat 2: Kosova1968 (big blind) folded on the Flop


PokerStars Hand #145025548389:  Hold'em Limit ($3/$6 USD) - 2015/12/08 11:40:03 ET
Table 'Recha' 2-max Seat #1 is the button
Seat 1: hartiedd1 ($239.28 in chips)
Seat 2: Kosova1968 ($3.72 in chips)
hartiedd1: posts small blind $1
Kosova1968: posts big blind $3
*** HOLE CARDS ***
hartiedd1: raises $3 to $6
Kosova1968: calls $0.72 and is all-in
Uncalled bet ($2.28) returned to hartiedd1
*** FLOP *** [Jc 6h 6d]
*** TURN *** [Jc 6h 6d] [As]
*** RIVER *** [Jc 6h 6d As] [Kh]
*** SHOW DOWN ***
Kosova1968: shows [Ks 4h] (two pair, Kings and Sixes)
hartiedd1: shows [3h Ac] (two pair, Aces and Sixes)
hartiedd1 collected $7.29 from pot
*** SUMMARY ***
Total pot $7.44 | Rake $0.15
Board [Jc 6h 6d As Kh]
Seat 1: hartiedd1 (button) (small blind) showed [3h Ac] and won ($7.29) with two pair, Aces and Sixes
Seat 2: Kosova1968 (big blind) showed [Ks 4h] and lost with two pair, Kings and Sixes


PokerStars Hand #145025558110:  Hold'em Limit ($3/$6 USD) - 2015/12/08 11:40:14 ET
Table 'Recha' 2-max Seat #2 is the button
Seat 1: hartiedd1 ($242.85 in chips)
Seat 2: Kosova1968 ($105.12 in chips)
Kosova1968: posts small blind $1
hartiedd1: posts big blind $3
*** HOLE CARDS ***
Kosova1968: folds
Uncalled bet ($2) returned to hartiedd1
hartiedd1 collected $2 from pot
hartiedd1: doesn't show hand
*** SUMMARY ***
Total pot $2 | Rake $0
Seat 1: hartiedd1 (big blind) collected ($2)
Seat 2: Kosova1968 (button) (small blind) folded before Flop


PokerStars Hand #145025512524:  Hold'em Limit ($3/$6 USD) - 2015/12/08 11:39:19 ET
Table 'Recha' 2-max Seat #1 is the button
Seat 1: hartiedd1 ($209.26 in chips)
Seat 2: Kosova1968 ($34.72 in chips)
hartiedd1: posts small blind $1
Kosova1968: posts big blind $3
*** HOLE CARDS ***
hartiedd1: raises $3 to $6
Kosova1968: calls $3
*** FLOP *** [Ks As 4h]
Kosova1968: bets $3
hartiedd1: raises $3 to $6
Kosova1968: calls $3
*** TURN *** [Ks As 4h] [7c]
Kosova1968: bets $6
hartiedd1: calls $6
*** RIVER *** [Ks As 4h 7c] [5c]
Kosova1968: checks
hartiedd1: checks
*** SHOW DOWN ***
Kosova1968: shows [5s 8s] (a pair of Fives)
hartiedd1: shows [2d Kh] (a pair of Kings)
hartiedd1 collected $35.50 from pot
*** SUMMARY ***
Total pot $36 | Rake $0.50
Board [Ks As 4h 7c 5c]
Seat 1: hartiedd1 (button) (small blind) showed [2d Kh] and won ($35.50) with a pair of Kings
Seat 2: Kosova1968 (big blind) showed [5s 8s] and lost with a pair of Fives


PokerStars Hand #145025573786:  Hold'em Limit ($3/$6 USD) - 2015/12/08 11:40:33 ET
Table 'Recha' 2-max Seat #2 is the button
Seat 1: hartiedd1 ($225.85 in chips)
Seat 2: Kosova1968 ($121.62 in chips)
Kosova1968: posts small blind $1
hartiedd1: posts big blind $3
*** HOLE CARDS ***
Kosova1968: raises $3 to $6
hartiedd1: calls $3
*** FLOP *** [Ah As 8d]
hartiedd1: checks
Kosova1968: checks
*** TURN *** [Ah As 8d] [2h]
hartiedd1: checks
Kosova1968: bets $6
hartiedd1: calls $6
*** RIVER *** [Ah As 8d 2h] [Qc]
hartiedd1: checks
Kosova1968: checks
*** SHOW DOWN ***
hartiedd1: shows [5s Kh] (a pair of Aces)
Kosova1968: shows [Kd 9d] (a pair of Aces - King+Queen+Nine kicker)
Kosova1968 collected $23.52 from pot
*** SUMMARY ***
Total pot $24 | Rake $0.48
Board [Ah As 8d 2h Qc]
Seat 1: hartiedd1 (big blind) showed [5s Kh] and lost with a pair of Aces
Seat 2: Kosova1968 (button) (small blind) showed [Kd 9d] and won ($23.52) with a pair of Aces


PokerStars Hand #145025589317:  Hold'em Limit ($3/$6 USD) - 2015/12/08 11:40:52 ET
Table 'Recha' 2-max Seat #1 is the button
Seat 1: hartiedd1 ($213.85 in chips)
Seat 2: Kosova1968 ($133.14 in chips)
hartiedd1: posts small blind $1
Kosova1968: posts big blind $3
*** HOLE CARDS ***
hartiedd1: raises $3 to $6
Kosova1968: calls $3
*** FLOP *** [8d 7c Td]
Kosova1968: checks
hartiedd1: checks
*** TURN *** [8d 7c Td] [2s]
Kosova1968: bets $6
hartiedd1: calls $6
*** RIVER *** [8d 7c Td 2s] [6s]
Kosova1968: bets $6
hartiedd1: folds
Uncalled bet ($6) returned to Kosova1968
Kosova1968 collected $23.52 from pot
*** SUMMARY ***
Total pot $24 | Rake $0.48
Board [8d 7c Td 2s 6s]
Seat 1: hartiedd1 (button) (small blind) folded on the River
Seat 2: Kosova1968 (big blind) collected ($23.52)


PokerStars Hand #145025601381:  Hold'em Limit ($3/$6 USD) - 2015/12/08 11:41:07 ET
Table 'Recha' 2-max Seat #2 is the button
Seat 1: hartiedd1 ($201.85 in chips)
Seat 2: Kosova1968 ($144.66 in chips)
Kosova1968: posts small blind $1
hartiedd1: posts big blind $3
*** HOLE CARDS ***
Kosova1968: raises $3 to $6
hartiedd1: calls $3
*** FLOP *** [Jc Kc 7s]
hartiedd1: checks
Kosova1968: bets $3
hartiedd1: folds
Uncalled bet ($3) returned to Kosova1968
Kosova1968 collected $11.76 from pot
*** SUMMARY ***
Total pot $12 | Rake $0.24
Board [Jc Kc 7s]
Seat 1: hartiedd1 (big blind) folded on the Flop
Seat 2: Kosova1968 (button) (small blind) collected ($11.76)


PokerStars Hand #145025562309:  Hold'em Limit ($3/$6 USD) - 2015/12/08 11:40:19 ET
Table 'Recha' 2-max Seat #1 is the button
Seat 1: hartiedd1 ($243.85 in chips)
Seat 2: Kosova1968 ($104.12 in chips)
hartiedd1: posts small blind $1
Kosova1968: posts big blind $3
*** HOLE CARDS ***
hartiedd1: raises $3 to $6
Kosova1968: calls $3
*** FLOP *** [7h 2s Ts]
Kosova1968: checks
hartiedd1: checks
*** TURN *** [7h 2s Ts] [8c]
Kosova1968: bets $6
hartiedd1: calls $6
*** RIVER *** [7h 2s Ts 8c] [4s]
Kosova1968: bets $6
hartiedd1: calls $6
*** SHOW DOWN ***
Kosova1968: shows [9s Jd] (a straight, Seven to Jack)
hartiedd1: mucks hand
Kosova1968 collected $35.50 from pot
*** SUMMARY ***
Total pot $36 | Rake $0.50
Board [7h 2s Ts 8c 4s]
Seat 1: hartiedd1 (button) (small blind) mucked
Seat 2: Kosova1968 (big blind) showed [9s Jd] and won ($35.50) with a straight, Seven to Jack


PokerStars Hand #145025616395:  Hold'em Limit ($3/$6 USD) - 2015/12/08 11:41:25 ET
Table 'Recha' 2-max Seat #2 is the button
Seat 1: hartiedd1 ($194.85 in chips)
Seat 2: Kosova1968 ($151.42 in chips)
Kosova1968: posts small blind $1
hartiedd1: posts big blind $3
*** HOLE CARDS ***
Kosova1968: raises $3 to $6
hartiedd1: calls $3
*** FLOP *** [7h Kd 5h]
hartiedd1: checks
Kosova1968: checks
*** TURN *** [7h Kd 5h] [9s]
hartiedd1: bets $6
Kosova1968: calls $6
*** RIVER *** [7h Kd 5h 9s] [5c]
hartiedd1: bets $6
Kosova1968: raises $6 to $12
hartiedd1: raises $6 to $18
Kosova1968: calls $6
*** SHOW DOWN ***
hartiedd1: shows [5s 8d] (three of a kind, Fives)
Kosova1968: shows [Qc Qh] (two pair, Queens and Fives)
hartiedd1 collected $59.50 from pot
*** SUMMARY ***
Total pot $60 | Rake $0.50
Board [7h Kd 5h 9s 5c]
Seat 1: hartiedd1 (big blind) showed [5s 8d] and won ($59.50) with three of a kind, Fives
Seat 2: Kosova1968 (button) (small blind) showed [Qc Qh] and lost with two pair, Queens and Fives


PokerStars Hand #145025631947:  Hold'em Limit ($3/$6 USD) - 2015/12/08 11:41:44 ET
Table 'Recha' 2-max Seat #1 is the button
Seat 1: hartiedd1 ($224.35 in chips)
Seat 2: Kosova1968 ($121.42 in chips)
hartiedd1: posts small blind $1
Kosova1968: posts big blind $3
*** HOLE CARDS ***
hartiedd1: calls $2
Kosova1968: checks
*** FLOP *** [3s Jc Qs]
Kosova1968: bets $3
hartiedd1: folds
Uncalled bet ($3) returned to Kosova1968
Kosova1968 collected $5.88 from pot
*** SUMMARY ***
Total pot $6 | Rake $0.12
Board [3s Jc Qs]
Seat 1: hartiedd1 (button) (small blind) folded on the Flop
Seat 2: Kosova1968 (big blind) collected ($5.88)


PokerStars Hand #145025641672:  Hold'em Limit ($3/$6 USD) - 2015/12/08 11:41:56 ET
Table 'Recha' 2-max Seat #2 is the button
Seat 1: hartiedd1 ($221.35 in chips)
Seat 2: Kosova1968 ($124.30 in chips)
Kosova1968: posts small blind $1
hartiedd1: posts big blind $3
*** HOLE CARDS ***
Kosova1968: raises $3 to $6
hartiedd1: calls $3
*** FLOP *** [Kc Kh 8d]
hartiedd1: bets $3
Kosova1968: calls $3
*** TURN *** [Kc Kh 8d] [7c]
hartiedd1: bets $6
Kosova1968: calls $6
*** RIVER *** [Kc Kh 8d 7c] [Th]
hartiedd1: bets $6
Kosova1968: calls $6
*** SHOW DOWN ***
hartiedd1: shows [Ks Qd] (three of a kind, Kings)
Kosova1968: shows [Ac 3c] (a pair of Kings)
hartiedd1 collected $41.50 from pot
*** SUMMARY ***
Total pot $42 | Rake $0.50
Board [Kc Kh 8d 7c Th]
Seat 1: hartiedd1 (big blind) showed [Ks Qd] and won ($41.50) with three of a kind, Kings
Seat 2: Kosova1968 (button) (small blind) showed [Ac 3c] and lost with a pair of Kings


PokerStars Hand #145025674112:  Hold'em Limit ($3/$6 USD) - 2015/12/08 11:42:35 ET
Table 'Recha' 2-max Seat #1 is the button
Seat 1: hartiedd1 ($260.35 in chips)
Seat 2: Kosova1968 ($84.30 in chips)
hartiedd1: posts small blind $1
Kosova1968: posts big blind $3
*** HOLE CARDS ***
hartiedd1: raises $3 to $6
Kosova1968: calls $3
*** FLOP *** [8h 9s 2c]
Kosova1968: checks
hartiedd1: checks
*** TURN *** [8h 9s 2c] [Tc]
Kosova1968: checks
hartiedd1: checks
*** RIVER *** [8h 9s 2c Tc] [4h]
Kosova1968: bets $6
hartiedd1: calls $6
*** SHOW DOWN ***
Kosova1968: shows [9d 3h] (a pair of Nines)
hartiedd1: mucks hand
Kosova1968 collected $23.52 from pot
*** SUMMARY ***
Total pot $24 | Rake $0.48
Board [8h 9s 2c Tc 4h]
Seat 1: hartiedd1 (button) (small blind) mucked
Seat 2: Kosova1968 (big blind) showed [9d 3h] and won ($23.52) with a pair of Nines


PokerStars Hand #145025686646:  Hold'em Limit ($3/$6 USD) - 2015/12/08 11:42:50 ET
Table 'Recha' 2-max Seat #2 is the button
Seat 1: hartiedd1 ($248.35 in chips)
Seat 2: Kosova1968 ($95.82 in chips)
Kosova1968: posts small blind $1
hartiedd1: posts big blind $3
*** HOLE CARDS ***
Kosova1968: raises $3 to $6
hartiedd1: calls $3
*** FLOP *** [9d 5d 5c]
hartiedd1: checks
Kosova1968: bets $3
hartiedd1: calls $3
*** TURN *** [9d 5d 5c] [Ks]
hartiedd1: checks
Kosova1968: bets $6
hartiedd1: raises $6 to $12
Kosova1968: calls $6
*** RIVER *** [9d 5d 5c Ks] [5s]
hartiedd1: bets $6
Kosova1968: calls $6
*** SHOW DOWN ***
hartiedd1: shows [7d Kh] (a full house, Fives full of Kings)
Kosova1968: shows [Js 9s] (a full house, Fives full of Nines)
hartiedd1 collected $53.50 from pot
*** SUMMARY ***
Total pot $54 | Rake $0.50
Board [9d 5d 5c Ks 5s]
Seat 1: hartiedd1 (big blind) showed [7d Kh] and won ($53.50) with a full house, Fives full of Kings
Seat 2: Kosova1968 (button) (small blind) showed [Js 9s] and lost with a full house, Fives full of Nines


PokerStars Hand #145025670448:  Hold'em Limit ($3/$6 USD) - 2015/12/08 11:42:30 ET
Table 'Recha' 2-max Seat #2 is the button
Seat 1: hartiedd1 ($259.35 in chips)
Seat 2: Kosova1968 ($85.30 in chips)
Kosova1968: posts small blind $1
hartiedd1: posts big blind $3
*** HOLE CARDS ***
Kosova1968: folds
Uncalled bet ($2) returned to hartiedd1
hartiedd1 collected $2 from pot
hartiedd1: doesn't show hand
*** SUMMARY ***
Total pot $2 | Rake $0
Seat 1: hartiedd1 (big blind) collected ($2)
Seat 2: Kosova1968 (button) (small blind) folded before Flop


PokerStars Hand #145025655555:  Hold'em Limit ($3/$6 USD) - 2015/12/08 11:42:13 ET
Table 'Recha' 2-max Seat #1 is the button
Seat 1: hartiedd1 ($241.85 in chips)
Seat 2: Kosova1968 ($103.30 in chips)
hartiedd1: posts small blind $1
Kosova1968: posts big blind $3
*** HOLE CARDS ***
hartiedd1: raises $3 to $6
Kosova1968: calls $3
*** FLOP *** [3c 6c 8s]
Kosova1968: bets $3
hartiedd1: raises $3 to $6
Kosova1968: calls $3
*** TURN *** [3c 6c 8s] [Js]
Kosova1968: bets $6
hartiedd1: raises $6 to $12
Kosova1968: folds
Uncalled bet ($6) returned to hartiedd1
hartiedd1 collected $35.50 from pot
hartiedd1: doesn't show hand
*** SUMMARY ***
Total pot $36 | Rake $0.50
Board [3c 6c 8s Js]
Seat 1: hartiedd1 (button) (small blind) collected ($35.50)
Seat 2: Kosova1968 (big blind) folded on the Turn


PokerStars Hand #145025707348:  Hold'em Limit ($3/$6 USD) - 2015/12/08 11:43:15 ET
Table 'Recha' 2-max Seat #1 is the button
Seat 1: hartiedd1 ($274.85 in chips)
Seat 2: Kosova1968 ($68.82 in chips)
hartiedd1: posts small blind $1
Kosova1968: posts big blind $3
*** HOLE CARDS ***
hartiedd1: raises $3 to $6
Kosova1968: raises $3 to $9
hartiedd1: calls $3
*** FLOP *** [Kh Qc 7d]
Kosova1968: checks
hartiedd1: checks
*** TURN *** [Kh Qc 7d] [6h]
Kosova1968: bets $6
hartiedd1: folds
Uncalled bet ($6) returned to Kosova1968
Kosova1968 collected $17.64 from pot
*** SUMMARY ***
Total pot $18 | Rake $0.36
Board [Kh Qc 7d 6h]
Seat 1: hartiedd1 (button) (small blind) folded on the Turn
Seat 2: Kosova1968 (big blind) collected ($17.64)


PokerStars Hand #145025719783:  Hold'em Limit ($3/$6 USD) - 2015/12/08 11:43:30 ET
Table 'Recha' 2-max Seat #2 is the button
Seat 1: hartiedd1 ($265.85 in chips)
Seat 2: Kosova1968 ($77.46 in chips)
Kosova1968: posts small blind $1
hartiedd1: posts big blind $3
*** HOLE CARDS ***
Kosova1968: raises $3 to $6
hartiedd1: calls $3
*** FLOP *** [2c Qh Kc]
hartiedd1: checks
Kosova1968: bets $3
hartiedd1: calls $3
*** TURN *** [2c Qh Kc] [8h]
hartiedd1: checks
Kosova1968: checks
*** RIVER *** [2c Qh Kc 8h] [Js]
hartiedd1: bets $6
Kosova1968: calls $6
*** SHOW DOWN ***
hartiedd1: shows [Kh 8d] (two pair, Kings and Eights)
Kosova1968: mucks hand
hartiedd1 collected $29.50 from pot
*** SUMMARY ***
Total pot $30 | Rake $0.50
Board [2c Qh Kc 8h Js]
Seat 1: hartiedd1 (big blind) showed [Kh 8d] and won ($29.50) with two pair, Kings and Eights
Seat 2: Kosova1968 (button) (small blind) mucked


PokerStars Hand #145025737161:  Hold'em Limit ($3/$6 USD) - 2015/12/08 11:43:51 ET
Table 'Recha' 2-max Seat #1 is the button
Seat 1: hartiedd1 ($280.35 in chips)
Seat 2: Kosova1968 ($62.46 in chips)
hartiedd1: posts small blind $1
Kosova1968: posts big blind $3
*** HOLE CARDS ***
hartiedd1: raises $3 to $6
Kosova1968: calls $3
*** FLOP *** [Jd 5c 6d]
Kosova1968: checks
hartiedd1: bets $3
Kosova1968: raises $3 to $6
hartiedd1: calls $3
*** TURN *** [Jd 5c 6d] [4s]
Kosova1968: bets $6
hartiedd1: calls $6
*** RIVER *** [Jd 5c 6d 4s] [4d]
Kosova1968: bets $6
hartiedd1: calls $6
*** SHOW DOWN ***
Kosova1968: shows [Kc Jc] (two pair, Jacks and Fours)
hartiedd1: mucks hand
Kosova1968 collected $47.50 from pot
*** SUMMARY ***
Total pot $48 | Rake $0.50
Board [Jd 5c 6d 4s 4d]
Seat 1: hartiedd1 (button) (small blind) mucked
Seat 2: Kosova1968 (big blind) showed [Kc Jc] and won ($47.50) with two pair, Jacks and Fours


PokerStars Hand #145025753126:  Hold'em Limit ($3/$6 USD) - 2015/12/08 11:44:10 ET
Table 'Recha' 2-max Seat #2 is the button
Seat 1: hartiedd1 ($256.35 in chips)
Seat 2: Kosova1968 ($85.96 in chips)
Kosova1968: posts small blind $1
hartiedd1: posts big blind $3
*** HOLE CARDS ***
Kosova1968: raises $3 to $6
hartiedd1: calls $3
*** FLOP *** [8c 2c 3c]
hartiedd1: checks
Kosova1968: checks
*** TURN *** [8c 2c 3c] [2d]
hartiedd1: bets $6
Kosova1968: calls $6
*** RIVER *** [8c 2c 3c 2d] [Tc]
hartiedd1: bets $6
Kosova1968: calls $6
*** SHOW DOWN ***
hartiedd1: shows [Kc 8d] (a flush, King high)
Kosova1968: shows [7c Ah] (a flush, Ten high)
hartiedd1 collected $35.50 from pot
*** SUMMARY ***
Total pot $36 | Rake $0.50
Board [8c 2c 3c 2d Tc]
Seat 1: hartiedd1 (big blind) showed [Kc 8d] and won ($35.50) with a flush, King high
Seat 2: Kosova1968 (button) (small blind) showed [7c Ah] and lost with a flush, Ten high


PokerStars Hand #145025766876:  Hold'em Limit ($3/$6 USD) - 2015/12/08 11:44:27 ET
Table 'Recha' 2-max Seat #1 is the button
Seat 1: hartiedd1 ($273.85 in chips)
Seat 2: Kosova1968 ($67.96 in chips)
hartiedd1: posts small blind $1
Kosova1968: posts big blind $3
*** HOLE CARDS ***
hartiedd1: folds
Uncalled bet ($2) returned to Kosova1968
Kosova1968 collected $2 from pot
*** SUMMARY ***
Total pot $2 | Rake $0
Seat 1: hartiedd1 (button) (small blind) folded before Flop
Seat 2: Kosova1968 (big blind) collected ($2)


PokerStars Hand #145025771657:  Hold'em Limit ($3/$6 USD) - 2015/12/08 11:44:33 ET
Table 'Recha' 2-max Seat #2 is the button
Seat 1: hartiedd1 ($272.85 in chips)
Seat 2: Kosova1968 ($68.96 in chips)
Kosova1968: posts small blind $1
hartiedd1: posts big blind $3
*** HOLE CARDS ***
Kosova1968: raises $3 to $6
hartiedd1: calls $3
*** FLOP *** [2h 5h Th]
hartiedd1: checks
Kosova1968: bets $3
hartiedd1: folds
Uncalled bet ($3) returned to Kosova1968
Kosova1968 collected $11.76 from pot
*** SUMMARY ***
Total pot $12 | Rake $0.24
Board [2h 5h Th]
Seat 1: hartiedd1 (big blind) folded on the Flop
Seat 2: Kosova1968 (button) (small blind) collected ($11.76)


PokerStars Hand #145025780213:  Hold'em Limit ($3/$6 USD) - 2015/12/08 11:44:43 ET
Table 'Recha' 2-max Seat #1 is the button
Seat 1: hartiedd1 ($266.85 in chips)
Seat 2: Kosova1968 ($74.72 in chips)
hartiedd1: posts small blind $1
Kosova1968: posts big blind $3
*** HOLE CARDS ***
hartiedd1: folds
Uncalled bet ($2) returned to Kosova1968
Kosova1968 collected $2 from pot
*** SUMMARY ***
Total pot $2 | Rake $0
Seat 1: hartiedd1 (button) (small blind) folded before Flop
Seat 2: Kosova1968 (big blind) collected ($2)


PokerStars Hand #145025787918:  Hold'em Limit ($3/$6 USD) - 2015/12/08 11:44:52 ET
Table 'Recha' 2-max Seat #2 is the button
Seat 1: hartiedd1 ($265.85 in chips)
Seat 2: Kosova1968 ($75.72 in chips)
Kosova1968: posts small blind $1
hartiedd1: posts big blind $3
*** HOLE CARDS ***
Kosova1968: raises $3 to $6
hartiedd1: calls $3
*** FLOP *** [8d Jd 2s]
hartiedd1: checks
Kosova1968: bets $3
hartiedd1: folds
Uncalled bet ($3) returned to Kosova1968
Kosova1968 collected $11.76 from pot
*** SUMMARY ***
Total pot $12 | Rake $0.24
Board [8d Jd 2s]
Seat 1: hartiedd1 (big blind) folded on the Flop
Seat 2: Kosova1968 (button) (small blind) collected ($11.76)


PokerStars Hand #145025795988:  Hold'em Limit ($3/$6 USD) - 2015/12/08 11:45:02 ET
Table 'Recha' 2-max Seat #1 is the button
Seat 1: hartiedd1 ($259.85 in chips)
Seat 2: Kosova1968 ($81.48 in chips)
hartiedd1: posts small blind $1
Kosova1968: posts big blind $3
*** HOLE CARDS ***
hartiedd1: raises $3 to $6
Kosova1968: calls $3
*** FLOP *** [2c Kc 5d]
Kosova1968: checks
hartiedd1: checks
*** TURN *** [2c Kc 5d] [5c]
Kosova1968: checks
hartiedd1: checks
*** RIVER *** [2c Kc 5d 5c] [7c]
Kosova1968: bets $6
hartiedd1: folds
Uncalled bet ($6) returned to Kosova1968
Kosova1968 collected $11.76 from pot
*** SUMMARY ***
Total pot $12 | Rake $0.24
Board [2c Kc 5d 5c 7c]
Seat 1: hartiedd1 (button) (small blind) folded on the River
Seat 2: Kosova1968 (big blind) collected ($11.76)


PokerStars Hand #145025818673:  Hold'em Limit ($3/$6 USD) - 2015/12/08 11:45:29 ET
Table 'Recha' 2-max Seat #2 is the button
Seat 1: hartiedd1 ($253.85 in chips)
Seat 2: Kosova1968 ($87.24 in chips)
Kosova1968: posts small blind $1
hartiedd1: posts big blind $3
*** HOLE CARDS ***
Kosova1968: raises $3 to $6
hartiedd1: calls $3
*** FLOP *** [9s 5d Tc]
hartiedd1: checks
Kosova1968: bets $3
hartiedd1: raises $3 to $6
Kosova1968: calls $3
*** TURN *** [9s 5d Tc] [9h]
hartiedd1: bets $6
Kosova1968: folds
Uncalled bet ($6) returned to hartiedd1
hartiedd1 collected $23.52 from pot
hartiedd1: doesn't show hand
*** SUMMARY ***
Total pot $24 | Rake $0.48
Board [9s 5d Tc 9h]
Seat 1: hartiedd1 (big blind) collected ($23.52)
Seat 2: Kosova1968 (button) (small blind) folded on the Turn


PokerStars Hand #145025831899:  Hold'em Limit ($3/$6 USD) - 2015/12/08 11:45:45 ET
Table 'Recha' 2-max Seat #1 is the button
Seat 1: hartiedd1 ($265.37 in chips)
Seat 2: Kosova1968 ($75.24 in chips)
hartiedd1: posts small blind $1
Kosova1968: posts big blind $3
*** HOLE CARDS ***
hartiedd1: raises $3 to $6
Kosova1968: calls $3
*** FLOP *** [5h 6s As]
Kosova1968: checks
hartiedd1: bets $3
Kosova1968: calls $3
*** TURN *** [5h 6s As] [Th]
Kosova1968: checks
hartiedd1: bets $6
Kosova1968: calls $6
*** RIVER *** [5h 6s As Th] [8h]
Kosova1968: checks
hartiedd1: checks
*** SHOW DOWN ***
Kosova1968: shows [Kd 3d] (high card Ace)
hartiedd1: shows [8c 6d] (two pair, Eights and Sixes)
hartiedd1 collected $29.50 from pot
*** SUMMARY ***
Total pot $30 | Rake $0.50
Board [5h 6s As Th 8h]
Seat 1: hartiedd1 (button) (small blind) showed [8c 6d] and won ($29.50) with two pair, Eights and Sixes
Seat 2: Kosova1968 (big blind) showed [Kd 3d] and lost with high card Ace


PokerStars Hand #145025853993:  Hold'em Limit ($3/$6 USD) - 2015/12/08 11:46:11 ET
Table 'Recha' 2-max Seat #1 is the button
Seat 1: hartiedd1 ($273.87 in chips)
Seat 2: Kosova1968 ($66 in chips)
hartiedd1: posts small blind $1
Kosova1968: posts big blind $3
*** HOLE CARDS ***
hartiedd1: folds
Uncalled bet ($2) returned to Kosova1968
Kosova1968 collected $2 from pot
*** SUMMARY ***
Total pot $2 | Rake $0
Seat 1: hartiedd1 (button) (small blind) folded before Flop
Seat 2: Kosova1968 (big blind) collected ($2)


PokerStars Hand #145025845604:  Hold'em Limit ($3/$6 USD) - 2015/12/08 11:46:01 ET
Table 'Recha' 2-max Seat #2 is the button
Seat 1: hartiedd1 ($279.87 in chips)
Seat 2: Kosova1968 ($60.24 in chips)
Kosova1968: posts small blind $1
hartiedd1: posts big blind $3
*** HOLE CARDS ***
Kosova1968: raises $3 to $6
hartiedd1: calls $3
*** FLOP *** [Th Ts Qd]
hartiedd1: checks
Kosova1968: bets $3
hartiedd1: folds
Uncalled bet ($3) returned to Kosova1968
Kosova1968 collected $11.76 from pot
*** SUMMARY ***
Total pot $12 | Rake $0.24
Board [Th Ts Qd]
Seat 1: hartiedd1 (big blind) folded on the Flop
Seat 2: Kosova1968 (button) (small blind) collected ($11.76)


PokerStars Hand #145025858533:  Hold'em Limit ($3/$6 USD) - 2015/12/08 11:46:16 ET
Table 'Recha' 2-max Seat #2 is the button
Seat 1: hartiedd1 ($272.87 in chips)
Seat 2: Kosova1968 ($67 in chips)
Kosova1968: posts small blind $1
hartiedd1: posts big blind $3
*** HOLE CARDS ***
Kosova1968: raises $3 to $6
hartiedd1: calls $3
*** FLOP *** [7h 5h 4c]
hartiedd1: checks
Kosova1968: checks
*** TURN *** [7h 5h 4c] [Js]
hartiedd1: bets $6
Kosova1968: calls $6
*** RIVER *** [7h 5h 4c Js] [2s]
hartiedd1: bets $6
Kosova1968: calls $6
*** SHOW DOWN ***
hartiedd1: shows [8d 6h] (a straight, Four to Eight)
Kosova1968: mucks hand
hartiedd1 collected $35.50 from pot
*** SUMMARY ***
Total pot $36 | Rake $0.50
Board [7h 5h 4c Js 2s]
Seat 1: hartiedd1 (big blind) showed [8d 6h] and won ($35.50) with a straight, Four to Eight
Seat 2: Kosova1968 (button) (small blind) mucked


PokerStars Hand #145025876292:  Hold'em Limit ($3/$6 USD) - 2015/12/08 11:46:38 ET
Table 'Recha' 2-max Seat #1 is the button
Seat 1: hartiedd1 ($290.37 in chips)
Seat 2: Kosova1968 ($49 in chips)
hartiedd1: posts small blind $1
Kosova1968: posts big blind $3
*** HOLE CARDS ***
hartiedd1: folds
Uncalled bet ($2) returned to Kosova1968
Kosova1968 collected $2 from pot
*** SUMMARY ***
Total pot $2 | Rake $0
Seat 1: hartiedd1 (button) (small blind) folded before Flop
Seat 2: Kosova1968 (big blind) collected ($2)


PokerStars Hand #145025880989:  Hold'em Limit ($3/$6 USD) - 2015/12/08 11:46:44 ET
Table 'Recha' 2-max Seat #2 is the button
Seat 1: hartiedd1 ($289.37 in chips)
Seat 2: Kosova1968 ($50 in chips)
Kosova1968: posts small blind $1
hartiedd1: posts big blind $3
*** HOLE CARDS ***
Kosova1968: raises $3 to $6
hartiedd1: calls $3
*** FLOP *** [7c 7s Jd]
hartiedd1: checks
Kosova1968: bets $3
hartiedd1: calls $3
*** TURN *** [7c 7s Jd] [5d]
hartiedd1: checks
Kosova1968: bets $6
hartiedd1: folds
Uncalled bet ($6) returned to Kosova1968
Kosova1968 collected $17.64 from pot
*** SUMMARY ***
Total pot $18 | Rake $0.36
Board [7c 7s Jd 5d]
Seat 1: hartiedd1 (big blind) folded on the Turn
Seat 2: Kosova1968 (button) (small blind) collected ($17.64)


PokerStars Hand #145025892683:  Hold'em Limit ($3/$6 USD) - 2015/12/08 11:46:58 ET
Table 'Recha' 2-max Seat #1 is the button
Seat 1: hartiedd1 ($280.37 in chips)
Seat 2: Kosova1968 ($58.64 in chips)
hartiedd1: posts small blind $1
Kosova1968: posts big blind $3
*** HOLE CARDS ***
hartiedd1: folds
Uncalled bet ($2) returned to Kosova1968
Kosova1968 collected $2 from pot
*** SUMMARY ***
Total pot $2 | Rake $0
Seat 1: hartiedd1 (button) (small blind) folded before Flop
Seat 2: Kosova1968 (big blind) collected ($2)


PokerStars Hand #145025897419:  Hold'em Limit ($3/$6 USD) - 2015/12/08 11:47:04 ET
Table 'Recha' 2-max Seat #2 is the button
Seat 1: hartiedd1 ($279.37 in chips)
Seat 2: Kosova1968 ($59.64 in chips)
Kosova1968: posts small blind $1
hartiedd1: posts big blind $3
*** HOLE CARDS ***
Kosova1968: raises $3 to $6
hartiedd1: calls $3
*** FLOP *** [8s Jh 3s]
hartiedd1: checks
Kosova1968: bets $3
hartiedd1: folds
Uncalled bet ($3) returned to Kosova1968
Kosova1968 collected $11.76 from pot
*** SUMMARY ***
Total pot $12 | Rake $0.24
Board [8s Jh 3s]
Seat 1: hartiedd1 (big blind) folded on the Flop
Seat 2: Kosova1968 (button) (small blind) collected ($11.76)


PokerStars Hand #145025909673:  Hold'em Limit ($3/$6 USD) - 2015/12/08 11:47:18 ET
Table 'Recha' 2-max Seat #1 is the button
Seat 1: hartiedd1 ($273.37 in chips)
Seat 2: Kosova1968 ($65.40 in chips)
hartiedd1: posts small blind $1
Kosova1968: posts big blind $3
*** HOLE CARDS ***
hartiedd1: raises $3 to $6
Kosova1968: calls $3
*** FLOP *** [Ks 5d 4d]
Kosova1968: checks
hartiedd1: bets $3
Kosova1968: calls $3
*** TURN *** [Ks 5d 4d] [As]
Kosova1968: checks
hartiedd1: bets $6
Kosova1968: folds
Uncalled bet ($6) returned to hartiedd1
hartiedd1 collected $17.64 from pot
hartiedd1: doesn't show hand
*** SUMMARY ***
Total pot $18 | Rake $0.36
Board [Ks 5d 4d As]
Seat 1: hartiedd1 (button) (small blind) collected ($17.64)
Seat 2: Kosova1968 (big blind) folded on the Turn


PokerStars Hand #145025923786:  Hold'em Limit ($3/$6 USD) - 2015/12/08 11:47:35 ET
Table 'Recha' 2-max Seat #2 is the button
Seat 1: hartiedd1 ($282.01 in chips)
Seat 2: Kosova1968 ($56.40 in chips)
Kosova1968: posts small blind $1
hartiedd1: posts big blind $3
*** HOLE CARDS ***
Kosova1968: folds
Uncalled bet ($2) returned to hartiedd1
hartiedd1 collected $2 from pot
hartiedd1: doesn't show hand
*** SUMMARY ***
Total pot $2 | Rake $0
Seat 1: hartiedd1 (big blind) collected ($2)
Seat 2: Kosova1968 (button) (small blind) folded before Flop


PokerStars Hand #145025936236:  Hold'em Limit ($3/$6 USD) - 2015/12/08 11:47:50 ET
Table 'Recha' 2-max Seat #2 is the button
Seat 1: hartiedd1 ($280.01 in chips)
Seat 2: Kosova1968 ($58.28 in chips)
Kosova1968: posts small blind $1
hartiedd1: posts big blind $3
*** HOLE CARDS ***
Kosova1968: raises $3 to $6
hartiedd1: calls $3
*** FLOP *** [5d 6s Tc]
hartiedd1: checks
Kosova1968: bets $3
hartiedd1: folds
Uncalled bet ($3) returned to Kosova1968
Kosova1968 collected $11.76 from pot
*** SUMMARY ***
Total pot $12 | Rake $0.24
Board [5d 6s Tc]
Seat 1: hartiedd1 (big blind) folded on the Flop
Seat 2: Kosova1968 (button) (small blind) collected ($11.76)


PokerStars Hand #145025928102:  Hold'em Limit ($3/$6 USD) - 2015/12/08 11:47:41 ET
Table 'Recha' 2-max Seat #1 is the button
Seat 1: hartiedd1 ($283.01 in chips)
Seat 2: Kosova1968 ($55.40 in chips)
hartiedd1: posts small blind $1
Kosova1968: posts big blind $3
*** HOLE CARDS ***
hartiedd1: calls $2
Kosova1968: checks
*** FLOP *** [4d 4h Kh]
Kosova1968: bets $3
hartiedd1: folds
Uncalled bet ($3) returned to Kosova1968
Kosova1968 collected $5.88 from pot
*** SUMMARY ***
Total pot $6 | Rake $0.12
Board [4d 4h Kh]
Seat 1: hartiedd1 (button) (small blind) folded on the Flop
Seat 2: Kosova1968 (big blind) collected ($5.88)


PokerStars Hand #145025955038:  Hold'em Limit ($3/$6 USD) - 2015/12/08 11:48:13 ET
Table 'Recha' 2-max Seat #2 is the button
Seat 1: hartiedd1 ($253.01 in chips)
Seat 2: Kosova1968 ($84.54 in chips)
Kosova1968: posts small blind $1
hartiedd1: posts big blind $3
*** HOLE CARDS ***
Kosova1968: raises $3 to $6
hartiedd1: folds
Uncalled bet ($3) returned to Kosova1968
Kosova1968 collected $6 from pot
*** SUMMARY ***
Total pot $6 | Rake $0
Seat 1: hartiedd1 (big blind) folded before Flop
Seat 2: Kosova1968 (button) (small blind) collected ($6)


PokerStars Hand #145025944424:  Hold'em Limit ($3/$6 USD) - 2015/12/08 11:48:00 ET
Table 'Recha' 2-max Seat #1 is the button
Seat 1: hartiedd1 ($274.01 in chips)
Seat 2: Kosova1968 ($64.04 in chips)
hartiedd1: posts small blind $1
Kosova1968: posts big blind $3
*** HOLE CARDS ***
hartiedd1: raises $3 to $6
Kosova1968: calls $3
*** FLOP *** [3c 4s 3s]
Kosova1968: bets $3
hartiedd1: calls $3
*** TURN *** [3c 4s 3s] [5s]
Kosova1968: bets $6
hartiedd1: calls $6
*** RIVER *** [3c 4s 3s 5s] [6h]
Kosova1968: bets $6
hartiedd1: calls $6
*** SHOW DOWN ***
Kosova1968: shows [Ks 9s] (a flush, King high)
hartiedd1: mucks hand
Kosova1968 collected $41.50 from pot
*** SUMMARY ***
Total pot $42 | Rake $0.50
Board [3c 4s 3s 5s 6h]
Seat 1: hartiedd1 (button) (small blind) mucked
Seat 2: Kosova1968 (big blind) showed [Ks 9s] and won ($41.50) with a flush, King high


PokerStars Hand #145025959114:  Hold'em Limit ($3/$6 USD) - 2015/12/08 11:48:17 ET
Table 'Recha' 2-max Seat #1 is the button
Seat 1: hartiedd1 ($250.01 in chips)
Seat 2: Kosova1968 ($87.54 in chips)
hartiedd1: posts small blind $1
Kosova1968: posts big blind $3
*** HOLE CARDS ***
hartiedd1: raises $3 to $6
Kosova1968: raises $3 to $9
hartiedd1: calls $3
*** FLOP *** [2s Tc 5h]
Kosova1968: bets $3
hartiedd1: calls $3
*** TURN *** [2s Tc 5h] [6c]
Kosova1968: checks
hartiedd1: checks
*** RIVER *** [2s Tc 5h 6c] [Jc]
Kosova1968: bets $6
hartiedd1: calls $6
*** SHOW DOWN ***
Kosova1968: shows [2c 2d] (three of a kind, Deuces)
hartiedd1: mucks hand
Kosova1968 collected $35.50 from pot
*** SUMMARY ***
Total pot $36 | Rake $0.50
Board [2s Tc 5h 6c Jc]
Seat 1: hartiedd1 (button) (small blind) mucked
Seat 2: Kosova1968 (big blind) showed [2c 2d] and won ($35.50) with three of a kind, Deuces


PokerStars Hand #145025974377:  Hold'em Limit ($3/$6 USD) - 2015/12/08 11:48:36 ET
Table 'Recha' 2-max Seat #2 is the button
Seat 1: hartiedd1 ($232.01 in chips)
Seat 2: Kosova1968 ($105.04 in chips)
Kosova1968: posts small blind $1
hartiedd1: posts big blind $3
*** HOLE CARDS ***
Kosova1968: raises $3 to $6
hartiedd1: calls $3
*** FLOP *** [Qc 8c 8h]
hartiedd1: checks
Kosova1968: checks
*** TURN *** [Qc 8c 8h] [7c]
hartiedd1: bets $6
Kosova1968: raises $6 to $12
hartiedd1: calls $6
*** RIVER *** [Qc 8c 8h 7c] [7d]
hartiedd1: checks
Kosova1968: bets $6
hartiedd1: folds
Uncalled bet ($6) returned to Kosova1968
Kosova1968 collected $35.50 from pot
*** SUMMARY ***
Total pot $36 | Rake $0.50
Board [Qc 8c 8h 7c 7d]
Seat 1: hartiedd1 (big blind) folded on the River
Seat 2: Kosova1968 (button) (small blind) collected ($35.50)


PokerStars Hand #145026005050:  Hold'em Limit ($3/$6 USD) - 2015/12/08 11:49:13 ET
Table 'Recha' 2-max Seat #2 is the button
Seat 1: hartiedd1 ($234.51 in chips)
Seat 2: Kosova1968 ($101.54 in chips)
Kosova1968: posts small blind $1
hartiedd1: posts big blind $3
*** HOLE CARDS ***
Kosova1968: folds
Uncalled bet ($2) returned to hartiedd1
hartiedd1 collected $2 from pot
hartiedd1: doesn't show hand
*** SUMMARY ***
Total pot $2 | Rake $0
Seat 1: hartiedd1 (big blind) collected ($2)
Seat 2: Kosova1968 (button) (small blind) folded before Flop


PokerStars Hand #145025987932:  Hold'em Limit ($3/$6 USD) - 2015/12/08 11:48:52 ET
Table 'Recha' 2-max Seat #1 is the button
Seat 1: hartiedd1 ($214.01 in chips)
Seat 2: Kosova1968 ($122.54 in chips)
hartiedd1: posts small blind $1
Kosova1968: posts big blind $3
*** HOLE CARDS ***
hartiedd1: raises $3 to $6
Kosova1968: calls $3
*** FLOP *** [9c 6s 3c]
Kosova1968: bets $3
hartiedd1: calls $3
*** TURN *** [9c 6s 3c] [Jh]
Kosova1968: checks
hartiedd1: checks
*** RIVER *** [9c 6s 3c Jh] [Td]
Kosova1968: bets $6
hartiedd1: raises $6 to $12
Kosova1968: calls $6
*** SHOW DOWN ***
hartiedd1: shows [8h Qd] (a straight, Eight to Queen)
Kosova1968: mucks hand
hartiedd1 collected $41.50 from pot
*** SUMMARY ***
Total pot $42 | Rake $0.50
Board [9c 6s 3c Jh Td]
Seat 1: hartiedd1 (button) (small blind) showed [8h Qd] and won ($41.50) with a straight, Eight to Queen
Seat 2: Kosova1968 (big blind) mucked


PokerStars Hand #145026009416:  Hold'em Limit ($3/$6 USD) - 2015/12/08 11:49:18 ET
Table 'Recha' 2-max Seat #1 is the button
Seat 1: hartiedd1 ($235.51 in chips)
Seat 2: Kosova1968 ($100.54 in chips)
hartiedd1: posts small blind $1
Kosova1968: posts big blind $3
*** HOLE CARDS ***
hartiedd1: folds
Uncalled bet ($2) returned to Kosova1968
Kosova1968 collected $2 from pot
*** SUMMARY ***
Total pot $2 | Rake $0
Seat 1: hartiedd1 (button) (small blind) folded before Flop
Seat 2: Kosova1968 (big blind) collected ($2)


PokerStars Hand #145026013563:  Hold'em Limit ($3/$6 USD) - 2015/12/08 11:49:23 ET
Table 'Recha' 2-max Seat #2 is the button
Seat 1: hartiedd1 ($234.51 in chips)
Seat 2: Kosova1968 ($101.54 in chips)
Kosova1968: posts small blind $1
hartiedd1: posts big blind $3
*** HOLE CARDS ***
Kosova1968: raises $3 to $6
hartiedd1: calls $3
*** FLOP *** [As 5s 3c]
hartiedd1: checks
Kosova1968: bets $3
hartiedd1: calls $3
*** TURN *** [As 5s 3c] [Kc]
hartiedd1: checks
Kosova1968: bets $6
hartiedd1: raises $6 to $12
Kosova1968: raises $6 to $18
hartiedd1: calls $6
*** RIVER *** [As 5s 3c Kc] [Ts]
hartiedd1: checks
Kosova1968: bets $6
hartiedd1: calls $6
*** SHOW DOWN ***
Kosova1968: shows [Ac 3h] (two pair, Aces and Threes)
hartiedd1: mucks hand
Kosova1968 collected $65.50 from pot
*** SUMMARY ***
Total pot $66 | Rake $0.50
Board [As 5s 3c Kc Ts]
Seat 1: hartiedd1 (big blind) mucked
Seat 2: Kosova1968 (button) (small blind) showed [Ac 3h] and won ($65.50) with two pair, Aces and Threes


PokerStars Hand #145026031185:  Hold'em Limit ($3/$6 USD) - 2015/12/08 11:49:45 ET
Table 'Recha' 2-max Seat #1 is the button
Seat 1: hartiedd1 ($201.51 in chips)
Seat 2: Kosova1968 ($134.04 in chips)
hartiedd1: posts small blind $1
Kosova1968: posts big blind $3
*** HOLE CARDS ***
hartiedd1: raises $3 to $6
Kosova1968: raises $3 to $9
hartiedd1: raises $3 to $12
Betting is capped
Kosova1968: calls $3
*** FLOP *** [7h Jd 8h]
Kosova1968: bets $3
hartiedd1: calls $3
*** TURN *** [7h Jd 8h] [4s]
Kosova1968: checks
hartiedd1: checks
*** RIVER *** [7h Jd 8h 4s] [Ah]
Kosova1968: checks
hartiedd1: bets $6
Kosova1968: calls $6
*** SHOW DOWN ***
hartiedd1: shows [Ad Kc] (a pair of Aces)
Kosova1968: shows [Ac 5h] (a pair of Aces - lower kicker)
hartiedd1 collected $41.50 from pot
*** SUMMARY ***
Total pot $42 | Rake $0.50
Board [7h Jd 8h 4s Ah]
Seat 1: hartiedd1 (button) (small blind) showed [Ad Kc] and won ($41.50) with a pair of Aces
Seat 2: Kosova1968 (big blind) showed [Ac 5h] and lost with a pair of Aces


PokerStars Hand #145026052658:  Hold'em Limit ($3/$6 USD) - 2015/12/08 11:50:10 ET
Table 'Recha' 2-max Seat #2 is the button
Seat 1: hartiedd1 ($222.01 in chips)
Seat 2: Kosova1968 ($113.04 in chips)
Kosova1968: posts small blind $1
hartiedd1: posts big blind $3
*** HOLE CARDS ***
Kosova1968: raises $3 to $6
hartiedd1: calls $3
*** FLOP *** [8d Kd 6d]
hartiedd1: checks
Kosova1968: bets $3
hartiedd1: calls $3
*** TURN *** [8d Kd 6d] [4c]
hartiedd1: checks
Kosova1968: bets $6
hartiedd1: folds
Uncalled bet ($6) returned to Kosova1968
Kosova1968 collected $17.64 from pot
*** SUMMARY ***
Total pot $18 | Rake $0.36
Board [8d Kd 6d 4c]
Seat 1: hartiedd1 (big blind) folded on the Turn
Seat 2: Kosova1968 (button) (small blind) collected ($17.64)


PokerStars Hand #145026064511:  Hold'em Limit ($3/$6 USD) - 2015/12/08 11:50:25 ET
Table 'Recha' 2-max Seat #1 is the button
Seat 1: hartiedd1 ($213.01 in chips)
Seat 2: Kosova1968 ($121.68 in chips)
hartiedd1: posts small blind $1
Kosova1968: posts big blind $3
*** HOLE CARDS ***
hartiedd1: raises $3 to $6
Kosova1968: calls $3
*** FLOP *** [Tc 9h 2d]
Kosova1968: checks
hartiedd1: bets $3
Kosova1968: calls $3
*** TURN *** [Tc 9h 2d] [Qs]
Kosova1968: checks
hartiedd1: checks
*** RIVER *** [Tc 9h 2d Qs] [Jc]
Kosova1968: checks
hartiedd1: checks
*** SHOW DOWN ***
Kosova1968: shows [Td 9s] (two pair, Tens and Nines)
hartiedd1: mucks hand
Kosova1968 collected $17.64 from pot
*** SUMMARY ***
Total pot $18 | Rake $0.36
Board [Tc 9h 2d Qs Jc]
Seat 1: hartiedd1 (button) (small blind) mucked
Seat 2: Kosova1968 (big blind) showed [Td 9s] and won ($17.64) with two pair, Tens and Nines


PokerStars Hand #145026080320:  Hold'em Limit ($3/$6 USD) - 2015/12/08 11:50:44 ET
Table 'Recha' 2-max Seat #2 is the button
Seat 1: hartiedd1 ($204.01 in chips)
Seat 2: Kosova1968 ($130.32 in chips)
Kosova1968: posts small blind $1
hartiedd1: posts big blind $3
*** HOLE CARDS ***
Kosova1968: raises $3 to $6
hartiedd1: calls $3
*** FLOP *** [3h Qd 5d]
hartiedd1: checks
Kosova1968: bets $3
hartiedd1: folds
Uncalled bet ($3) returned to Kosova1968
Kosova1968 collected $11.76 from pot
*** SUMMARY ***
Total pot $12 | Rake $0.24
Board [3h Qd 5d]
Seat 1: hartiedd1 (big blind) folded on the Flop
Seat 2: Kosova1968 (button) (small blind) collected ($11.76)


PokerStars Hand #145026088957:  Hold'em Limit ($3/$6 USD) - 2015/12/08 11:50:54 ET
Table 'Recha' 2-max Seat #1 is the button
Seat 1: hartiedd1 ($198.01 in chips)
Seat 2: Kosova1968 ($136.08 in chips)
hartiedd1: posts small blind $1
Kosova1968: posts big blind $3
*** HOLE CARDS ***
hartiedd1: calls $2
Kosova1968: raises $3 to $6
hartiedd1: calls $3
*** FLOP *** [3d 8c 4c]
Kosova1968: bets $3
hartiedd1: folds
Uncalled bet ($3) returned to Kosova1968
Kosova1968 collected $11.76 from pot
*** SUMMARY ***
Total pot $12 | Rake $0.24
Board [3d 8c 4c]
Seat 1: hartiedd1 (button) (small blind) folded on the Flop
Seat 2: Kosova1968 (big blind) collected ($11.76)


PokerStars Hand #145026102487:  Hold'em Limit ($3/$6 USD) - 2015/12/08 11:51:11 ET
Table 'Recha' 2-max Seat #2 is the button
Seat 1: hartiedd1 ($192.01 in chips)
Seat 2: Kosova1968 ($141.84 in chips)
Kosova1968: posts small blind $1
hartiedd1: posts big blind $3
*** HOLE CARDS ***
Kosova1968: raises $3 to $6
hartiedd1: calls $3
*** FLOP *** [Jc Js Qc]
hartiedd1: checks
Kosova1968: checks
*** TURN *** [Jc Js Qc] [Ts]
hartiedd1: bets $6
Kosova1968: raises $6 to $12
hartiedd1: calls $6
*** RIVER *** [Jc Js Qc Ts] [8d]
hartiedd1: bets $6
Kosova1968: raises $6 to $12
hartiedd1: calls $6
*** SHOW DOWN ***
Kosova1968: shows [Kc Ac] (a straight, Ten to Ace)
hartiedd1: mucks hand
Kosova1968 collected $59.50 from pot
*** SUMMARY ***
Total pot $60 | Rake $0.50
Board [Jc Js Qc Ts 8d]
Seat 1: hartiedd1 (big blind) mucked
Seat 2: Kosova1968 (button) (small blind) showed [Kc Ac] and won ($59.50) with a straight, Ten to Ace


PokerStars Hand #145026191570:  Hold'em Limit ($3/$6 USD) - 2015/12/08 11:52:58 ET
Table 'Recha' 2-max Seat #1 is the button
Seat 1: hartiedd1 ($153.01 in chips)
Seat 2: Kosova1968 ($180.10 in chips)
hartiedd1: posts small blind $1
Kosova1968: posts big blind $3
*** HOLE CARDS ***
hartiedd1: raises $3 to $6
Kosova1968: calls $3
*** FLOP *** [Td Qs 2d]
Kosova1968: bets $3
hartiedd1: calls $3
*** TURN *** [Td Qs 2d] [5c]
Kosova1968: checks
hartiedd1: bets $6
Kosova1968: calls $6
*** RIVER *** [Td Qs 2d 5c] [3h]
Kosova1968: checks
hartiedd1: bets $6
Kosova1968: calls $6
*** SHOW DOWN ***
hartiedd1: shows [6s Th] (a pair of Tens)
Kosova1968: shows [5s 6d] (a pair of Fives)
hartiedd1 collected $41.50 from pot
*** SUMMARY ***
Total pot $42 | Rake $0.50
Board [Td Qs 2d 5c 3h]
Seat 1: hartiedd1 (button) (small blind) showed [6s Th] and won ($41.50) with a pair of Tens
Seat 2: Kosova1968 (big blind) showed [5s 6d] and lost with a pair of Fives


PokerStars Hand #145026126110:  Hold'em Limit ($3/$6 USD) - 2015/12/08 11:51:39 ET
Table 'Recha' 2-max Seat #1 is the button
Seat 1: hartiedd1 ($162.01 in chips)
Seat 2: Kosova1968 ($171.34 in chips)
hartiedd1: posts small blind $1
Kosova1968: posts big blind $3
*** HOLE CARDS ***
hartiedd1: raises $3 to $6
Kosova1968 is disconnected
Kosova1968 is connected
Kosova1968: calls $3
*** FLOP *** [2s 9c 2d]
Kosova1968: checks
hartiedd1: checks
*** TURN *** [2s 9c 2d] [9h]
Kosova1968: bets $6
hartiedd1: folds
Uncalled bet ($6) returned to Kosova1968
Kosova1968 collected $11.76 from pot
*** SUMMARY ***
Total pot $12 | Rake $0.24
Board [2s 9c 2d 9h]
Seat 1: hartiedd1 (button) (small blind) folded on the Turn
Seat 2: Kosova1968 (big blind) collected ($11.76)


PokerStars Hand #145026183177:  Hold'em Limit ($3/$6 USD) - 2015/12/08 11:52:48 ET
Table 'Recha' 2-max Seat #2 is the button
Seat 1: hartiedd1 ($156.01 in chips)
Seat 2: Kosova1968 ($177.10 in chips)
Kosova1968: posts small blind $1
hartiedd1: posts big blind $3
*** HOLE CARDS ***
Kosova1968: raises $3 to $6
hartiedd1: folds
Uncalled bet ($3) returned to Kosova1968
Kosova1968 collected $6 from pot
*** SUMMARY ***
Total pot $6 | Rake $0
Seat 1: hartiedd1 (big blind) folded before Flop
Seat 2: Kosova1968 (button) (small blind) collected ($6)


PokerStars Hand #145026237108:  Hold'em Limit ($3/$6 USD) - 2015/12/08 11:53:54 ET
Table 'Recha' 2-max Seat #1 is the button
Seat 1: hartiedd1 ($152.51 in chips)
Seat 2: Kosova1968 ($179.60 in chips)
hartiedd1: posts small blind $1
Kosova1968: posts big blind $3
*** HOLE CARDS ***
hartiedd1: raises $3 to $6
Kosova1968: raises $3 to $9
hartiedd1: calls $3
*** FLOP *** [3d Jd Qd]
Kosova1968: checks
hartiedd1: bets $3
Kosova1968: calls $3
*** TURN *** [3d Jd Qd] [6c]
Kosova1968: checks
hartiedd1: bets $6
Kosova1968: calls $6
*** RIVER *** [3d Jd Qd 6c] [4s]
Kosova1968: checks
hartiedd1: bets $6
Kosova1968: raises $6 to $12
hartiedd1: calls $6
*** SHOW DOWN ***
Kosova1968: shows [Qs 4h] (two pair, Queens and Fours)
hartiedd1: mucks hand
Kosova1968 collected $59.50 from pot
*** SUMMARY ***
Total pot $60 | Rake $0.50
Board [3d Jd Qd 6c 4s]
Seat 1: hartiedd1 (button) (small blind) mucked
Seat 2: Kosova1968 (big blind) showed [Qs 4h] and won ($59.50) with two pair, Queens and Fours


PokerStars Hand #145026212992:  Hold'em Limit ($3/$6 USD) - 2015/12/08 11:53:25 ET
Table 'Recha' 2-max Seat #2 is the button
Seat 1: hartiedd1 ($173.51 in chips)
Seat 2: Kosova1968 ($159.10 in chips)
Kosova1968: posts small blind $1
hartiedd1: posts big blind $3
*** HOLE CARDS ***
Kosova1968: raises $3 to $6
hartiedd1: calls $3
*** FLOP *** [Qs Js Kh]
hartiedd1: checks
Kosova1968: bets $3
hartiedd1: calls $3
*** TURN *** [Qs Js Kh] [8c]
hartiedd1: checks
Kosova1968: bets $6
hartiedd1: calls $6
*** RIVER *** [Qs Js Kh 8c] [Kd]
hartiedd1: checks
Kosova1968: bets $6
hartiedd1: calls $6
*** SHOW DOWN ***
Kosova1968: shows [Qc 7s] (two pair, Kings and Queens)
hartiedd1: mucks hand
Kosova1968 collected $41.50 from pot
*** SUMMARY ***
Total pot $42 | Rake $0.50
Board [Qs Js Kh 8c Kd]
Seat 1: hartiedd1 (big blind) mucked
Seat 2: Kosova1968 (button) (small blind) showed [Qc 7s] and won ($41.50) with two pair, Kings and Queens


PokerStars Hand #145026297570:  Hold'em Limit ($3/$6 USD) - 2015/12/08 11:55:07 ET
Table 'Recha' 2-max Seat #2 is the button
Seat 1: hartiedd1 ($148.53 in chips)
Seat 2: Kosova1968 ($182.10 in chips)
Kosova1968: posts small blind $1
hartiedd1: posts big blind $3
*** HOLE CARDS ***
Kosova1968: folds
Uncalled bet ($2) returned to hartiedd1
hartiedd1 collected $2 from pot
hartiedd1: doesn't show hand
*** SUMMARY ***
Total pot $2 | Rake $0
Seat 1: hartiedd1 (big blind) collected ($2)
Seat 2: Kosova1968 (button) (small blind) folded before Flop


PokerStars Hand #145026276708:  Hold'em Limit ($3/$6 USD) - 2015/12/08 11:54:41 ET
Table 'Recha' 2-max Seat #1 is the button
Seat 1: hartiedd1 ($134.03 in chips)
Seat 2: Kosova1968 ($197.10 in chips)
hartiedd1: posts small blind $1
Kosova1968: posts big blind $3
*** HOLE CARDS ***
hartiedd1: raises $3 to $6
Kosova1968: calls $3
*** FLOP *** [6h 8h Tc]
Kosova1968: bets $3
hartiedd1: calls $3
*** TURN *** [6h 8h Tc] [5c]
Kosova1968: checks
hartiedd1: bets $6
Kosova1968: calls $6
*** RIVER *** [6h 8h Tc 5c] [Qd]
Kosova1968: checks
hartiedd1: checks
*** SHOW DOWN ***
Kosova1968: shows [Ks 7d] (high card King)
hartiedd1: shows [Ah Jc] (high card Ace)
hartiedd1 collected $29.50 from pot
*** SUMMARY ***
Total pot $30 | Rake $0.50
Board [6h 8h Tc 5c Qd]
Seat 1: hartiedd1 (button) (small blind) showed [Ah Jc] and won ($29.50) with high card Ace
Seat 2: Kosova1968 (big blind) showed [Ks 7d] and lost with high card King


PokerStars Hand #145026258929:  Hold'em Limit ($3/$6 USD) - 2015/12/08 11:54:20 ET
Table 'Recha' 2-max Seat #2 is the button
Seat 1: hartiedd1 ($122.51 in chips)
Seat 2: Kosova1968 ($209.10 in chips)
Kosova1968: posts small blind $1
hartiedd1: posts big blind $3
*** HOLE CARDS ***
Kosova1968: raises $3 to $6
hartiedd1: calls $3
*** FLOP *** [7d Jd 6c]
hartiedd1: checks
Kosova1968: checks
*** TURN *** [7d Jd 6c] [9h]
hartiedd1: bets $6
Kosova1968: calls $6
*** RIVER *** [7d Jd 6c 9h] [2c]
hartiedd1: checks
Kosova1968: checks
*** SHOW DOWN ***
hartiedd1: shows [4s 7h] (a pair of Sevens)
Kosova1968: shows [Kd Td] (high card King)
hartiedd1 collected $23.52 from pot
*** SUMMARY ***
Total pot $24 | Rake $0.48
Board [7d Jd 6c 9h 2c]
Seat 1: hartiedd1 (big blind) showed [4s 7h] and won ($23.52) with a pair of Sevens
Seat 2: Kosova1968 (button) (small blind) showed [Kd Td] and lost with high card King


PokerStars Hand #145026327521:  Hold'em Limit ($3/$6 USD) - 2015/12/08 11:55:51 ET
Table 'Recha' 2-max Seat #1 is the button
Seat 1: hartiedd1 ($164.03 in chips)
Seat 2: Kosova1968 ($165.86 in chips)
hartiedd1: posts small blind $1
Kosova1968: posts big blind $3
*** HOLE CARDS ***
hartiedd1: raises $3 to $6
Kosova1968: calls $3
*** FLOP *** [Kd 9h 9c]
Kosova1968: bets $3
hartiedd1: folds
Uncalled bet ($3) returned to Kosova1968
Kosova1968 collected $11.76 from pot
*** SUMMARY ***
Total pot $12 | Rake $0.24
Board [Kd 9h 9c]
Seat 1: hartiedd1 (button) (small blind) folded on the Flop
Seat 2: Kosova1968 (big blind) collected ($11.76)


PokerStars Hand #145026312150:  Hold'em Limit ($3/$6 USD) - 2015/12/08 11:55:29 ET
Table 'Recha' 2-max Seat #2 is the button
Seat 1: hartiedd1 ($143.53 in chips)
Seat 2: Kosova1968 ($186.86 in chips)
Kosova1968: posts small blind $1
hartiedd1: posts big blind $3
*** HOLE CARDS ***
Kosova1968: calls $2
hartiedd1: raises $3 to $6
Kosova1968: calls $3
*** FLOP *** [Kc Ac Th]
hartiedd1: bets $3
Kosova1968: calls $3
*** TURN *** [Kc Ac Th] [9h]
hartiedd1: bets $6
Kosova1968: calls $6
*** RIVER *** [Kc Ac Th 9h] [8d]
hartiedd1: bets $6
Kosova1968: calls $6
*** SHOW DOWN ***
hartiedd1: shows [7s As] (a pair of Aces)
Kosova1968: mucks hand
hartiedd1 collected $41.50 from pot
*** SUMMARY ***
Total pot $42 | Rake $0.50
Board [Kc Ac Th 9h 8d]
Seat 1: hartiedd1 (big blind) showed [7s As] and won ($41.50) with a pair of Aces
Seat 2: Kosova1968 (button) (small blind) mucked


PokerStars Hand #145026301668:  Hold'em Limit ($3/$6 USD) - 2015/12/08 11:55:13 ET
Table 'Recha' 2-max Seat #1 is the button
Seat 1: hartiedd1 ($149.53 in chips)
Seat 2: Kosova1968 ($181.10 in chips)
hartiedd1: posts small blind $1
Kosova1968: posts big blind $3
*** HOLE CARDS ***
hartiedd1: raises $3 to $6
Kosova1968: calls $3
*** FLOP *** [7c 3c Qd]
Kosova1968: bets $3
hartiedd1: folds
Uncalled bet ($3) returned to Kosova1968
Kosova1968 collected $11.76 from pot
*** SUMMARY ***
Total pot $12 | Rake $0.24
Board [7c 3c Qd]
Seat 1: hartiedd1 (button) (small blind) folded on the Flop
Seat 2: Kosova1968 (big blind) collected ($11.76)


PokerStars Hand #145026334804:  Hold'em Limit ($3/$6 USD) - 2015/12/08 11:56:02 ET
Table 'Recha' 2-max Seat #2 is the button
Seat 1: hartiedd1 ($158.03 in chips)
Seat 2: Kosova1968 ($171.62 in chips)
Kosova1968: posts small blind $1
hartiedd1: posts big blind $3
*** HOLE CARDS ***
Kosova1968: raises $3 to $6
hartiedd1: calls $3
*** FLOP *** [3c 2d 7d]
hartiedd1: checks
Kosova1968: checks
*** TURN *** [3c 2d 7d] [Ad]
hartiedd1: checks
Kosova1968: checks
*** RIVER *** [3c 2d 7d Ad] [5h]
hartiedd1: checks
Kosova1968: bets $6
hartiedd1: calls $6
*** SHOW DOWN ***
Kosova1968: shows [Kd 5c] (a pair of Fives)
hartiedd1: mucks hand
Kosova1968 collected $23.52 from pot
*** SUMMARY ***
Total pot $24 | Rake $0.48
Board [3c 2d 7d Ad 5h]
Seat 1: hartiedd1 (big blind) mucked
Seat 2: Kosova1968 (button) (small blind) showed [Kd 5c] and won ($23.52) with a pair of Fives


PokerStars Hand #145026366357:  Hold'em Limit ($3/$6 USD) - 2015/12/08 11:56:47 ET
Table 'Recha' 2-max Seat #2 is the button
Seat 1: hartiedd1 ($134.03 in chips)
Seat 2: Kosova1968 ($194.66 in chips)
Kosova1968: posts small blind $1
hartiedd1: posts big blind $3
*** HOLE CARDS ***
Kosova1968: raises $3 to $6
hartiedd1: raises $3 to $9
Kosova1968: calls $3
*** FLOP *** [Kd 5c Ks]
hartiedd1: bets $3
Kosova1968: raises $3 to $6
hartiedd1: raises $3 to $9
Kosova1968: raises $3 to $12
Betting is capped
hartiedd1: calls $3
*** TURN *** [Kd 5c Ks] [Qc]
hartiedd1: checks
Kosova1968: bets $6
hartiedd1: calls $6
*** RIVER *** [Kd 5c Ks Qc] [9s]
hartiedd1: checks
Kosova1968: bets $6
hartiedd1: folds
Uncalled bet ($6) returned to Kosova1968
Kosova1968 collected $53.50 from pot
*** SUMMARY ***
Total pot $54 | Rake $0.50
Board [Kd 5c Ks Qc 9s]
Seat 1: hartiedd1 (big blind) folded on the River
Seat 2: Kosova1968 (button) (small blind) collected ($53.50)


PokerStars Hand #145026347881:  Hold'em Limit ($3/$6 USD) - 2015/12/08 11:56:21 ET
Table 'Recha' 2-max Seat #1 is the button
Seat 1: hartiedd1 ($146.03 in chips)
Seat 2: Kosova1968 ($183.14 in chips)
hartiedd1: posts small blind $1
Kosova1968: posts big blind $3
*** HOLE CARDS ***
hartiedd1: raises $3 to $6
Kosova1968: calls $3
*** FLOP *** [Th Js 8d]
Kosova1968: checks
hartiedd1: checks
*** TURN *** [Th Js 8d] [7d]
Kosova1968: checks
hartiedd1: checks
*** RIVER *** [Th Js 8d 7d] [5h]
Kosova1968: bets $6
hartiedd1: calls $6
*** SHOW DOWN ***
Kosova1968: shows [Kd Tc] (a pair of Tens)
hartiedd1: mucks hand
Kosova1968 collected $23.52 from pot
*** SUMMARY ***
Total pot $24 | Rake $0.48
Board [Th Js 8d 7d 5h]
Seat 1: hartiedd1 (button) (small blind) mucked
Seat 2: Kosova1968 (big blind) showed [Kd Tc] and won ($23.52) with a pair of Tens


PokerStars Hand #145026385875:  Hold'em Limit ($3/$6 USD) - 2015/12/08 11:57:15 ET
Table 'Recha' 2-max Seat #1 is the button
Seat 1: hartiedd1 ($107.03 in chips)
Seat 2: Kosova1968 ($221.16 in chips)
hartiedd1: posts small blind $1
Kosova1968: posts big blind $3
*** HOLE CARDS ***
hartiedd1: folds
Uncalled bet ($2) returned to Kosova1968
Kosova1968 collected $2 from pot
*** SUMMARY ***
Total pot $2 | Rake $0
Seat 1: hartiedd1 (button) (small blind) folded before Flop
Seat 2: Kosova1968 (big blind) collected ($2)


PokerStars Hand #145026413920:  Hold'em Limit ($3/$6 USD) - 2015/12/08 11:57:55 ET
Table 'Recha' 2-max Seat #2 is the button
Seat 1: hartiedd1 ($144.03 in chips)
Seat 2: Kosova1968 ($183.16 in chips)
Kosova1968: posts small blind $1
hartiedd1: posts big blind $3
*** HOLE CARDS ***
Kosova1968: raises $3 to $6
hartiedd1: calls $3
*** FLOP *** [Kh As Kc]
hartiedd1: checks
Kosova1968: checks
*** TURN *** [Kh As Kc] [7d]
hartiedd1: checks
Kosova1968: bets $6
hartiedd1: folds
Uncalled bet ($6) returned to Kosova1968
Kosova1968 collected $11.76 from pot
*** SUMMARY ***
Total pot $12 | Rake $0.24
Board [Kh As Kc 7d]
Seat 1: hartiedd1 (big blind) folded on the Turn
Seat 2: Kosova1968 (button) (small blind) collected ($11.76)


PokerStars Hand #145026399148:  Hold'em Limit ($3/$6 USD) - 2015/12/08 11:57:34 ET
Table 'Recha' 2-max Seat #1 is the button
Seat 1: hartiedd1 ($120.53 in chips)
Seat 2: Kosova1968 ($207.16 in chips)
hartiedd1: posts small blind $1
Kosova1968: posts big blind $3
*** HOLE CARDS ***
hartiedd1: raises $3 to $6
Kosova1968: calls $3
*** FLOP *** [Tc 9s 7d]
Kosova1968: checks
hartiedd1: checks
*** TURN *** [Tc 9s 7d] [7h]
Kosova1968: bets $6
hartiedd1: calls $6
*** RIVER *** [Tc 9s 7d 7h] [8h]
Kosova1968: bets $6
hartiedd1: raises $6 to $12
Kosova1968: calls $6
*** SHOW DOWN ***
hartiedd1: shows [Jc 6h] (a straight, Seven to Jack)
Kosova1968: mucks hand
hartiedd1 collected $47.50 from pot
*** SUMMARY ***
Total pot $48 | Rake $0.50
Board [Tc 9s 7d 7h 8h]
Seat 1: hartiedd1 (button) (small blind) showed [Jc 6h] and won ($47.50) with a straight, Seven to Jack
Seat 2: Kosova1968 (big blind) mucked


PokerStars Hand #145026389507:  Hold'em Limit ($3/$6 USD) - 2015/12/08 11:57:20 ET
Table 'Recha' 2-max Seat #2 is the button
Seat 1: hartiedd1 ($106.03 in chips)
Seat 2: Kosova1968 ($222.16 in chips)
Kosova1968: posts small blind $1
hartiedd1: posts big blind $3
*** HOLE CARDS ***
Kosova1968: raises $3 to $6
hartiedd1: raises $3 to $9
Kosova1968: calls $3
*** FLOP *** [Ad Kc 6d]
hartiedd1: bets $3
Kosova1968: raises $3 to $6
hartiedd1: raises $3 to $9
Kosova1968: folds
Uncalled bet ($3) returned to hartiedd1
hartiedd1 collected $29.50 from pot
hartiedd1: doesn't show hand
*** SUMMARY ***
Total pot $30 | Rake $0.50
Board [Ad Kc 6d]
Seat 1: hartiedd1 (big blind) collected ($29.50)
Seat 2: Kosova1968 (button) (small blind) folded on the Flop


PokerStars Hand #145026451313:  Hold'em Limit ($3/$6 USD) - 2015/12/08 11:58:48 ET
Table 'Recha' 2-max Seat #1 is the button
Seat 1: hartiedd1 ($141.55 in chips)
Seat 2: Kosova1968 ($184.68 in chips)
hartiedd1: posts small blind $1
Kosova1968: posts big blind $3
*** HOLE CARDS ***
hartiedd1: raises $3 to $6
Kosova1968: raises $3 to $9
hartiedd1: calls $3
*** FLOP *** [Qh Js 3d]
Kosova1968: bets $3
hartiedd1: calls $3
*** TURN *** [Qh Js 3d] [8s]
Kosova1968: bets $6
hartiedd1: folds
Uncalled bet ($6) returned to Kosova1968
Kosova1968 collected $23.52 from pot
*** SUMMARY ***
Total pot $24 | Rake $0.48
Board [Qh Js 3d 8s]
Seat 1: hartiedd1 (button) (small blind) folded on the Turn
Seat 2: Kosova1968 (big blind) collected ($23.52)


PokerStars Hand #145026447416:  Hold'em Limit ($3/$6 USD) - 2015/12/08 11:58:43 ET
Table 'Recha' 2-max Seat #2 is the button
Seat 1: hartiedd1 ($144.55 in chips)
Seat 2: Kosova1968 ($181.68 in chips)
Kosova1968: posts small blind $1
hartiedd1: posts big blind $3
*** HOLE CARDS ***
Kosova1968: raises $3 to $6
hartiedd1: folds
Uncalled bet ($3) returned to Kosova1968
Kosova1968 collected $6 from pot
*** SUMMARY ***
Total pot $6 | Rake $0
Seat 1: hartiedd1 (big blind) folded before Flop
Seat 2: Kosova1968 (button) (small blind) collected ($6)


PokerStars Hand #145026439353:  Hold'em Limit ($3/$6 USD) - 2015/12/08 11:58:31 ET
Table 'Recha' 2-max Seat #1 is the button
Seat 1: hartiedd1 ($150.55 in chips)
Seat 2: Kosova1968 ($175.92 in chips)
hartiedd1: posts small blind $1
Kosova1968: posts big blind $3
*** HOLE CARDS ***
hartiedd1: raises $3 to $6
Kosova1968: calls $3
*** FLOP *** [Ks 2s 2h]
Kosova1968: bets $3
hartiedd1: folds
Uncalled bet ($3) returned to Kosova1968
Kosova1968 collected $11.76 from pot
*** SUMMARY ***
Total pot $12 | Rake $0.24
Board [Ks 2s 2h]
Seat 1: hartiedd1 (button) (small blind) folded on the Flop
Seat 2: Kosova1968 (big blind) collected ($11.76)


PokerStars Hand #145026435989:  Hold'em Limit ($3/$6 USD) - 2015/12/08 11:58:27 ET
Table 'Recha' 2-max Seat #2 is the button
Seat 1: hartiedd1 ($149.55 in chips)
Seat 2: Kosova1968 ($176.92 in chips)
Kosova1968: posts small blind $1
hartiedd1: posts big blind $3
*** HOLE CARDS ***
Kosova1968: folds
Uncalled bet ($2) returned to hartiedd1
hartiedd1 collected $2 from pot
hartiedd1: doesn't show hand
*** SUMMARY ***
Total pot $2 | Rake $0
Seat 1: hartiedd1 (big blind) collected ($2)
Seat 2: Kosova1968 (button) (small blind) folded before Flop


PokerStars Hand #145026422400:  Hold'em Limit ($3/$6 USD) - 2015/12/08 11:58:07 ET
Table 'Recha' 2-max Seat #1 is the button
Seat 1: hartiedd1 ($138.03 in chips)
Seat 2: Kosova1968 ($188.92 in chips)
hartiedd1: posts small blind $1
Kosova1968: posts big blind $3
*** HOLE CARDS ***
hartiedd1: raises $3 to $6
Kosova1968: calls $3
*** FLOP *** [7h 6h Qc]
Kosova1968: bets $3
hartiedd1: raises $3 to $6
Kosova1968: calls $3
*** TURN *** [7h 6h Qc] [8d]
Kosova1968: checks
hartiedd1: bets $6
Kosova1968: folds
Uncalled bet ($6) returned to hartiedd1
hartiedd1 collected $23.52 from pot
hartiedd1: doesn't show hand
*** SUMMARY ***
Total pot $24 | Rake $0.48
Board [7h 6h Qc 8d]
Seat 1: hartiedd1 (button) (small blind) collected ($23.52)
Seat 2: Kosova1968 (big blind) folded on the Turn


PokerStars Hand #145026517530:  Hold'em Limit ($3/$6 USD) - 2015/12/08 12:00:21 ET
Table 'Recha' 2-max Seat #1 is the button
Seat 1: hartiedd1 ($92.82 in chips)
Seat 2: Kosova1968 ($230.73 in chips)
hartiedd1: posts small blind $1
Kosova1968: posts big blind $3
*** HOLE CARDS ***
hartiedd1: raises $3 to $6
Kosova1968: folds
Uncalled bet ($3) returned to hartiedd1
hartiedd1 collected $6 from pot
hartiedd1: doesn't show hand
*** SUMMARY ***
Total pot $6 | Rake $0
Seat 1: hartiedd1 (button) (small blind) collected ($6)
Seat 2: Kosova1968 (big blind) folded before Flop


PokerStars Hand #145026504727:  Hold'em Limit ($3/$6 USD) - 2015/12/08 12:00:04 ET
Table 'Recha' 2-max Seat #2 is the button
Seat 1: hartiedd1 ($122.82 in chips)
Seat 2: Kosova1968 ($201.23 in chips)
Kosova1968: posts small blind $1
hartiedd1: posts big blind $3
*** HOLE CARDS ***
Kosova1968: raises $3 to $6
hartiedd1: raises $3 to $9
Kosova1968: calls $3
*** FLOP *** [Ah Qc Ts]
hartiedd1: bets $3
Kosova1968: calls $3
*** TURN *** [Ah Qc Ts] [Tc]
hartiedd1: bets $6
Kosova1968: calls $6
*** RIVER *** [Ah Qc Ts Tc] [4c]
hartiedd1: bets $6
Kosova1968: raises $6 to $12
hartiedd1: calls $6
*** SHOW DOWN ***
Kosova1968: shows [8c Td] (three of a kind, Tens)
hartiedd1: mucks hand
Kosova1968 collected $59.50 from pot
*** SUMMARY ***
Total pot $60 | Rake $0.50
Board [Ah Qc Ts Tc 4c]
Seat 1: hartiedd1 (big blind) mucked
Seat 2: Kosova1968 (button) (small blind) showed [8c Td] and won ($59.50) with three of a kind, Tens


PokerStars Hand #145026494220:  Hold'em Limit ($3/$6 USD) - 2015/12/08 11:59:49 ET
Table 'Recha' 2-max Seat #1 is the button
Seat 1: hartiedd1 ($123.07 in chips)
Seat 2: Kosova1968 ($201.48 in chips)
hartiedd1: posts small blind $1
Kosova1968: posts big blind $3
*** HOLE CARDS ***
hartiedd1: raises $3 to $6
Kosova1968: calls $3
*** FLOP *** [5h Jc 9c]
Kosova1968: checks
hartiedd1: bets $3
Kosova1968: calls $3
*** TURN *** [5h Jc 9c] [7c]
Kosova1968: checks
hartiedd1: checks
*** RIVER *** [5h Jc 9c 7c] [7h]
Kosova1968: bets $6
hartiedd1: calls $6
*** SHOW DOWN ***
Kosova1968: shows [5s 4c] (two pair, Sevens and Fives)
hartiedd1: shows [Td 5d] (two pair, Sevens and Fives)
Kosova1968 collected $14.75 from pot
hartiedd1 collected $14.75 from pot
*** SUMMARY ***
Total pot $30 | Rake $0.50
Board [5h Jc 9c 7c 7h]
Seat 1: hartiedd1 (button) (small blind) showed [Td 5d] and won ($14.75) with two pair, Sevens and Fives
Seat 2: Kosova1968 (big blind) showed [5s 4c] and won ($14.75) with two pair, Sevens and Fives


PokerStars Hand #145026485038:  Hold'em Limit ($3/$6 USD) - 2015/12/08 11:59:36 ET
Table 'Recha' 2-max Seat #2 is the button
Seat 1: hartiedd1 ($111.55 in chips)
Seat 2: Kosova1968 ($213.48 in chips)
Kosova1968: posts small blind $1
hartiedd1: posts big blind $3
*** HOLE CARDS ***
Kosova1968: raises $3 to $6
hartiedd1: calls $3
*** FLOP *** [5c 2c Ts]
hartiedd1: checks
Kosova1968: checks
*** TURN *** [5c 2c Ts] [4d]
hartiedd1: bets $6
Kosova1968: calls $6
*** RIVER *** [5c 2c Ts 4d] [Td]
hartiedd1: bets $6
Kosova1968: folds
Uncalled bet ($6) returned to hartiedd1
hartiedd1 collected $23.52 from pot
hartiedd1: doesn't show hand
*** SUMMARY ***
Total pot $24 | Rake $0.48
Board [5c 2c Ts 4d Td]
Seat 1: hartiedd1 (big blind) collected ($23.52)
Seat 2: Kosova1968 (button) (small blind) folded on the River


PokerStars Hand #145026478151:  Hold'em Limit ($3/$6 USD) - 2015/12/08 11:59:27 ET
Table 'Recha' 2-max Seat #1 is the button
Seat 1: hartiedd1 ($117.55 in chips)
Seat 2: Kosova1968 ($207.72 in chips)
hartiedd1: posts small blind $1
Kosova1968: posts big blind $3
*** HOLE CARDS ***
hartiedd1: raises $3 to $6
Kosova1968: calls $3
*** FLOP *** [Jh 2c 4c]
Kosova1968: bets $3
hartiedd1: folds
Uncalled bet ($3) returned to Kosova1968
Kosova1968 collected $11.76 from pot
*** SUMMARY ***
Total pot $12 | Rake $0.24
Board [Jh 2c 4c]
Seat 1: hartiedd1 (button) (small blind) folded on the Flop
Seat 2: Kosova1968 (big blind) collected ($11.76)


PokerStars Hand #145026461279:  Hold'em Limit ($3/$6 USD) - 2015/12/08 11:59:02 ET
Table 'Recha' 2-max Seat #2 is the button
Seat 1: hartiedd1 ($129.55 in chips)
Seat 2: Kosova1968 ($196.20 in chips)
Kosova1968: posts small blind $1
hartiedd1: posts big blind $3
*** HOLE CARDS ***
Kosova1968: raises $3 to $6
hartiedd1: calls $3
*** FLOP *** [9c 5d Ks]
hartiedd1: checks
Kosova1968: checks
*** TURN *** [9c 5d Ks] [5h]
hartiedd1: checks
Kosova1968: bets $6
hartiedd1: calls $6
*** RIVER *** [9c 5d Ks 5h] [2h]
hartiedd1: checks
Kosova1968: checks
*** SHOW DOWN ***
hartiedd1: shows [8c 6c] (a pair of Fives)
Kosova1968: shows [Qd 4h] (a pair of Fives - King+Queen kicker)
Kosova1968 collected $23.52 from pot
*** SUMMARY ***
Total pot $24 | Rake $0.48
Board [9c 5d Ks 5h 2h]
Seat 1: hartiedd1 (big blind) showed [8c 6c] and lost with a pair of Fives
Seat 2: Kosova1968 (button) (small blind) showed [Qd 4h] and won ($23.52) with a pair of Fives


PokerStars Hand #145026547475:  Hold'em Limit ($3/$6 USD) - 2015/12/08 12:01:00 ET
Table 'Recha' 2-max Seat #2 is the button
Seat 1: hartiedd1 ($71.82 in chips)
Seat 2: Kosova1968 ($250.87 in chips)
Kosova1968: posts small blind $1
hartiedd1: posts big blind $3
*** HOLE CARDS ***
Kosova1968: raises $3 to $6
hartiedd1: calls $3
*** FLOP *** [8h 6d 3c]
hartiedd1: checks
Kosova1968: bets $3
hartiedd1: folds
Uncalled bet ($3) returned to Kosova1968
Kosova1968 collected $11.76 from pot
*** SUMMARY ***
Total pot $12 | Rake $0.24
Board [8h 6d 3c]
Seat 1: hartiedd1 (big blind) folded on the Flop
Seat 2: Kosova1968 (button) (small blind) collected ($11.76)


PokerStars Hand #145026534477:  Hold'em Limit ($3/$6 USD) - 2015/12/08 12:00:43 ET
Table 'Recha' 2-max Seat #1 is the button
Seat 1: hartiedd1 ($86.82 in chips)
Seat 2: Kosova1968 ($236.37 in chips)
hartiedd1: posts small blind $1
Kosova1968: posts big blind $3
*** HOLE CARDS ***
hartiedd1: raises $3 to $6
Kosova1968: calls $3
*** FLOP *** [8h Kh Tc]
Kosova1968: bets $3
hartiedd1: calls $3
*** TURN *** [8h Kh Tc] [4c]
Kosova1968: checks
hartiedd1: bets $6
Kosova1968: calls $6
*** RIVER *** [8h Kh Tc 4c] [Qs]
Kosova1968: checks
hartiedd1: checks
*** SHOW DOWN ***
Kosova1968: shows [Qc 8d] (two pair, Queens and Eights)
hartiedd1: mucks hand
Kosova1968 collected $29.50 from pot
*** SUMMARY ***
Total pot $30 | Rake $0.50
Board [8h Kh Tc 4c Qs]
Seat 1: hartiedd1 (button) (small blind) mucked
Seat 2: Kosova1968 (big blind) showed [Qc 8d] and won ($29.50) with two pair, Queens and Eights


PokerStars Hand #145026521433:  Hold'em Limit ($3/$6 USD) - 2015/12/08 12:00:26 ET
Table 'Recha' 2-max Seat #2 is the button
Seat 1: hartiedd1 ($95.82 in chips)
Seat 2: Kosova1968 ($227.73 in chips)
Kosova1968: posts small blind $1
hartiedd1: posts big blind $3
*** HOLE CARDS ***
Kosova1968: raises $3 to $6
hartiedd1: calls $3
*** FLOP *** [Kh 6c 8h]
hartiedd1: checks
Kosova1968: bets $3
hartiedd1: calls $3
*** TURN *** [Kh 6c 8h] [9c]
hartiedd1: checks
Kosova1968: checks
*** RIVER *** [Kh 6c 8h 9c] [Ts]
hartiedd1: checks
Kosova1968: bets $6
hartiedd1: folds
Uncalled bet ($6) returned to Kosova1968
Kosova1968 collected $17.64 from pot
*** SUMMARY ***
Total pot $18 | Rake $0.36
Board [Kh 6c 8h 9c Ts]
Seat 1: hartiedd1 (big blind) folded on the River
Seat 2: Kosova1968 (button) (small blind) collected ($17.64)


PokerStars Hand #145026597338:  Hold'em Limit ($3/$6 USD) - 2015/12/08 12:02:00 ET
Table 'Recha' 2-max Seat #1 is the button
Seat 1: hartiedd1 ($144 in chips)
Seat 2: Kosova1968 ($288.89 in chips)
hartiedd1: posts small blind $1
Kosova1968: posts big blind $3
*** HOLE CARDS ***
hartiedd1: raises $3 to $6
Kosova1968: raises $3 to $9
hartiedd1: calls $3
*** FLOP *** [Jc Ah Jd]
Kosova1968: bets $3
hartiedd1: calls $3
*** TURN *** [Jc Ah Jd] [Ts]
Kosova1968: checks
hartiedd1: bets $6
Kosova1968: folds
Uncalled bet ($6) returned to hartiedd1
hartiedd1 collected $23.52 from pot
hartiedd1: doesn't show hand
*** SUMMARY ***
Total pot $24 | Rake $0.48
Board [Jc Ah Jd Ts]
Seat 1: hartiedd1 (button) (small blind) collected ($23.52)
Seat 2: Kosova1968 (big blind) folded on the Turn


PokerStars Hand #145026577673:  Hold'em Limit ($3/$6 USD) - 2015/12/08 12:01:37 ET
Table 'Recha' 2-max Seat #2 is the button
Seat 1: hartiedd1 ($150 in chips)
Seat 2: Kosova1968 ($283.13 in chips)
Kosova1968: posts small blind $1
hartiedd1: posts big blind $3
*** HOLE CARDS ***
Kosova1968: raises $3 to $6
hartiedd1: calls $3
*** FLOP *** [As 9s Tc]
hartiedd1: checks
Kosova1968: bets $3
hartiedd1: folds
Uncalled bet ($3) returned to Kosova1968
Kosova1968 collected $11.76 from pot
*** SUMMARY ***
Total pot $12 | Rake $0.24
Board [As 9s Tc]
Seat 1: hartiedd1 (big blind) folded on the Flop
Seat 2: Kosova1968 (button) (small blind) collected ($11.76)


PokerStars Hand #145026557477:  Hold'em Limit ($3/$6 USD) - 2015/12/08 12:01:12 ET
Table 'Recha' 2-max Seat #1 is the button
Seat 1: hartiedd1 ($65.82 in chips)
Seat 2: Kosova1968 ($256.63 in chips)
hartiedd1: posts small blind $1
Kosova1968: posts big blind $3
*** HOLE CARDS ***
hartiedd1: raises $3 to $6
Kosova1968: calls $3
*** FLOP *** [9d 6h 4s]
Kosova1968: bets $3
hartiedd1: calls $3
*** TURN *** [9d 6h 4s] [2h]
Kosova1968: bets $6
hartiedd1: calls $6
*** RIVER *** [9d 6h 4s 2h] [3h]
Kosova1968: bets $6
hartiedd1: raises $6 to $12
Kosova1968: calls $6
*** SHOW DOWN ***
hartiedd1: shows [8c 5d] (a straight, Deuce to Six)
Kosova1968: shows [4h 7h] (a flush, Seven high)
Kosova1968 collected $53.50 from pot
*** SUMMARY ***
Total pot $54 | Rake $0.50
Board [9d 6h 4s 2h 3h]
Seat 1: hartiedd1 (button) (small blind) showed [8c 5d] and lost with a straight, Deuce to Six
Seat 2: Kosova1968 (big blind) showed [4h 7h] and won ($53.50) with a flush, Seven high


PokerStars Hand #145026634787:  Hold'em Limit ($3/$6 USD) - 2015/12/08 12:02:44 ET
Table 'Recha' 2-max Seat #2 is the button
Seat 1: hartiedd1 ($134.52 in chips)
Seat 2: Kosova1968 ($297.05 in chips)
Kosova1968: posts small blind $1
hartiedd1: posts big blind $3
*** HOLE CARDS ***
Kosova1968: raises $3 to $6
hartiedd1: raises $3 to $9
Kosova1968: calls $3
*** FLOP *** [Th Ks Jh]
hartiedd1: bets $3
Kosova1968: calls $3
*** TURN *** [Th Ks Jh] [Tc]
hartiedd1: checks
Kosova1968: checks
*** RIVER *** [Th Ks Jh Tc] [2s]
hartiedd1: bets $6
Kosova1968: raises $6 to $12
hartiedd1: calls $6
*** SHOW DOWN ***
Kosova1968: shows [3c Ad] (a pair of Tens)
hartiedd1: shows [Kd Jd] (two pair, Kings and Jacks)
hartiedd1 collected $47.50 from pot
*** SUMMARY ***
Total pot $48 | Rake $0.50
Board [Th Ks Jh Tc 2s]
Seat 1: hartiedd1 (big blind) showed [Kd Jd] and won ($47.50) with two pair, Kings and Jacks
Seat 2: Kosova1968 (button) (small blind) showed [3c Ad] and lost with a pair of Tens


PokerStars Hand #145026626141:  Hold'em Limit ($3/$6 USD) - 2015/12/08 12:02:34 ET
Table 'Recha' 2-max Seat #1 is the button
Seat 1: hartiedd1 ($143.52 in chips)
Seat 2: Kosova1968 ($288.41 in chips)
hartiedd1: posts small blind $1
Kosova1968: posts big blind $3
*** HOLE CARDS ***
hartiedd1: raises $3 to $6
Kosova1968: raises $3 to $9
hartiedd1: calls $3
*** FLOP *** [Jc 9h Ks]
Kosova1968: bets $3
hartiedd1: folds
Uncalled bet ($3) returned to Kosova1968
Kosova1968 collected $17.64 from pot
*** SUMMARY ***
Total pot $18 | Rake $0.36
Board [Jc 9h Ks]
Seat 1: hartiedd1 (button) (small blind) folded on the Flop
Seat 2: Kosova1968 (big blind) collected ($17.64)


PokerStars Hand #145026613609:  Hold'em Limit ($3/$6 USD) - 2015/12/08 12:02:19 ET
Table 'Recha' 2-max Seat #2 is the button
Seat 1: hartiedd1 ($155.52 in chips)
Seat 2: Kosova1968 ($276.89 in chips)
Kosova1968: posts small blind $1
hartiedd1: posts big blind $3
*** HOLE CARDS ***
Kosova1968: raises $3 to $6
hartiedd1: calls $3
*** FLOP *** [Kd Kc Ah]
hartiedd1: checks
Kosova1968: checks
*** TURN *** [Kd Kc Ah] [8h]
hartiedd1: checks
Kosova1968: checks
*** RIVER *** [Kd Kc Ah 8h] [2h]
hartiedd1: bets $6
Kosova1968: calls $6
*** SHOW DOWN ***
hartiedd1: shows [Qd 2s] (two pair, Kings and Deuces)
Kosova1968: shows [3d 8c] (two pair, Kings and Eights)
Kosova1968 collected $23.52 from pot
*** SUMMARY ***
Total pot $24 | Rake $0.48
Board [Kd Kc Ah 8h 2h]
Seat 1: hartiedd1 (big blind) showed [Qd 2s] and lost with two pair, Kings and Deuces
Seat 2: Kosova1968 (button) (small blind) showed [3d 8c] and won ($23.52) with two pair, Kings and Eights


PokerStars Hand #145026696022:  Hold'em Limit ($3/$6 USD) - 2015/12/08 12:03:56 ET
Table 'Recha' 2-max Seat #2 is the button
Seat 1: hartiedd1 ($135.02 in chips)
Seat 2: Kosova1968 ($295.31 in chips)
Kosova1968: posts small blind $1
hartiedd1: posts big blind $3
*** HOLE CARDS ***
Kosova1968: raises $3 to $6
hartiedd1: calls $3
*** FLOP *** [Ts Ah 8s]
hartiedd1: checks
Kosova1968: bets $3
hartiedd1: raises $3 to $6
Kosova1968: calls $3
*** TURN *** [Ts Ah 8s] [Td]
hartiedd1: bets $6
Kosova1968: calls $6
*** RIVER *** [Ts Ah 8s Td] [2h]
hartiedd1: checks
Kosova1968: bets $6
hartiedd1: calls $6
*** SHOW DOWN ***
Kosova1968: shows [4h Ad] (two pair, Aces and Tens)
hartiedd1: mucks hand
Kosova1968 collected $47.50 from pot
*** SUMMARY ***
Total pot $48 | Rake $0.50
Board [Ts Ah 8s Td 2h]
Seat 1: hartiedd1 (big blind) mucked
Seat 2: Kosova1968 (button) (small blind) showed [4h Ad] and won ($47.50) with two pair, Aces and Tens


PokerStars Hand #145026678589:  Hold'em Limit ($3/$6 USD) - 2015/12/08 12:03:36 ET
Table 'Recha' 2-max Seat #1 is the button
Seat 1: hartiedd1 ($153.02 in chips)
Seat 2: Kosova1968 ($277.81 in chips)
hartiedd1: posts small blind $1
Kosova1968: posts big blind $3
*** HOLE CARDS ***
hartiedd1: raises $3 to $6
Kosova1968: calls $3
*** FLOP *** [Ad 6h Qd]
Kosova1968: checks
hartiedd1: checks
*** TURN *** [Ad 6h Qd] [9s]
Kosova1968: bets $6
hartiedd1: calls $6
*** RIVER *** [Ad 6h Qd 9s] [Ks]
Kosova1968: bets $6
hartiedd1: calls $6
*** SHOW DOWN ***
Kosova1968: shows [Kd 6c] (two pair, Kings and Sixes)
hartiedd1: mucks hand
Kosova1968 collected $35.50 from pot
*** SUMMARY ***
Total pot $36 | Rake $0.50
Board [Ad 6h Qd 9s Ks]
Seat 1: hartiedd1 (button) (small blind) mucked
Seat 2: Kosova1968 (big blind) showed [Kd 6c] and won ($35.50) with two pair, Kings and Sixes


PokerStars Hand #145026674103:  Hold'em Limit ($3/$6 USD) - 2015/12/08 12:03:30 ET
Table 'Recha' 2-max Seat #2 is the button
Seat 1: hartiedd1 ($152.02 in chips)
Seat 2: Kosova1968 ($278.81 in chips)
Kosova1968: posts small blind $1
hartiedd1: posts big blind $3
*** HOLE CARDS ***
Kosova1968: folds
Uncalled bet ($2) returned to hartiedd1
hartiedd1 collected $2 from pot
hartiedd1: doesn't show hand
*** SUMMARY ***
Total pot $2 | Rake $0
Seat 1: hartiedd1 (big blind) collected ($2)
Seat 2: Kosova1968 (button) (small blind) folded before Flop


PokerStars Hand #145026660106:  Hold'em Limit ($3/$6 USD) - 2015/12/08 12:03:14 ET
Table 'Recha' 2-max Seat #1 is the button
Seat 1: hartiedd1 ($158.02 in chips)
Seat 2: Kosova1968 ($273.05 in chips)
hartiedd1: posts small blind $1
Kosova1968: posts big blind $3
*** HOLE CARDS ***
hartiedd1: raises $3 to $6
Kosova1968: calls $3
*** FLOP *** [4s Qh Js]
Kosova1968: bets $3
hartiedd1: folds
Uncalled bet ($3) returned to Kosova1968
Kosova1968 collected $11.76 from pot
*** SUMMARY ***
Total pot $12 | Rake $0.24
Board [4s Qh Js]
Seat 1: hartiedd1 (button) (small blind) folded on the Flop
Seat 2: Kosova1968 (big blind) collected ($11.76)


PokerStars Hand #145026760658:  Hold'em Limit ($3/$6 USD) - 2015/12/08 12:05:10 ET
Table 'Recha' 2-max Seat #1 is the button
Seat 1: hartiedd1 ($89.02 in chips)
Seat 2: Kosova1968 ($340.09 in chips)
hartiedd1: posts small blind $1
Kosova1968: posts big blind $3
*** HOLE CARDS ***
hartiedd1: raises $3 to $6
Kosova1968: calls $3
*** FLOP *** [6d Ac 4h]
Kosova1968: checks
hartiedd1: checks
*** TURN *** [6d Ac 4h] [4s]
Kosova1968: bets $6
hartiedd1: folds
Uncalled bet ($6) returned to Kosova1968
Kosova1968 collected $11.76 from pot
*** SUMMARY ***
Total pot $12 | Rake $0.24
Board [6d Ac 4h 4s]
Seat 1: hartiedd1 (button) (small blind) folded on the Turn
Seat 2: Kosova1968 (big blind) collected ($11.76)


PokerStars Hand #145026753537:  Hold'em Limit ($3/$6 USD) - 2015/12/08 12:05:02 ET
Table 'Recha' 2-max Seat #2 is the button
Seat 1: hartiedd1 ($92.02 in chips)
Seat 2: Kosova1968 ($337.09 in chips)
Kosova1968: posts small blind $1
hartiedd1: posts big blind $3
*** HOLE CARDS ***
Kosova1968: raises $3 to $6
hartiedd1: folds
Uncalled bet ($3) returned to Kosova1968
Kosova1968 collected $6 from pot
*** SUMMARY ***
Total pot $6 | Rake $0
Seat 1: hartiedd1 (big blind) folded before Flop
Seat 2: Kosova1968 (button) (small blind) collected ($6)


PokerStars Hand #145026749080:  Hold'em Limit ($3/$6 USD) - 2015/12/08 12:04:57 ET
Table 'Recha' 2-max Seat #1 is the button
Seat 1: hartiedd1 ($93.02 in chips)
Seat 2: Kosova1968 ($336.09 in chips)
hartiedd1: posts small blind $1
Kosova1968: posts big blind $3
*** HOLE CARDS ***
hartiedd1: folds
Uncalled bet ($2) returned to Kosova1968
Kosova1968 collected $2 from pot
*** SUMMARY ***
Total pot $2 | Rake $0
Seat 1: hartiedd1 (button) (small blind) folded before Flop
Seat 2: Kosova1968 (big blind) collected ($2)


PokerStars Hand #145026737425:  Hold'em Limit ($3/$6 USD) - 2015/12/08 12:04:43 ET
Table 'Recha' 2-max Seat #2 is the button
Seat 1: hartiedd1 ($99.02 in chips)
Seat 2: Kosova1968 ($330.33 in chips)
Kosova1968: posts small blind $1
hartiedd1: posts big blind $3
*** HOLE CARDS ***
Kosova1968: raises $3 to $6
hartiedd1: calls $3
*** FLOP *** [7c Qs 7d]
hartiedd1: checks
Kosova1968: checks
*** TURN *** [7c Qs 7d] [8h]
hartiedd1: checks
Kosova1968: bets $6
hartiedd1: folds
Uncalled bet ($6) returned to Kosova1968
Kosova1968 collected $11.76 from pot
*** SUMMARY ***
Total pot $12 | Rake $0.24
Board [7c Qs 7d 8h]
Seat 1: hartiedd1 (big blind) folded on the Turn
Seat 2: Kosova1968 (button) (small blind) collected ($11.76)


PokerStars Hand #145026724018:  Hold'em Limit ($3/$6 USD) - 2015/12/08 12:04:28 ET
Table 'Recha' 2-max Seat #1 is the button
Seat 1: hartiedd1 ($111.02 in chips)
Seat 2: Kosova1968 ($318.81 in chips)
hartiedd1: posts small blind $1
Kosova1968: posts big blind $3
*** HOLE CARDS ***
hartiedd1: raises $3 to $6
Kosova1968: calls $3
*** FLOP *** [4h Jd 8h]
Kosova1968: checks
hartiedd1: bets $3
Kosova1968: raises $3 to $6
hartiedd1: calls $3
*** TURN *** [4h Jd 8h] [Js]
Kosova1968: bets $6
hartiedd1: folds
Uncalled bet ($6) returned to Kosova1968
Kosova1968 collected $23.52 from pot
*** SUMMARY ***
Total pot $24 | Rake $0.48
Board [4h Jd 8h Js]
Seat 1: hartiedd1 (button) (small blind) folded on the Turn
Seat 2: Kosova1968 (big blind) collected ($23.52)


PokerStars Hand #145026792442:  Hold'em Limit ($3/$6 USD) - 2015/12/08 12:05:46 ET
Table 'Recha' 2-max Seat #1 is the button
Seat 1: hartiedd1 ($5077.02 in chips)
Seat 2: Kosova1968 ($351.61 in chips)
hartiedd1: posts small blind $1
Kosova1968: posts big blind $3
*** HOLE CARDS ***
hartiedd1: raises $3 to $6
Kosova1968: raises $3 to $9
hartiedd1: calls $3
*** FLOP *** [Tc 9c 5c]
Kosova1968: bets $3
hartiedd1: calls $3
*** TURN *** [Tc 9c 5c] [Jh]
Kosova1968: bets $6
hartiedd1: folds
Uncalled bet ($6) returned to Kosova1968
Kosova1968 collected $23.52 from pot
*** SUMMARY ***
Total pot $24 | Rake $0.48
Board [Tc 9c 5c Jh]
Seat 1: hartiedd1 (button) (small blind) folded on the Turn
Seat 2: Kosova1968 (big blind) collected ($23.52)


PokerStars Hand #145026775845:  Hold'em Limit ($3/$6 USD) - 2015/12/08 12:05:28 ET
Table 'Recha' 2-max Seat #2 is the button
Seat 1: hartiedd1 ($83.02 in chips)
Seat 2: Kosova1968 ($345.85 in chips)
Kosova1968: posts small blind $1
hartiedd1: posts big blind $3
*** HOLE CARDS ***
Kosova1968: raises $3 to $6
hartiedd1: calls $3
*** FLOP *** [9h 3d Jd]
hartiedd1: checks
Kosova1968: bets $3
hartiedd1: folds
Uncalled bet ($3) returned to Kosova1968
Kosova1968 collected $11.76 from pot
*** SUMMARY ***
Total pot $12 | Rake $0.24
Board [9h 3d Jd]
Seat 1: hartiedd1 (big blind) folded on the Flop
Seat 2: Kosova1968 (button) (small blind) collected ($11.76)


