PokerStars Hand #165897767755:  Hold'em Limit ($3/$6 USD) - 2017/02/08 15:13:38 ET
Table 'Reginita III' 6-max Seat #4 is the button
Seat 3: Kaukadiginte ($169.28 in chips)
Seat 4: Koraseg ($99 in chips)
Koraseg: posts small blind $1
Kaukadiginte: posts big blind $3
*** HOLE CARDS ***
Koraseg: raises $3 to $6
Kaukadiginte: folds
Uncalled bet ($3) returned to Koraseg
Koraseg collected $6 from pot
Koraseg: doesn't show hand
*** SUMMARY ***
Total pot $6 | Rake $0
Seat 3: Kaukadiginte (big blind) folded before Flop
Seat 4: Koraseg (button) (small blind) collected ($6)


PokerStars Hand #165897743178:  Hold'em Limit ($3/$6 USD) - 2017/02/08 15:13:14 ET
Table 'Reginita III' 6-max Seat #3 is the button
Seat 3: Kaukadiginte ($148.78 in chips)
Seat 4: Koraseg ($120 in chips)
Kaukadiginte: posts small blind $1
Koraseg: posts big blind $3
*** HOLE CARDS ***
Kaukadiginte: raises $3 to $6
Koraseg: calls $3
*** FLOP *** [Jc Js Th]
Koraseg: checks
Kaukadiginte: bets $3
Koraseg: calls $3
*** TURN *** [Jc Js Th] [4s]
Koraseg: checks
Kaukadiginte: bets $6
Koraseg: calls $6
*** RIVER *** [Jc Js Th 4s] [4h]
Koraseg: checks
Kaukadiginte: bets $6
Koraseg: calls $6
*** SHOW DOWN ***
Kaukadiginte: shows [Ac Jh] (a full house, Jacks full of Fours)
Koraseg: mucks hand
Kaukadiginte collected $41.50 from pot
*** SUMMARY ***
Total pot $42 | Rake $0.50
Board [Jc Js Th 4s 4h]
Seat 3: Kaukadiginte (button) (small blind) showed [Ac Jh] and won ($41.50) with a full house, Jacks full of Fours
Seat 4: Koraseg (big blind) mucked


PokerStars Hand #165897774401:  Hold'em Limit ($3/$6 USD) - 2017/02/08 15:13:45 ET
Table 'Reginita III' 6-max Seat #3 is the button
Seat 3: Kaukadiginte ($166.28 in chips)
Seat 4: Koraseg ($102 in chips)
Kaukadiginte: posts small blind $1
Koraseg: posts big blind $3
*** HOLE CARDS ***
Kaukadiginte: calls $2
Koraseg: raises $3 to $6
Kaukadiginte: calls $3
*** FLOP *** [9s Kd 8d]
Koraseg: bets $3
Kaukadiginte: folds
Uncalled bet ($3) returned to Koraseg
Koraseg collected $11.76 from pot
Koraseg: doesn't show hand
*** SUMMARY ***
Total pot $12 | Rake $0.24
Board [9s Kd 8d]
Seat 3: Kaukadiginte (button) (small blind) folded on the Flop
Seat 4: Koraseg (big blind) collected ($11.76)


