PokerStars Hand #168557954745:  Hold'em Limit ($3/$6 USD) - 2017/04/04 7:00:44 ET
Table 'Reginita' 10-max Seat #7 is the button
Seat 1: sim5sim5 ($134.45 in chips)
Seat 7: kolaz03 ($77.25 in chips)
kolaz03: posts small blind $1
sim5sim5: posts big blind $3
*** HOLE CARDS ***
kolaz03: folds
Uncalled bet ($2) returned to sim5sim5
sim5sim5 collected $2 from pot
sim5sim5: doesn't show hand
*** SUMMARY ***
Total pot $2 | Rake $0
Seat 1: sim5sim5 (big blind) collected ($2)
Seat 7: kolaz03 (button) (small blind) folded before Flop


PokerStars Hand #168557949314:  Hold'em Limit ($3/$6 USD) - 2017/04/04 7:00:30 ET
Table 'Reginita' 10-max Seat #1 is the button
Seat 1: sim5sim5 ($128.69 in chips)
Seat 7: kolaz03 ($83.25 in chips)
sim5sim5: posts small blind $1
AKJpokerkid: is sitting out
kolaz03: posts big blind $3
*** HOLE CARDS ***
sim5sim5: raises $3 to $6
kolaz03: calls $3
*** FLOP *** [3h 7s Td]
kolaz03: checks
sim5sim5: bets $3
kolaz03: folds
Uncalled bet ($3) returned to sim5sim5
sim5sim5 collected $11.76 from pot
sim5sim5: doesn't show hand
*** SUMMARY ***
Total pot $12 | Rake $0.24
Board [3h 7s Td]
Seat 1: sim5sim5 (button) (small blind) collected ($11.76)
Seat 7: kolaz03 (big blind) folded on the Flop


