PokerStars Hand #156335294825:  Hold'em Limit ($3/$6 USD) - 2016/07/23 8:50:04 ET
Table 'Regina' 10-max Seat #2 is the button
Seat 2: partyalex92 ($92.09 in chips)
Seat 7: VolkovDmitri ($136.50 in chips)
partyalex92: posts small blind $1
VolkovDmitri: posts big blind $3
*** HOLE CARDS ***
partyalex92: calls $2
VolkovDmitri: raises $3 to $6
partyalex92: calls $3
*** FLOP *** [4d 2c Td]
VolkovDmitri: bets $3
partyalex92: calls $3
*** TURN *** [4d 2c Td] [8c]
VolkovDmitri: bets $6
partyalex92: calls $6
*** RIVER *** [4d 2c Td 8c] [8h]
VolkovDmitri: bets $6
partyalex92: folds
Uncalled bet ($6) returned to VolkovDmitri
VolkovDmitri collected $29.50 from pot
VolkovDmitri: doesn't show hand
*** SUMMARY ***
Total pot $30 | Rake $0.50
Board [4d 2c Td 8c 8h]
Seat 2: partyalex92 (button) (small blind) folded on the River
Seat 7: VolkovDmitri (big blind) collected ($29.50)


PokerStars Hand #156335353024:  Hold'em Limit ($3/$6 USD) - 2016/07/23 8:51:58 ET
Table 'Regina' 10-max Seat #2 is the button
Seat 2: partyalex92 ($71.97 in chips)
Seat 7: VolkovDmitri ($155.64 in chips)
partyalex92: posts small blind $1
VolkovDmitri: posts big blind $3
*** HOLE CARDS ***
partyalex92: folds
Uncalled bet ($2) returned to VolkovDmitri
VolkovDmitri collected $2 from pot
VolkovDmitri: doesn't show hand
*** SUMMARY ***
Total pot $2 | Rake $0
Seat 2: partyalex92 (button) (small blind) folded before Flop
Seat 7: VolkovDmitri (big blind) collected ($2)


PokerStars Hand #156335348775:  Hold'em Limit ($3/$6 USD) - 2016/07/23 8:51:50 ET
Table 'Regina' 10-max Seat #7 is the button
Seat 2: partyalex92 ($70.97 in chips)
Seat 7: VolkovDmitri ($156.64 in chips)
VolkovDmitri: posts small blind $1
partyalex92: posts big blind $3
*** HOLE CARDS ***
VolkovDmitri: folds
Uncalled bet ($2) returned to partyalex92
partyalex92 collected $2 from pot
*** SUMMARY ***
Total pot $2 | Rake $0
Seat 2: partyalex92 (big blind) collected ($2)
Seat 7: VolkovDmitri (button) (small blind) folded before Flop


PokerStars Hand #156335332158:  Hold'em Limit ($3/$6 USD) - 2016/07/23 8:51:18 ET
Table 'Regina' 10-max Seat #2 is the button
Seat 2: partyalex92 ($68.09 in chips)
Seat 7: VolkovDmitri ($159.64 in chips)
partyalex92: posts small blind $1
VolkovDmitri: posts big blind $3
*** HOLE CARDS ***
partyalex92: calls $2
VolkovDmitri: checks
*** FLOP *** [2d 8c Kc]
VolkovDmitri: checks
partyalex92: checks
*** TURN *** [2d 8c Kc] [Tc]
VolkovDmitri: checks
partyalex92: bets $6
VolkovDmitri: folds
Uncalled bet ($6) returned to partyalex92
partyalex92 collected $5.88 from pot
*** SUMMARY ***
Total pot $6 | Rake $0.12
Board [2d 8c Kc Tc]
Seat 2: partyalex92 (button) (small blind) collected ($5.88)
Seat 7: VolkovDmitri (big blind) folded on the Turn


PokerStars Hand #156335324073:  Hold'em Limit ($3/$6 USD) - 2016/07/23 8:51:02 ET
Table 'Regina' 10-max Seat #7 is the button
Seat 2: partyalex92 ($77.09 in chips)
Seat 7: VolkovDmitri ($151 in chips)
VolkovDmitri: posts small blind $1
partyalex92: posts big blind $3
*** HOLE CARDS ***
VolkovDmitri: raises $3 to $6
partyalex92: calls $3
*** FLOP *** [Td 6h 2c]
partyalex92: checks
VolkovDmitri: bets $3
partyalex92: calls $3
*** TURN *** [Td 6h 2c] [Ah]
partyalex92: checks
VolkovDmitri: bets $6
partyalex92: folds
Uncalled bet ($6) returned to VolkovDmitri
VolkovDmitri collected $17.64 from pot
VolkovDmitri: doesn't show hand
*** SUMMARY ***
Total pot $18 | Rake $0.36
Board [Td 6h 2c Ah]
Seat 2: partyalex92 (big blind) folded on the Turn
Seat 7: VolkovDmitri (button) (small blind) collected ($17.64)


PokerStars Hand #156335357348:  Hold'em Limit ($3/$6 USD) - 2016/07/23 8:52:07 ET
Table 'Regina' 10-max Seat #7 is the button
Seat 2: partyalex92 ($70.97 in chips)
Seat 7: VolkovDmitri ($156.64 in chips)
VolkovDmitri: posts small blind $1
partyalex92: posts big blind $3
*** HOLE CARDS ***
VolkovDmitri: raises $3 to $6
partyalex92: calls $3
*** FLOP *** [2d 3d Jh]
partyalex92: bets $3
VolkovDmitri: calls $3
*** TURN *** [2d 3d Jh] [7s]
partyalex92: bets $6
VolkovDmitri: calls $6
*** RIVER *** [2d 3d Jh 7s] [Kh]
partyalex92: checks
VolkovDmitri: bets $6
partyalex92: folds
Uncalled bet ($6) returned to VolkovDmitri
VolkovDmitri collected $29.50 from pot
VolkovDmitri: doesn't show hand
*** SUMMARY ***
Total pot $30 | Rake $0.50
Board [2d 3d Jh 7s Kh]
Seat 2: partyalex92 (big blind) folded on the River
Seat 7: VolkovDmitri (button) (small blind) collected ($29.50)


PokerStars Hand #156335385279:  Hold'em Limit ($3/$6 USD) - 2016/07/23 8:53:01 ET
Table 'Regina' 10-max Seat #2 is the button
Seat 2: partyalex92 ($55.97 in chips)
Seat 7: VolkovDmitri ($171.14 in chips)
partyalex92: posts small blind $1
VolkovDmitri: posts big blind $3
*** HOLE CARDS ***
partyalex92: raises $3 to $6
VolkovDmitri: calls $3
*** FLOP *** [4c 3h 9h]
VolkovDmitri: bets $3
partyalex92: calls $3
*** TURN *** [4c 3h 9h] [Tc]
VolkovDmitri: bets $6
partyalex92: calls $6
*** RIVER *** [4c 3h 9h Tc] [6s]
VolkovDmitri: checks
partyalex92: checks
*** SHOW DOWN ***
VolkovDmitri: shows [Jh 3s] (a pair of Threes)
partyalex92: mucks hand
VolkovDmitri collected $29.50 from pot
*** SUMMARY ***
Total pot $30 | Rake $0.50
Board [4c 3h 9h Tc 6s]
Seat 2: partyalex92 (button) (small blind) mucked
Seat 7: VolkovDmitri (big blind) showed [Jh 3s] and won ($29.50) with a pair of Threes


PokerStars Hand #156335428027:  Hold'em Limit ($3/$6 USD) - 2016/07/23 8:54:24 ET
Table 'Regina' 10-max Seat #7 is the button
Seat 2: partyalex92 ($30.97 in chips)
Seat 7: VolkovDmitri ($195.28 in chips)
VolkovDmitri: posts small blind $1
partyalex92: posts big blind $3
*** HOLE CARDS ***
VolkovDmitri: raises $3 to $6
partyalex92: calls $3
*** FLOP *** [Js 8d 7c]
partyalex92: checks
VolkovDmitri: bets $3
partyalex92: calls $3
*** TURN *** [Js 8d 7c] [Ad]
partyalex92: bets $6
VolkovDmitri: raises $6 to $12
partyalex92: calls $6
*** RIVER *** [Js 8d 7c Ad] [6c]
partyalex92: checks
VolkovDmitri: bets $6
partyalex92: calls $6
*** SHOW DOWN ***
VolkovDmitri: shows [Ah Jc] (two pair, Aces and Jacks)
partyalex92: mucks hand
VolkovDmitri collected $53.50 from pot
*** SUMMARY ***
Total pot $54 | Rake $0.50
Board [Js 8d 7c Ad 6c]
Seat 2: partyalex92 (big blind) mucked
Seat 7: VolkovDmitri (button) (small blind) showed [Ah Jc] and won ($53.50) with two pair, Aces and Jacks


PokerStars Hand #156335425364:  Hold'em Limit ($3/$6 USD) - 2016/07/23 8:54:18 ET
Table 'Regina' 10-max Seat #2 is the button
Seat 2: partyalex92 ($31.97 in chips)
Seat 7: VolkovDmitri ($194.28 in chips)
partyalex92: posts small blind $1
VolkovDmitri: posts big blind $3
*** HOLE CARDS ***
partyalex92: folds
Uncalled bet ($2) returned to VolkovDmitri
VolkovDmitri collected $2 from pot
VolkovDmitri: doesn't show hand
*** SUMMARY ***
Total pot $2 | Rake $0
Seat 2: partyalex92 (button) (small blind) folded before Flop
Seat 7: VolkovDmitri (big blind) collected ($2)


PokerStars Hand #156335403614:  Hold'em Limit ($3/$6 USD) - 2016/07/23 8:53:36 ET
Table 'Regina' 10-max Seat #7 is the button
Seat 2: partyalex92 ($40.97 in chips)
Seat 7: VolkovDmitri ($185.64 in chips)
VolkovDmitri: posts small blind $1
partyalex92: posts big blind $3
*** HOLE CARDS ***
VolkovDmitri: raises $3 to $6
partyalex92: calls $3
*** FLOP *** [9d Qc 5s]
partyalex92: checks
VolkovDmitri: bets $3
partyalex92: calls $3
*** TURN *** [9d Qc 5s] [5c]
partyalex92: checks
VolkovDmitri: checks
*** RIVER *** [9d Qc 5s 5c] [3c]
partyalex92: checks
VolkovDmitri: checks
*** SHOW DOWN ***
partyalex92: shows [7d 6c] (a pair of Fives)
VolkovDmitri: shows [Ad Th] (a pair of Fives - Ace kicker)
VolkovDmitri collected $17.64 from pot
*** SUMMARY ***
Total pot $18 | Rake $0.36
Board [9d Qc 5s 5c 3c]
Seat 2: partyalex92 (big blind) showed [7d 6c] and lost with a pair of Fives
Seat 7: VolkovDmitri (button) (small blind) showed [Ad Th] and won ($17.64) with a pair of Fives


PokerStars Hand #156335452144:  Hold'em Limit ($3/$6 USD) - 2016/07/23 8:55:11 ET
Table 'Regina' 10-max Seat #2 is the button
Seat 2: partyalex92 ($3.97 in chips)
Seat 7: VolkovDmitri ($221.78 in chips)
partyalex92: posts small blind $1
VolkovDmitri: posts big blind $3
*** HOLE CARDS ***
partyalex92 has timed out
partyalex92: folds
Uncalled bet ($2) returned to VolkovDmitri
VolkovDmitri collected $2 from pot
VolkovDmitri: doesn't show hand
*** SUMMARY ***
Total pot $2 | Rake $0
Seat 2: partyalex92 (button) (small blind) folded before Flop
Seat 7: VolkovDmitri (big blind) collected ($2)


