PokerStars Hand #167988828210:  Hold'em Limit ($3/$6 USD) - 2017/03/23 8:46:10 ET
Table 'Reginhild' 10-max Seat #7 is the button
Seat 5: simper11 ($120 in chips)
Seat 7: B_loJkl ($96.44 in chips)
B_loJkl: posts small blind $1
simper11: posts big blind $3
*** HOLE CARDS ***
B_loJkl: raises $3 to $6
simper11: calls $3
*** FLOP *** [4s 9s 8s]
simper11: checks
B_loJkl: checks
*** TURN *** [4s 9s 8s] [7h]
simper11: checks
B_loJkl: checks
*** RIVER *** [4s 9s 8s 7h] [Kd]
simper11: checks
B_loJkl: checks
*** SHOW DOWN ***
simper11: shows [3s 4d] (a pair of Fours)
B_loJkl: mucks hand
simper11 collected $11.76 from pot
*** SUMMARY ***
Total pot $12 | Rake $0.24
Board [4s 9s 8s 7h Kd]
Seat 5: simper11 (big blind) showed [3s 4d] and won ($11.76) with a pair of Fours
Seat 7: B_loJkl (button) (small blind) mucked


PokerStars Hand #167988825718:  Hold'em Limit ($3/$6 USD) - 2017/03/23 8:46:06 ET
Table 'Reginhild' 10-max Seat #5 is the button
Seat 5: simper11 ($120 in chips)
Seat 7: B_loJkl ($95.44 in chips)
simper11: posts small blind $1
B_loJkl: posts big blind $3
*** HOLE CARDS ***
simper11: folds
Uncalled bet ($2) returned to B_loJkl
B_loJkl collected $2 from pot
B_loJkl: doesn't show hand
*** SUMMARY ***
Total pot $2 | Rake $0
Seat 5: simper11 (button) (small blind) folded before Flop
Seat 7: B_loJkl (big blind) collected ($2)


PokerStars Hand #167988822245:  Hold'em Limit ($3/$6 USD) - 2017/03/23 8:45:59 ET
Table 'Reginhild' 10-max Seat #7 is the button
Seat 5: simper11 ($120 in chips)
Seat 7: B_loJkl ($92.44 in chips)
B_loJkl: posts small blind $1
simper11: posts big blind $3
*** HOLE CARDS ***
B_loJkl: raises $3 to $6
Eklund_1891 leaves the table
simper11: folds
Uncalled bet ($3) returned to B_loJkl
B_loJkl collected $6 from pot
B_loJkl: doesn't show hand
*** SUMMARY ***
Total pot $6 | Rake $0
Seat 5: simper11 (big blind) folded before Flop
Seat 7: B_loJkl (button) (small blind) collected ($6)


