PokerStars Hand #165168112651:  Hold'em Limit ($3/$6 USD) - 2017/01/25 17:50:45 ET
Table 'Regulus' 6-max Seat #3 is the button
Seat 3: avgust91985 ($94.64 in chips)
Seat 4: Actionni13 ($180.14 in chips)
avgust91985: posts small blind $1
Actionni13: posts big blind $3
*** HOLE CARDS ***
avgust91985: calls $2
Actionni13: raises $3 to $6
avgust91985: calls $3
*** FLOP *** [Td 7d 4c]
Actionni13: bets $3
avgust91985: folds
Uncalled bet ($3) returned to Actionni13
Actionni13 collected $11.76 from pot
*** SUMMARY ***
Total pot $12 | Rake $0.24
Board [Td 7d 4c]
Seat 3: avgust91985 (button) (small blind) folded on the Flop
Seat 4: Actionni13 (big blind) collected ($11.76)


PokerStars Hand #165168108142:  Hold'em Limit ($3/$6 USD) - 2017/01/25 17:50:39 ET
Table 'Regulus' 6-max Seat #4 is the button
Seat 3: avgust91985 ($93.64 in chips)
Seat 4: Actionni13 ($181.14 in chips)
Actionni13: posts small blind $1
avgust91985: posts big blind $3
*** HOLE CARDS ***
Actionni13: folds
Uncalled bet ($2) returned to avgust91985
avgust91985 collected $2 from pot
*** SUMMARY ***
Total pot $2 | Rake $0
Seat 3: avgust91985 (big blind) collected ($2)
Seat 4: Actionni13 (button) (small blind) folded before Flop


PokerStars Hand #165168103533:  Hold'em Limit ($3/$6 USD) - 2017/01/25 17:50:34 ET
Table 'Regulus' 6-max Seat #3 is the button
Seat 3: avgust91985 ($94.64 in chips)
Seat 4: Actionni13 ($180.14 in chips)
avgust91985: posts small blind $1
Actionni13: posts big blind $3
*** HOLE CARDS ***
avgust91985: folds
Uncalled bet ($2) returned to Actionni13
Actionni13 collected $2 from pot
*** SUMMARY ***
Total pot $2 | Rake $0
Seat 3: avgust91985 (button) (small blind) folded before Flop
Seat 4: Actionni13 (big blind) collected ($2)


PokerStars Hand #165168088172:  Hold'em Limit ($3/$6 USD) - 2017/01/25 17:50:16 ET
Table 'Regulus' 6-max Seat #4 is the button
Seat 3: avgust91985 ($112.64 in chips)
Seat 4: Actionni13 ($162.64 in chips)
Actionni13: posts small blind $1
avgust91985: posts big blind $3
*** HOLE CARDS ***
Actionni13: raises $3 to $6
avgust91985: raises $3 to $9
Actionni13: calls $3
*** FLOP *** [6s 4s Qc]
avgust91985: bets $3
Actionni13: calls $3
*** TURN *** [6s 4s Qc] [Ts]
avgust91985: bets $6
Actionni13: raises $6 to $12
avgust91985: folds
Uncalled bet ($6) returned to Actionni13
Actionni13 collected $35.50 from pot
*** SUMMARY ***
Total pot $36 | Rake $0.50
Board [6s 4s Qc Ts]
Seat 3: avgust91985 (big blind) folded on the Turn
Seat 4: Actionni13 (button) (small blind) collected ($35.50)


PokerStars Hand #165168171825:  Hold'em Limit ($3/$6 USD) - 2017/01/25 17:51:54 ET
Table 'Regulus' 6-max Seat #3 is the button
Seat 3: avgust91985 ($105.80 in chips)
Seat 4: Actionni13 ($167.90 in chips)
avgust91985: posts small blind $1
Actionni13: posts big blind $3
*** HOLE CARDS ***
avgust91985: calls $2
Actionni13: checks
*** FLOP *** [3h Th 7d]
Actionni13: checks
avgust91985: bets $3
Actionni13: folds
Uncalled bet ($3) returned to avgust91985
avgust91985 collected $5.88 from pot
*** SUMMARY ***
Total pot $6 | Rake $0.12
Board [3h Th 7d]
Seat 3: avgust91985 (button) (small blind) collected ($5.88)
Seat 4: Actionni13 (big blind) folded on the Flop


PokerStars Hand #165168167893:  Hold'em Limit ($3/$6 USD) - 2017/01/25 17:51:49 ET
Table 'Regulus' 6-max Seat #4 is the button
Seat 3: avgust91985 ($104.80 in chips)
Seat 4: Actionni13 ($168.90 in chips)
Actionni13: posts small blind $1
avgust91985: posts big blind $3
*** HOLE CARDS ***
Actionni13: folds
Uncalled bet ($2) returned to avgust91985
avgust91985 collected $2 from pot
*** SUMMARY ***
Total pot $2 | Rake $0
Seat 3: avgust91985 (big blind) collected ($2)
Seat 4: Actionni13 (button) (small blind) folded before Flop


PokerStars Hand #165168149531:  Hold'em Limit ($3/$6 USD) - 2017/01/25 17:51:28 ET
Table 'Regulus' 6-max Seat #3 is the button
Seat 3: avgust91985 ($93.28 in chips)
Seat 4: Actionni13 ($180.90 in chips)
avgust91985: posts small blind $1
Actionni13: posts big blind $3
*** HOLE CARDS ***
avgust91985: raises $3 to $6
Actionni13: calls $3
*** FLOP *** [Ts Ad 6s]
Actionni13: checks
avgust91985: checks
*** TURN *** [Ts Ad 6s] [Tc]
Actionni13: bets $6
avgust91985: raises $6 to $12
Actionni13: folds
Uncalled bet ($6) returned to avgust91985
avgust91985 collected $23.52 from pot
*** SUMMARY ***
Total pot $24 | Rake $0.48
Board [Ts Ad 6s Tc]
Seat 3: avgust91985 (button) (small blind) collected ($23.52)
Seat 4: Actionni13 (big blind) folded on the Turn


PokerStars Hand #165168144151:  Hold'em Limit ($3/$6 USD) - 2017/01/25 17:51:21 ET
Table 'Regulus' 6-max Seat #4 is the button
Seat 3: avgust91985 ($96.28 in chips)
Seat 4: Actionni13 ($177.90 in chips)
Actionni13: posts small blind $1
avgust91985: posts big blind $3
*** HOLE CARDS ***
Actionni13: raises $3 to $6
avgust91985: folds
Uncalled bet ($3) returned to Actionni13
Actionni13 collected $6 from pot
*** SUMMARY ***
Total pot $6 | Rake $0
Seat 3: avgust91985 (big blind) folded before Flop
Seat 4: Actionni13 (button) (small blind) collected ($6)


PokerStars Hand #165168140355:  Hold'em Limit ($3/$6 USD) - 2017/01/25 17:51:17 ET
Table 'Regulus' 6-max Seat #3 is the button
Seat 3: avgust91985 ($97.28 in chips)
Seat 4: Actionni13 ($176.90 in chips)
avgust91985: posts small blind $1
Actionni13: posts big blind $3
*** HOLE CARDS ***
avgust91985: folds
Uncalled bet ($2) returned to Actionni13
Actionni13 collected $2 from pot
*** SUMMARY ***
Total pot $2 | Rake $0
Seat 3: avgust91985 (button) (small blind) folded before Flop
Seat 4: Actionni13 (big blind) collected ($2)


PokerStars Hand #165168122827:  Hold'em Limit ($3/$6 USD) - 2017/01/25 17:50:57 ET
Table 'Regulus' 6-max Seat #4 is the button
Seat 3: avgust91985 ($88.64 in chips)
Seat 4: Actionni13 ($185.90 in chips)
Actionni13: posts small blind $1
avgust91985: posts big blind $3
*** HOLE CARDS ***
Actionni13: raises $3 to $6
avgust91985: calls $3
*** FLOP *** [Js 4d 8c]
avgust91985: checks
Actionni13: bets $3
avgust91985: calls $3
*** TURN *** [Js 4d 8c] [Kd]
avgust91985: checks
Actionni13: checks
*** RIVER *** [Js 4d 8c Kd] [5c]
avgust91985: bets $6
Actionni13: folds
Uncalled bet ($6) returned to avgust91985
avgust91985 collected $17.64 from pot
*** SUMMARY ***
Total pot $18 | Rake $0.36
Board [Js 4d 8c Kd 5c]
Seat 3: avgust91985 (big blind) collected ($17.64)
Seat 4: Actionni13 (button) (small blind) folded on the River


PokerStars Hand #165168215379:  Hold'em Limit ($3/$6 USD) - 2017/01/25 17:52:45 ET
Table 'Regulus' 6-max Seat #3 is the button
Seat 3: avgust91985 ($117.20 in chips)
Seat 4: Actionni13 ($155.90 in chips)
avgust91985: posts small blind $1
Actionni13: posts big blind $3
*** HOLE CARDS ***
avgust91985: folds
Uncalled bet ($2) returned to Actionni13
Actionni13 collected $2 from pot
*** SUMMARY ***
Total pot $2 | Rake $0
Seat 3: avgust91985 (button) (small blind) folded before Flop
Seat 4: Actionni13 (big blind) collected ($2)


PokerStars Hand #165168209114:  Hold'em Limit ($3/$6 USD) - 2017/01/25 17:52:38 ET
Table 'Regulus' 6-max Seat #4 is the button
Seat 3: avgust91985 ($120.20 in chips)
Seat 4: Actionni13 ($152.90 in chips)
Actionni13: posts small blind $1
avgust91985: posts big blind $3
*** HOLE CARDS ***
Actionni13: raises $3 to $6
avgust91985: folds
Uncalled bet ($3) returned to Actionni13
Actionni13 collected $6 from pot
*** SUMMARY ***
Total pot $6 | Rake $0
Seat 3: avgust91985 (big blind) folded before Flop
Seat 4: Actionni13 (button) (small blind) collected ($6)


PokerStars Hand #165168195769:  Hold'em Limit ($3/$6 USD) - 2017/01/25 17:52:22 ET
Table 'Regulus' 6-max Seat #3 is the button
Seat 3: avgust91985 ($117.32 in chips)
Seat 4: Actionni13 ($155.90 in chips)
avgust91985: posts small blind $1
Actionni13: posts big blind $3
*** HOLE CARDS ***
avgust91985: calls $2
Actionni13: checks
*** FLOP *** [2d 9c Ts]
Actionni13: checks
avgust91985: checks
*** TURN *** [2d 9c Ts] [7d]
Actionni13: checks
avgust91985: bets $6
Actionni13: folds
Uncalled bet ($6) returned to avgust91985
avgust91985 collected $5.88 from pot
*** SUMMARY ***
Total pot $6 | Rake $0.12
Board [2d 9c Ts 7d]
Seat 3: avgust91985 (button) (small blind) collected ($5.88)
Seat 4: Actionni13 (big blind) folded on the Turn


PokerStars Hand #165168180777:  Hold'em Limit ($3/$6 USD) - 2017/01/25 17:52:05 ET
Table 'Regulus' 6-max Seat #4 is the button
Seat 3: avgust91985 ($108.68 in chips)
Seat 4: Actionni13 ($164.90 in chips)
Actionni13: posts small blind $1
avgust91985: posts big blind $3
*** HOLE CARDS ***
Actionni13: raises $3 to $6
avgust91985: calls $3
*** FLOP *** [4s Jh 4d]
avgust91985: checks
Actionni13: bets $3
avgust91985: raises $3 to $6
Actionni13: folds
Uncalled bet ($3) returned to avgust91985
avgust91985 collected $17.64 from pot
*** SUMMARY ***
Total pot $18 | Rake $0.36
Board [4s Jh 4d]
Seat 3: avgust91985 (big blind) collected ($17.64)
Seat 4: Actionni13 (button) (small blind) folded on the Flop


PokerStars Hand #165168277626:  Hold'em Limit ($3/$6 USD) - 2017/01/25 17:53:58 ET
Table 'Regulus' 6-max Seat #4 is the button
Seat 3: avgust91985 ($123.48 in chips)
Seat 4: Actionni13 ($151 in chips)
Actionni13: posts small blind $1
avgust91985: posts big blind $3
*** HOLE CARDS ***
Actionni13: raises $3 to $6
avgust91985: calls $3
*** FLOP *** [Tc Kd Kh]
avgust91985: checks
Actionni13: bets $3
avgust91985: folds
Uncalled bet ($3) returned to Actionni13
Actionni13 collected $11.76 from pot
*** SUMMARY ***
Total pot $12 | Rake $0.24
Board [Tc Kd Kh]
Seat 3: avgust91985 (big blind) folded on the Flop
Seat 4: Actionni13 (button) (small blind) collected ($11.76)


PokerStars Hand #165168273773:  Hold'em Limit ($3/$6 USD) - 2017/01/25 17:53:54 ET
Table 'Regulus' 6-max Seat #3 is the button
Seat 3: avgust91985 ($124.48 in chips)
Seat 4: Actionni13 ($150 in chips)
avgust91985: posts small blind $1
Actionni13: posts big blind $3
*** HOLE CARDS ***
avgust91985: folds
Uncalled bet ($2) returned to Actionni13
Actionni13 collected $2 from pot
*** SUMMARY ***
Total pot $2 | Rake $0
Seat 3: avgust91985 (button) (small blind) folded before Flop
Seat 4: Actionni13 (big blind) collected ($2)


PokerStars Hand #165168257165:  Hold'em Limit ($3/$6 USD) - 2017/01/25 17:53:34 ET
Table 'Regulus' 6-max Seat #4 is the button
Seat 3: avgust91985 ($115.84 in chips)
Seat 4: Actionni13 ($156.54 in chips)
Actionni13: posts small blind $1
avgust91985: posts big blind $3
*** HOLE CARDS ***
Actionni13: raises $3 to $6
avgust91985: calls $3
*** FLOP *** [5c Kd 3h]
avgust91985: checks
Actionni13: bets $3
avgust91985: calls $3
*** TURN *** [5c Kd 3h] [3s]
avgust91985: checks
Actionni13: checks
*** RIVER *** [5c Kd 3h 3s] [8d]
avgust91985: bets $6
Actionni13: folds
Uncalled bet ($6) returned to avgust91985
avgust91985 collected $17.64 from pot
*** SUMMARY ***
Total pot $18 | Rake $0.36
Board [5c Kd 3h 3s 8d]
Seat 3: avgust91985 (big blind) collected ($17.64)
Seat 4: Actionni13 (button) (small blind) folded on the River


PokerStars Hand #165168241592:  Hold'em Limit ($3/$6 USD) - 2017/01/25 17:53:16 ET
Table 'Regulus' 6-max Seat #3 is the button
Seat 3: avgust91985 ($107.20 in chips)
Seat 4: Actionni13 ($165.54 in chips)
avgust91985: posts small blind $1
Actionni13: posts big blind $3
*** HOLE CARDS ***
avgust91985: raises $3 to $6
Actionni13: calls $3
*** FLOP *** [4d 2s 8d]
Actionni13: checks
avgust91985: bets $3
Actionni13: calls $3
*** TURN *** [4d 2s 8d] [Jc]
Actionni13: checks
avgust91985: bets $6
Actionni13: folds
Uncalled bet ($6) returned to avgust91985
avgust91985 collected $17.64 from pot
*** SUMMARY ***
Total pot $18 | Rake $0.36
Board [4d 2s 8d Jc]
Seat 3: avgust91985 (button) (small blind) collected ($17.64)
Seat 4: Actionni13 (big blind) folded on the Turn


PokerStars Hand #165168218974:  Hold'em Limit ($3/$6 USD) - 2017/01/25 17:52:49 ET
Table 'Regulus' 6-max Seat #4 is the button
Seat 3: avgust91985 ($116.20 in chips)
Seat 4: Actionni13 ($156.90 in chips)
Actionni13: posts small blind $1
avgust91985: posts big blind $3
*** HOLE CARDS ***
Actionni13: raises $3 to $6
avgust91985: calls $3
*** FLOP *** [Td 6h Kc]
avgust91985: bets $3
Actionni13: calls $3
*** TURN *** [Td 6h Kc] [7c]
avgust91985: checks
Actionni13: checks
*** RIVER *** [Td 6h Kc 7c] [4c]
avgust91985: checks
Actionni13: bets $6
avgust91985: folds
Uncalled bet ($6) returned to Actionni13
Actionni13 collected $17.64 from pot
*** SUMMARY ***
Total pot $18 | Rake $0.36
Board [Td 6h Kc 7c 4c]
Seat 3: avgust91985 (big blind) folded on the River
Seat 4: Actionni13 (button) (small blind) collected ($17.64)


PokerStars Hand #165168305440:  Hold'em Limit ($3/$6 USD) - 2017/01/25 17:54:31 ET
Table 'Regulus' 6-max Seat #4 is the button
Seat 3: avgust91985 ($124.48 in chips)
Seat 4: Actionni13 ($150 in chips)
Actionni13: posts small blind $1
avgust91985: posts big blind $3
*** HOLE CARDS ***
Actionni13: raises $3 to $6
avgust91985: calls $3
*** FLOP *** [3c Th Js]
avgust91985: checks
Actionni13: bets $3
avgust91985: folds
Uncalled bet ($3) returned to Actionni13
Actionni13 collected $11.76 from pot
*** SUMMARY ***
Total pot $12 | Rake $0.24
Board [3c Th Js]
Seat 3: avgust91985 (big blind) folded on the Flop
Seat 4: Actionni13 (button) (small blind) collected ($11.76)


PokerStars Hand #165168297868:  Hold'em Limit ($3/$6 USD) - 2017/01/25 17:54:22 ET
Table 'Regulus' 6-max Seat #3 is the button
Seat 3: avgust91985 ($121.48 in chips)
Seat 4: Actionni13 ($152.76 in chips)
avgust91985: posts small blind $1
Actionni13: posts big blind $3
*** HOLE CARDS ***
avgust91985: raises $3 to $6
Actionni13: folds
Uncalled bet ($3) returned to avgust91985
avgust91985 collected $6 from pot
*** SUMMARY ***
Total pot $6 | Rake $0
Seat 3: avgust91985 (button) (small blind) collected ($6)
Seat 4: Actionni13 (big blind) folded before Flop


PokerStars Hand #165168293355:  Hold'em Limit ($3/$6 USD) - 2017/01/25 17:54:17 ET
Table 'Regulus' 6-max Seat #4 is the button
Seat 3: avgust91985 ($120.48 in chips)
Seat 4: Actionni13 ($153.76 in chips)
Actionni13: posts small blind $1
avgust91985: posts big blind $3
*** HOLE CARDS ***
Actionni13: folds
Uncalled bet ($2) returned to avgust91985
avgust91985 collected $2 from pot
*** SUMMARY ***
Total pot $2 | Rake $0
Seat 3: avgust91985 (big blind) collected ($2)
Seat 4: Actionni13 (button) (small blind) folded before Flop


PokerStars Hand #165168287534:  Hold'em Limit ($3/$6 USD) - 2017/01/25 17:54:10 ET
Table 'Regulus' 6-max Seat #3 is the button
Seat 3: avgust91985 ($117.48 in chips)
Seat 4: Actionni13 ($156.76 in chips)
avgust91985: posts small blind $1
Actionni13: posts big blind $3
*** HOLE CARDS ***
avgust91985: raises $3 to $6
Actionni13: folds
Uncalled bet ($3) returned to avgust91985
avgust91985 collected $6 from pot
*** SUMMARY ***
Total pot $6 | Rake $0
Seat 3: avgust91985 (button) (small blind) collected ($6)
Seat 4: Actionni13 (big blind) folded before Flop


PokerStars Hand #165168359539:  Hold'em Limit ($3/$6 USD) - 2017/01/25 17:55:42 ET
Table 'Regulus' 6-max Seat #3 is the button
Seat 3: avgust91985 ($147.98 in chips)
Seat 4: Actionni13 ($153 in chips)
avgust91985: posts small blind $1
Actionni13: posts big blind $3
*** HOLE CARDS ***
avgust91985: raises $3 to $6
Actionni13: calls $3
*** FLOP *** [Kd Ad 7s]
Actionni13: checks
avgust91985: bets $3
Actionni13: folds
Uncalled bet ($3) returned to avgust91985
avgust91985 collected $11.76 from pot
*** SUMMARY ***
Total pot $12 | Rake $0.24
Board [Kd Ad 7s]
Seat 3: avgust91985 (button) (small blind) collected ($11.76)
Seat 4: Actionni13 (big blind) folded on the Flop


PokerStars Hand #165168354498:  Hold'em Limit ($3/$6 USD) - 2017/01/25 17:55:34 ET
Table 'Regulus' 6-max Seat #4 is the button
Seat 3: avgust91985 ($150.98 in chips)
Seat 4: Actionni13 ($150 in chips)
Actionni13: posts small blind $1
avgust91985: posts big blind $3
*** HOLE CARDS ***
Actionni13: raises $3 to $6
avgust91985: folds
Uncalled bet ($3) returned to Actionni13
Actionni13 collected $6 from pot
*** SUMMARY ***
Total pot $6 | Rake $0
Seat 3: avgust91985 (big blind) folded before Flop
Seat 4: Actionni13 (button) (small blind) collected ($6)


PokerStars Hand #165168317481:  Hold'em Limit ($3/$6 USD) - 2017/01/25 17:54:45 ET
Table 'Regulus' 6-max Seat #3 is the button
Seat 3: avgust91985 ($118.48 in chips)
Seat 4: Actionni13 ($155.76 in chips)
avgust91985: posts small blind $1
Actionni13: posts big blind $3
*** HOLE CARDS ***
avgust91985: raises $3 to $6
Actionni13: calls $3
*** FLOP *** [Qs Jc 2s]
Actionni13: checks
avgust91985: bets $3
Actionni13: calls $3
*** TURN *** [Qs Jc 2s] [5d]
Actionni13: checks
avgust91985: checks
*** RIVER *** [Qs Jc 2s 5d] [4h]
Actionni13: bets $6
avgust91985: raises $6 to $12
Actionni13: raises $6 to $18
avgust91985: raises $6 to $24
Betting is capped
Actionni13: calls $6
*** SHOW DOWN ***
avgust91985: shows [Ad 3h] (a straight, Ace to Five)
Actionni13: mucks hand
avgust91985 collected $65.50 from pot
*** SUMMARY ***
Total pot $66 | Rake $0.50
Board [Qs Jc 2s 5d 4h]
Seat 3: avgust91985 (button) (small blind) showed [Ad 3h] and won ($65.50) with a straight, Ace to Five
Seat 4: Actionni13 (big blind) mucked


PokerStars Hand #165168417009:  Hold'em Limit ($3/$6 USD) - 2017/01/25 17:57:04 ET
Table 'Regulus' 6-max Seat #4 is the button
Seat 3: avgust91985 ($149.26 in chips)
Seat 4: Actionni13 ($165.40 in chips)
Actionni13: posts small blind $1
avgust91985: posts big blind $3
*** HOLE CARDS ***
Actionni13: raises $3 to $6
avgust91985: folds
Uncalled bet ($3) returned to Actionni13
Actionni13 collected $6 from pot
*** SUMMARY ***
Total pot $6 | Rake $0
Seat 3: avgust91985 (big blind) folded before Flop
Seat 4: Actionni13 (button) (small blind) collected ($6)


PokerStars Hand #165168413576:  Hold'em Limit ($3/$6 USD) - 2017/01/25 17:56:59 ET
Table 'Regulus' 6-max Seat #3 is the button
Seat 3: avgust91985 ($150.26 in chips)
Seat 4: Actionni13 ($164.40 in chips)
avgust91985: posts small blind $1
Actionni13: posts big blind $3
*** HOLE CARDS ***
avgust91985: folds
Uncalled bet ($2) returned to Actionni13
Actionni13 collected $2 from pot
*** SUMMARY ***
Total pot $2 | Rake $0
Seat 3: avgust91985 (button) (small blind) folded before Flop
Seat 4: Actionni13 (big blind) collected ($2)


PokerStars Hand #165168402470:  Hold'em Limit ($3/$6 USD) - 2017/01/25 17:56:43 ET
Table 'Regulus' 6-max Seat #4 is the button
Seat 3: avgust91985 ($156.26 in chips)
Seat 4: Actionni13 ($158.64 in chips)
Actionni13: posts small blind $1
avgust91985: posts big blind $3
*** HOLE CARDS ***
Actionni13: raises $3 to $6
avgust91985: calls $3
*** FLOP *** [2c 3h Kd]
avgust91985: checks
Actionni13: bets $3
avgust91985: folds
Uncalled bet ($3) returned to Actionni13
Actionni13 collected $11.76 from pot
*** SUMMARY ***
Total pot $12 | Rake $0.24
Board [2c 3h Kd]
Seat 3: avgust91985 (big blind) folded on the Flop
Seat 4: Actionni13 (button) (small blind) collected ($11.76)


PokerStars Hand #165168383712:  Hold'em Limit ($3/$6 USD) - 2017/01/25 17:56:16 ET
Table 'Regulus' 6-max Seat #3 is the button
Seat 3: avgust91985 ($165.26 in chips)
Seat 4: Actionni13 ($150 in chips)
avgust91985: posts small blind $1
Actionni13: posts big blind $3
*** HOLE CARDS ***
avgust91985: raises $3 to $6
Actionni13: calls $3
*** FLOP *** [9d 3s Th]
Actionni13: checks
avgust91985: bets $3
Actionni13: calls $3
*** TURN *** [9d 3s Th] [7d]
Actionni13: checks
avgust91985: checks
*** RIVER *** [9d 3s Th 7d] [9h]
Actionni13: bets $6
avgust91985: folds
Uncalled bet ($6) returned to Actionni13
Actionni13 collected $17.64 from pot
*** SUMMARY ***
Total pot $18 | Rake $0.36
Board [9d 3s Th 7d 9h]
Seat 3: avgust91985 (button) (small blind) folded on the River
Seat 4: Actionni13 (big blind) collected ($17.64)


PokerStars Hand #165168367965:  Hold'em Limit ($3/$6 USD) - 2017/01/25 17:55:54 ET
Table 'Regulus' 6-max Seat #4 is the button
Seat 3: avgust91985 ($153.74 in chips)
Seat 4: Actionni13 ($150 in chips)
Actionni13: posts small blind $1
avgust91985: posts big blind $3
*** HOLE CARDS ***
Actionni13: raises $3 to $6
avgust91985: raises $3 to $9
Actionni13: calls $3
*** FLOP *** [7h Th 6d]
avgust91985: bets $3
Actionni13: calls $3
*** TURN *** [7h Th 6d] [7d]
avgust91985: checks
Actionni13: checks
*** RIVER *** [7h Th 6d 7d] [6s]
avgust91985: bets $6
Actionni13: folds
Uncalled bet ($6) returned to avgust91985
avgust91985 collected $23.52 from pot
*** SUMMARY ***
Total pot $24 | Rake $0.48
Board [7h Th 6d 7d 6s]
Seat 3: avgust91985 (big blind) collected ($23.52)
Seat 4: Actionni13 (button) (small blind) folded on the River


PokerStars Hand #165168441912:  Hold'em Limit ($3/$6 USD) - 2017/01/25 17:57:41 ET
Table 'Regulus' 6-max Seat #4 is the button
Seat 3: avgust91985 ($160.78 in chips)
Seat 4: Actionni13 ($153.40 in chips)
Actionni13: posts small blind $1
avgust91985: posts big blind $3
*** HOLE CARDS ***
Actionni13: folds
Uncalled bet ($2) returned to avgust91985
avgust91985 collected $2 from pot
*** SUMMARY ***
Total pot $2 | Rake $0
Seat 3: avgust91985 (big blind) collected ($2)
Seat 4: Actionni13 (button) (small blind) folded before Flop


PokerStars Hand #165168433998:  Hold'em Limit ($3/$6 USD) - 2017/01/25 17:57:29 ET
Table 'Regulus' 6-max Seat #3 is the button
Seat 3: avgust91985 ($157.90 in chips)
Seat 4: Actionni13 ($156.40 in chips)
avgust91985: posts small blind $1
Actionni13: posts big blind $3
*** HOLE CARDS ***
avgust91985: calls $2
Actionni13: checks
*** FLOP *** [8h Ks Kd]
Actionni13: checks
avgust91985: bets $3
Actionni13: folds
Uncalled bet ($3) returned to avgust91985
avgust91985 collected $5.88 from pot
*** SUMMARY ***
Total pot $6 | Rake $0.12
Board [8h Ks Kd]
Seat 3: avgust91985 (button) (small blind) collected ($5.88)
Seat 4: Actionni13 (big blind) folded on the Flop


PokerStars Hand #165168426836:  Hold'em Limit ($3/$6 USD) - 2017/01/25 17:57:19 ET
Table 'Regulus' 6-max Seat #4 is the button
Seat 3: avgust91985 ($149.26 in chips)
Seat 4: Actionni13 ($165.40 in chips)
Actionni13: posts small blind $1
avgust91985: posts big blind $3
*** HOLE CARDS ***
Actionni13: raises $3 to $6
avgust91985: raises $3 to $9
Actionni13: calls $3
*** FLOP *** [7s Ks Qh]
avgust91985: bets $3
Actionni13: folds
Uncalled bet ($3) returned to avgust91985
avgust91985 collected $17.64 from pot
*** SUMMARY ***
Total pot $18 | Rake $0.36
Board [7s Ks Qh]
Seat 3: avgust91985 (big blind) collected ($17.64)
Seat 4: Actionni13 (button) (small blind) folded on the Flop


PokerStars Hand #165168421480:  Hold'em Limit ($3/$6 USD) - 2017/01/25 17:57:11 ET
Table 'Regulus' 6-max Seat #3 is the button
Seat 3: avgust91985 ($146.26 in chips)
Seat 4: Actionni13 ($168.40 in chips)
avgust91985: posts small blind $1
Actionni13: posts big blind $3
*** HOLE CARDS ***
avgust91985: raises $3 to $6
Actionni13: folds
Uncalled bet ($3) returned to avgust91985
avgust91985 collected $6 from pot
*** SUMMARY ***
Total pot $6 | Rake $0
Seat 3: avgust91985 (button) (small blind) collected ($6)
Seat 4: Actionni13 (big blind) folded before Flop


PokerStars Hand #165168487842:  Hold'em Limit ($3/$6 USD) - 2017/01/25 17:58:47 ET
Table 'Regulus' 6-max Seat #3 is the button
Seat 3: avgust91985 ($194.04 in chips)
Seat 4: Actionni13 ($150 in chips)
avgust91985: posts small blind $1
Actionni13: posts big blind $3
*** HOLE CARDS ***
avgust91985: folds
Uncalled bet ($2) returned to Actionni13
Actionni13 collected $2 from pot
*** SUMMARY ***
Total pot $2 | Rake $0
Seat 3: avgust91985 (button) (small blind) folded before Flop
Seat 4: Actionni13 (big blind) collected ($2)


PokerStars Hand #165168466237:  Hold'em Limit ($3/$6 USD) - 2017/01/25 17:58:16 ET
Table 'Regulus' 6-max Seat #4 is the button
Seat 3: avgust91985 ($167.54 in chips)
Seat 4: Actionni13 ($150 in chips)
Actionni13: posts small blind $1
avgust91985: posts big blind $3
*** HOLE CARDS ***
Actionni13: raises $3 to $6
avgust91985: calls $3
*** FLOP *** [8d 8s 9s]
avgust91985: checks
Actionni13: bets $3
avgust91985: calls $3
*** TURN *** [8d 8s 9s] [2c]
avgust91985: checks
Actionni13: bets $6
avgust91985: raises $6 to $12
Actionni13: calls $6
*** RIVER *** [8d 8s 9s 2c] [Tc]
avgust91985: bets $6
Actionni13: calls $6
*** SHOW DOWN ***
avgust91985: shows [8c Jh] (three of a kind, Eights)
Actionni13: mucks hand
avgust91985 collected $53.50 from pot
dyrsvel07 joins the table at seat #6
*** SUMMARY ***
Total pot $54 | Rake $0.50
Board [8d 8s 9s 2c Tc]
Seat 3: avgust91985 (big blind) showed [8c Jh] and won ($53.50) with three of a kind, Eights
Seat 4: Actionni13 (button) (small blind) mucked


PokerStars Hand #165168445623:  Hold'em Limit ($3/$6 USD) - 2017/01/25 17:57:46 ET
Table 'Regulus' 6-max Seat #3 is the button
Seat 3: avgust91985 ($161.78 in chips)
Seat 4: Actionni13 ($152.40 in chips)
avgust91985: posts small blind $1
Actionni13: posts big blind $3
*** HOLE CARDS ***
avgust91985: raises $3 to $6
Actionni13: calls $3
*** FLOP *** [4c 4s Qs]
Actionni13: checks
avgust91985: checks
*** TURN *** [4c 4s Qs] [3s]
Actionni13: checks
avgust91985: bets $6
Actionni13: folds
Uncalled bet ($6) returned to avgust91985
avgust91985 collected $11.76 from pot
*** SUMMARY ***
Total pot $12 | Rake $0.24
Board [4c 4s Qs 3s]
Seat 3: avgust91985 (button) (small blind) collected ($11.76)
Seat 4: Actionni13 (big blind) folded on the Turn


