PokerStars Hand #162921296406:  Hold'em Limit ($3/$6 USD) - 2016/12/14 5:21:29 ET
Table 'Regulus II' 6-max Seat #1 is the button
Seat 1: ToDaFelt ($128.25 in chips)
Seat 4: Ale4o ($87 in chips)
ToDaFelt: posts small blind $1
Luanto 14: is sitting out
Ale4o: posts big blind $3
*** HOLE CARDS ***
B_loJkl leaves the table
feilinho joins the table at seat #6
ToDaFelt: raises $3 to $6
Ale4o: calls $3
*** FLOP *** [Ts Ks 9s]
Ale4o: checks
ToDaFelt: bets $3
Ale4o: raises $3 to $6
ToDaFelt: calls $3
*** TURN *** [Ts Ks 9s] [9h]
Ale4o: checks
ToDaFelt: checks
*** RIVER *** [Ts Ks 9s 9h] [3h]
Ale4o: checks
ToDaFelt: checks
*** SHOW DOWN ***
Ale4o: shows [8h Qs] (a pair of Nines)
ToDaFelt: mucks hand
Ale4o collected $23.52 from pot
*** SUMMARY ***
Total pot $24 | Rake $0.48
Board [Ts Ks 9s 9h 3h]
Seat 1: ToDaFelt (button) (small blind) mucked
Seat 4: Ale4o (big blind) showed [8h Qs] and won ($23.52) with a pair of Nines


PokerStars Hand #162921370363:  Hold'em Limit ($3/$6 USD) - 2016/12/14 5:24:22 ET
Table 'Regulus II' 6-max Seat #6 is the button
Seat 1: ToDaFelt ($115.75 in chips)
Seat 6: feilinho ($112.53 in chips)
feilinho: posts small blind $1
ToDaFelt: posts big blind $3
*** HOLE CARDS ***
feilinho: folds
Uncalled bet ($2) returned to ToDaFelt
ToDaFelt collected $2 from pot
ToDaFelt: doesn't show hand
*** SUMMARY ***
Total pot $2 | Rake $0
Seat 1: ToDaFelt (big blind) collected ($2)
Seat 6: feilinho (button) (small blind) folded before Flop


PokerStars Hand #162921358372:  Hold'em Limit ($3/$6 USD) - 2016/12/14 5:23:54 ET
Table 'Regulus II' 6-max Seat #1 is the button
Seat 1: ToDaFelt ($86.25 in chips)
Seat 6: feilinho ($142.53 in chips)
ToDaFelt: posts small blind $1
Ale4o: is sitting out
feilinho: posts big blind $3
*** HOLE CARDS ***
ToDaFelt: raises $3 to $6
feilinho: calls $3
*** FLOP *** [8d 5s 3d]
feilinho: checks
ToDaFelt: bets $3
feilinho: raises $3 to $6
ToDaFelt: calls $3
*** TURN *** [8d 5s 3d] [7s]
feilinho: bets $6
ToDaFelt: raises $6 to $12
feilinho: calls $6
*** RIVER *** [8d 5s 3d 7s] [4h]
feilinho: checks
ToDaFelt: bets $6
feilinho: calls $6
*** SHOW DOWN ***
ToDaFelt: shows [9s 6s] (a straight, Five to Nine)
feilinho: mucks hand
ToDaFelt collected $59.50 from pot
*** SUMMARY ***
Total pot $60 | Rake $0.50
Board [8d 5s 3d 7s 4h]
Seat 1: ToDaFelt (button) (small blind) showed [9s 6s] and won ($59.50) with a straight, Five to Nine
Seat 6: feilinho (big blind) mucked


PokerStars Hand #162921388280:  Hold'em Limit ($3/$6 USD) - 2016/12/14 5:25:04 ET
Table 'Regulus II' 6-max Seat #1 is the button
Seat 1: ToDaFelt ($116.75 in chips)
Seat 3: sanhel1985 ($252.18 in chips)
ToDaFelt: posts small blind $1
sanhel1985: posts big blind $3
*** HOLE CARDS ***
ToDaFelt: raises $3 to $6
sanhel1985: folds
Uncalled bet ($3) returned to ToDaFelt
ToDaFelt collected $6 from pot
ToDaFelt: doesn't show hand
*** SUMMARY ***
Total pot $6 | Rake $0
Seat 1: ToDaFelt (button) (small blind) collected ($6)
Seat 3: sanhel1985 (big blind) folded before Flop


