PokerStars Hand #165172223084:  Hold'em Limit ($3/$6 USD) - 2017/01/25 19:22:57 ET
Table 'Regulus' 6-max Seat #4 is the button
Seat 2: Chessnok ($91.26 in chips)
Seat 4: nikosha8 ($11091.56 in chips)
nikosha8: posts small blind $1
Chessnok: posts big blind $3
*** HOLE CARDS ***
nikosha8: raises $3 to $6
Chessnok: raises $3 to $9
nikosha8: calls $3
*** FLOP *** [3d 3c 9d]
Chessnok: bets $3
nikosha8: calls $3
*** TURN *** [3d 3c 9d] [Ks]
Chessnok: bets $6
nikosha8: calls $6
*** RIVER *** [3d 3c 9d Ks] [3h]
Chessnok: bets $6
nikosha8: calls $6
*** SHOW DOWN ***
Chessnok: shows [Qc Ad] (three of a kind, Threes)
nikosha8: shows [9c 4c] (a full house, Threes full of Nines)
nikosha8 collected $47.50 from pot
*** SUMMARY ***
Total pot $48 | Rake $0.50
Board [3d 3c 9d Ks 3h]
Seat 2: Chessnok (big blind) showed [Qc Ad] and lost with three of a kind, Threes
Seat 4: nikosha8 (button) (small blind) showed [9c 4c] and won ($47.50) with a full house, Threes full of Nines


PokerStars Hand #165172259064:  Hold'em Limit ($3/$6 USD) - 2017/01/25 19:23:53 ET
Table 'Regulus' 6-max Seat #4 is the button
Seat 2: Chessnok ($73.02 in chips)
Seat 4: nikosha8 ($11109.06 in chips)
nikosha8: posts small blind $1
Chessnok: posts big blind $3
*** HOLE CARDS ***
nikosha8: raises $3 to $6
Chessnok: raises $3 to $9
nikosha8: calls $3
*** FLOP *** [3h 4h 2s]
Chessnok: bets $3
nikosha8: calls $3
*** TURN *** [3h 4h 2s] [3d]
Chessnok: bets $6
nikosha8: calls $6
*** RIVER *** [3h 4h 2s 3d] [5s]
Chessnok: bets $6
nikosha8: calls $6
*** SHOW DOWN ***
Chessnok: shows [7h 9h] (a pair of Threes)
nikosha8: shows [7s As] (a straight, Ace to Five)
nikosha8 collected $47.50 from pot
*** SUMMARY ***
Total pot $48 | Rake $0.50
Board [3h 4h 2s 3d 5s]
Seat 2: Chessnok (big blind) showed [7h 9h] and lost with a pair of Threes
Seat 4: nikosha8 (button) (small blind) showed [7s As] and won ($47.50) with a straight, Ace to Five


PokerStars Hand #165172241276:  Hold'em Limit ($3/$6 USD) - 2017/01/25 19:23:25 ET
Table 'Regulus' 6-max Seat #2 is the button
Seat 2: Chessnok ($67.26 in chips)
Seat 4: nikosha8 ($11115.06 in chips)
Chessnok: posts small blind $1
nikosha8: posts big blind $3
*** HOLE CARDS ***
Chessnok: raises $3 to $6
nikosha8: calls $3
*** FLOP *** [9s 5d As]
nikosha8: checks
Chessnok: bets $3
nikosha8: folds
Uncalled bet ($3) returned to Chessnok
Chessnok collected $11.76 from pot
Chessnok: doesn't show hand
*** SUMMARY ***
Total pot $12 | Rake $0.24
Board [9s 5d As]
Seat 2: Chessnok (button) (small blind) collected ($11.76)
Seat 4: nikosha8 (big blind) folded on the Flop


PokerStars Hand #165172314371:  Hold'em Limit ($3/$6 USD) - 2017/01/25 19:25:19 ET
Table 'Regulus' 6-max Seat #2 is the button
Seat 2: Chessnok ($60 in chips)
Seat 4: nikosha8 ($11132.20 in chips)
Chessnok: posts small blind $1
nikosha8: posts big blind $3
*** HOLE CARDS ***
Chessnok: folds
Uncalled bet ($2) returned to nikosha8
nikosha8 collected $2 from pot
*** SUMMARY ***
Total pot $2 | Rake $0
Seat 2: Chessnok (button) (small blind) folded before Flop
Seat 4: nikosha8 (big blind) collected ($2)


PokerStars Hand #165172294588:  Hold'em Limit ($3/$6 USD) - 2017/01/25 19:24:48 ET
Table 'Regulus' 6-max Seat #4 is the button
Seat 2: Chessnok ($68.64 in chips)
Seat 4: nikosha8 ($11123.56 in chips)
nikosha8: posts small blind $1
Chessnok: posts big blind $3
*** HOLE CARDS ***
nikosha8: raises $3 to $6
Chessnok: raises $3 to $9
nikosha8: calls $3
*** FLOP *** [7h 2h Td]
Chessnok: checks
nikosha8: checks
*** TURN *** [7h 2h Td] [4c]
Chessnok: checks
nikosha8: bets $6
Chessnok: folds
Uncalled bet ($6) returned to nikosha8
nikosha8 collected $17.64 from pot
*** SUMMARY ***
Total pot $18 | Rake $0.36
Board [7h 2h Td 4c]
Seat 2: Chessnok (big blind) folded on the Turn
Seat 4: nikosha8 (button) (small blind) collected ($17.64)


PokerStars Hand #165172275383:  Hold'em Limit ($3/$6 USD) - 2017/01/25 19:24:19 ET
Table 'Regulus' 6-max Seat #2 is the button
Seat 2: Chessnok ($60 in chips)
Seat 4: nikosha8 ($11132.56 in chips)
Chessnok: posts small blind $1
nikosha8: posts big blind $3
*** HOLE CARDS ***
Chessnok: raises $3 to $6
nikosha8: calls $3
*** FLOP *** [6h Kd Td]
nikosha8: checks
Chessnok: bets $3
nikosha8: calls $3
*** TURN *** [6h Kd Td] [5s]
nikosha8: checks
Chessnok: bets $6
nikosha8: folds
Uncalled bet ($6) returned to Chessnok
Chessnok collected $17.64 from pot
Chessnok: doesn't show hand
*** SUMMARY ***
Total pot $18 | Rake $0.36
Board [6h Kd Td 5s]
Seat 2: Chessnok (button) (small blind) collected ($17.64)
Seat 4: nikosha8 (big blind) folded on the Turn


PokerStars Hand #165172352209:  Hold'em Limit ($3/$6 USD) - 2017/01/25 19:26:18 ET
Table 'Regulus' 6-max Seat #2 is the button
Seat 2: Chessnok ($87.50 in chips)
Seat 4: nikosha8 ($11105.20 in chips)
Chessnok: posts small blind $1
nikosha8: posts big blind $3
*** HOLE CARDS ***
Chessnok: folds
Uncalled bet ($2) returned to nikosha8
nikosha8 collected $2 from pot
*** SUMMARY ***
Total pot $2 | Rake $0
Seat 2: Chessnok (button) (small blind) folded before Flop
Seat 4: nikosha8 (big blind) collected ($2)


PokerStars Hand #165172329500:  Hold'em Limit ($3/$6 USD) - 2017/01/25 19:25:43 ET
Table 'Regulus' 6-max Seat #4 is the button
Seat 2: Chessnok ($64 in chips)
Seat 4: nikosha8 ($11129.20 in chips)
nikosha8: posts small blind $1
Chessnok: posts big blind $3
*** HOLE CARDS ***
nikosha8: raises $3 to $6
Chessnok: raises $3 to $9
nikosha8: calls $3
*** FLOP *** [7d Qh 7h]
Chessnok: bets $3
nikosha8: calls $3
*** TURN *** [7d Qh 7h] [Qc]
Chessnok: bets $6
nikosha8: calls $6
*** RIVER *** [7d Qh 7h Qc] [9s]
Chessnok: bets $6
nikosha8: calls $6
*** SHOW DOWN ***
Chessnok: shows [Kh 9c] (two pair, Queens and Nines)
nikosha8: mucks hand
Chessnok collected $47.50 from pot
*** SUMMARY ***
Total pot $48 | Rake $0.50
Board [7d Qh 7h Qc 9s]
Seat 2: Chessnok (big blind) showed [Kh 9c] and won ($47.50) with two pair, Queens and Nines
Seat 4: nikosha8 (button) (small blind) mucked


PokerStars Hand #165172321881:  Hold'em Limit ($3/$6 USD) - 2017/01/25 19:25:31 ET
Table 'Regulus' 6-max Seat #2 is the button
Seat 2: Chessnok ($61 in chips)
Seat 4: nikosha8 ($11132.20 in chips)
Chessnok: posts small blind $1
nikosha8: posts big blind $3
*** HOLE CARDS ***
Chessnok: raises $3 to $6
nikosha8: folds
Uncalled bet ($3) returned to Chessnok
Chessnok collected $6 from pot
Chessnok: doesn't show hand
*** SUMMARY ***
Total pot $6 | Rake $0
Seat 2: Chessnok (button) (small blind) collected ($6)
Seat 4: nikosha8 (big blind) folded before Flop


PokerStars Hand #165172317682:  Hold'em Limit ($3/$6 USD) - 2017/01/25 19:25:24 ET
Table 'Regulus' 6-max Seat #4 is the button
Seat 2: Chessnok ($60 in chips)
Seat 4: nikosha8 ($11133.20 in chips)
nikosha8: posts small blind $1
Chessnok: posts big blind $3
*** HOLE CARDS ***
nikosha8: folds
Uncalled bet ($2) returned to Chessnok
Chessnok collected $2 from pot
Chessnok: doesn't show hand
*** SUMMARY ***
Total pot $2 | Rake $0
Seat 2: Chessnok (big blind) collected ($2)
Seat 4: nikosha8 (button) (small blind) folded before Flop


PokerStars Hand #165172385261:  Hold'em Limit ($3/$6 USD) - 2017/01/25 19:27:10 ET
Table 'Regulus' 6-max Seat #4 is the button
Seat 2: Chessnok ($133.50 in chips)
Seat 4: nikosha8 ($11058.20 in chips)
nikosha8: posts small blind $1
Chessnok: posts big blind $3
*** HOLE CARDS ***
nikosha8: raises $3 to $6
Chessnok: raises $3 to $9
nikosha8: calls $3
*** FLOP *** [2s 7c Qs]
Chessnok: bets $3
nikosha8: folds
Uncalled bet ($3) returned to Chessnok
Chessnok collected $17.64 from pot
Chessnok: doesn't show hand
*** SUMMARY ***
Total pot $18 | Rake $0.36
Board [2s 7c Qs]
Seat 2: Chessnok (big blind) collected ($17.64)
Seat 4: nikosha8 (button) (small blind) folded on the Flop


PokerStars Hand #165172372678:  Hold'em Limit ($3/$6 USD) - 2017/01/25 19:26:50 ET
Table 'Regulus' 6-max Seat #2 is the button
Seat 2: Chessnok ($116 in chips)
Seat 4: nikosha8 ($11076.20 in chips)
Chessnok: posts small blind $1
nikosha8: posts big blind $3
*** HOLE CARDS ***
Chessnok: raises $3 to $6
nikosha8: raises $3 to $9
Chessnok: calls $3
*** FLOP *** [Kc 9h 8h]
nikosha8: bets $3
Chessnok: calls $3
*** TURN *** [Kc 9h 8h] [Ac]
nikosha8: bets $6
Chessnok: raises $6 to $12
nikosha8: folds
Uncalled bet ($6) returned to Chessnok
Chessnok collected $35.50 from pot
Chessnok: doesn't show hand
*** SUMMARY ***
Total pot $36 | Rake $0.50
Board [Kc 9h 8h Ac]
Seat 2: Chessnok (button) (small blind) collected ($35.50)
Seat 4: nikosha8 (big blind) folded on the Turn


PokerStars Hand #165172354911:  Hold'em Limit ($3/$6 USD) - 2017/01/25 19:26:22 ET
Table 'Regulus' 6-max Seat #4 is the button
Seat 2: Chessnok ($86.50 in chips)
Seat 4: nikosha8 ($11106.20 in chips)
nikosha8: posts small blind $1
Chessnok: posts big blind $3
*** HOLE CARDS ***
nikosha8: raises $3 to $6
Chessnok: raises $3 to $9
nikosha8: raises $3 to $12
Betting is capped
Chessnok: calls $3
*** FLOP *** [5c 7s 2h]
nikosha8 said, "uebishe"
Chessnok: checks
nikosha8: bets $3
Chessnok: raises $3 to $6
nikosha8: calls $3
*** TURN *** [5c 7s 2h] [7d]
Chessnok: bets $6
nikosha8: calls $6
*** RIVER *** [5c 7s 2h 7d] [Ts]
Chessnok: bets $6
nikosha8: calls $6
*** SHOW DOWN ***
Chessnok: shows [As Ah] (two pair, Aces and Sevens)
nikosha8: mucks hand
Chessnok collected $59.50 from pot
*** SUMMARY ***
Total pot $60 | Rake $0.50
Board [5c 7s 2h 7d Ts]
Seat 2: Chessnok (big blind) showed [As Ah] and won ($59.50) with two pair, Aces and Sevens
Seat 4: nikosha8 (button) (small blind) mucked


PokerStars Hand #165172419940:  Hold'em Limit ($3/$6 USD) - 2017/01/25 19:28:04 ET
Table 'Regulus' 6-max Seat #4 is the button
Seat 2: Chessnok ($100.14 in chips)
Seat 4: nikosha8 ($11090.34 in chips)
nikosha8: posts small blind $1
Chessnok: posts big blind $3
*** HOLE CARDS ***
nikosha8: raises $3 to $6
Chessnok: calls $3
*** FLOP *** [Jh 3d Kd]
Chessnok: checks
nikosha8: bets $3
Chessnok: raises $3 to $6
nikosha8: folds
Uncalled bet ($3) returned to Chessnok
Chessnok collected $17.64 from pot
Chessnok: doesn't show hand
*** SUMMARY ***
Total pot $18 | Rake $0.36
Board [Jh 3d Kd]
Seat 2: Chessnok (big blind) collected ($17.64)
Seat 4: nikosha8 (button) (small blind) folded on the Flop


PokerStars Hand #165172409415:  Hold'em Limit ($3/$6 USD) - 2017/01/25 19:27:48 ET
Table 'Regulus' 6-max Seat #2 is the button
Seat 2: Chessnok ($109.14 in chips)
Seat 4: nikosha8 ($11081.70 in chips)
Chessnok: posts small blind $1
nikosha8: posts big blind $3
*** HOLE CARDS ***
Chessnok: raises $3 to $6
nikosha8: calls $3
*** FLOP *** [As Ad 6c]
nikosha8: checks
Chessnok: bets $3
nikosha8: calls $3
*** TURN *** [As Ad 6c] [5d]
nikosha8: bets $6
Chessnok: folds
Uncalled bet ($6) returned to nikosha8
nikosha8 collected $17.64 from pot
*** SUMMARY ***
Total pot $18 | Rake $0.36
Board [As Ad 6c 5d]
Seat 2: Chessnok (button) (small blind) folded on the Turn
Seat 4: nikosha8 (big blind) collected ($17.64)


PokerStars Hand #165172404770:  Hold'em Limit ($3/$6 USD) - 2017/01/25 19:27:41 ET
Table 'Regulus' 6-max Seat #4 is the button
Seat 2: Chessnok ($112.14 in chips)
Seat 4: nikosha8 ($11078.70 in chips)
nikosha8: posts small blind $1
Chessnok: posts big blind $3
*** HOLE CARDS ***
nikosha8: raises $3 to $6
Chessnok: folds
Uncalled bet ($3) returned to nikosha8
nikosha8 collected $6 from pot
*** SUMMARY ***
Total pot $6 | Rake $0
Seat 2: Chessnok (big blind) folded before Flop
Seat 4: nikosha8 (button) (small blind) collected ($6)


PokerStars Hand #165172391056:  Hold'em Limit ($3/$6 USD) - 2017/01/25 19:27:19 ET
Table 'Regulus' 6-max Seat #2 is the button
Seat 2: Chessnok ($142.14 in chips)
Seat 4: nikosha8 ($11049.20 in chips)
Chessnok: posts small blind $1
nikosha8: posts big blind $3
*** HOLE CARDS ***
Chessnok: raises $3 to $6
nikosha8: raises $3 to $9
Chessnok: calls $3
*** FLOP *** [Ac 3c 6c]
nikosha8: bets $3
Chessnok: calls $3
*** TURN *** [Ac 3c 6c] [Td]
nikosha8: bets $6
Chessnok: raises $6 to $12
nikosha8: calls $6
*** RIVER *** [Ac 3c 6c Td] [6h]
nikosha8: checks
Chessnok: bets $6
nikosha8: calls $6
*** SHOW DOWN ***
Chessnok: shows [9h 8c] (a pair of Sixes)
nikosha8: shows [7s Th] (two pair, Tens and Sixes)
nikosha8 collected $59.50 from pot
*** SUMMARY ***
Total pot $60 | Rake $0.50
Board [Ac 3c 6c Td 6h]
Seat 2: Chessnok (button) (small blind) showed [9h 8c] and lost with a pair of Sixes
Seat 4: nikosha8 (big blind) showed [7s Th] and won ($59.50) with two pair, Tens and Sixes


PokerStars Hand #165172459078:  Hold'em Limit ($3/$6 USD) - 2017/01/25 19:29:06 ET
Table 'Regulus' 6-max Seat #2 is the button
Seat 2: Chessnok ($168.04 in chips)
Seat 4: nikosha8 ($11021.34 in chips)
Chessnok: posts small blind $1
nikosha8: posts big blind $3
*** HOLE CARDS ***
Chessnok: raises $3 to $6
nikosha8: raises $3 to $9
Chessnok: calls $3
*** FLOP *** [Qc Kh 3d]
nikosha8: bets $3
Chessnok: calls $3
*** TURN *** [Qc Kh 3d] [6h]
nikosha8: bets $6
Chessnok: folds
Uncalled bet ($6) returned to nikosha8
nikosha8 collected $23.52 from pot
*** SUMMARY ***
Total pot $24 | Rake $0.48
Board [Qc Kh 3d 6h]
Seat 2: Chessnok (button) (small blind) folded on the Turn
Seat 4: nikosha8 (big blind) collected ($23.52)


PokerStars Hand #165172442220:  Hold'em Limit ($3/$6 USD) - 2017/01/25 19:28:40 ET
Table 'Regulus' 6-max Seat #4 is the button
Seat 2: Chessnok ($114.54 in chips)
Seat 4: nikosha8 ($11075.34 in chips)
nikosha8: posts small blind $1
Chessnok: posts big blind $3
*** HOLE CARDS ***
nikosha8: raises $3 to $6
Chessnok: raises $3 to $9
nikosha8: calls $3
*** FLOP *** [6h 7h Ac]
Chessnok: bets $3
nikosha8: calls $3
*** TURN *** [6h 7h Ac] [Qs]
Chessnok: bets $6
nikosha8: raises $6 to $12
Chessnok: raises $6 to $18
nikosha8: raises $6 to $24
Betting is capped
Chessnok: calls $6
*** RIVER *** [6h 7h Ac Qs] [Td]
Chessnok: bets $6
nikosha8: raises $6 to $12
Chessnok: raises $6 to $18
nikosha8: calls $6
*** SHOW DOWN ***
Chessnok: shows [Ah Qc] (two pair, Aces and Queens)
nikosha8: mucks hand
Chessnok collected $107.50 from pot
*** SUMMARY ***
Total pot $108 | Rake $0.50
Board [6h 7h Ac Qs Td]
Seat 2: Chessnok (big blind) showed [Ah Qc] and won ($107.50) with two pair, Aces and Queens
Seat 4: nikosha8 (button) (small blind) mucked


PokerStars Hand #165172431570:  Hold'em Limit ($3/$6 USD) - 2017/01/25 19:28:23 ET
Table 'Regulus' 6-max Seat #2 is the button
Seat 2: Chessnok ($108.78 in chips)
Seat 4: nikosha8 ($11081.34 in chips)
Chessnok: posts small blind $1
nikosha8: posts big blind $3
*** HOLE CARDS ***
Chessnok: raises $3 to $6
nikosha8: calls $3
*** FLOP *** [Js 6h Th]
nikosha8: checks
Chessnok: bets $3
nikosha8: folds
Uncalled bet ($3) returned to Chessnok
Chessnok collected $11.76 from pot
Chessnok: doesn't show hand
*** SUMMARY ***
Total pot $12 | Rake $0.24
Board [Js 6h Th]
Seat 2: Chessnok (button) (small blind) collected ($11.76)
Seat 4: nikosha8 (big blind) folded on the Flop


PokerStars Hand #165172485194:  Hold'em Limit ($3/$6 USD) - 2017/01/25 19:29:48 ET
Table 'Regulus' 6-max Seat #4 is the button
Seat 2: Chessnok ($152.79 in chips)
Seat 4: nikosha8 ($11035.61 in chips)
nikosha8: posts small blind $1
Chessnok: posts big blind $3
*** HOLE CARDS ***
nikosha8: raises $3 to $6
Chessnok: folds
Uncalled bet ($3) returned to nikosha8
nikosha8 collected $6 from pot
*** SUMMARY ***
Total pot $6 | Rake $0
Seat 2: Chessnok (big blind) folded before Flop
Seat 4: nikosha8 (button) (small blind) collected ($6)


PokerStars Hand #165172473767:  Hold'em Limit ($3/$6 USD) - 2017/01/25 19:29:30 ET
Table 'Regulus' 6-max Seat #2 is the button
Seat 2: Chessnok ($153.04 in chips)
Seat 4: nikosha8 ($11035.86 in chips)
Chessnok: posts small blind $1
nikosha8: posts big blind $3
*** HOLE CARDS ***
Chessnok: raises $3 to $6
nikosha8: raises $3 to $9
Chessnok: calls $3
*** FLOP *** [8c Kh 4s]
nikosha8: bets $3
Chessnok: calls $3
*** TURN *** [8c Kh 4s] [Qh]
nikosha8: bets $6
Chessnok: calls $6
*** RIVER *** [8c Kh 4s Qh] [Qc]
nikosha8: bets $6
Chessnok: calls $6
*** SHOW DOWN ***
nikosha8: shows [7s 8h] (two pair, Queens and Eights)
Chessnok: shows [7c 8d] (two pair, Queens and Eights)
nikosha8 collected $23.75 from pot
Chessnok collected $23.75 from pot
*** SUMMARY ***
Total pot $48 | Rake $0.50
Board [8c Kh 4s Qh Qc]
Seat 2: Chessnok (button) (small blind) showed [7c 8d] and won ($23.75) with two pair, Queens and Eights
Seat 4: nikosha8 (big blind) showed [7s 8h] and won ($23.75) with two pair, Queens and Eights


PokerStars Hand #165172469439:  Hold'em Limit ($3/$6 USD) - 2017/01/25 19:29:23 ET
Table 'Regulus' 6-max Seat #4 is the button
Seat 2: Chessnok ($156.04 in chips)
Seat 4: nikosha8 ($11032.86 in chips)
nikosha8: posts small blind $1
Chessnok: posts big blind $3
*** HOLE CARDS ***
nikosha8: raises $3 to $6
Chessnok: folds
Uncalled bet ($3) returned to nikosha8
nikosha8 collected $6 from pot
*** SUMMARY ***
Total pot $6 | Rake $0
Seat 2: Chessnok (big blind) folded before Flop
Seat 4: nikosha8 (button) (small blind) collected ($6)


PokerStars Hand #165172492021:  Hold'em Limit ($3/$6 USD) - 2017/01/25 19:29:59 ET
Table 'Regulus' 6-max Seat #2 is the button
Seat 2: Chessnok ($149.79 in chips)
Seat 4: nikosha8 ($11038.61 in chips)
Chessnok: posts small blind $1
nikosha8: posts big blind $3
*** HOLE CARDS ***
Chessnok: raises $3 to $6
nikosha8: calls $3
*** FLOP *** [8d 3c 5s]
nikosha8: checks
Chessnok: bets $3
nikosha8: calls $3
*** TURN *** [8d 3c 5s] [2h]
nikosha8: checks
Chessnok: checks
*** RIVER *** [8d 3c 5s 2h] [Qh]
nikosha8: bets $6
Chessnok: calls $6
*** SHOW DOWN ***
nikosha8: shows [Th 8s] (a pair of Eights)
Chessnok: mucks hand
nikosha8 collected $29.50 from pot
*** SUMMARY ***
Total pot $30 | Rake $0.50
Board [8d 3c 5s 2h Qh]
Seat 2: Chessnok (button) (small blind) mucked
Seat 4: nikosha8 (big blind) showed [Th 8s] and won ($29.50) with a pair of Eights


PokerStars Hand #165172526802:  Hold'em Limit ($3/$6 USD) - 2017/01/25 19:30:54 ET
Table 'Regulus' 6-max Seat #4 is the button
Seat 2: Chessnok ($122.55 in chips)
Seat 4: nikosha8 ($11064.61 in chips)
nikosha8: posts small blind $1
Chessnok: posts big blind $3
*** HOLE CARDS ***
nikosha8: raises $3 to $6
Chessnok: raises $3 to $9
nikosha8: raises $3 to $12
Betting is capped
Chessnok: calls $3
*** FLOP *** [Jd 4s 3s]
Chessnok: checks
nikosha8: bets $3
Chessnok: calls $3
*** TURN *** [Jd 4s 3s] [5d]
Chessnok: checks
nikosha8: checks
*** RIVER *** [Jd 4s 3s 5d] [5c]
Chessnok: checks
nikosha8: bets $6
Chessnok: folds
Uncalled bet ($6) returned to nikosha8
nikosha8 collected $29.50 from pot
*** SUMMARY ***
Total pot $30 | Rake $0.50
Board [Jd 4s 3s 5d 5c]
Seat 2: Chessnok (big blind) folded on the River
Seat 4: nikosha8 (button) (small blind) collected ($29.50)


PokerStars Hand #165172520889:  Hold'em Limit ($3/$6 USD) - 2017/01/25 19:30:45 ET
Table 'Regulus' 6-max Seat #2 is the button
Seat 2: Chessnok ($116.79 in chips)
Seat 4: nikosha8 ($11070.61 in chips)
Chessnok: posts small blind $1
nikosha8: posts big blind $3
*** HOLE CARDS ***
Chessnok: raises $3 to $6
nikosha8: calls $3
*** FLOP *** [6h Ah 2h]
nikosha8: checks
Chessnok: bets $3
nikosha8: folds
Uncalled bet ($3) returned to Chessnok
Chessnok collected $11.76 from pot
Chessnok: doesn't show hand
*** SUMMARY ***
Total pot $12 | Rake $0.24
Board [6h Ah 2h]
Seat 2: Chessnok (button) (small blind) collected ($11.76)
Seat 4: nikosha8 (big blind) folded on the Flop


PokerStars Hand #165172506663:  Hold'em Limit ($3/$6 USD) - 2017/01/25 19:30:22 ET
Table 'Regulus' 6-max Seat #4 is the button
Seat 2: Chessnok ($134.79 in chips)
Seat 4: nikosha8 ($11053.11 in chips)
nikosha8: posts small blind $1
Chessnok: posts big blind $3
*** HOLE CARDS ***
nikosha8: raises $3 to $6
Chessnok: calls $3
*** FLOP *** [6d 3c Jc]
Chessnok: checks
nikosha8: checks
*** TURN *** [6d 3c Jc] [9h]
Chessnok: bets $6
nikosha8: raises $6 to $12
Chessnok: calls $6
*** RIVER *** [6d 3c Jc 9h] [Ks]
Chessnok: checks
nikosha8: checks
*** SHOW DOWN ***
Chessnok: shows [8d Qc] (high card King)
nikosha8: shows [8s 9d] (a pair of Nines)
nikosha8 collected $35.50 from pot
*** SUMMARY ***
Total pot $36 | Rake $0.50
Board [6d 3c Jc 9h Ks]
Seat 2: Chessnok (big blind) showed [8d Qc] and lost with high card King
Seat 4: nikosha8 (button) (small blind) showed [8s 9d] and won ($35.50) with a pair of Nines


PokerStars Hand #165172545449:  Hold'em Limit ($3/$6 USD) - 2017/01/25 19:31:24 ET
Table 'Regulus' 6-max Seat #2 is the button
Seat 2: Chessnok ($107.55 in chips)
Seat 4: nikosha8 ($11079.11 in chips)
Chessnok: posts small blind $1
nikosha8: posts big blind $3
*** HOLE CARDS ***
Chessnok: raises $3 to $6
nikosha8: folds
Uncalled bet ($3) returned to Chessnok
Chessnok collected $6 from pot
Chessnok: doesn't show hand
*** SUMMARY ***
Total pot $6 | Rake $0
Seat 2: Chessnok (button) (small blind) collected ($6)
Seat 4: nikosha8 (big blind) folded before Flop


PokerStars Hand #165172549580:  Hold'em Limit ($3/$6 USD) - 2017/01/25 19:31:30 ET
Table 'Regulus' 6-max Seat #4 is the button
Seat 2: Chessnok ($110.55 in chips)
Seat 4: nikosha8 ($11076.11 in chips)
nikosha8: posts small blind $1
Chessnok: posts big blind $3
*** HOLE CARDS ***
nikosha8: raises $3 to $6
Chessnok: raises $3 to $9
nikosha8: calls $3
*** FLOP *** [4h 2h 3s]
Chessnok: bets $3
nikosha8: calls $3
*** TURN *** [4h 2h 3s] [Js]
Chessnok: bets $6
nikosha8: raises $6 to $12
Chessnok: raises $6 to $18
nikosha8: calls $6
*** RIVER *** [4h 2h 3s Js] [Jc]
Chessnok: bets $6
nikosha8: calls $6
*** SHOW DOWN ***
Chessnok: shows [Ks Kc] (two pair, Kings and Jacks)
nikosha8: mucks hand
Chessnok collected $71.50 from pot
*** SUMMARY ***
Total pot $72 | Rake $0.50
Board [4h 2h 3s Js Jc]
Seat 2: Chessnok (big blind) showed [Ks Kc] and won ($71.50) with two pair, Kings and Jacks
Seat 4: nikosha8 (button) (small blind) mucked


PokerStars Hand #165172564275:  Hold'em Limit ($3/$6 USD) - 2017/01/25 19:31:54 ET
Table 'Regulus' 6-max Seat #2 is the button
Seat 2: Chessnok ($146.05 in chips)
Seat 4: nikosha8 ($11040.11 in chips)
Chessnok: posts small blind $1
nikosha8: posts big blind $3
*** HOLE CARDS ***
Chessnok: raises $3 to $6
nikosha8: raises $3 to $9
Chessnok: calls $3
*** FLOP *** [Kd As Js]
nikosha8: bets $3
Chessnok: calls $3
*** TURN *** [Kd As Js] [2c]
nikosha8: bets $6
Chessnok: calls $6
*** RIVER *** [Kd As Js 2c] [Jd]
nikosha8: bets $6
Chessnok: raises $6 to $12
nikosha8: folds
Uncalled bet ($6) returned to Chessnok
Chessnok collected $47.50 from pot
Chessnok: doesn't show hand
*** SUMMARY ***
Total pot $48 | Rake $0.50
Board [Kd As Js 2c Jd]
Seat 2: Chessnok (button) (small blind) collected ($47.50)
Seat 4: nikosha8 (big blind) folded on the River


PokerStars Hand #165172581987:  Hold'em Limit ($3/$6 USD) - 2017/01/25 19:32:22 ET
Table 'Regulus' 6-max Seat #2 is the button
Seat 2: Chessnok ($166.55 in chips)
Seat 4: nikosha8 ($11019.11 in chips)
Chessnok: posts small blind $1
nikosha8: posts big blind $3
*** HOLE CARDS ***
Chessnok: folds
Uncalled bet ($2) returned to nikosha8
nikosha8 collected $2 from pot
*** SUMMARY ***
Total pot $2 | Rake $0
Seat 2: Chessnok (button) (small blind) folded before Flop
Seat 4: nikosha8 (big blind) collected ($2)


PokerStars Hand #165172578365:  Hold'em Limit ($3/$6 USD) - 2017/01/25 19:32:17 ET
Table 'Regulus' 6-max Seat #4 is the button
Seat 2: Chessnok ($169.55 in chips)
Seat 4: nikosha8 ($11016.11 in chips)
nikosha8: posts small blind $1
Chessnok: posts big blind $3
*** HOLE CARDS ***
nikosha8: raises $3 to $6
Chessnok: folds
Uncalled bet ($3) returned to nikosha8
nikosha8 collected $6 from pot
*** SUMMARY ***
Total pot $6 | Rake $0
Seat 2: Chessnok (big blind) folded before Flop
Seat 4: nikosha8 (button) (small blind) collected ($6)


PokerStars Hand #165172585008:  Hold'em Limit ($3/$6 USD) - 2017/01/25 19:32:27 ET
Table 'Regulus' 6-max Seat #4 is the button
Seat 2: Chessnok ($165.55 in chips)
Seat 4: nikosha8 ($11020.11 in chips)
nikosha8: posts small blind $1
Chessnok: posts big blind $3
*** HOLE CARDS ***
nikosha8: raises $3 to $6
Chessnok: raises $3 to $9
nikosha8: calls $3
*** FLOP *** [3d 2d 4c]
Chessnok: bets $3
nikosha8: raises $3 to $6
Chessnok: calls $3
*** TURN *** [3d 2d 4c] [5c]
Chessnok: checks
nikosha8: bets $6
Chessnok: calls $6
*** RIVER *** [3d 2d 4c 5c] [Jd]
Chessnok: checks
nikosha8: bets $6
Chessnok: calls $6
*** SHOW DOWN ***
nikosha8: shows [6c 4s] (a straight, Deuce to Six)
Chessnok: mucks hand
nikosha8 collected $53.50 from pot
*** SUMMARY ***
Total pot $54 | Rake $0.50
Board [3d 2d 4c 5c Jd]
Seat 2: Chessnok (big blind) mucked
Seat 4: nikosha8 (button) (small blind) showed [6c 4s] and won ($53.50) with a straight, Deuce to Six


PokerStars Hand #165172604463:  Hold'em Limit ($3/$6 USD) - 2017/01/25 19:32:51 ET
Table 'Regulus' 6-max Seat #2 is the button
Seat 2: Chessnok ($138.55 in chips)
Seat 4: nikosha8 ($11046.61 in chips)
Chessnok: posts small blind $1
nikosha8: posts big blind $3
*** HOLE CARDS ***
Chessnok: raises $3 to $6
nikosha8: calls $3
*** FLOP *** [3c Qd 4d]
nikosha8: checks
Chessnok: bets $3
nikosha8: raises $3 to $6
Chessnok: calls $3
*** TURN *** [3c Qd 4d] [7h]
nikosha8: bets $6
Chessnok: raises $6 to $12
nikosha8: calls $6
*** RIVER *** [3c Qd 4d 7h] [4h]
nikosha8: checks
Chessnok: bets $6
nikosha8: raises $6 to $12
Chessnok: calls $6
*** SHOW DOWN ***
nikosha8: shows [4c 6c] (three of a kind, Fours)
Chessnok: mucks hand
nikosha8 collected $71.50 from pot
*** SUMMARY ***
Total pot $72 | Rake $0.50
Board [3c Qd 4d 7h 4h]
Seat 2: Chessnok (button) (small blind) mucked
Seat 4: nikosha8 (big blind) showed [4c 6c] and won ($71.50) with three of a kind, Fours


PokerStars Hand #165172622393:  Hold'em Limit ($3/$6 USD) - 2017/01/25 19:33:19 ET
Table 'Regulus' 6-max Seat #4 is the button
Seat 2: Chessnok ($102.55 in chips)
Seat 4: nikosha8 ($11082.11 in chips)
nikosha8: posts small blind $1
Chessnok: posts big blind $3
*** HOLE CARDS ***
nikosha8: raises $3 to $6
Chessnok: raises $3 to $9
nikosha8: calls $3
*** FLOP *** [3s Qc Qh]
Chessnok: bets $3
nikosha8: calls $3
*** TURN *** [3s Qc Qh] [7c]
Chessnok: bets $6
nikosha8: raises $6 to $12
Chessnok: raises $6 to $18
nikosha8: folds
Uncalled bet ($6) returned to Chessnok
Chessnok collected $47.50 from pot
Chessnok: doesn't show hand
*** SUMMARY ***
Total pot $48 | Rake $0.50
Board [3s Qc Qh 7c]
Seat 2: Chessnok (big blind) collected ($47.50)
Seat 4: nikosha8 (button) (small blind) folded on the Turn


PokerStars Hand #165172640453:  Hold'em Limit ($3/$6 USD) - 2017/01/25 19:33:48 ET
Table 'Regulus' 6-max Seat #2 is the button
Seat 2: Chessnok ($126.05 in chips)
Seat 4: nikosha8 ($11058.11 in chips)
Chessnok: posts small blind $1
nikosha8: posts big blind $3
*** HOLE CARDS ***
Chessnok: raises $3 to $6
nikosha8: calls $3
*** FLOP *** [4h 3s Ah]
nikosha8: checks
Chessnok: bets $3
nikosha8: raises $3 to $6
Chessnok: calls $3
*** TURN *** [4h 3s Ah] [2c]
nikosha8: bets $6
Chessnok: raises $6 to $12
nikosha8: calls $6
*** RIVER *** [4h 3s Ah 2c] [Js]
nikosha8: checks
Chessnok: bets $6
nikosha8: calls $6
*** SHOW DOWN ***
Chessnok: shows [5h Kd] (a straight, Ace to Five)
nikosha8: mucks hand
Chessnok collected $59.50 from pot
*** SUMMARY ***
Total pot $60 | Rake $0.50
Board [4h 3s Ah 2c Js]
Seat 2: Chessnok (button) (small blind) showed [5h Kd] and won ($59.50) with a straight, Ace to Five
Seat 4: nikosha8 (big blind) mucked


PokerStars Hand #165172673742:  Hold'em Limit ($3/$6 USD) - 2017/01/25 19:34:42 ET
Table 'Regulus' 6-max Seat #2 is the button
Seat 2: Chessnok ($146.55 in chips)
Seat 4: nikosha8 ($11036.75 in chips)
Chessnok: posts small blind $1
nikosha8: posts big blind $3
*** HOLE CARDS ***
Chessnok: folds
Uncalled bet ($2) returned to nikosha8
nikosha8 collected $2 from pot
*** SUMMARY ***
Total pot $2 | Rake $0
Seat 2: Chessnok (button) (small blind) folded before Flop
Seat 4: nikosha8 (big blind) collected ($2)


PokerStars Hand #165172662989:  Hold'em Limit ($3/$6 USD) - 2017/01/25 19:34:25 ET
Table 'Regulus' 6-max Seat #4 is the button
Seat 2: Chessnok ($155.55 in chips)
Seat 4: nikosha8 ($11028.11 in chips)
nikosha8: posts small blind $1
Chessnok: posts big blind $3
*** HOLE CARDS ***
nikosha8: raises $3 to $6
Chessnok: calls $3
*** FLOP *** [Kh 2d Kd]
Chessnok: checks
nikosha8: bets $3
Chessnok: calls $3
*** TURN *** [Kh 2d Kd] [3c]
Chessnok: checks
nikosha8: checks
*** RIVER *** [Kh 2d Kd 3c] [Jh]
Chessnok: checks
nikosha8: checks
*** SHOW DOWN ***
Chessnok: shows [8d Qs] (a pair of Kings)
nikosha8: shows [Qh 9d] (a pair of Kings - Queen+Jack+Nine kicker)
nikosha8 collected $17.64 from pot
*** SUMMARY ***
Total pot $18 | Rake $0.36
Board [Kh 2d Kd 3c Jh]
Seat 2: Chessnok (big blind) showed [8d Qs] and lost with a pair of Kings
Seat 4: nikosha8 (button) (small blind) showed [Qh 9d] and won ($17.64) with a pair of Kings


PokerStars Hand #165172677382:  Hold'em Limit ($3/$6 USD) - 2017/01/25 19:34:48 ET
Table 'Regulus' 6-max Seat #4 is the button
Seat 2: Chessnok ($145.55 in chips)
Seat 4: nikosha8 ($11037.75 in chips)
nikosha8: posts small blind $1
Chessnok: posts big blind $3
*** HOLE CARDS ***
nikosha8: folds
Uncalled bet ($2) returned to Chessnok
Chessnok collected $2 from pot
Chessnok: doesn't show hand
*** SUMMARY ***
Total pot $2 | Rake $0
Seat 2: Chessnok (big blind) collected ($2)
Seat 4: nikosha8 (button) (small blind) folded before Flop


PokerStars Hand #165172680253:  Hold'em Limit ($3/$6 USD) - 2017/01/25 19:34:53 ET
Table 'Regulus' 6-max Seat #2 is the button
Seat 2: Chessnok ($146.55 in chips)
Seat 4: nikosha8 ($11036.75 in chips)
Chessnok: posts small blind $1
nikosha8: posts big blind $3
*** HOLE CARDS ***
Chessnok: raises $3 to $6
nikosha8: calls $3
*** FLOP *** [As Jh Kc]
nikosha8: checks
Chessnok: checks
*** TURN *** [As Jh Kc] [8d]
nikosha8: checks
Chessnok: bets $6
nikosha8: folds
Uncalled bet ($6) returned to Chessnok
Chessnok collected $11.76 from pot
Chessnok: doesn't show hand
*** SUMMARY ***
Total pot $12 | Rake $0.24
Board [As Jh Kc 8d]
Seat 2: Chessnok (button) (small blind) collected ($11.76)
Seat 4: nikosha8 (big blind) folded on the Turn


PokerStars Hand #165172702389:  Hold'em Limit ($3/$6 USD) - 2017/01/25 19:35:28 ET
Table 'Regulus' 6-max Seat #4 is the button
Seat 2: Chessnok ($152.31 in chips)
Seat 4: nikosha8 ($11030.75 in chips)
nikosha8: posts small blind $1
Chessnok: posts big blind $3
*** HOLE CARDS ***
nikosha8: raises $3 to $6
Chessnok: raises $3 to $9
nikosha8: calls $3
*** FLOP *** [6c Js Qd]
Chessnok: bets $3
nikosha8: calls $3
*** TURN *** [6c Js Qd] [Kh]
Chessnok: checks
nikosha8: bets $6
Chessnok: calls $6
*** RIVER *** [6c Js Qd Kh] [8d]
Chessnok: checks
nikosha8: bets $6
Chessnok: calls $6
*** SHOW DOWN ***
nikosha8: shows [6s Kd] (two pair, Kings and Sixes)
Chessnok: mucks hand
nikosha8 collected $47.50 from pot
*** SUMMARY ***
Total pot $48 | Rake $0.50
Board [6c Js Qd Kh 8d]
Seat 2: Chessnok (big blind) mucked
Seat 4: nikosha8 (button) (small blind) showed [6s Kd] and won ($47.50) with two pair, Kings and Sixes


PokerStars Hand #165172717913:  Hold'em Limit ($3/$6 USD) - 2017/01/25 19:35:54 ET
Table 'Regulus' 6-max Seat #2 is the button
Seat 2: Chessnok ($128.31 in chips)
Seat 4: nikosha8 ($11054.25 in chips)
Chessnok: posts small blind $1
nikosha8: posts big blind $3
*** HOLE CARDS ***
Chessnok: raises $3 to $6
nikosha8: calls $3
*** FLOP *** [Jc 7h Ah]
nikosha8: checks
Chessnok: bets $3
nikosha8: folds
Uncalled bet ($3) returned to Chessnok
Chessnok collected $11.76 from pot
Chessnok: doesn't show hand
*** SUMMARY ***
Total pot $12 | Rake $0.24
Board [Jc 7h Ah]
Seat 2: Chessnok (button) (small blind) collected ($11.76)
Seat 4: nikosha8 (big blind) folded on the Flop


PokerStars Hand #165172724820:  Hold'em Limit ($3/$6 USD) - 2017/01/25 19:36:05 ET
Table 'Regulus' 6-max Seat #4 is the button
Seat 2: Chessnok ($134.07 in chips)
Seat 4: nikosha8 ($11048.25 in chips)
nikosha8: posts small blind $1
Chessnok: posts big blind $3
*** HOLE CARDS ***
nikosha8: raises $3 to $6
Chessnok: folds
Uncalled bet ($3) returned to nikosha8
nikosha8 collected $6 from pot
*** SUMMARY ***
Total pot $6 | Rake $0
Seat 2: Chessnok (big blind) folded before Flop
Seat 4: nikosha8 (button) (small blind) collected ($6)


PokerStars Hand #165172731388:  Hold'em Limit ($3/$6 USD) - 2017/01/25 19:36:15 ET
Table 'Regulus' 6-max Seat #2 is the button
Seat 2: Chessnok ($131.07 in chips)
Seat 4: nikosha8 ($11051.25 in chips)
Chessnok: posts small blind $1
nikosha8: posts big blind $3
*** HOLE CARDS ***
Chessnok: raises $3 to $6
nikosha8: raises $3 to $9
Chessnok: calls $3
*** FLOP *** [5s 8d 8h]
nikosha8: bets $3
Chessnok: calls $3
*** TURN *** [5s 8d 8h] [Ad]
nikosha8: bets $6
Chessnok: folds
Uncalled bet ($6) returned to nikosha8
nikosha8 collected $23.52 from pot
*** SUMMARY ***
Total pot $24 | Rake $0.48
Board [5s 8d 8h Ad]
Seat 2: Chessnok (button) (small blind) folded on the Turn
Seat 4: nikosha8 (big blind) collected ($23.52)


PokerStars Hand #165172753537:  Hold'em Limit ($3/$6 USD) - 2017/01/25 19:36:52 ET
Table 'Regulus' 6-max Seat #2 is the button
Seat 2: Chessnok ($127.71 in chips)
Seat 4: nikosha8 ($11053.77 in chips)
Chessnok: posts small blind $1
nikosha8: posts big blind $3
*** HOLE CARDS ***
Chessnok: folds
Uncalled bet ($2) returned to nikosha8
nikosha8 collected $2 from pot
*** SUMMARY ***
Total pot $2 | Rake $0
Seat 2: Chessnok (button) (small blind) folded before Flop
Seat 4: nikosha8 (big blind) collected ($2)


PokerStars Hand #165172743112:  Hold'em Limit ($3/$6 USD) - 2017/01/25 19:36:35 ET
Table 'Regulus' 6-max Seat #4 is the button
Seat 2: Chessnok ($119.07 in chips)
Seat 4: nikosha8 ($11062.77 in chips)
nikosha8: posts small blind $1
Chessnok: posts big blind $3
*** HOLE CARDS ***
nikosha8: raises $3 to $6
Chessnok: calls $3
*** FLOP *** [Ks 5s 7c]
Chessnok: checks
nikosha8: bets $3
Chessnok: raises $3 to $6
nikosha8: folds
Uncalled bet ($3) returned to Chessnok
Chessnok collected $17.64 from pot
Chessnok: doesn't show hand
*** SUMMARY ***
Total pot $18 | Rake $0.36
Board [Ks 5s 7c]
Seat 2: Chessnok (big blind) collected ($17.64)
Seat 4: nikosha8 (button) (small blind) folded on the Flop


PokerStars Hand #165172756224:  Hold'em Limit ($3/$6 USD) - 2017/01/25 19:36:56 ET
Table 'Regulus' 6-max Seat #4 is the button
Seat 2: Chessnok ($126.71 in chips)
Seat 4: nikosha8 ($11054.77 in chips)
nikosha8: posts small blind $1
Chessnok: posts big blind $3
*** HOLE CARDS ***
nikosha8: folds
Uncalled bet ($2) returned to Chessnok
Chessnok collected $2 from pot
Chessnok: doesn't show hand
*** SUMMARY ***
Total pot $2 | Rake $0
Seat 2: Chessnok (big blind) collected ($2)
Seat 4: nikosha8 (button) (small blind) folded before Flop


PokerStars Hand #165172759004:  Hold'em Limit ($3/$6 USD) - 2017/01/25 19:37:00 ET
Table 'Regulus' 6-max Seat #2 is the button
Seat 2: Chessnok ($127.71 in chips)
Seat 4: nikosha8 ($11053.77 in chips)
Chessnok: posts small blind $1
nikosha8: posts big blind $3
*** HOLE CARDS ***
Chessnok: raises $3 to $6
nikosha8: calls $3
*** FLOP *** [4c Ks 8s]
nikosha8: checks
Chessnok: bets $3
nikosha8: folds
Uncalled bet ($3) returned to Chessnok
Chessnok collected $11.76 from pot
Chessnok: doesn't show hand
*** SUMMARY ***
Total pot $12 | Rake $0.24
Board [4c Ks 8s]
Seat 2: Chessnok (button) (small blind) collected ($11.76)
Seat 4: nikosha8 (big blind) folded on the Flop


PokerStars Hand #165172771130:  Hold'em Limit ($3/$6 USD) - 2017/01/25 19:37:20 ET
Table 'Regulus' 6-max Seat #4 is the button
Seat 2: Chessnok ($133.47 in chips)
Seat 4: nikosha8 ($11047.77 in chips)
nikosha8: posts small blind $1
Chessnok: posts big blind $3
*** HOLE CARDS ***
nikosha8: raises $3 to $6
Chessnok: raises $3 to $9
nikosha8: calls $3
*** FLOP *** [2s Kh Qc]
Chessnok: bets $3
nikosha8: calls $3
*** TURN *** [2s Kh Qc] [Qd]
Chessnok: bets $6
nikosha8: folds
Uncalled bet ($6) returned to Chessnok
Chessnok collected $23.52 from pot
Chessnok: doesn't show hand
*** SUMMARY ***
Total pot $24 | Rake $0.48
Board [2s Kh Qc Qd]
Seat 2: Chessnok (big blind) collected ($23.52)
Seat 4: nikosha8 (button) (small blind) folded on the Turn


PokerStars Hand #165172785803:  Hold'em Limit ($3/$6 USD) - 2017/01/25 19:37:44 ET
Table 'Regulus' 6-max Seat #2 is the button
Seat 2: Chessnok ($144.99 in chips)
Seat 4: nikosha8 ($11035.77 in chips)
Chessnok: posts small blind $1
nikosha8: posts big blind $3
*** HOLE CARDS ***
Chessnok: raises $3 to $6
nikosha8: calls $3
*** FLOP *** [Qd 8s 4c]
nikosha8: checks
Chessnok: bets $3
nikosha8: folds
Uncalled bet ($3) returned to Chessnok
Chessnok collected $11.76 from pot
Chessnok: doesn't show hand
*** SUMMARY ***
Total pot $12 | Rake $0.24
Board [Qd 8s 4c]
Seat 2: Chessnok (button) (small blind) collected ($11.76)
Seat 4: nikosha8 (big blind) folded on the Flop


PokerStars Hand #165172813663:  Hold'em Limit ($3/$6 USD) - 2017/01/25 19:38:29 ET
Table 'Regulus' 6-max Seat #2 is the button
Seat 2: Chessnok ($174.25 in chips)
Seat 4: nikosha8 ($11005.77 in chips)
Chessnok: posts small blind $1
nikosha8: posts big blind $3
*** HOLE CARDS ***
Chessnok: folds
Uncalled bet ($2) returned to nikosha8
nikosha8 collected $2 from pot
*** SUMMARY ***
Total pot $2 | Rake $0
Seat 2: Chessnok (button) (small blind) folded before Flop
Seat 4: nikosha8 (big blind) collected ($2)


PokerStars Hand #165172794602:  Hold'em Limit ($3/$6 USD) - 2017/01/25 19:37:58 ET
Table 'Regulus' 6-max Seat #4 is the button
Seat 2: Chessnok ($150.75 in chips)
Seat 4: nikosha8 ($11029.77 in chips)
nikosha8: posts small blind $1
Chessnok: posts big blind $3
*** HOLE CARDS ***
nikosha8: raises $3 to $6
Chessnok: raises $3 to $9
nikosha8: calls $3
*** FLOP *** [Ac Kc 9c]
Chessnok: bets $3
nikosha8: calls $3
*** TURN *** [Ac Kc 9c] [7h]
Chessnok: bets $6
nikosha8: calls $6
*** RIVER *** [Ac Kc 9c 7h] [Jh]
Chessnok: bets $6
nikosha8: calls $6
*** SHOW DOWN ***
Chessnok: shows [7c 8c] (a flush, Ace high)
nikosha8: mucks hand
Chessnok collected $47.50 from pot
*** SUMMARY ***
Total pot $48 | Rake $0.50
Board [Ac Kc 9c 7h Jh]
Seat 2: Chessnok (big blind) showed [7c 8c] and won ($47.50) with a flush, Ace high
Seat 4: nikosha8 (button) (small blind) mucked


PokerStars Hand #165172820247:  Hold'em Limit ($3/$6 USD) - 2017/01/25 19:38:39 ET
Table 'Regulus' 6-max Seat #2 is the button
Seat 2: Chessnok ($170.25 in chips)
Seat 4: nikosha8 ($11009.77 in chips)
Chessnok: posts small blind $1
nikosha8: posts big blind $3
*** HOLE CARDS ***
Chessnok: raises $3 to $6
nikosha8: folds
Uncalled bet ($3) returned to Chessnok
Chessnok collected $6 from pot
Chessnok: doesn't show hand
*** SUMMARY ***
Total pot $6 | Rake $0
Seat 2: Chessnok (button) (small blind) collected ($6)
Seat 4: nikosha8 (big blind) folded before Flop


PokerStars Hand #165172816742:  Hold'em Limit ($3/$6 USD) - 2017/01/25 19:38:34 ET
Table 'Regulus' 6-max Seat #4 is the button
Seat 2: Chessnok ($173.25 in chips)
Seat 4: nikosha8 ($11006.77 in chips)
nikosha8: posts small blind $1
Chessnok: posts big blind $3
*** HOLE CARDS ***
nikosha8: raises $3 to $6
Chessnok: folds
Uncalled bet ($3) returned to nikosha8
nikosha8 collected $6 from pot
*** SUMMARY ***
Total pot $6 | Rake $0
Seat 2: Chessnok (big blind) folded before Flop
Seat 4: nikosha8 (button) (small blind) collected ($6)


PokerStars Hand #165172833577:  Hold'em Limit ($3/$6 USD) - 2017/01/25 19:39:01 ET
Table 'Regulus' 6-max Seat #2 is the button
Seat 2: Chessnok ($187.75 in chips)
Seat 4: nikosha8 ($10991.77 in chips)
Chessnok: posts small blind $1
nikosha8: posts big blind $3
*** HOLE CARDS ***
Chessnok: folds
Uncalled bet ($2) returned to nikosha8
nikosha8 collected $2 from pot
*** SUMMARY ***
Total pot $2 | Rake $0
Seat 2: Chessnok (button) (small blind) folded before Flop
Seat 4: nikosha8 (big blind) collected ($2)


PokerStars Hand #165172822944:  Hold'em Limit ($3/$6 USD) - 2017/01/25 19:38:44 ET
Table 'Regulus' 6-max Seat #4 is the button
Seat 2: Chessnok ($173.25 in chips)
Seat 4: nikosha8 ($11006.77 in chips)
nikosha8: posts small blind $1
Chessnok: posts big blind $3
*** HOLE CARDS ***
nikosha8: raises $3 to $6
Chessnok: calls $3
*** FLOP *** [3h 7c 3c]
Chessnok: checks
nikosha8: bets $3
AzureCaper joins the table at seat #5
Chessnok: calls $3
*** TURN *** [3h 7c 3c] [6d]
Chessnok: checks
nikosha8: checks
*** RIVER *** [3h 7c 3c 6d] [Td]
Chessnok: bets $6
nikosha8: calls $6
*** SHOW DOWN ***
Chessnok: shows [5h 6s] (two pair, Sixes and Threes)
nikosha8: mucks hand
Chessnok collected $29.50 from pot
*** SUMMARY ***
Total pot $30 | Rake $0.50
Board [3h 7c 3c 6d Td]
Seat 2: Chessnok (big blind) showed [5h 6s] and won ($29.50) with two pair, Sixes and Threes
Seat 4: nikosha8 (button) (small blind) mucked


PokerStars Hand #165173996774:  Hold'em Limit ($3/$6 USD) - 2017/01/25 20:13:20 ET
Table 'Regulus' 6-max Seat #5 is the button
Seat 4: nikosha8 ($10990.66 in chips)
Seat 5: AzureCaper ($94.59 in chips)
AzureCaper: posts small blind $1
grabaz: is sitting out
nikosha8: posts big blind $3
*** HOLE CARDS ***
AzureCaper: raises $3 to $6
grabaz leaves the table
nikosha8: calls $3
*** FLOP *** [Qh 2h 9c]
nikosha8: checks
MellivoraSto joins the table at seat #6
AzureCaper: bets $3
nikosha8: folds
Uncalled bet ($3) returned to AzureCaper
AzureCaper collected $11.76 from pot
AzureCaper: doesn't show hand
*** SUMMARY ***
Total pot $12 | Rake $0.24
Board [Qh 2h 9c]
Seat 4: nikosha8 (big blind) folded on the Flop
Seat 5: AzureCaper (button) (small blind) collected ($11.76)


PokerStars Hand #165174004954:  Hold'em Limit ($3/$6 USD) - 2017/01/25 20:13:35 ET
Table 'Regulus' 6-max Seat #4 is the button
Seat 4: nikosha8 ($10984.66 in chips)
Seat 5: AzureCaper ($100.35 in chips)
nikosha8: posts small blind $1
AzureCaper: posts big blind $3
*** HOLE CARDS ***
MissEKAmouse joins the table at seat #3
nikosha8: raises $3 to $6
AzureCaper: calls $3
*** FLOP *** [9h 9c 8d]
AzureCaper: bets $3
nikosha8: calls $3
*** TURN *** [9h 9c 8d] [6c]
AzureCaper: bets $6
nikosha8: calls $6
*** RIVER *** [9h 9c 8d 6c] [5d]
AzureCaper: bets $6
nikosha8: raises $6 to $12
AzureCaper: folds
Uncalled bet ($6) returned to nikosha8
nikosha8 collected $41.50 from pot
*** SUMMARY ***
Total pot $42 | Rake $0.50
Board [9h 9c 8d 6c 5d]
Seat 4: nikosha8 (button) (small blind) collected ($41.50)
Seat 5: AzureCaper (big blind) folded on the River


