PokerStars Hand #155691007266:  Hold'em Limit ($3/$6 USD) - 2016/07/07 18:08:34 ET
Table 'Reinmuthia' 10-max Seat #8 is the button
Seat 5: RomerJSimpsn ($70.75 in chips)
Seat 8: Great_Kang ($131.52 in chips)
Great_Kang: posts small blind $1
RomerJSimpsn: posts big blind $3
*** HOLE CARDS ***
Great_Kang: raises $3 to $6
RomerJSimpsn: calls $3
*** FLOP *** [7d 4d 5h]
RomerJSimpsn: checks
Great_Kang: bets $3
RomerJSimpsn: calls $3
*** TURN *** [7d 4d 5h] [7c]
RomerJSimpsn: checks
Great_Kang: bets $6
RomerJSimpsn: calls $6
*** RIVER *** [7d 4d 5h 7c] [4h]
RomerJSimpsn: checks
Great_Kang: bets $6
RomerJSimpsn: folds
Uncalled bet ($6) returned to Great_Kang
Great_Kang collected $29.50 from pot
Great_Kang: doesn't show hand
Pokali joins the table at seat #9
*** SUMMARY ***
Total pot $30 | Rake $0.50
Board [7d 4d 5h 7c 4h]
Seat 5: RomerJSimpsn (big blind) folded on the River
Seat 8: Great_Kang (button) (small blind) collected ($29.50)


PokerStars Hand #155690990511:  Hold'em Limit ($3/$6 USD) - 2016/07/07 18:08:09 ET
Table 'Reinmuthia' 10-max Seat #5 is the button
Seat 5: RomerJSimpsn ($82.75 in chips)
Seat 8: Great_Kang ($120 in chips)
RomerJSimpsn: posts small blind $1
Great_Kang: posts big blind $3
*** HOLE CARDS ***
RomerJSimpsn: raises $3 to $6
Great_Kang: raises $3 to $9
RomerJSimpsn: calls $3
*** FLOP *** [Td 9c 6d]
Great_Kang: bets $3
RomerJSimpsn: calls $3
*** TURN *** [Td 9c 6d] [8s]
Great_Kang: bets $6
RomerJSimpsn: folds
Uncalled bet ($6) returned to Great_Kang
Great_Kang collected $23.52 from pot
Great_Kang: doesn't show hand
*** SUMMARY ***
Total pot $24 | Rake $0.48
Board [Td 9c 6d 8s]
Seat 5: RomerJSimpsn (button) (small blind) folded on the Turn
Seat 8: Great_Kang (big blind) collected ($23.52)


PokerStars Hand #155691028984:  Hold'em Limit ($3/$6 USD) - 2016/07/07 18:09:07 ET
Table 'Reinmuthia' 10-max Seat #5 is the button
Seat 5: RomerJSimpsn ($55.75 in chips)
Seat 8: Great_Kang ($146.02 in chips)
RomerJSimpsn: posts small blind $1
Great_Kang: posts big blind $3
*** HOLE CARDS ***
RomerJSimpsn: raises $3 to $6
Great_Kang: folds
Uncalled bet ($3) returned to RomerJSimpsn
RomerJSimpsn collected $6 from pot
RomerJSimpsn: doesn't show hand
*** SUMMARY ***
Total pot $6 | Rake $0
Seat 5: RomerJSimpsn (button) (small blind) collected ($6)
Seat 8: Great_Kang (big blind) folded before Flop


PokerStars Hand #155693330602:  Hold'em Limit ($3/$6 USD) - 2016/07/07 19:11:55 ET
Table 'Reinmuthia' 10-max Seat #8 is the button
Seat 6: lanås ($120 in chips)
Seat 8: Great_Kang ($121 in chips)
Great_Kang: posts small blind $1
lanås: posts big blind $3
*** HOLE CARDS ***
Great_Kang: raises $3 to $6
lanås: raises $3 to $9
Great_Kang: calls $3
*** FLOP *** [2c 7h 9c]
lanås: bets $3
Pelurile joins the table at seat #7
Great_Kang: folds
Uncalled bet ($3) returned to lanås
lanås collected $17.64 from pot
lanås: doesn't show hand
*** SUMMARY ***
Total pot $18 | Rake $0.36
Board [2c 7h 9c]
Seat 6: lanås (big blind) collected ($17.64)
Seat 8: Great_Kang (button) (small blind) folded on the Flop


PokerStars Hand #155693374024:  Hold'em Limit ($3/$6 USD) - 2016/07/07 19:13:14 ET
Table 'Reinmuthia' 10-max Seat #8 is the button
Seat 7: Pelurile ($98.47 in chips)
Seat 8: Great_Kang ($120 in chips)
Great_Kang: posts small blind $1
lanås: is sitting out
Pelurile: posts big blind $3
*** HOLE CARDS ***
lanås leaves the table
Great_Kang: raises $3 to $6
Pelurile: raises $3 to $9
Great_Kang: calls $3
*** FLOP *** [6h Kh 4c]
Pelurile: bets $3
Great_Kang: folds
Uncalled bet ($3) returned to Pelurile
Pelurile collected $17.64 from pot
Pelurile: doesn't show hand
*** SUMMARY ***
Total pot $18 | Rake $0.36
Board [6h Kh 4c]
Seat 7: Pelurile (big blind) collected ($17.64)
Seat 8: Great_Kang (button) (small blind) folded on the Flop


