PokerStars Hand #147140145900:  Hold'em Limit ($3/$6 USD) - 2016/01/16 11:32:00 ET
Table 'Reinmuthia II' 2-max Seat #1 is the button
Seat 1: Alex119387 ($238.64 in chips)
Seat 2: dragon1893 ($150 in chips)
Alex119387: posts small blind $1
dragon1893: posts big blind $3
*** HOLE CARDS ***
Alex119387: raises $3 to $6
dragon1893: calls $3
*** FLOP *** [Ad 9c Ah]
dragon1893: checks
Alex119387: bets $3
dragon1893: folds
Uncalled bet ($3) returned to Alex119387
Alex119387 collected $11.76 from pot
Alex119387: doesn't show hand
*** SUMMARY ***
Total pot $12 | Rake $0.24
Board [Ad 9c Ah]
Seat 1: Alex119387 (button) (small blind) collected ($11.76)
Seat 2: dragon1893 (big blind) folded on the Flop


PokerStars Hand #147146175364:  Hold'em Limit ($3/$6 USD) - 2016/01/16 13:17:20 ET
Table 'Reinmuthia II' 2-max Seat #1 is the button
Seat 1: _fayzulllo_ ($73 in chips)
Seat 2: Desktop775 ($119 in chips)
_fayzulllo_: posts small blind $1
Desktop775: posts big blind $3
*** HOLE CARDS ***
_fayzulllo_: calls $2
Desktop775: raises $3 to $6
_fayzulllo_: calls $3
*** FLOP *** [Jh 6s Tc]
Desktop775: bets $3
_fayzulllo_: folds
Uncalled bet ($3) returned to Desktop775
Desktop775 collected $11.76 from pot
Desktop775: doesn't show hand
*** SUMMARY ***
Total pot $12 | Rake $0.24
Board [Jh 6s Tc]
Seat 1: _fayzulllo_ (button) (small blind) folded on the Flop
Seat 2: Desktop775 (big blind) collected ($11.76)


PokerStars Hand #147146207803:  Hold'em Limit ($3/$6 USD) - 2016/01/16 13:17:50 ET
Table 'Reinmuthia II' 2-max Seat #1 is the button
Seat 1: _fayzulllo_ ($64 in chips)
Seat 2: Desktop775 ($127.76 in chips)
_fayzulllo_: posts small blind $1
Desktop775: posts big blind $3
*** HOLE CARDS ***
_fayzulllo_: folds
Uncalled bet ($2) returned to Desktop775
Desktop775 collected $2 from pot
Desktop775: doesn't show hand
*** SUMMARY ***
Total pot $2 | Rake $0
Seat 1: _fayzulllo_ (button) (small blind) folded before Flop
Seat 2: Desktop775 (big blind) collected ($2)


PokerStars Hand #147146215400:  Hold'em Limit ($3/$6 USD) - 2016/01/16 13:17:58 ET
Table 'Reinmuthia II' 2-max Seat #2 is the button
Seat 1: _fayzulllo_ ($63 in chips)
Seat 2: Desktop775 ($128.76 in chips)
Desktop775: posts small blind $1
_fayzulllo_: posts big blind $3
*** HOLE CARDS ***
Desktop775: raises $3 to $6
_fayzulllo_: calls $3
*** FLOP *** [Jh 4s Qs]
_fayzulllo_: checks
Desktop775: bets $3
_fayzulllo_: calls $3
*** TURN *** [Jh 4s Qs] [Th]
_fayzulllo_: checks
Desktop775: checks
*** RIVER *** [Jh 4s Qs Th] [8s]
_fayzulllo_: bets $6
Desktop775: calls $6
*** SHOW DOWN ***
_fayzulllo_: shows [9c Qc] (a straight, Eight to Queen)
Desktop775: mucks hand
_fayzulllo_ collected $29.50 from pot
*** SUMMARY ***
Total pot $30 | Rake $0.50
Board [Jh 4s Qs Th 8s]
Seat 1: _fayzulllo_ (big blind) showed [9c Qc] and won ($29.50) with a straight, Eight to Queen
Seat 2: Desktop775 (button) (small blind) mucked


PokerStars Hand #147146237117:  Hold'em Limit ($3/$6 USD) - 2016/01/16 13:18:19 ET
Table 'Reinmuthia II' 2-max Seat #1 is the button
Seat 1: _fayzulllo_ ($77.50 in chips)
Seat 2: Desktop775 ($113.76 in chips)
_fayzulllo_: posts small blind $1
Desktop775: posts big blind $3
*** HOLE CARDS ***
_fayzulllo_: folds
Uncalled bet ($2) returned to Desktop775
Desktop775 collected $2 from pot
Desktop775: doesn't show hand
*** SUMMARY ***
Total pot $2 | Rake $0
Seat 1: _fayzulllo_ (button) (small blind) folded before Flop
Seat 2: Desktop775 (big blind) collected ($2)


PokerStars Hand #147146247206:  Hold'em Limit ($3/$6 USD) - 2016/01/16 13:18:28 ET
Table 'Reinmuthia II' 2-max Seat #2 is the button
Seat 1: _fayzulllo_ ($76.50 in chips)
Seat 2: Desktop775 ($114.76 in chips)
Desktop775: posts small blind $1
_fayzulllo_: posts big blind $3
*** HOLE CARDS ***
Desktop775: raises $3 to $6
_fayzulllo_: calls $3
*** FLOP *** [Ad 4h 9s]
_fayzulllo_: checks
Desktop775: bets $3
_fayzulllo_: folds
Uncalled bet ($3) returned to Desktop775
Desktop775 collected $11.76 from pot
Desktop775: doesn't show hand
*** SUMMARY ***
Total pot $12 | Rake $0.24
Board [Ad 4h 9s]
Seat 1: _fayzulllo_ (big blind) folded on the Flop
Seat 2: Desktop775 (button) (small blind) collected ($11.76)


PokerStars Hand #147146259661:  Hold'em Limit ($3/$6 USD) - 2016/01/16 13:18:40 ET
Table 'Reinmuthia II' 2-max Seat #1 is the button
Seat 1: _fayzulllo_ ($70.50 in chips)
Seat 2: Desktop775 ($120.52 in chips)
_fayzulllo_: posts small blind $1
Desktop775: posts big blind $3
*** HOLE CARDS ***
_fayzulllo_: calls $2
Desktop775: raises $3 to $6
_fayzulllo_: calls $3
*** FLOP *** [Jh 8s 6d]
Desktop775: bets $3
_fayzulllo_: calls $3
*** TURN *** [Jh 8s 6d] [2h]
Desktop775: bets $6
_fayzulllo_: raises $6 to $12
Desktop775: folds
Uncalled bet ($6) returned to _fayzulllo_
_fayzulllo_ collected $29.50 from pot
_fayzulllo_: doesn't show hand
*** SUMMARY ***
Total pot $30 | Rake $0.50
Board [Jh 8s 6d 2h]
Seat 1: _fayzulllo_ (button) (small blind) collected ($29.50)
Seat 2: Desktop775 (big blind) folded on the Turn


PokerStars Hand #147146298927:  Hold'em Limit ($3/$6 USD) - 2016/01/16 13:19:18 ET
Table 'Reinmuthia II' 2-max Seat #2 is the button
Seat 1: _fayzulllo_ ($85 in chips)
Seat 2: Desktop775 ($105.52 in chips)
Desktop775: posts small blind $1
_fayzulllo_: posts big blind $3
*** HOLE CARDS ***
Desktop775: raises $3 to $6
_fayzulllo_: calls $3
*** FLOP *** [8h 7c 6h]
_fayzulllo_: checks
Desktop775: bets $3
_fayzulllo_: calls $3
*** TURN *** [8h 7c 6h] [Ks]
_fayzulllo_: checks
Desktop775: bets $6
_fayzulllo_: calls $6
*** RIVER *** [8h 7c 6h Ks] [2c]
_fayzulllo_: checks
Desktop775: bets $6
_fayzulllo_: folds
Uncalled bet ($6) returned to Desktop775
Desktop775 collected $29.50 from pot
Desktop775: doesn't show hand
*** SUMMARY ***
Total pot $30 | Rake $0.50
Board [8h 7c 6h Ks 2c]
Seat 1: _fayzulllo_ (big blind) folded on the River
Seat 2: Desktop775 (button) (small blind) collected ($29.50)


PokerStars Hand #147146326928:  Hold'em Limit ($3/$6 USD) - 2016/01/16 13:19:44 ET
Table 'Reinmuthia II' 2-max Seat #1 is the button
Seat 1: _fayzulllo_ ($70 in chips)
Seat 2: Desktop775 ($120.02 in chips)
_fayzulllo_: posts small blind $1
Desktop775: posts big blind $3
*** HOLE CARDS ***
_fayzulllo_: raises $3 to $6
Desktop775: calls $3
*** FLOP *** [2s Kh 8d]
Desktop775: checks
_fayzulllo_: bets $3
Desktop775: folds
Uncalled bet ($3) returned to _fayzulllo_
_fayzulllo_ collected $11.76 from pot
_fayzulllo_: doesn't show hand
*** SUMMARY ***
Total pot $12 | Rake $0.24
Board [2s Kh 8d]
Seat 1: _fayzulllo_ (button) (small blind) collected ($11.76)
Seat 2: Desktop775 (big blind) folded on the Flop


PokerStars Hand #147146339811:  Hold'em Limit ($3/$6 USD) - 2016/01/16 13:19:57 ET
Table 'Reinmuthia II' 2-max Seat #2 is the button
Seat 1: _fayzulllo_ ($75.76 in chips)
Seat 2: Desktop775 ($114.02 in chips)
Desktop775: posts small blind $1
_fayzulllo_: posts big blind $3
*** HOLE CARDS ***
Desktop775: raises $3 to $6
_fayzulllo_: calls $3
*** FLOP *** [9s Ac 2d]
_fayzulllo_: checks
Desktop775: bets $3
_fayzulllo_: calls $3
*** TURN *** [9s Ac 2d] [5d]
_fayzulllo_: checks
Desktop775: checks
*** RIVER *** [9s Ac 2d 5d] [7c]
_fayzulllo_: bets $6
Desktop775: calls $6
*** SHOW DOWN ***
_fayzulllo_: shows [Js Th] (high card Ace)
Desktop775: shows [Qh 5c] (a pair of Fives)
Desktop775 collected $29.50 from pot
*** SUMMARY ***
Total pot $30 | Rake $0.50
Board [9s Ac 2d 5d 7c]
Seat 1: _fayzulllo_ (big blind) showed [Js Th] and lost with high card Ace
Seat 2: Desktop775 (button) (small blind) showed [Qh 5c] and won ($29.50) with a pair of Fives


PokerStars Hand #147146373340:  Hold'em Limit ($3/$6 USD) - 2016/01/16 13:20:29 ET
Table 'Reinmuthia II' 2-max Seat #2 is the button
Seat 1: _fayzulllo_ ($63.76 in chips)
Seat 2: Desktop775 ($125.52 in chips)
Desktop775: posts small blind $1
_fayzulllo_: posts big blind $3
*** HOLE CARDS ***
Desktop775: raises $3 to $6
_fayzulllo_: calls $3
*** FLOP *** [Kh Th 4h]
_fayzulllo_: checks
Desktop775: bets $3
_fayzulllo_: raises $3 to $6
Desktop775: calls $3
*** TURN *** [Kh Th 4h] [3h]
_fayzulllo_: bets $6
Desktop775: calls $6
*** RIVER *** [Kh Th 4h 3h] [9d]
_fayzulllo_: checks
Desktop775: checks
*** SHOW DOWN ***
_fayzulllo_: shows [Tc 7c] (a pair of Tens)
Desktop775: shows [As Ts] (a pair of Tens - Ace kicker)
Desktop775 collected $35.50 from pot
*** SUMMARY ***
Total pot $36 | Rake $0.50
Board [Kh Th 4h 3h 9d]
Seat 1: _fayzulllo_ (big blind) showed [Tc 7c] and lost with a pair of Tens
Seat 2: Desktop775 (button) (small blind) showed [As Ts] and won ($35.50) with a pair of Tens


PokerStars Hand #147146419338:  Hold'em Limit ($3/$6 USD) - 2016/01/16 13:21:14 ET
Table 'Reinmuthia II' 2-max Seat #2 is the button
Seat 1: _fayzulllo_ ($33.76 in chips)
Seat 2: Desktop775 ($154.54 in chips)
Desktop775: posts small blind $1
_fayzulllo_: posts big blind $3
*** HOLE CARDS ***
Desktop775: folds
Uncalled bet ($2) returned to _fayzulllo_
_fayzulllo_ collected $2 from pot
_fayzulllo_: doesn't show hand
*** SUMMARY ***
Total pot $2 | Rake $0
Seat 1: _fayzulllo_ (big blind) collected ($2)
Seat 2: Desktop775 (button) (small blind) folded before Flop


PokerStars Hand #147146397092:  Hold'em Limit ($3/$6 USD) - 2016/01/16 13:20:52 ET
Table 'Reinmuthia II' 2-max Seat #1 is the button
Seat 1: _fayzulllo_ ($45.76 in chips)
Seat 2: Desktop775 ($143.02 in chips)
_fayzulllo_: posts small blind $1
Desktop775: posts big blind $3
*** HOLE CARDS ***
_fayzulllo_: raises $3 to $6
Desktop775: raises $3 to $9
_fayzulllo_: calls $3
*** FLOP *** [8d 9h 9d]
Desktop775: bets $3
_fayzulllo_: calls $3
*** TURN *** [8d 9h 9d] [Qc]
Desktop775: checks
_fayzulllo_: checks
*** RIVER *** [8d 9h 9d Qc] [6d]
Desktop775: bets $6
_fayzulllo_: folds
Uncalled bet ($6) returned to Desktop775
Desktop775 collected $23.52 from pot
Desktop775: doesn't show hand
*** SUMMARY ***
Total pot $24 | Rake $0.48
Board [8d 9h 9d Qc 6d]
Seat 1: _fayzulllo_ (button) (small blind) folded on the River
Seat 2: Desktop775 (big blind) collected ($23.52)


PokerStars Hand #147146424454:  Hold'em Limit ($3/$6 USD) - 2016/01/16 13:21:19 ET
Table 'Reinmuthia II' 2-max Seat #1 is the button
Seat 1: _fayzulllo_ ($34.76 in chips)
Seat 2: Desktop775 ($153.54 in chips)
_fayzulllo_: posts small blind $1
Desktop775: posts big blind $3
*** HOLE CARDS ***
_fayzulllo_: raises $3 to $6
Desktop775: raises $3 to $9
_fayzulllo_: calls $3
*** FLOP *** [5s 4h Js]
Desktop775: bets $3
_fayzulllo_: calls $3
*** TURN *** [5s 4h Js] [8h]
Desktop775: bets $6
_fayzulllo_: calls $6
*** RIVER *** [5s 4h Js 8h] [8d]
Desktop775: bets $6
_fayzulllo_: folds
Uncalled bet ($6) returned to Desktop775
Desktop775 collected $35.50 from pot
Desktop775: doesn't show hand
*** SUMMARY ***
Total pot $36 | Rake $0.50
Board [5s 4h Js 8h 8d]
Seat 1: _fayzulllo_ (button) (small blind) folded on the River
Seat 2: Desktop775 (big blind) collected ($35.50)


PokerStars Hand #147146456097:  Hold'em Limit ($3/$6 USD) - 2016/01/16 13:21:50 ET
Table 'Reinmuthia II' 2-max Seat #2 is the button
Seat 1: _fayzulllo_ ($16.76 in chips)
Seat 2: Desktop775 ($171.04 in chips)
Desktop775: posts small blind $1
_fayzulllo_: posts big blind $3
*** HOLE CARDS ***
Desktop775: raises $3 to $6
_fayzulllo_: raises $3 to $9
Desktop775: raises $3 to $12
Betting is capped
_fayzulllo_: calls $3
*** FLOP *** [4c Td 6c]
_fayzulllo_: bets $3
Desktop775: raises $3 to $6
_fayzulllo_: calls $1.76 and is all-in
Uncalled bet ($1.24) returned to Desktop775
*** TURN *** [4c Td 6c] [3d]
*** RIVER *** [4c Td 6c 3d] [9s]
*** SHOW DOWN ***
_fayzulllo_: shows [Kc As] (high card Ace)
Desktop775: shows [Qd 4d] (a pair of Fours)
Desktop775 collected $33.02 from pot
*** SUMMARY ***
Total pot $33.52 | Rake $0.50
Board [4c Td 6c 3d 9s]
Seat 1: _fayzulllo_ (big blind) showed [Kc As] and lost with high card Ace
Seat 2: Desktop775 (button) (small blind) showed [Qd 4d] and won ($33.02) with a pair of Fours


PokerStars Hand #147155479219:  Hold'em Limit ($3/$6 USD) - 2016/01/16 15:50:55 ET
Table 'Reinmuthia II' 2-max Seat #2 is the button
Seat 1: fichtner3000 ($62.93 in chips)
Seat 2: Desktop775 ($169.30 in chips)
Desktop775: posts small blind $1
fichtner3000: posts big blind $3
*** HOLE CARDS ***
Desktop775: raises $3 to $6
fichtner3000: folds
Uncalled bet ($3) returned to Desktop775
fichtner3000 leaves the table
Desktop775 collected $6 from pot
Desktop775: doesn't show hand
*** SUMMARY ***
Total pot $6 | Rake $0
Seat 1: fichtner3000 (big blind) folded before Flop
Seat 2: Desktop775 (button) (small blind) collected ($6)


PokerStars Hand #147155436256:  Hold'em Limit ($3/$6 USD) - 2016/01/16 15:50:16 ET
Table 'Reinmuthia II' 2-max Seat #1 is the button
Seat 1: fichtner3000 ($45.43 in chips)
Seat 2: Desktop775 ($187.30 in chips)
fichtner3000: posts small blind $1
Desktop775: posts big blind $3
*** HOLE CARDS ***
fichtner3000: raises $3 to $6
Desktop775: calls $3
*** FLOP *** [2c 8s 4s]
Desktop775: checks
fichtner3000: checks
*** TURN *** [2c 8s 4s] [3c]
Desktop775: checks
fichtner3000: bets $6
Desktop775: calls $6
*** RIVER *** [2c 8s 4s 3c] [Jc]
Desktop775: checks
fichtner3000: bets $6
Desktop775: calls $6
*** SHOW DOWN ***
fichtner3000: shows [Kc 7c] (a flush, King high)
Desktop775: mucks hand
fichtner3000 collected $35.50 from pot
*** SUMMARY ***
Total pot $36 | Rake $0.50
Board [2c 8s 4s 3c Jc]
Seat 1: fichtner3000 (button) (small blind) showed [Kc 7c] and won ($35.50) with a flush, King high
Seat 2: Desktop775 (big blind) mucked


