PokerStars Hand #154865550083:  Hold'em Limit ($3/$6 USD) - 2016/06/17 17:15:52 ET
Table 'Reinmuthia' 6-max Seat #4 is the button
Seat 3: feilinho ($42.14 in chips)
Seat 4: Masqb ($115.16 in chips)
Masqb: posts small blind $1
feilinho: posts big blind $3
*** HOLE CARDS ***
Masqb: calls $2
feilinho: checks
*** FLOP *** [8s Kd 4c]
feilinho: checks
Masqb: bets $3
feilinho: folds
Uncalled bet ($3) returned to Masqb
Masqb collected $5.88 from pot
Masqb: doesn't show hand
*** SUMMARY ***
Total pot $6 | Rake $0.12
Board [8s Kd 4c]
Seat 3: feilinho (big blind) folded on the Flop
Seat 4: Masqb (button) (small blind) collected ($5.88)


PokerStars Hand #154865561474:  Hold'em Limit ($3/$6 USD) - 2016/06/17 17:16:07 ET
Table 'Reinmuthia' 6-max Seat #3 is the button
Seat 3: feilinho ($39.14 in chips)
Seat 4: Masqb ($118.04 in chips)
feilinho: posts small blind $1
Masqb: posts big blind $3
*** HOLE CARDS ***
feilinho: raises $3 to $6
Masqb: raises $3 to $9
feilinho: raises $3 to $12
Betting is capped
Masqb: calls $3
*** FLOP *** [8d Qs 5c]
Masqb: checks
feilinho: bets $3
Masqb: calls $3
*** TURN *** [8d Qs 5c] [Kh]
Masqb: checks
feilinho: bets $6
Masqb: calls $6
*** RIVER *** [8d Qs 5c Kh] [Qd]
Masqb: checks
feilinho: bets $6
Masqb: calls $6
*** SHOW DOWN ***
feilinho: shows [8h 8c] (a full house, Eights full of Queens)
Masqb: mucks hand
feilinho collected $53.50 from pot
*** SUMMARY ***
Total pot $54 | Rake $0.50
Board [8d Qs 5c Kh Qd]
Seat 3: feilinho (button) (small blind) showed [8h 8c] and won ($53.50) with a full house, Eights full of Queens
Seat 4: Masqb (big blind) mucked


PokerStars Hand #154865622613:  Hold'em Limit ($3/$6 USD) - 2016/06/17 17:17:27 ET
Table 'Reinmuthia' 6-max Seat #3 is the button
Seat 3: feilinho ($59.64 in chips)
Seat 4: Masqb ($96.80 in chips)
feilinho: posts small blind $1
Masqb: posts big blind $3
*** HOLE CARDS ***
feilinho: folds
Uncalled bet ($2) returned to Masqb
Masqb collected $2 from pot
Masqb: doesn't show hand
*** SUMMARY ***
Total pot $2 | Rake $0
Seat 3: feilinho (button) (small blind) folded before Flop
Seat 4: Masqb (big blind) collected ($2)


PokerStars Hand #154865600583:  Hold'em Limit ($3/$6 USD) - 2016/06/17 17:17:00 ET
Table 'Reinmuthia' 6-max Seat #4 is the button
Seat 3: feilinho ($65.64 in chips)
Seat 4: Masqb ($91.04 in chips)
Masqb: posts small blind $1
feilinho: posts big blind $3
*** HOLE CARDS ***
Masqb: raises $3 to $6
ToDaFelt joins the table at seat #1
feilinho: calls $3
*** FLOP *** [6s Qc 2s]
feilinho: checks
Masqb: bets $3
feilinho: folds
Uncalled bet ($3) returned to Masqb
Masqb collected $11.76 from pot
Masqb: doesn't show hand
*** SUMMARY ***
Total pot $12 | Rake $0.24
Board [6s Qc 2s]
Seat 3: feilinho (big blind) folded on the Flop
Seat 4: Masqb (button) (small blind) collected ($11.76)


