PokerStars Hand #158805724120:  Hold'em Limit ($3/$6 USD) - 2016/09/19 7:43:19 ET
Table 'Reinmuthia' 6-max Seat #4 is the button
Seat 4: Agrotait ($72 in chips)
Seat 5: muzuri ($99.75 in chips)
Agrotait: posts small blind $1
muzuri: posts big blind $3
*** HOLE CARDS ***
ABATAPP joins the table at seat #6
Agrotait: raises $3 to $6
muzuri: calls $3
*** FLOP *** [Qs 3c 8h]
muzuri: checks
Agrotait: bets $3
muzuri: calls $3
*** TURN *** [Qs 3c 8h] [Ts]
muzuri: checks
Agrotait: bets $6
muzuri: calls $6
*** RIVER *** [Qs 3c 8h Ts] [Kc]
muzuri: checks
Agrotait: checks
*** SHOW DOWN ***
muzuri: shows [4c 3h] (a pair of Threes)
Agrotait: shows [Th Js] (a pair of Tens)
Agrotait collected $29.50 from pot
*** SUMMARY ***
Total pot $30 | Rake $0.50
Board [Qs 3c 8h Ts Kc]
Seat 4: Agrotait (button) (small blind) showed [Th Js] and won ($29.50) with a pair of Tens
Seat 5: muzuri (big blind) showed [4c 3h] and lost with a pair of Threes


PokerStars Hand #158806283239:  Hold'em Limit ($3/$6 USD) - 2016/09/19 8:04:34 ET
Table 'Reinmuthia' 6-max Seat #5 is the button
Seat 4: Agrotait ($150.85 in chips)
Seat 5: TheEdged ($288.01 in chips)
TheEdged: posts small blind $1
Agrotait: posts big blind $3
*** HOLE CARDS ***
TheEdged: raises $3 to $6
Agrotait: folds
Uncalled bet ($3) returned to TheEdged
TheEdged collected $6 from pot
TheEdged: doesn't show hand
*** SUMMARY ***
Total pot $6 | Rake $0
Seat 4: Agrotait (big blind) folded before Flop
Seat 5: TheEdged (button) (small blind) collected ($6)


PokerStars Hand #158806286824:  Hold'em Limit ($3/$6 USD) - 2016/09/19 8:04:42 ET
Table 'Reinmuthia' 6-max Seat #4 is the button
Seat 4: Agrotait ($147.85 in chips)
Seat 5: TheEdged ($291.01 in chips)
Agrotait: posts small blind $1
TheEdged: posts big blind $3
*** HOLE CARDS ***
Agrotait: raises $3 to $6
TheEdged: folds
Uncalled bet ($3) returned to Agrotait
Agrotait collected $6 from pot
Agrotait: doesn't show hand
*** SUMMARY ***
Total pot $6 | Rake $0
Seat 4: Agrotait (button) (small blind) collected ($6)
Seat 5: TheEdged (big blind) folded before Flop


PokerStars Hand #158806289590:  Hold'em Limit ($3/$6 USD) - 2016/09/19 8:04:48 ET
Table 'Reinmuthia' 6-max Seat #5 is the button
Seat 4: Agrotait ($150.85 in chips)
Seat 5: TheEdged ($288.01 in chips)
TheEdged: posts small blind $1
Agrotait: posts big blind $3
*** HOLE CARDS ***
TheEdged: raises $3 to $6
Agrotait: calls $3
*** FLOP *** [Qh Td 3s]
Agrotait: checks
TheEdged: bets $3
Agrotait: calls $3
*** TURN *** [Qh Td 3s] [Th]
SuperShark joins the table at seat #3
Agrotait: checks
TheEdged: bets $6
Agrotait: calls $6
*** RIVER *** [Qh Td 3s Th] [6s]
Agrotait: checks
TheEdged: bets $6
Agrotait: calls $6
*** SHOW DOWN ***
TheEdged: shows [Qc Ks] (two pair, Queens and Tens)
Agrotait: mucks hand
TheEdged collected $41.50 from pot
*** SUMMARY ***
Total pot $42 | Rake $0.50
Board [Qh Td 3s Th 6s]
Seat 4: Agrotait (big blind) mucked
Seat 5: TheEdged (button) (small blind) showed [Qc Ks] and won ($41.50) with two pair, Queens and Tens


PokerStars Hand #158806304697:  Hold'em Limit ($3/$6 USD) - 2016/09/19 8:05:20 ET
Table 'Reinmuthia' 6-max Seat #4 is the button
Seat 4: Agrotait ($129.85 in chips)
Seat 5: TheEdged ($308.51 in chips)
Agrotait: posts small blind $1
TheEdged: posts big blind $3
*** HOLE CARDS ***
Agrotait: raises $3 to $6
TheEdged: calls $3
*** FLOP *** [Qs Td Qd]
TheEdged: checks
Agrotait: bets $3
TheEdged: calls $3
*** TURN *** [Qs Td Qd] [8d]
TheEdged: checks
Agrotait: checks
*** RIVER *** [Qs Td Qd 8d] [Jh]
TheEdged: bets $6
Agrotait: raises $6 to $12
TheEdged: folds
Uncalled bet ($6) returned to Agrotait
popeluha joins the table at seat #2
Agrotait collected $29.50 from pot
Agrotait: doesn't show hand
*** SUMMARY ***
Total pot $30 | Rake $0.50
Board [Qs Td Qd 8d Jh]
Seat 4: Agrotait (button) (small blind) collected ($29.50)
Seat 5: TheEdged (big blind) folded on the River


PokerStars Hand #158813626832:  Hold'em Limit ($3/$6 USD) - 2016/09/19 11:43:57 ET
Table 'Reinmuthia' 6-max Seat #3 is the button
Seat 2: fsreibnitz ($297.80 in chips)
Seat 3: B_loJkl ($131.32 in chips)
B_loJkl: posts small blind $1
fsreibnitz: posts big blind $3
*** HOLE CARDS ***
B_loJkl: raises $3 to $6
fsreibnitz: calls $3
*** FLOP *** [5h 7s 5c]
fsreibnitz: checks
B_loJkl: bets $3
SUCHAFISH leaves the table
fsreibnitz: calls $3
*** TURN *** [5h 7s 5c] [3c]
fsreibnitz: checks
B_loJkl: bets $6
fsreibnitz: folds
Uncalled bet ($6) returned to B_loJkl
B_loJkl collected $17.64 from pot
B_loJkl: doesn't show hand
*** SUMMARY ***
Total pot $18 | Rake $0.36
Board [5h 7s 5c 3c]
Seat 2: fsreibnitz (big blind) folded on the Turn
Seat 3: B_loJkl (button) (small blind) collected ($17.64)


PokerStars Hand #158813638648:  Hold'em Limit ($3/$6 USD) - 2016/09/19 11:44:15 ET
Table 'Reinmuthia' 6-max Seat #2 is the button
Seat 2: fsreibnitz ($288.80 in chips)
Seat 3: B_loJkl ($139.96 in chips)
fsreibnitz: posts small blind $1
B_loJkl: posts big blind $3
*** HOLE CARDS ***
fsreibnitz: raises $3 to $6
B_loJkl: raises $3 to $9
fsreibnitz: calls $3
*** FLOP *** [3h 2h 8h]
B_loJkl: bets $3
fsreibnitz: raises $3 to $6
B_loJkl: calls $3
*** TURN *** [3h 2h 8h] [Ac]
B_loJkl: bets $6
fsreibnitz: calls $6
*** RIVER *** [3h 2h 8h Ac] [Kc]
B_loJkl: bets $6
fsreibnitz: folds
Uncalled bet ($6) returned to B_loJkl
B_loJkl collected $41.50 from pot
B_loJkl: doesn't show hand
*** SUMMARY ***
Total pot $42 | Rake $0.50
Board [3h 2h 8h Ac Kc]
Seat 2: fsreibnitz (button) (small blind) folded on the River
Seat 3: B_loJkl (big blind) collected ($41.50)


PokerStars Hand #158813652300:  Hold'em Limit ($3/$6 USD) - 2016/09/19 11:44:36 ET
Table 'Reinmuthia' 6-max Seat #3 is the button
Seat 2: fsreibnitz ($267.80 in chips)
Seat 3: B_loJkl ($160.46 in chips)
B_loJkl: posts small blind $1
fsreibnitz: posts big blind $3
*** HOLE CARDS ***
B_loJkl: raises $3 to $6
fsreibnitz: calls $3
*** FLOP *** [Js Qh 3h]
fsreibnitz: checks
B_loJkl: bets $3
fsreibnitz: calls $3
*** TURN *** [Js Qh 3h] [Ts]
fsreibnitz: checks
B_loJkl: checks
*** RIVER *** [Js Qh 3h Ts] [Qd]
fsreibnitz: bets $6
B_loJkl: folds
Uncalled bet ($6) returned to fsreibnitz
fsreibnitz collected $17.64 from pot
*** SUMMARY ***
Total pot $18 | Rake $0.36
Board [Js Qh 3h Ts Qd]
Seat 2: fsreibnitz (big blind) collected ($17.64)
Seat 3: B_loJkl (button) (small blind) folded on the River


PokerStars Hand #158813672545:  Hold'em Limit ($3/$6 USD) - 2016/09/19 11:45:07 ET
Table 'Reinmuthia' 6-max Seat #2 is the button
Seat 2: fsreibnitz ($276.44 in chips)
Seat 3: B_loJkl ($151.46 in chips)
fsreibnitz: posts small blind $1
B_loJkl: posts big blind $3
*** HOLE CARDS ***
fsreibnitz: raises $3 to $6
B_loJkl: calls $3
*** FLOP *** [Jd 6s 8s]
B_loJkl: checks
fsreibnitz: bets $3
B_loJkl: folds
Uncalled bet ($3) returned to fsreibnitz
fsreibnitz collected $11.76 from pot
*** SUMMARY ***
Total pot $12 | Rake $0.24
Board [Jd 6s 8s]
Seat 2: fsreibnitz (button) (small blind) collected ($11.76)
Seat 3: B_loJkl (big blind) folded on the Flop


PokerStars Hand #158813680986:  Hold'em Limit ($3/$6 USD) - 2016/09/19 11:45:20 ET
Table 'Reinmuthia' 6-max Seat #3 is the button
Seat 2: fsreibnitz ($282.20 in chips)
Seat 3: B_loJkl ($145.46 in chips)
B_loJkl: posts small blind $1
fsreibnitz: posts big blind $3
*** HOLE CARDS ***
B_loJkl: raises $3 to $6
fsreibnitz: calls $3
*** FLOP *** [9d 5h 5d]
fsreibnitz: checks
B_loJkl: bets $3
fsreibnitz: calls $3
*** TURN *** [9d 5h 5d] [Kd]
fsreibnitz: checks
B_loJkl: checks
*** RIVER *** [9d 5h 5d Kd] [Ah]
fsreibnitz: checks
B_loJkl: bets $6
fsreibnitz: folds
Uncalled bet ($6) returned to B_loJkl
B_loJkl collected $17.64 from pot
B_loJkl: doesn't show hand
*** SUMMARY ***
Total pot $18 | Rake $0.36
Board [9d 5h 5d Kd Ah]
Seat 2: fsreibnitz (big blind) folded on the River
Seat 3: B_loJkl (button) (small blind) collected ($17.64)


PokerStars Hand #158813696944:  Hold'em Limit ($3/$6 USD) - 2016/09/19 11:45:45 ET
Table 'Reinmuthia' 6-max Seat #2 is the button
Seat 2: fsreibnitz ($273.20 in chips)
Seat 3: B_loJkl ($154.10 in chips)
fsreibnitz: posts small blind $1
B_loJkl: posts big blind $3
*** HOLE CARDS ***
fsreibnitz: raises $3 to $6
B_loJkl: folds
Uncalled bet ($3) returned to fsreibnitz
fsreibnitz collected $6 from pot
*** SUMMARY ***
Total pot $6 | Rake $0
Seat 2: fsreibnitz (button) (small blind) collected ($6)
Seat 3: B_loJkl (big blind) folded before Flop


PokerStars Hand #158813706985:  Hold'em Limit ($3/$6 USD) - 2016/09/19 11:46:00 ET
Table 'Reinmuthia' 6-max Seat #2 is the button
Seat 2: fsreibnitz ($273.20 in chips)
Seat 3: B_loJkl ($154.10 in chips)
fsreibnitz: posts small blind $1
B_loJkl: posts big blind $3
*** HOLE CARDS ***
fsreibnitz: folds
Uncalled bet ($2) returned to B_loJkl
B_loJkl collected $2 from pot
B_loJkl: doesn't show hand
*** SUMMARY ***
Total pot $2 | Rake $0
Seat 2: fsreibnitz (button) (small blind) folded before Flop
Seat 3: B_loJkl (big blind) collected ($2)


PokerStars Hand #158813703025:  Hold'em Limit ($3/$6 USD) - 2016/09/19 11:45:54 ET
Table 'Reinmuthia' 6-max Seat #3 is the button
Seat 2: fsreibnitz ($276.20 in chips)
Seat 3: B_loJkl ($151.10 in chips)
B_loJkl: posts small blind $1
fsreibnitz: posts big blind $3
*** HOLE CARDS ***
B_loJkl: raises $3 to $6
fsreibnitz: folds
Uncalled bet ($3) returned to B_loJkl
B_loJkl collected $6 from pot
B_loJkl: doesn't show hand
*** SUMMARY ***
Total pot $6 | Rake $0
Seat 2: fsreibnitz (big blind) folded before Flop
Seat 3: B_loJkl (button) (small blind) collected ($6)


PokerStars Hand #158813710414:  Hold'em Limit ($3/$6 USD) - 2016/09/19 11:46:05 ET
Table 'Reinmuthia' 6-max Seat #3 is the button
Seat 2: fsreibnitz ($272.20 in chips)
Seat 3: B_loJkl ($155.10 in chips)
B_loJkl: posts small blind $1
fsreibnitz: posts big blind $3
*** HOLE CARDS ***
B_loJkl: raises $3 to $6
fsreibnitz: raises $3 to $9
B_loJkl: calls $3
*** FLOP *** [3h Jh Ks]
fsreibnitz: bets $3
B_loJkl: calls $3
*** TURN *** [3h Jh Ks] [3s]
fsreibnitz: bets $6
B_loJkl: calls $6
*** RIVER *** [3h Jh Ks 3s] [3c]
fsreibnitz: bets $6
B_loJkl: folds
Uncalled bet ($6) returned to fsreibnitz
fsreibnitz collected $35.50 from pot
*** SUMMARY ***
Total pot $36 | Rake $0.50
Board [3h Jh Ks 3s 3c]
Seat 2: fsreibnitz (big blind) collected ($35.50)
Seat 3: B_loJkl (button) (small blind) folded on the River


PokerStars Hand #158813737797:  Hold'em Limit ($3/$6 USD) - 2016/09/19 11:46:47 ET
Table 'Reinmuthia' 6-max Seat #2 is the button
Seat 2: fsreibnitz ($289.70 in chips)
Seat 3: B_loJkl ($137.10 in chips)
fsreibnitz: posts small blind $1
B_loJkl: posts big blind $3
*** HOLE CARDS ***
fsreibnitz: raises $3 to $6
B_loJkl: calls $3
*** FLOP *** [9s 9d 3s]
B_loJkl: checks
fsreibnitz: checks
*** TURN *** [9s 9d 3s] [Th]
B_loJkl: bets $6
fsreibnitz: calls $6
*** RIVER *** [9s 9d 3s Th] [6c]
B_loJkl: checks
fsreibnitz: checks
*** SHOW DOWN ***
B_loJkl: shows [Qh 8s] (a pair of Nines)
fsreibnitz: shows [As 2h] (a pair of Nines - Ace kicker)
fsreibnitz collected $23.52 from pot
*** SUMMARY ***
Total pot $24 | Rake $0.48
Board [9s 9d 3s Th 6c]
Seat 2: fsreibnitz (button) (small blind) showed [As 2h] and won ($23.52) with a pair of Nines
Seat 3: B_loJkl (big blind) showed [Qh 8s] and lost with a pair of Nines


PokerStars Hand #158813748551:  Hold'em Limit ($3/$6 USD) - 2016/09/19 11:47:03 ET
Table 'Reinmuthia' 6-max Seat #3 is the button
Seat 2: fsreibnitz ($301.22 in chips)
Seat 3: B_loJkl ($125.10 in chips)
B_loJkl: posts small blind $1
fsreibnitz: posts big blind $3
*** HOLE CARDS ***
B_loJkl: raises $3 to $6
fsreibnitz: folds
Uncalled bet ($3) returned to B_loJkl
B_loJkl collected $6 from pot
B_loJkl: doesn't show hand
*** SUMMARY ***
Total pot $6 | Rake $0
Seat 2: fsreibnitz (big blind) folded before Flop
Seat 3: B_loJkl (button) (small blind) collected ($6)


PokerStars Hand #158813752145:  Hold'em Limit ($3/$6 USD) - 2016/09/19 11:47:09 ET
Table 'Reinmuthia' 6-max Seat #2 is the button
Seat 2: fsreibnitz ($298.22 in chips)
Seat 3: B_loJkl ($128.10 in chips)
fsreibnitz: posts small blind $1
B_loJkl: posts big blind $3
*** HOLE CARDS ***
fsreibnitz: raises $3 to $6
B_loJkl: raises $3 to $9
fsreibnitz: calls $3
*** FLOP *** [Tc 5c 3s]
B_loJkl: bets $3
fsreibnitz: calls $3
*** TURN *** [Tc 5c 3s] [2c]
B_loJkl: bets $6
fsreibnitz: folds
Uncalled bet ($6) returned to B_loJkl
B_loJkl collected $23.52 from pot
B_loJkl: doesn't show hand
*** SUMMARY ***
Total pot $24 | Rake $0.48
Board [Tc 5c 3s 2c]
Seat 2: fsreibnitz (button) (small blind) folded on the Turn
Seat 3: B_loJkl (big blind) collected ($23.52)


PokerStars Hand #158813762455:  Hold'em Limit ($3/$6 USD) - 2016/09/19 11:47:25 ET
Table 'Reinmuthia' 6-max Seat #3 is the button
Seat 2: fsreibnitz ($286.22 in chips)
Seat 3: B_loJkl ($139.62 in chips)
B_loJkl: posts small blind $1
fsreibnitz: posts big blind $3
*** HOLE CARDS ***
B_loJkl: raises $3 to $6
fsreibnitz: calls $3
*** FLOP *** [7d Ad 4s]
fsreibnitz: checks
B_loJkl: bets $3
fsreibnitz: calls $3
*** TURN *** [7d Ad 4s] [3d]
fsreibnitz: checks
B_loJkl: checks
*** RIVER *** [7d Ad 4s 3d] [Td]
fsreibnitz: bets $6
B_loJkl: calls $6
*** SHOW DOWN ***
fsreibnitz: shows [8s 9d] (a flush, Ace high)
B_loJkl: mucks hand
fsreibnitz collected $29.50 from pot
*** SUMMARY ***
Total pot $30 | Rake $0.50
Board [7d Ad 4s 3d Td]
Seat 2: fsreibnitz (big blind) showed [8s 9d] and won ($29.50) with a flush, Ace high
Seat 3: B_loJkl (button) (small blind) mucked


PokerStars Hand #158813785991:  Hold'em Limit ($3/$6 USD) - 2016/09/19 11:48:01 ET
Table 'Reinmuthia' 6-max Seat #3 is the button
Seat 2: fsreibnitz ($294.72 in chips)
Seat 3: B_loJkl ($130.38 in chips)
B_loJkl: posts small blind $1
fsreibnitz: posts big blind $3
*** HOLE CARDS ***
B_loJkl: folds
Uncalled bet ($2) returned to fsreibnitz
fsreibnitz collected $2 from pot
*** SUMMARY ***
Total pot $2 | Rake $0
Seat 2: fsreibnitz (big blind) collected ($2)
Seat 3: B_loJkl (button) (small blind) folded before Flop


PokerStars Hand #158813776711:  Hold'em Limit ($3/$6 USD) - 2016/09/19 11:47:47 ET
Table 'Reinmuthia' 6-max Seat #2 is the button
Seat 2: fsreibnitz ($300.72 in chips)
Seat 3: B_loJkl ($124.62 in chips)
fsreibnitz: posts small blind $1
B_loJkl: posts big blind $3
*** HOLE CARDS ***
fsreibnitz: raises $3 to $6
B_loJkl: calls $3
*** FLOP *** [2d Qs 5h]
B_loJkl: bets $3
fsreibnitz: folds
Uncalled bet ($3) returned to B_loJkl
B_loJkl collected $11.76 from pot
B_loJkl: doesn't show hand
*** SUMMARY ***
Total pot $12 | Rake $0.24
Board [2d Qs 5h]
Seat 2: fsreibnitz (button) (small blind) folded on the Flop
Seat 3: B_loJkl (big blind) collected ($11.76)


PokerStars Hand #158813789413:  Hold'em Limit ($3/$6 USD) - 2016/09/19 11:48:06 ET
Table 'Reinmuthia' 6-max Seat #2 is the button
Seat 2: fsreibnitz ($295.72 in chips)
Seat 3: B_loJkl ($129.38 in chips)
fsreibnitz: posts small blind $1
B_loJkl: posts big blind $3
*** HOLE CARDS ***
fsreibnitz: raises $3 to $6
B_loJkl: raises $3 to $9
fsreibnitz: calls $3
*** FLOP *** [Kd 3s 4d]
B_loJkl: bets $3
fsreibnitz: raises $3 to $6
B_loJkl: calls $3
*** TURN *** [Kd 3s 4d] [Qc]
B_loJkl: checks
fsreibnitz: checks
*** RIVER *** [Kd 3s 4d Qc] [Ac]
B_loJkl: bets $6
fsreibnitz: folds
Uncalled bet ($6) returned to B_loJkl
B_loJkl collected $29.50 from pot
B_loJkl: doesn't show hand
*** SUMMARY ***
Total pot $30 | Rake $0.50
Board [Kd 3s 4d Qc Ac]
Seat 2: fsreibnitz (button) (small blind) folded on the River
Seat 3: B_loJkl (big blind) collected ($29.50)


PokerStars Hand #158813806130:  Hold'em Limit ($3/$6 USD) - 2016/09/19 11:48:31 ET
Table 'Reinmuthia' 6-max Seat #2 is the button
Seat 2: fsreibnitz ($277.72 in chips)
Seat 3: B_loJkl ($146.88 in chips)
fsreibnitz: posts small blind $1
B_loJkl: posts big blind $3
*** HOLE CARDS ***
fsreibnitz: folds
Uncalled bet ($2) returned to B_loJkl
B_loJkl collected $2 from pot
B_loJkl: doesn't show hand
*** SUMMARY ***
Total pot $2 | Rake $0
Seat 2: fsreibnitz (button) (small blind) folded before Flop
Seat 3: B_loJkl (big blind) collected ($2)


PokerStars Hand #158813802598:  Hold'em Limit ($3/$6 USD) - 2016/09/19 11:48:26 ET
Table 'Reinmuthia' 6-max Seat #3 is the button
Seat 2: fsreibnitz ($280.72 in chips)
Seat 3: B_loJkl ($143.88 in chips)
B_loJkl: posts small blind $1
fsreibnitz: posts big blind $3
*** HOLE CARDS ***
B_loJkl: raises $3 to $6
fsreibnitz: folds
Uncalled bet ($3) returned to B_loJkl
B_loJkl collected $6 from pot
B_loJkl: doesn't show hand
*** SUMMARY ***
Total pot $6 | Rake $0
Seat 2: fsreibnitz (big blind) folded before Flop
Seat 3: B_loJkl (button) (small blind) collected ($6)


PokerStars Hand #158813813460:  Hold'em Limit ($3/$6 USD) - 2016/09/19 11:48:43 ET
Table 'Reinmuthia' 6-max Seat #2 is the button
Seat 2: fsreibnitz ($277.72 in chips)
Seat 3: B_loJkl ($146.88 in chips)
fsreibnitz: posts small blind $1
B_loJkl: posts big blind $3
*** HOLE CARDS ***
fsreibnitz: folds
Uncalled bet ($2) returned to B_loJkl
B_loJkl collected $2 from pot
B_loJkl: doesn't show hand
*** SUMMARY ***
Total pot $2 | Rake $0
Seat 2: fsreibnitz (button) (small blind) folded before Flop
Seat 3: B_loJkl (big blind) collected ($2)


PokerStars Hand #158813810330:  Hold'em Limit ($3/$6 USD) - 2016/09/19 11:48:38 ET
Table 'Reinmuthia' 6-max Seat #3 is the button
Seat 2: fsreibnitz ($276.72 in chips)
Seat 3: B_loJkl ($147.88 in chips)
B_loJkl: posts small blind $1
fsreibnitz: posts big blind $3
*** HOLE CARDS ***
B_loJkl: folds
Uncalled bet ($2) returned to fsreibnitz
fsreibnitz collected $2 from pot
*** SUMMARY ***
Total pot $2 | Rake $0
Seat 2: fsreibnitz (big blind) collected ($2)
Seat 3: B_loJkl (button) (small blind) folded before Flop


PokerStars Hand #158813817228:  Hold'em Limit ($3/$6 USD) - 2016/09/19 11:48:48 ET
Table 'Reinmuthia' 6-max Seat #3 is the button
Seat 2: fsreibnitz ($276.72 in chips)
Seat 3: B_loJkl ($147.88 in chips)
B_loJkl: posts small blind $1
fsreibnitz: posts big blind $3
*** HOLE CARDS ***
B_loJkl: raises $3 to $6
fsreibnitz: calls $3
*** FLOP *** [Jc Kc 3d]
fsreibnitz: checks
B_loJkl: bets $3
fsreibnitz: calls $3
*** TURN *** [Jc Kc 3d] [4h]
fsreibnitz: checks
B_loJkl: bets $6
fsreibnitz: calls $6
*** RIVER *** [Jc Kc 3d 4h] [Ac]
fsreibnitz: checks
B_loJkl: bets $6
fsreibnitz: raises $6 to $12
B_loJkl: calls $6
*** SHOW DOWN ***
fsreibnitz: shows [4d 6d] (a pair of Fours)
B_loJkl: shows [Jd 4s] (two pair, Jacks and Fours)
B_loJkl collected $53.50 from pot
*** SUMMARY ***
Total pot $54 | Rake $0.50
Board [Jc Kc 3d 4h Ac]
Seat 2: fsreibnitz (big blind) showed [4d 6d] and lost with a pair of Fours
Seat 3: B_loJkl (button) (small blind) showed [Jd 4s] and won ($53.50) with two pair, Jacks and Fours


PokerStars Hand #158813831644:  Hold'em Limit ($3/$6 USD) - 2016/09/19 11:49:10 ET
Table 'Reinmuthia' 6-max Seat #2 is the button
Seat 2: fsreibnitz ($249.72 in chips)
Seat 3: B_loJkl ($174.38 in chips)
fsreibnitz: posts small blind $1
B_loJkl: posts big blind $3
*** HOLE CARDS ***
fsreibnitz: raises $3 to $6
B_loJkl: calls $3
*** FLOP *** [7c 8c Jc]
B_loJkl: checks
fsreibnitz: bets $3
B_loJkl: raises $3 to $6
fsreibnitz: calls $3
*** TURN *** [7c 8c Jc] [2d]
B_loJkl: bets $6
fsreibnitz: calls $6
*** RIVER *** [7c 8c Jc 2d] [Kc]
B_loJkl: bets $6
fsreibnitz: calls $6
*** SHOW DOWN ***
B_loJkl: shows [5d 6s] (high card King)
fsreibnitz: shows [Qd 7d] (a pair of Sevens)
fsreibnitz collected $47.50 from pot
*** SUMMARY ***
Total pot $48 | Rake $0.50
Board [7c 8c Jc 2d Kc]
Seat 2: fsreibnitz (button) (small blind) showed [Qd 7d] and won ($47.50) with a pair of Sevens
Seat 3: B_loJkl (big blind) showed [5d 6s] and lost with high card King


PokerStars Hand #158813852951:  Hold'em Limit ($3/$6 USD) - 2016/09/19 11:49:29 ET
Table 'Reinmuthia' 6-max Seat #3 is the button
Seat 2: fsreibnitz ($273.22 in chips)
Seat 3: B_loJkl ($150.38 in chips)
B_loJkl: posts small blind $1
fsreibnitz: posts big blind $3
*** HOLE CARDS ***
B_loJkl: raises $3 to $6
fsreibnitz: calls $3
*** FLOP *** [2d Kd 9c]
fsreibnitz: checks
B_loJkl: bets $3
fsreibnitz: calls $3
*** TURN *** [2d Kd 9c] [Qs]
fsreibnitz: checks
B_loJkl: bets $6
fsreibnitz: calls $6
*** RIVER *** [2d Kd 9c Qs] [Js]
fsreibnitz: checks
B_loJkl: bets $6
fsreibnitz: calls $6
*** SHOW DOWN ***
B_loJkl: shows [As Qc] (a pair of Queens)
fsreibnitz: mucks hand
B_loJkl collected $41.50 from pot
*** SUMMARY ***
Total pot $42 | Rake $0.50
Board [2d Kd 9c Qs Js]
Seat 2: fsreibnitz (big blind) mucked
Seat 3: B_loJkl (button) (small blind) showed [As Qc] and won ($41.50) with a pair of Queens


PokerStars Hand #158813867111:  Hold'em Limit ($3/$6 USD) - 2016/09/19 11:49:50 ET
Table 'Reinmuthia' 6-max Seat #2 is the button
Seat 2: fsreibnitz ($252.22 in chips)
Seat 3: B_loJkl ($170.88 in chips)
fsreibnitz: posts small blind $1
B_loJkl: posts big blind $3
*** HOLE CARDS ***
fsreibnitz: raises $3 to $6
B_loJkl: calls $3
*** FLOP *** [2c 9h Ad]
B_loJkl: checks
fsreibnitz: bets $3
B_loJkl: calls $3
*** TURN *** [2c 9h Ad] [3h]
B_loJkl: checks
fsreibnitz: bets $6
B_loJkl: calls $6
*** RIVER *** [2c 9h Ad 3h] [3s]
B_loJkl: checks
fsreibnitz: bets $6
B_loJkl: calls $6
*** SHOW DOWN ***
fsreibnitz: shows [Th Ah] (two pair, Aces and Threes)
B_loJkl: mucks hand
fsreibnitz collected $41.50 from pot
*** SUMMARY ***
Total pot $42 | Rake $0.50
Board [2c 9h Ad 3h 3s]
Seat 2: fsreibnitz (button) (small blind) showed [Th Ah] and won ($41.50) with two pair, Aces and Threes
Seat 3: B_loJkl (big blind) mucked


PokerStars Hand #158813883841:  Hold'em Limit ($3/$6 USD) - 2016/09/19 11:50:16 ET
Table 'Reinmuthia' 6-max Seat #2 is the button
Seat 2: fsreibnitz ($273.72 in chips)
Seat 3: B_loJkl ($148.88 in chips)
fsreibnitz: posts small blind $1
B_loJkl: posts big blind $3
*** HOLE CARDS ***
fsreibnitz: raises $3 to $6
B_loJkl: calls $3
*** FLOP *** [7h 4c 7c]
B_loJkl: checks
fsreibnitz: bets $3
B_loJkl: folds
Uncalled bet ($3) returned to fsreibnitz
fsreibnitz collected $11.76 from pot
*** SUMMARY ***
Total pot $12 | Rake $0.24
Board [7h 4c 7c]
Seat 2: fsreibnitz (button) (small blind) collected ($11.76)
Seat 3: B_loJkl (big blind) folded on the Flop


PokerStars Hand #158813913587:  Hold'em Limit ($3/$6 USD) - 2016/09/19 11:51:01 ET
Table 'Reinmuthia' 6-max Seat #2 is the button
Seat 2: fsreibnitz ($317.98 in chips)
Seat 3: B_loJkl ($103.88 in chips)
fsreibnitz: posts small blind $1
B_loJkl: posts big blind $3
*** HOLE CARDS ***
fsreibnitz: folds
Uncalled bet ($2) returned to B_loJkl
B_loJkl collected $2 from pot
B_loJkl: doesn't show hand
*** SUMMARY ***
Total pot $2 | Rake $0
Seat 2: fsreibnitz (button) (small blind) folded before Flop
Seat 3: B_loJkl (big blind) collected ($2)


PokerStars Hand #158813894453:  Hold'em Limit ($3/$6 USD) - 2016/09/19 11:50:32 ET
Table 'Reinmuthia' 6-max Seat #3 is the button
Seat 2: fsreibnitz ($279.48 in chips)
Seat 3: B_loJkl ($142.88 in chips)
B_loJkl: posts small blind $1
fsreibnitz: posts big blind $3
*** HOLE CARDS ***
B_loJkl: raises $3 to $6
fsreibnitz: calls $3
*** FLOP *** [9c Th 7d]
fsreibnitz: checks
B_loJkl: bets $3
fsreibnitz: calls $3
*** TURN *** [9c Th 7d] [4d]
fsreibnitz: checks
B_loJkl: bets $6
fsreibnitz: raises $6 to $12
B_loJkl: raises $6 to $18
fsreibnitz: raises $6 to $24
Betting is capped
B_loJkl: calls $6
*** RIVER *** [9c Th 7d 4d] [3d]
fsreibnitz: bets $6
B_loJkl: calls $6
*** SHOW DOWN ***
fsreibnitz: shows [9s 9d] (three of a kind, Nines)
B_loJkl: mucks hand
fsreibnitz collected $77.50 from pot
*** SUMMARY ***
Total pot $78 | Rake $0.50
Board [9c Th 7d 4d 3d]
Seat 2: fsreibnitz (big blind) showed [9s 9d] and won ($77.50) with three of a kind, Nines
Seat 3: B_loJkl (button) (small blind) mucked


PokerStars Hand #158813920035:  Hold'em Limit ($3/$6 USD) - 2016/09/19 11:51:11 ET
Table 'Reinmuthia' 6-max Seat #2 is the button
Seat 2: fsreibnitz ($317.98 in chips)
Seat 3: B_loJkl ($103.88 in chips)
fsreibnitz: posts small blind $1
B_loJkl: posts big blind $3
*** HOLE CARDS ***
fsreibnitz: raises $3 to $6
B_loJkl: calls $3
*** FLOP *** [6d 8d Qs]
B_loJkl: checks
fsreibnitz: bets $3
B_loJkl: raises $3 to $6
fsreibnitz: calls $3
*** TURN *** [6d 8d Qs] [2h]
B_loJkl: bets $6
fsreibnitz: calls $6
*** RIVER *** [6d 8d Qs 2h] [Qc]
B_loJkl: bets $6
fsreibnitz: calls $6
*** SHOW DOWN ***
B_loJkl: shows [8c 6s] (two pair, Queens and Eights)
fsreibnitz: mucks hand
B_loJkl collected $47.50 from pot
*** SUMMARY ***
Total pot $48 | Rake $0.50
Board [6d 8d Qs 2h Qc]
Seat 2: fsreibnitz (button) (small blind) mucked
Seat 3: B_loJkl (big blind) showed [8c 6s] and won ($47.50) with two pair, Queens and Eights


PokerStars Hand #158813942014:  Hold'em Limit ($3/$6 USD) - 2016/09/19 11:51:44 ET
Table 'Reinmuthia' 6-max Seat #2 is the button
Seat 2: fsreibnitz ($290.98 in chips)
Seat 3: B_loJkl ($130.38 in chips)
fsreibnitz: posts small blind $1
B_loJkl: posts big blind $3
*** HOLE CARDS ***
fsreibnitz: raises $3 to $6
B_loJkl: raises $3 to $9
fsreibnitz: calls $3
*** FLOP *** [7h 7d 4d]
B_loJkl: bets $3
fsreibnitz: calls $3
*** TURN *** [7h 7d 4d] [Jh]
B_loJkl: bets $6
fsreibnitz: raises $6 to $12
B_loJkl: raises $6 to $18
fsreibnitz: calls $6
*** RIVER *** [7h 7d 4d Jh] [8s]
B_loJkl: bets $6
fsreibnitz: calls $6
*** SHOW DOWN ***
B_loJkl: shows [5s 7s] (three of a kind, Sevens)
fsreibnitz: mucks hand
B_loJkl collected $71.50 from pot
*** SUMMARY ***
Total pot $72 | Rake $0.50
Board [7h 7d 4d Jh 8s]
Seat 2: fsreibnitz (button) (small blind) mucked
Seat 3: B_loJkl (big blind) showed [5s 7s] and won ($71.50) with three of a kind, Sevens


PokerStars Hand #158813966537:  Hold'em Limit ($3/$6 USD) - 2016/09/19 11:52:21 ET
Table 'Reinmuthia' 6-max Seat #2 is the button
Seat 2: fsreibnitz ($251.98 in chips)
Seat 3: B_loJkl ($168.88 in chips)
fsreibnitz: posts small blind $1
B_loJkl: posts big blind $3
*** HOLE CARDS ***
fsreibnitz: folds
Uncalled bet ($2) returned to B_loJkl
B_loJkl collected $2 from pot
B_loJkl: doesn't show hand
*** SUMMARY ***
Total pot $2 | Rake $0
Seat 2: fsreibnitz (button) (small blind) folded before Flop
Seat 3: B_loJkl (big blind) collected ($2)


PokerStars Hand #158813969928:  Hold'em Limit ($3/$6 USD) - 2016/09/19 11:52:26 ET
Table 'Reinmuthia' 6-max Seat #3 is the button
Seat 2: fsreibnitz ($250.98 in chips)
Seat 3: B_loJkl ($169.88 in chips)
B_loJkl: posts small blind $1
fsreibnitz: posts big blind $3
*** HOLE CARDS ***
B_loJkl: raises $3 to $6
fsreibnitz: calls $3
*** FLOP *** [2h 9d 8s]
fsreibnitz: checks
B_loJkl: bets $3
fsreibnitz: calls $3
*** TURN *** [2h 9d 8s] [Jd]
fsreibnitz: checks
B_loJkl: checks
*** RIVER *** [2h 9d 8s Jd] [2s]
fsreibnitz: bets $6
B_loJkl: calls $6
*** SHOW DOWN ***
fsreibnitz: shows [9c 6d] (two pair, Nines and Deuces)
B_loJkl: mucks hand
fsreibnitz collected $29.50 from pot
*** SUMMARY ***
Total pot $30 | Rake $0.50
Board [2h 9d 8s Jd 2s]
Seat 2: fsreibnitz (big blind) showed [9c 6d] and won ($29.50) with two pair, Nines and Deuces
Seat 3: B_loJkl (button) (small blind) mucked


PokerStars Hand #158813982149:  Hold'em Limit ($3/$6 USD) - 2016/09/19 11:52:45 ET
Table 'Reinmuthia' 6-max Seat #2 is the button
Seat 2: fsreibnitz ($265.48 in chips)
Seat 3: B_loJkl ($154.88 in chips)
fsreibnitz: posts small blind $1
B_loJkl: posts big blind $3
*** HOLE CARDS ***
fsreibnitz: raises $3 to $6
B_loJkl: calls $3
*** FLOP *** [2h Ts 9d]
B_loJkl: checks
fsreibnitz: bets $3
B_loJkl: calls $3
*** TURN *** [2h Ts 9d] [8h]
B_loJkl: checks
fsreibnitz: checks
*** RIVER *** [2h Ts 9d 8h] [3c]
B_loJkl: checks
fsreibnitz: bets $6
B_loJkl: calls $6
*** SHOW DOWN ***
fsreibnitz: shows [8s Kd] (a pair of Eights)
B_loJkl: mucks hand
fsreibnitz collected $29.50 from pot
*** SUMMARY ***
Total pot $30 | Rake $0.50
Board [2h Ts 9d 8h 3c]
Seat 2: fsreibnitz (button) (small blind) showed [8s Kd] and won ($29.50) with a pair of Eights
Seat 3: B_loJkl (big blind) mucked


PokerStars Hand #158813995876:  Hold'em Limit ($3/$6 USD) - 2016/09/19 11:53:06 ET
Table 'Reinmuthia' 6-max Seat #3 is the button
Seat 2: fsreibnitz ($279.98 in chips)
Seat 3: B_loJkl ($139.88 in chips)
B_loJkl: posts small blind $1
fsreibnitz: posts big blind $3
*** HOLE CARDS ***
B_loJkl: raises $3 to $6
fsreibnitz: calls $3
*** FLOP *** [Td Jc 9s]
fsreibnitz: checks
B_loJkl: bets $3
fsreibnitz: calls $3
*** TURN *** [Td Jc 9s] [6c]
fsreibnitz: checks
B_loJkl: checks
*** RIVER *** [Td Jc 9s 6c] [3h]
fsreibnitz: bets $6
B_loJkl: calls $6
*** SHOW DOWN ***
fsreibnitz: shows [3c Jd] (two pair, Jacks and Threes)
B_loJkl: mucks hand
fsreibnitz collected $29.50 from pot
*** SUMMARY ***
Total pot $30 | Rake $0.50
Board [Td Jc 9s 6c 3h]
Seat 2: fsreibnitz (big blind) showed [3c Jd] and won ($29.50) with two pair, Jacks and Threes
Seat 3: B_loJkl (button) (small blind) mucked


PokerStars Hand #158814009836:  Hold'em Limit ($3/$6 USD) - 2016/09/19 11:53:27 ET
Table 'Reinmuthia' 6-max Seat #2 is the button
Seat 2: fsreibnitz ($294.48 in chips)
Seat 3: B_loJkl ($124.88 in chips)
fsreibnitz: posts small blind $1
B_loJkl: posts big blind $3
*** HOLE CARDS ***
fsreibnitz: raises $3 to $6
B_loJkl: calls $3
*** FLOP *** [3h Jd 5h]
B_loJkl: checks
fsreibnitz: bets $3
B_loJkl: calls $3
*** TURN *** [3h Jd 5h] [3c]
B_loJkl: checks
fsreibnitz: checks
*** RIVER *** [3h Jd 5h 3c] [9s]
B_loJkl: bets $6
fsreibnitz: calls $6
*** SHOW DOWN ***
B_loJkl: shows [7d Ac] (a pair of Threes)
fsreibnitz: shows [2c 5s] (two pair, Fives and Threes)
fsreibnitz collected $29.50 from pot
*** SUMMARY ***
Total pot $30 | Rake $0.50
Board [3h Jd 5h 3c 9s]
Seat 2: fsreibnitz (button) (small blind) showed [2c 5s] and won ($29.50) with two pair, Fives and Threes
Seat 3: B_loJkl (big blind) showed [7d Ac] and lost with a pair of Threes


PokerStars Hand #158814025471:  Hold'em Limit ($3/$6 USD) - 2016/09/19 11:53:51 ET
Table 'Reinmuthia' 6-max Seat #3 is the button
Seat 2: fsreibnitz ($308.98 in chips)
Seat 3: B_loJkl ($109.88 in chips)
B_loJkl: posts small blind $1
fsreibnitz: posts big blind $3
*** HOLE CARDS ***
B_loJkl: raises $3 to $6
fsreibnitz: calls $3
*** FLOP *** [Ah Jd 9c]
fsreibnitz: checks
B_loJkl: bets $3
fsreibnitz: calls $3
*** TURN *** [Ah Jd 9c] [Qc]
fsreibnitz: checks
B_loJkl: checks
*** RIVER *** [Ah Jd 9c Qc] [Ac]
fsreibnitz: checks
B_loJkl: bets $6
fsreibnitz: raises $6 to $12
B_loJkl: calls $6
*** SHOW DOWN ***
fsreibnitz: shows [8c Ad] (three of a kind, Aces)
B_loJkl: mucks hand
fsreibnitz collected $41.50 from pot
*** SUMMARY ***
Total pot $42 | Rake $0.50
Board [Ah Jd 9c Qc Ac]
Seat 2: fsreibnitz (big blind) showed [8c Ad] and won ($41.50) with three of a kind, Aces
Seat 3: B_loJkl (button) (small blind) mucked


PokerStars Hand #158814043092:  Hold'em Limit ($3/$6 USD) - 2016/09/19 11:54:17 ET
Table 'Reinmuthia' 6-max Seat #2 is the button
Seat 2: fsreibnitz ($329.48 in chips)
Seat 3: B_loJkl ($88.88 in chips)
fsreibnitz: posts small blind $1
B_loJkl: posts big blind $3
*** HOLE CARDS ***
fsreibnitz: raises $3 to $6
B_loJkl: calls $3
*** FLOP *** [Td Ks 2d]
B_loJkl: checks
fsreibnitz: bets $3
B_loJkl: folds
Uncalled bet ($3) returned to fsreibnitz
fsreibnitz collected $11.76 from pot
*** SUMMARY ***
Total pot $12 | Rake $0.24
Board [Td Ks 2d]
Seat 2: fsreibnitz (button) (small blind) collected ($11.76)
Seat 3: B_loJkl (big blind) folded on the Flop


PokerStars Hand #158814050513:  Hold'em Limit ($3/$6 USD) - 2016/09/19 11:54:29 ET
Table 'Reinmuthia' 6-max Seat #3 is the button
Seat 2: fsreibnitz ($335.24 in chips)
Seat 3: B_loJkl ($82.88 in chips)
B_loJkl: posts small blind $1
fsreibnitz: posts big blind $3
*** HOLE CARDS ***
B_loJkl: raises $3 to $6
fsreibnitz: calls $3
*** FLOP *** [5s 8c Qd]
fsreibnitz: checks
B_loJkl: bets $3
fsreibnitz: calls $3
*** TURN *** [5s 8c Qd] [9c]
fsreibnitz: checks
B_loJkl: bets $6
fsreibnitz: folds
Uncalled bet ($6) returned to B_loJkl
B_loJkl collected $17.64 from pot
B_loJkl: doesn't show hand
*** SUMMARY ***
Total pot $18 | Rake $0.36
Board [5s 8c Qd 9c]
Seat 2: fsreibnitz (big blind) folded on the Turn
Seat 3: B_loJkl (button) (small blind) collected ($17.64)


PokerStars Hand #158814072252:  Hold'em Limit ($3/$6 USD) - 2016/09/19 11:55:02 ET
Table 'Reinmuthia' 6-max Seat #3 is the button
Seat 2: fsreibnitz ($325.24 in chips)
Seat 3: B_loJkl ($92.52 in chips)
B_loJkl: posts small blind $1
fsreibnitz: posts big blind $3
*** HOLE CARDS ***
B_loJkl: raises $3 to $6
fsreibnitz: calls $3
*** FLOP *** [8c Kh Ac]
fsreibnitz: checks
B_loJkl: bets $3
fsreibnitz: calls $3
*** TURN *** [8c Kh Ac] [2d]
fsreibnitz: checks
B_loJkl: bets $6
fsreibnitz: calls $6
*** RIVER *** [8c Kh Ac 2d] [7c]
fsreibnitz: checks
B_loJkl: bets $6
fsreibnitz: calls $6
*** SHOW DOWN ***
B_loJkl: shows [7h Ad] (two pair, Aces and Sevens)
fsreibnitz: mucks hand
B_loJkl collected $41.50 from pot
*** SUMMARY ***
Total pot $42 | Rake $0.50
Board [8c Kh Ac 2d 7c]
Seat 2: fsreibnitz (big blind) mucked
Seat 3: B_loJkl (button) (small blind) showed [7h Ad] and won ($41.50) with two pair, Aces and Sevens


PokerStars Hand #158814084088:  Hold'em Limit ($3/$6 USD) - 2016/09/19 11:55:23 ET
Table 'Reinmuthia' 6-max Seat #2 is the button
Seat 2: fsreibnitz ($304.24 in chips)
Seat 3: B_loJkl ($113.02 in chips)
fsreibnitz: posts small blind $1
B_loJkl: posts big blind $3
*** HOLE CARDS ***
fsreibnitz: raises $3 to $6
B_loJkl: calls $3
*** FLOP *** [Kd Ts 3d]
B_loJkl: checks
fsreibnitz: bets $3
B_loJkl: calls $3
*** TURN *** [Kd Ts 3d] [2d]
B_loJkl: checks
fsreibnitz: bets $6
B_loJkl: calls $6
*** RIVER *** [Kd Ts 3d 2d] [4c]
B_loJkl: checks
fsreibnitz: bets $6
B_loJkl: calls $6
*** SHOW DOWN ***
fsreibnitz: shows [6c Tc] (a pair of Tens)
B_loJkl: shows [9h Td] (a pair of Tens - King+Nine kicker)
B_loJkl collected $41.50 from pot
*** SUMMARY ***
Total pot $42 | Rake $0.50
Board [Kd Ts 3d 2d 4c]
Seat 2: fsreibnitz (button) (small blind) showed [6c Tc] and lost with a pair of Tens
Seat 3: B_loJkl (big blind) showed [9h Td] and won ($41.50) with a pair of Tens


PokerStars Hand #158814067873:  Hold'em Limit ($3/$6 USD) - 2016/09/19 11:54:55 ET
Table 'Reinmuthia' 6-max Seat #2 is the button
Seat 2: fsreibnitz ($326.24 in chips)
Seat 3: B_loJkl ($91.52 in chips)
fsreibnitz: posts small blind $1
B_loJkl: posts big blind $3
*** HOLE CARDS ***
fsreibnitz: folds
Uncalled bet ($2) returned to B_loJkl
B_loJkl collected $2 from pot
B_loJkl: doesn't show hand
*** SUMMARY ***
Total pot $2 | Rake $0
Seat 2: fsreibnitz (button) (small blind) folded before Flop
Seat 3: B_loJkl (big blind) collected ($2)


PokerStars Hand #158814123449:  Hold'em Limit ($3/$6 USD) - 2016/09/19 11:56:36 ET
Table 'Reinmuthia' 6-max Seat #2 is the button
Seat 2: fsreibnitz ($273.52 in chips)
Seat 3: B_loJkl ($142.02 in chips)
fsreibnitz: posts small blind $1
B_loJkl: posts big blind $3
*** HOLE CARDS ***
fsreibnitz: raises $3 to $6
B_loJkl: calls $3
*** FLOP *** [4h 7c 5d]
B_loJkl: checks
fsreibnitz: checks
*** TURN *** [4h 7c 5d] [3d]
B_loJkl: bets $6
fsreibnitz: calls $6
*** RIVER *** [4h 7c 5d 3d] [3s]
B_loJkl: bets $6
fsreibnitz: calls $6
*** SHOW DOWN ***
B_loJkl: shows [6c 9s] (a straight, Three to Seven)
fsreibnitz: mucks hand
B_loJkl collected $35.50 from pot
*** SUMMARY ***
Total pot $36 | Rake $0.50
Board [4h 7c 5d 3d 3s]
Seat 2: fsreibnitz (button) (small blind) mucked
Seat 3: B_loJkl (big blind) showed [6c 9s] and won ($35.50) with a straight, Three to Seven


PokerStars Hand #158814113270:  Hold'em Limit ($3/$6 USD) - 2016/09/19 11:56:17 ET
Table 'Reinmuthia' 6-max Seat #3 is the button
Seat 2: fsreibnitz ($262 in chips)
Seat 3: B_loJkl ($154.02 in chips)
B_loJkl: posts small blind $1
fsreibnitz: posts big blind $3
*** HOLE CARDS ***
B_loJkl: raises $3 to $6
fsreibnitz: calls $3
*** FLOP *** [2s Qc Ah]
fsreibnitz: checks
B_loJkl: bets $3
fsreibnitz: raises $3 to $6
B_loJkl: calls $3
*** TURN *** [2s Qc Ah] [4h]
fsreibnitz: bets $6
B_loJkl: folds
Uncalled bet ($6) returned to fsreibnitz
fsreibnitz collected $23.52 from pot
*** SUMMARY ***
Total pot $24 | Rake $0.48
Board [2s Qc Ah 4h]
Seat 2: fsreibnitz (big blind) collected ($23.52)
Seat 3: B_loJkl (button) (small blind) folded on the Turn


PokerStars Hand #158814106053:  Hold'em Limit ($3/$6 USD) - 2016/09/19 11:56:04 ET
Table 'Reinmuthia' 6-max Seat #2 is the button
Seat 2: fsreibnitz ($256.24 in chips)
Seat 3: B_loJkl ($160.02 in chips)
fsreibnitz: posts small blind $1
B_loJkl: posts big blind $3
*** HOLE CARDS ***
fsreibnitz: raises $3 to $6
B_loJkl: calls $3
*** FLOP *** [4c 2h Kc]
B_loJkl: checks
fsreibnitz: bets $3
B_loJkl: folds
Uncalled bet ($3) returned to fsreibnitz
fsreibnitz collected $11.76 from pot
*** SUMMARY ***
Total pot $12 | Rake $0.24
Board [4c 2h Kc]
Seat 2: fsreibnitz (button) (small blind) collected ($11.76)
Seat 3: B_loJkl (big blind) folded on the Flop


PokerStars Hand #158814095790:  Hold'em Limit ($3/$6 USD) - 2016/09/19 11:55:45 ET
Table 'Reinmuthia' 6-max Seat #3 is the button
Seat 2: fsreibnitz ($283.24 in chips)
Seat 3: B_loJkl ($133.52 in chips)
B_loJkl: posts small blind $1
fsreibnitz: posts big blind $3
*** HOLE CARDS ***
B_loJkl: raises $3 to $6
fsreibnitz: calls $3
*** FLOP *** [Ac 7c 7d]
fsreibnitz: checks
B_loJkl: bets $3
fsreibnitz: calls $3
*** TURN *** [Ac 7c 7d] [2h]
fsreibnitz: checks
B_loJkl: bets $6
fsreibnitz: raises $6 to $12
B_loJkl: calls $6
*** RIVER *** [Ac 7c 7d 2h] [Jd]
fsreibnitz: bets $6
B_loJkl: calls $6
*** SHOW DOWN ***
fsreibnitz: shows [5c Js] (two pair, Jacks and Sevens)
B_loJkl: shows [9h Ad] (two pair, Aces and Sevens)
B_loJkl collected $53.50 from pot
*** SUMMARY ***
Total pot $54 | Rake $0.50
Board [Ac 7c 7d 2h Jd]
Seat 2: fsreibnitz (big blind) showed [5c Js] and lost with two pair, Jacks and Sevens
Seat 3: B_loJkl (button) (small blind) showed [9h Ad] and won ($53.50) with two pair, Aces and Sevens


PokerStars Hand #158814145335:  Hold'em Limit ($3/$6 USD) - 2016/09/19 11:57:16 ET
Table 'Reinmuthia' 6-max Seat #2 is the button
Seat 2: fsreibnitz ($249.52 in chips)
Seat 3: B_loJkl ($165.28 in chips)
fsreibnitz: posts small blind $1
B_loJkl: posts big blind $3
*** HOLE CARDS ***
fsreibnitz: raises $3 to $6
B_loJkl: calls $3
*** FLOP *** [Kc 6d Ks]
B_loJkl: checks
fsreibnitz: bets $3
B_loJkl: raises $3 to $6
fsreibnitz: calls $3
*** TURN *** [Kc 6d Ks] [4d]
B_loJkl: bets $6
fsreibnitz: calls $6
*** RIVER *** [Kc 6d Ks 4d] [9h]
B_loJkl: bets $6
fsreibnitz: calls $6
*** SHOW DOWN ***
B_loJkl: shows [Kd Tc] (three of a kind, Kings)
fsreibnitz: mucks hand
B_loJkl collected $47.50 from pot
*** SUMMARY ***
Total pot $48 | Rake $0.50
Board [Kc 6d Ks 4d 9h]
Seat 2: fsreibnitz (button) (small blind) mucked
Seat 3: B_loJkl (big blind) showed [Kd Tc] and won ($47.50) with three of a kind, Kings


PokerStars Hand #158814136878:  Hold'em Limit ($3/$6 USD) - 2016/09/19 11:57:00 ET
Table 'Reinmuthia' 6-max Seat #3 is the button
Seat 2: fsreibnitz ($255.52 in chips)
Seat 3: B_loJkl ($159.52 in chips)
B_loJkl: posts small blind $1
fsreibnitz: posts big blind $3
*** HOLE CARDS ***
B_loJkl: raises $3 to $6
fsreibnitz: calls $3
*** FLOP *** [5h Qs Ts]
fsreibnitz: checks
B_loJkl: bets $3
fsreibnitz: folds
Uncalled bet ($3) returned to B_loJkl
B_loJkl collected $11.76 from pot
B_loJkl: doesn't show hand
*** SUMMARY ***
Total pot $12 | Rake $0.24
Board [5h Qs Ts]
Seat 2: fsreibnitz (big blind) folded on the Flop
Seat 3: B_loJkl (button) (small blind) collected ($11.76)


PokerStars Hand #158814177321:  Hold'em Limit ($3/$6 USD) - 2016/09/19 11:58:14 ET
Table 'Reinmuthia' 6-max Seat #2 is the button
Seat 2: fsreibnitz ($243.02 in chips)
Seat 3: B_loJkl ($170.78 in chips)
fsreibnitz: posts small blind $1
B_loJkl: posts big blind $3
*** HOLE CARDS ***
fsreibnitz: raises $3 to $6
B_loJkl: folds
Uncalled bet ($3) returned to fsreibnitz
fsreibnitz collected $6 from pot
*** SUMMARY ***
Total pot $6 | Rake $0
Seat 2: fsreibnitz (button) (small blind) collected ($6)
Seat 3: B_loJkl (big blind) folded before Flop


PokerStars Hand #158814164072:  Hold'em Limit ($3/$6 USD) - 2016/09/19 11:57:50 ET
Table 'Reinmuthia' 6-max Seat #3 is the button
Seat 2: fsreibnitz ($225.52 in chips)
Seat 3: B_loJkl ($188.78 in chips)
B_loJkl: posts small blind $1
fsreibnitz: posts big blind $3
*** HOLE CARDS ***
B_loJkl: raises $3 to $6
fsreibnitz: raises $3 to $9
B_loJkl: calls $3
*** FLOP *** [Kh 6s As]
fsreibnitz: bets $3
B_loJkl: calls $3
*** TURN *** [Kh 6s As] [9d]
fsreibnitz: bets $6
B_loJkl: calls $6
*** RIVER *** [Kh 6s As 9d] [9s]
fsreibnitz: checks
B_loJkl: checks
*** SHOW DOWN ***
fsreibnitz: shows [5c Kc] (two pair, Kings and Nines)
B_loJkl: mucks hand
fsreibnitz collected $35.50 from pot
*** SUMMARY ***
Total pot $36 | Rake $0.50
Board [Kh 6s As 9d 9s]
Seat 2: fsreibnitz (big blind) showed [5c Kc] and won ($35.50) with two pair, Kings and Nines
Seat 3: B_loJkl (button) (small blind) mucked


PokerStars Hand #158814217043:  Hold'em Limit ($3/$6 USD) - 2016/09/19 11:59:25 ET
Table 'Reinmuthia' 6-max Seat #2 is the button
Seat 2: fsreibnitz ($279.16 in chips)
Seat 3: B_loJkl ($133.78 in chips)
fsreibnitz: posts small blind $1
B_loJkl: posts big blind $3
*** HOLE CARDS ***
fsreibnitz: raises $3 to $6
B_loJkl: calls $3
*** FLOP *** [Kc Qc 7s]
B_loJkl: checks
fsreibnitz: bets $3
B_loJkl: raises $3 to $6
fsreibnitz: calls $3
*** TURN *** [Kc Qc 7s] [Ad]
B_loJkl: bets $6
fsreibnitz: calls $6
*** RIVER *** [Kc Qc 7s Ad] [9d]
B_loJkl: bets $6
fsreibnitz: calls $6
*** SHOW DOWN ***
B_loJkl: shows [4h Kd] (a pair of Kings)
fsreibnitz: mucks hand
B_loJkl collected $47.50 from pot
*** SUMMARY ***
Total pot $48 | Rake $0.50
Board [Kc Qc 7s Ad 9d]
Seat 2: fsreibnitz (button) (small blind) mucked
Seat 3: B_loJkl (big blind) showed [4h Kd] and won ($47.50) with a pair of Kings


PokerStars Hand #158814213405:  Hold'em Limit ($3/$6 USD) - 2016/09/19 11:59:18 ET
Table 'Reinmuthia' 6-max Seat #3 is the button
Seat 2: fsreibnitz ($278.16 in chips)
Seat 3: B_loJkl ($134.78 in chips)
B_loJkl: posts small blind $1
fsreibnitz: posts big blind $3
*** HOLE CARDS ***
B_loJkl: folds
Uncalled bet ($2) returned to fsreibnitz
fsreibnitz collected $2 from pot
*** SUMMARY ***
Total pot $2 | Rake $0
Seat 2: fsreibnitz (big blind) collected ($2)
Seat 3: B_loJkl (button) (small blind) folded before Flop


PokerStars Hand #158814195890:  Hold'em Limit ($3/$6 USD) - 2016/09/19 11:58:47 ET
Table 'Reinmuthia' 6-max Seat #2 is the button
Seat 2: fsreibnitz ($254.66 in chips)
Seat 3: B_loJkl ($158.78 in chips)
fsreibnitz: posts small blind $1
B_loJkl: posts big blind $3
*** HOLE CARDS ***
fsreibnitz: raises $3 to $6
B_loJkl: calls $3
*** FLOP *** [3s 4s 5h]
B_loJkl: checks
fsreibnitz: bets $3
B_loJkl: raises $3 to $6
fsreibnitz: calls $3
*** TURN *** [3s 4s 5h] [7c]
B_loJkl: bets $6
fsreibnitz: raises $6 to $12
B_loJkl: calls $6
*** RIVER *** [3s 4s 5h 7c] [8s]
B_loJkl: checks
fsreibnitz: checks
*** SHOW DOWN ***
B_loJkl: shows [Jc 4c] (a pair of Fours)
fsreibnitz: shows [6d 3h] (a straight, Four to Eight)
fsreibnitz collected $47.50 from pot
*** SUMMARY ***
Total pot $48 | Rake $0.50
Board [3s 4s 5h 7c 8s]
Seat 2: fsreibnitz (button) (small blind) showed [6d 3h] and won ($47.50) with a straight, Four to Eight
Seat 3: B_loJkl (big blind) showed [Jc 4c] and lost with a pair of Fours


PokerStars Hand #158814256342:  Hold'em Limit ($3/$6 USD) - 2016/09/19 12:00:34 ET
Table 'Reinmuthia' 6-max Seat #3 is the button
Seat 2: fsreibnitz ($228.16 in chips)
Seat 3: B_loJkl ($183.54 in chips)
B_loJkl: posts small blind $1
fsreibnitz: posts big blind $3
*** HOLE CARDS ***
B_loJkl: raises $3 to $6
fsreibnitz: calls $3
*** FLOP *** [4c Ts 8h]
fsreibnitz: checks
B_loJkl: bets $3
fsreibnitz: calls $3
*** TURN *** [4c Ts 8h] [Jh]
fsreibnitz: checks
B_loJkl: checks
*** RIVER *** [4c Ts 8h Jh] [2s]
fsreibnitz: bets $6
B_loJkl: calls $6
*** SHOW DOWN ***
fsreibnitz: shows [3h 7h] (high card Jack)
B_loJkl: shows [Kc 4d] (a pair of Fours)
B_loJkl collected $29.50 from pot
*** SUMMARY ***
Total pot $30 | Rake $0.50
Board [4c Ts 8h Jh 2s]
Seat 2: fsreibnitz (big blind) showed [3h 7h] and lost with high card Jack
Seat 3: B_loJkl (button) (small blind) showed [Kc 4d] and won ($29.50) with a pair of Fours


PokerStars Hand #158814242113:  Hold'em Limit ($3/$6 USD) - 2016/09/19 12:00:09 ET
Table 'Reinmuthia' 6-max Seat #2 is the button
Seat 2: fsreibnitz ($249.16 in chips)
Seat 3: B_loJkl ($163.04 in chips)
fsreibnitz: posts small blind $1
B_loJkl: posts big blind $3
*** HOLE CARDS ***
fsreibnitz: raises $3 to $6
B_loJkl: calls $3
*** FLOP *** [2h 6s 5s]
B_loJkl: checks
fsreibnitz: bets $3
B_loJkl: calls $3
*** TURN *** [2h 6s 5s] [8d]
B_loJkl: checks
fsreibnitz: bets $6
B_loJkl: raises $6 to $12
fsreibnitz: calls $6
*** RIVER *** [2h 6s 5s 8d] [Td]
B_loJkl: bets $6
fsreibnitz: folds
Uncalled bet ($6) returned to B_loJkl
B_loJkl collected $41.50 from pot
B_loJkl: doesn't show hand
*** SUMMARY ***
Total pot $42 | Rake $0.50
Board [2h 6s 5s 8d Td]
Seat 2: fsreibnitz (button) (small blind) folded on the River
Seat 3: B_loJkl (big blind) collected ($41.50)


PokerStars Hand #158814234249:  Hold'em Limit ($3/$6 USD) - 2016/09/19 11:59:56 ET
Table 'Reinmuthia' 6-max Seat #3 is the button
Seat 2: fsreibnitz ($255.16 in chips)
Seat 3: B_loJkl ($157.28 in chips)
B_loJkl: posts small blind $1
fsreibnitz: posts big blind $3
*** HOLE CARDS ***
B_loJkl: raises $3 to $6
fsreibnitz: calls $3
*** FLOP *** [9d Qh 2d]
fsreibnitz: checks
B_loJkl: bets $3
fsreibnitz: folds
Uncalled bet ($3) returned to B_loJkl
B_loJkl collected $11.76 from pot
B_loJkl: doesn't show hand
*** SUMMARY ***
Total pot $12 | Rake $0.24
Board [9d Qh 2d]
Seat 2: fsreibnitz (big blind) folded on the Flop
Seat 3: B_loJkl (button) (small blind) collected ($11.76)


PokerStars Hand #158814297839:  Hold'em Limit ($3/$6 USD) - 2016/09/19 12:01:42 ET
Table 'Reinmuthia' 6-max Seat #3 is the button
Seat 2: fsreibnitz ($224.56 in chips)
Seat 3: B_loJkl ($186.04 in chips)
B_loJkl: posts small blind $1
fsreibnitz: posts big blind $3
*** HOLE CARDS ***
B_loJkl: raises $3 to $6
fsreibnitz: folds
Uncalled bet ($3) returned to B_loJkl
B_loJkl collected $6 from pot
B_loJkl: doesn't show hand
*** SUMMARY ***
Total pot $6 | Rake $0
Seat 2: fsreibnitz (big blind) folded before Flop
Seat 3: B_loJkl (button) (small blind) collected ($6)


PokerStars Hand #158814290681:  Hold'em Limit ($3/$6 USD) - 2016/09/19 12:01:30 ET
Table 'Reinmuthia' 6-max Seat #2 is the button
Seat 2: fsreibnitz ($218.80 in chips)
Seat 3: B_loJkl ($192.04 in chips)
fsreibnitz: posts small blind $1
B_loJkl: posts big blind $3
*** HOLE CARDS ***
fsreibnitz: raises $3 to $6
B_loJkl: calls $3
*** FLOP *** [7c Qs Ad]
B_loJkl: checks
fsreibnitz: bets $3
B_loJkl: folds
Uncalled bet ($3) returned to fsreibnitz
fsreibnitz collected $11.76 from pot
*** SUMMARY ***
Total pot $12 | Rake $0.24
Board [7c Qs Ad]
Seat 2: fsreibnitz (button) (small blind) collected ($11.76)
Seat 3: B_loJkl (big blind) folded on the Flop


PokerStars Hand #158814286907:  Hold'em Limit ($3/$6 USD) - 2016/09/19 12:01:24 ET
Table 'Reinmuthia' 6-max Seat #3 is the button
Seat 2: fsreibnitz ($221.80 in chips)
Seat 3: B_loJkl ($189.04 in chips)
B_loJkl: posts small blind $1
fsreibnitz: posts big blind $3
*** HOLE CARDS ***
B_loJkl: raises $3 to $6
fsreibnitz: folds
Uncalled bet ($3) returned to B_loJkl
B_loJkl collected $6 from pot
B_loJkl: doesn't show hand
*** SUMMARY ***
Total pot $6 | Rake $0
Seat 2: fsreibnitz (big blind) folded before Flop
Seat 3: B_loJkl (button) (small blind) collected ($6)


PokerStars Hand #158814267803:  Hold'em Limit ($3/$6 USD) - 2016/09/19 12:00:54 ET
Table 'Reinmuthia' 6-max Seat #2 is the button
Seat 2: fsreibnitz ($213.16 in chips)
Seat 3: B_loJkl ($198.04 in chips)
fsreibnitz: posts small blind $1
B_loJkl: posts big blind $3
*** HOLE CARDS ***
fsreibnitz: raises $3 to $6
B_loJkl: calls $3
*** FLOP *** [4c As 3s]
B_loJkl: checks
fsreibnitz: bets $3
B_loJkl: calls $3
*** TURN *** [4c As 3s] [8d]
B_loJkl: checks
fsreibnitz: checks
*** RIVER *** [4c As 3s 8d] [2h]
B_loJkl: checks
fsreibnitz: checks
*** SHOW DOWN ***
B_loJkl: shows [9s Qh] (high card Ace)
fsreibnitz: shows [2s Kh] (a pair of Deuces)
fsreibnitz collected $17.64 from pot
*** SUMMARY ***
Total pot $18 | Rake $0.36
Board [4c As 3s 8d 2h]
Seat 2: fsreibnitz (button) (small blind) showed [2s Kh] and won ($17.64) with a pair of Deuces
Seat 3: B_loJkl (big blind) showed [9s Qh] and lost with high card Ace


PokerStars Hand #158814329541:  Hold'em Limit ($3/$6 USD) - 2016/09/19 12:02:31 ET
Table 'Reinmuthia' 6-max Seat #2 is the button
Seat 2: fsreibnitz ($203.56 in chips)
Seat 3: B_loJkl ($206.54 in chips)
fsreibnitz: posts small blind $1
B_loJkl: posts big blind $3
*** HOLE CARDS ***
fsreibnitz: raises $3 to $6
B_loJkl: calls $3
*** FLOP *** [Kh 3h Js]
B_loJkl: checks
fsreibnitz: bets $3
B_loJkl: calls $3
*** TURN *** [Kh 3h Js] [2s]
B_loJkl: checks
fsreibnitz: bets $6
B_loJkl: calls $6
*** RIVER *** [Kh 3h Js 2s] [Kd]
B_loJkl: checks
fsreibnitz: bets $6
B_loJkl: calls $6
*** SHOW DOWN ***
fsreibnitz: shows [Kc 5d] (three of a kind, Kings)
B_loJkl: mucks hand
fsreibnitz collected $41.50 from pot
*** SUMMARY ***
Total pot $42 | Rake $0.50
Board [Kh 3h Js 2s Kd]
Seat 2: fsreibnitz (button) (small blind) showed [Kc 5d] and won ($41.50) with three of a kind, Kings
Seat 3: B_loJkl (big blind) mucked


PokerStars Hand #158814325765:  Hold'em Limit ($3/$6 USD) - 2016/09/19 12:02:25 ET
Table 'Reinmuthia' 6-max Seat #3 is the button
Seat 2: fsreibnitz ($206.56 in chips)
Seat 3: B_loJkl ($203.54 in chips)
B_loJkl: posts small blind $1
fsreibnitz: posts big blind $3
*** HOLE CARDS ***
B_loJkl: raises $3 to $6
fsreibnitz: folds
Uncalled bet ($3) returned to B_loJkl
B_loJkl collected $6 from pot
B_loJkl: doesn't show hand
*** SUMMARY ***
Total pot $6 | Rake $0
Seat 2: fsreibnitz (big blind) folded before Flop
Seat 3: B_loJkl (button) (small blind) collected ($6)


PokerStars Hand #158814322202:  Hold'em Limit ($3/$6 USD) - 2016/09/19 12:02:19 ET
Table 'Reinmuthia' 6-max Seat #2 is the button
Seat 2: fsreibnitz ($207.56 in chips)
Seat 3: B_loJkl ($202.54 in chips)
fsreibnitz: posts small blind $1
B_loJkl: posts big blind $3
*** HOLE CARDS ***
fsreibnitz: folds
Uncalled bet ($2) returned to B_loJkl
B_loJkl collected $2 from pot
B_loJkl: doesn't show hand
*** SUMMARY ***
Total pot $2 | Rake $0
Seat 2: fsreibnitz (button) (small blind) folded before Flop
Seat 3: B_loJkl (big blind) collected ($2)


PokerStars Hand #158814318055:  Hold'em Limit ($3/$6 USD) - 2016/09/19 12:02:13 ET
Table 'Reinmuthia' 6-max Seat #3 is the button
Seat 2: fsreibnitz ($206.56 in chips)
Seat 3: B_loJkl ($203.54 in chips)
B_loJkl: posts small blind $1
fsreibnitz: posts big blind $3
*** HOLE CARDS ***
B_loJkl: folds
Uncalled bet ($2) returned to fsreibnitz
fsreibnitz collected $2 from pot
*** SUMMARY ***
Total pot $2 | Rake $0
Seat 2: fsreibnitz (big blind) collected ($2)
Seat 3: B_loJkl (button) (small blind) folded before Flop


PokerStars Hand #158814301447:  Hold'em Limit ($3/$6 USD) - 2016/09/19 12:01:47 ET
Table 'Reinmuthia' 6-max Seat #2 is the button
Seat 2: fsreibnitz ($221.56 in chips)
Seat 3: B_loJkl ($189.04 in chips)
fsreibnitz: posts small blind $1
B_loJkl: posts big blind $3
*** HOLE CARDS ***
fsreibnitz: raises $3 to $6
B_loJkl: calls $3
*** FLOP *** [Ah Js 4d]
B_loJkl: checks
fsreibnitz: bets $3
B_loJkl: calls $3
*** TURN *** [Ah Js 4d] [Kd]
B_loJkl: checks
fsreibnitz: checks
*** RIVER *** [Ah Js 4d Kd] [4s]
B_loJkl: checks
fsreibnitz: bets $6
B_loJkl: calls $6
*** SHOW DOWN ***
fsreibnitz: shows [9s 8s] (a pair of Fours)
B_loJkl: shows [Qc 5s] (a pair of Fours - Ace+King+Queen kicker)
B_loJkl collected $29.50 from pot
*** SUMMARY ***
Total pot $30 | Rake $0.50
Board [Ah Js 4d Kd 4s]
Seat 2: fsreibnitz (button) (small blind) showed [9s 8s] and lost with a pair of Fours
Seat 3: B_loJkl (big blind) showed [Qc 5s] and won ($29.50) with a pair of Fours


PokerStars Hand #158814372394:  Hold'em Limit ($3/$6 USD) - 2016/09/19 12:03:34 ET
Table 'Reinmuthia' 6-max Seat #2 is the button
Seat 2: fsreibnitz ($212.06 in chips)
Seat 3: B_loJkl ($197.06 in chips)
fsreibnitz: posts small blind $1
B_loJkl: posts big blind $3
*** HOLE CARDS ***
fsreibnitz: raises $3 to $6
B_loJkl: folds
Uncalled bet ($3) returned to fsreibnitz
fsreibnitz collected $6 from pot
*** SUMMARY ***
Total pot $6 | Rake $0
Seat 2: fsreibnitz (button) (small blind) collected ($6)
Seat 3: B_loJkl (big blind) folded before Flop


PokerStars Hand #158814350881:  Hold'em Limit ($3/$6 USD) - 2016/09/19 12:03:03 ET
Table 'Reinmuthia' 6-max Seat #3 is the button
Seat 2: fsreibnitz ($224.06 in chips)
Seat 3: B_loJkl ($185.54 in chips)
B_loJkl: posts small blind $1
fsreibnitz: posts big blind $3
*** HOLE CARDS ***
B_loJkl: raises $3 to $6
fsreibnitz: calls $3
*** FLOP *** [Ts Qd 7d]
fsreibnitz: checks
B_loJkl: checks
*** TURN *** [Ts Qd 7d] [6h]
fsreibnitz: checks
B_loJkl: bets $6
fsreibnitz: calls $6
*** RIVER *** [Ts Qd 7d 6h] [Qc]
fsreibnitz: checks
B_loJkl: checks
*** SHOW DOWN ***
fsreibnitz: shows [8s Jh] (a pair of Queens)
B_loJkl: shows [5d Kc] (a pair of Queens - King kicker)
B_loJkl collected $23.52 from pot
*** SUMMARY ***
Total pot $24 | Rake $0.48
Board [Ts Qd 7d 6h Qc]
Seat 2: fsreibnitz (big blind) showed [8s Jh] and lost with a pair of Queens
Seat 3: B_loJkl (button) (small blind) showed [5d Kc] and won ($23.52) with a pair of Queens


PokerStars Hand #158814409740:  Hold'em Limit ($3/$6 USD) - 2016/09/19 12:04:30 ET
Table 'Reinmuthia' 6-max Seat #3 is the button
Seat 2: fsreibnitz ($167.06 in chips)
Seat 3: B_loJkl ($241.06 in chips)
B_loJkl: posts small blind $1
fsreibnitz: posts big blind $3
*** HOLE CARDS ***
B_loJkl: raises $3 to $6
fsreibnitz: raises $3 to $9
B_loJkl: calls $3
*** FLOP *** [Ad Jh 2d]
fsreibnitz: bets $3
B_loJkl: calls $3
*** TURN *** [Ad Jh 2d] [2s]
fsreibnitz: bets $6
B_loJkl: calls $6
*** RIVER *** [Ad Jh 2d 2s] [Qd]
fsreibnitz: bets $6
B_loJkl: folds
Uncalled bet ($6) returned to fsreibnitz
fsreibnitz collected $35.50 from pot
*** SUMMARY ***
Total pot $36 | Rake $0.50
Board [Ad Jh 2d 2s Qd]
Seat 2: fsreibnitz (big blind) collected ($35.50)
Seat 3: B_loJkl (button) (small blind) folded on the River


PokerStars Hand #158814396079:  Hold'em Limit ($3/$6 USD) - 2016/09/19 12:04:10 ET
Table 'Reinmuthia' 6-max Seat #2 is the button
Seat 2: fsreibnitz ($191.06 in chips)
Seat 3: B_loJkl ($217.56 in chips)
fsreibnitz: posts small blind $1
B_loJkl: posts big blind $3
*** HOLE CARDS ***
fsreibnitz: raises $3 to $6
B_loJkl: raises $3 to $9
fsreibnitz: calls $3
*** FLOP *** [Ks 8d 8s]
B_loJkl: bets $3
fsreibnitz: calls $3
*** TURN *** [Ks 8d 8s] [Qs]
B_loJkl: bets $6
fsreibnitz: raises $6 to $12
B_loJkl: calls $6
*** RIVER *** [Ks 8d 8s Qs] [2d]
B_loJkl: checks
fsreibnitz: checks
*** SHOW DOWN ***
B_loJkl: shows [Kh Ah] (two pair, Kings and Eights)
fsreibnitz: mucks hand
B_loJkl collected $47.50 from pot
*** SUMMARY ***
Total pot $48 | Rake $0.50
Board [Ks 8d 8s Qs 2d]
Seat 2: fsreibnitz (button) (small blind) mucked
Seat 3: B_loJkl (big blind) showed [Kh Ah] and won ($47.50) with two pair, Kings and Eights


PokerStars Hand #158814376696:  Hold'em Limit ($3/$6 USD) - 2016/09/19 12:03:41 ET
Table 'Reinmuthia' 6-max Seat #3 is the button
Seat 2: fsreibnitz ($215.06 in chips)
Seat 3: B_loJkl ($194.06 in chips)
B_loJkl: posts small blind $1
fsreibnitz: posts big blind $3
*** HOLE CARDS ***
B_loJkl: raises $3 to $6
fsreibnitz: calls $3
*** FLOP *** [7d Js Jd]
fsreibnitz: checks
B_loJkl: bets $3
fsreibnitz: raises $3 to $6
B_loJkl: calls $3
*** TURN *** [7d Js Jd] [4d]
fsreibnitz: bets $6
B_loJkl: calls $6
*** RIVER *** [7d Js Jd 4d] [As]
fsreibnitz: bets $6
B_loJkl: calls $6
*** SHOW DOWN ***
fsreibnitz: shows [5d 7h] (two pair, Jacks and Sevens)
B_loJkl: shows [Ac 5s] (two pair, Aces and Jacks)
B_loJkl collected $47.50 from pot
*** SUMMARY ***
Total pot $48 | Rake $0.50
Board [7d Js Jd 4d As]
Seat 2: fsreibnitz (big blind) showed [5d 7h] and lost with two pair, Jacks and Sevens
Seat 3: B_loJkl (button) (small blind) showed [Ac 5s] and won ($47.50) with two pair, Aces and Jacks


PokerStars Hand #158814453322:  Hold'em Limit ($3/$6 USD) - 2016/09/19 12:05:34 ET
Table 'Reinmuthia' 6-max Seat #3 is the button
Seat 2: fsreibnitz ($163.56 in chips)
Seat 3: B_loJkl ($243.34 in chips)
B_loJkl: posts small blind $1
fsreibnitz: posts big blind $3
*** HOLE CARDS ***
B_loJkl: raises $3 to $6
fsreibnitz: calls $3
*** FLOP *** [2d 9s 7h]
fsreibnitz: checks
B_loJkl: checks
*** TURN *** [2d 9s 7h] [Td]
fsreibnitz: bets $6
B_loJkl: folds
Uncalled bet ($6) returned to fsreibnitz
fsreibnitz collected $11.76 from pot
*** SUMMARY ***
Total pot $12 | Rake $0.24
Board [2d 9s 7h Td]
Seat 2: fsreibnitz (big blind) collected ($11.76)
Seat 3: B_loJkl (button) (small blind) folded on the Turn


PokerStars Hand #158814442850:  Hold'em Limit ($3/$6 USD) - 2016/09/19 12:05:19 ET
Table 'Reinmuthia' 6-max Seat #2 is the button
Seat 2: fsreibnitz ($172.56 in chips)
Seat 3: B_loJkl ($234.70 in chips)
fsreibnitz: posts small blind $1
B_loJkl: posts big blind $3
*** HOLE CARDS ***
fsreibnitz: raises $3 to $6
B_loJkl: raises $3 to $9
fsreibnitz: calls $3
*** FLOP *** [5d 4s Kc]
B_loJkl: bets $3
fsreibnitz: folds
Uncalled bet ($3) returned to B_loJkl
B_loJkl collected $17.64 from pot
B_loJkl: doesn't show hand
*** SUMMARY ***
Total pot $18 | Rake $0.36
Board [5d 4s Kc]
Seat 2: fsreibnitz (button) (small blind) folded on the Flop
Seat 3: B_loJkl (big blind) collected ($17.64)


PokerStars Hand #158814438419:  Hold'em Limit ($3/$6 USD) - 2016/09/19 12:05:12 ET
Table 'Reinmuthia' 6-max Seat #3 is the button
Seat 2: fsreibnitz ($175.56 in chips)
Seat 3: B_loJkl ($231.70 in chips)
B_loJkl: posts small blind $1
fsreibnitz: posts big blind $3
*** HOLE CARDS ***
B_loJkl: raises $3 to $6
fsreibnitz: folds
Uncalled bet ($3) returned to B_loJkl
B_loJkl collected $6 from pot
B_loJkl: doesn't show hand
*** SUMMARY ***
Total pot $6 | Rake $0
Seat 2: fsreibnitz (big blind) folded before Flop
Seat 3: B_loJkl (button) (small blind) collected ($6)


PokerStars Hand #158814421785:  Hold'em Limit ($3/$6 USD) - 2016/09/19 12:04:48 ET
Table 'Reinmuthia' 6-max Seat #2 is the button
Seat 2: fsreibnitz ($184.56 in chips)
Seat 3: B_loJkl ($223.06 in chips)
fsreibnitz: posts small blind $1
B_loJkl: posts big blind $3
*** HOLE CARDS ***
fsreibnitz: raises $3 to $6
B_loJkl: calls $3
*** FLOP *** [4c 4s 8d]
B_loJkl: checks
fsreibnitz: bets $3
B_loJkl: calls $3
*** TURN *** [4c 4s 8d] [9h]
B_loJkl: checks
fsreibnitz: checks
*** RIVER *** [4c 4s 8d 9h] [Td]
B_loJkl: bets $6
fsreibnitz: folds
Uncalled bet ($6) returned to B_loJkl
B_loJkl collected $17.64 from pot
B_loJkl: doesn't show hand
*** SUMMARY ***
Total pot $18 | Rake $0.36
Board [4c 4s 8d 9h Td]
Seat 2: fsreibnitz (button) (small blind) folded on the River
Seat 3: B_loJkl (big blind) collected ($17.64)


PokerStars Hand #158814479934:  Hold'em Limit ($3/$6 USD) - 2016/09/19 12:06:13 ET
Table 'Reinmuthia' 6-max Seat #3 is the button
Seat 2: fsreibnitz ($145.32 in chips)
Seat 3: B_loJkl ($260.84 in chips)
B_loJkl: posts small blind $1
fsreibnitz: posts big blind $3
*** HOLE CARDS ***
B_loJkl: raises $3 to $6
fsreibnitz: raises $3 to $9
B_loJkl: calls $3
*** FLOP *** [2h Kh Ks]
fsreibnitz: bets $3
B_loJkl: calls $3
*** TURN *** [2h Kh Ks] [7d]
fsreibnitz: bets $6
B_loJkl: calls $6
*** RIVER *** [2h Kh Ks 7d] [5c]
fsreibnitz: bets $6
B_loJkl: calls $6
*** SHOW DOWN ***
fsreibnitz: shows [As Td] (a pair of Kings)
B_loJkl: shows [Ac 5d] (two pair, Kings and Fives)
B_loJkl collected $47.50 from pot
*** SUMMARY ***
Total pot $48 | Rake $0.50
Board [2h Kh Ks 7d 5c]
Seat 2: fsreibnitz (big blind) showed [As Td] and lost with a pair of Kings
Seat 3: B_loJkl (button) (small blind) showed [Ac 5d] and won ($47.50) with two pair, Kings and Fives


PokerStars Hand #158814463714:  Hold'em Limit ($3/$6 USD) - 2016/09/19 12:05:49 ET
Table 'Reinmuthia' 6-max Seat #2 is the button
Seat 2: fsreibnitz ($169.32 in chips)
Seat 3: B_loJkl ($237.34 in chips)
fsreibnitz: posts small blind $1
B_loJkl: posts big blind $3
*** HOLE CARDS ***
fsreibnitz: raises $3 to $6
B_loJkl: calls $3
*** FLOP *** [Kd 8d Ks]
B_loJkl: checks
fsreibnitz: bets $3
B_loJkl: raises $3 to $6
fsreibnitz: calls $3
*** TURN *** [Kd 8d Ks] [3s]
B_loJkl: bets $6
fsreibnitz: calls $6
*** RIVER *** [Kd 8d Ks 3s] [Ad]
B_loJkl: bets $6
fsreibnitz: calls $6
*** SHOW DOWN ***
B_loJkl: shows [Kc 9c] (three of a kind, Kings)
fsreibnitz: mucks hand
B_loJkl collected $47.50 from pot
*** SUMMARY ***
Total pot $48 | Rake $0.50
Board [Kd 8d Ks 3s Ad]
Seat 2: fsreibnitz (button) (small blind) mucked
Seat 3: B_loJkl (big blind) showed [Kc 9c] and won ($47.50) with three of a kind, Kings


PokerStars Hand #158814549264:  Hold'em Limit ($3/$6 USD) - 2016/09/19 12:07:54 ET
Table 'Reinmuthia' 6-max Seat #3 is the button
Seat 2: fsreibnitz ($127.58 in chips)
Seat 3: B_loJkl ($276.84 in chips)
B_loJkl: posts small blind $1
fsreibnitz: posts big blind $3
*** HOLE CARDS ***
B_loJkl: raises $3 to $6
fsreibnitz: folds
Uncalled bet ($3) returned to B_loJkl
B_loJkl collected $6 from pot
B_loJkl: doesn't show hand
*** SUMMARY ***
Total pot $6 | Rake $0
Seat 2: fsreibnitz (big blind) folded before Flop
Seat 3: B_loJkl (button) (small blind) collected ($6)


PokerStars Hand #158814539238:  Hold'em Limit ($3/$6 USD) - 2016/09/19 12:07:40 ET
Table 'Reinmuthia' 6-max Seat #2 is the button
Seat 2: fsreibnitz ($121.82 in chips)
Seat 3: B_loJkl ($282.84 in chips)
fsreibnitz: posts small blind $1
B_loJkl: posts big blind $3
*** HOLE CARDS ***
fsreibnitz: raises $3 to $6
B_loJkl: calls $3
*** FLOP *** [5d Td 5h]
B_loJkl: checks
fsreibnitz: bets $3
B_loJkl: folds
Uncalled bet ($3) returned to fsreibnitz
fsreibnitz collected $11.76 from pot
*** SUMMARY ***
Total pot $12 | Rake $0.24
Board [5d Td 5h]
Seat 2: fsreibnitz (button) (small blind) collected ($11.76)
Seat 3: B_loJkl (big blind) folded on the Flop


PokerStars Hand #158814535443:  Hold'em Limit ($3/$6 USD) - 2016/09/19 12:07:34 ET
Table 'Reinmuthia' 6-max Seat #3 is the button
Seat 2: fsreibnitz ($124.82 in chips)
Seat 3: B_loJkl ($279.84 in chips)
B_loJkl: posts small blind $1
fsreibnitz: posts big blind $3
*** HOLE CARDS ***
B_loJkl: raises $3 to $6
fsreibnitz: folds
Uncalled bet ($3) returned to B_loJkl
B_loJkl collected $6 from pot
B_loJkl: doesn't show hand
*** SUMMARY ***
Total pot $6 | Rake $0
Seat 2: fsreibnitz (big blind) folded before Flop
Seat 3: B_loJkl (button) (small blind) collected ($6)


PokerStars Hand #158814520264:  Hold'em Limit ($3/$6 USD) - 2016/09/19 12:07:12 ET
Table 'Reinmuthia' 6-max Seat #2 is the button
Seat 2: fsreibnitz ($139.82 in chips)
Seat 3: B_loJkl ($265.34 in chips)
fsreibnitz: posts small blind $1
B_loJkl: posts big blind $3
*** HOLE CARDS ***
fsreibnitz: raises $3 to $6
B_loJkl: calls $3
*** FLOP *** [3c 7c Ks]
B_loJkl: checks
fsreibnitz: bets $3
B_loJkl: calls $3
*** TURN *** [3c 7c Ks] [9h]
B_loJkl: checks
fsreibnitz: checks
*** RIVER *** [3c 7c Ks 9h] [Qh]
B_loJkl: bets $6
fsreibnitz: calls $6
*** SHOW DOWN ***
B_loJkl: shows [5d Qs] (a pair of Queens)
fsreibnitz: mucks hand
B_loJkl collected $29.50 from pot
*** SUMMARY ***
Total pot $30 | Rake $0.50
Board [3c 7c Ks 9h Qh]
Seat 2: fsreibnitz (button) (small blind) mucked
Seat 3: B_loJkl (big blind) showed [5d Qs] and won ($29.50) with a pair of Queens


PokerStars Hand #158814516802:  Hold'em Limit ($3/$6 USD) - 2016/09/19 12:07:07 ET
Table 'Reinmuthia' 6-max Seat #3 is the button
Seat 2: fsreibnitz ($138.82 in chips)
Seat 3: B_loJkl ($266.34 in chips)
B_loJkl: posts small blind $1
fsreibnitz: posts big blind $3
*** HOLE CARDS ***
B_loJkl: folds
Uncalled bet ($2) returned to fsreibnitz
fsreibnitz collected $2 from pot
*** SUMMARY ***
Total pot $2 | Rake $0
Seat 2: fsreibnitz (big blind) collected ($2)
Seat 3: B_loJkl (button) (small blind) folded before Flop


PokerStars Hand #158814495729:  Hold'em Limit ($3/$6 USD) - 2016/09/19 12:06:36 ET
Table 'Reinmuthia' 6-max Seat #2 is the button
Seat 2: fsreibnitz ($121.32 in chips)
Seat 3: B_loJkl ($284.34 in chips)
fsreibnitz: posts small blind $1
B_loJkl: posts big blind $3
*** HOLE CARDS ***
fsreibnitz: raises $3 to $6
B_loJkl: calls $3
*** FLOP *** [6s 7s Ah]
B_loJkl: checks
fsreibnitz: bets $3
B_loJkl: raises $3 to $6
fsreibnitz: calls $3
*** TURN *** [6s 7s Ah] [Qc]
B_loJkl: checks
fsreibnitz: checks
*** RIVER *** [6s 7s Ah Qc] [4h]
B_loJkl: bets $6
fsreibnitz: calls $6
*** SHOW DOWN ***
B_loJkl: shows [5d 9s] (high card Ace)
fsreibnitz: shows [6d 2d] (a pair of Sixes)
fsreibnitz collected $35.50 from pot
*** SUMMARY ***
Total pot $36 | Rake $0.50
Board [6s 7s Ah Qc 4h]
Seat 2: fsreibnitz (button) (small blind) showed [6d 2d] and won ($35.50) with a pair of Sixes
Seat 3: B_loJkl (big blind) showed [5d 9s] and lost with high card Ace


PokerStars Hand #158814570172:  Hold'em Limit ($3/$6 USD) - 2016/09/19 12:08:25 ET
Table 'Reinmuthia' 6-max Seat #3 is the button
Seat 2: fsreibnitz ($106.58 in chips)
Seat 3: B_loJkl ($297.34 in chips)
B_loJkl: posts small blind $1
fsreibnitz: posts big blind $3
*** HOLE CARDS ***
B_loJkl: raises $3 to $6
fsreibnitz: calls $3
*** FLOP *** [9s Jh Tc]
fsreibnitz: checks
B_loJkl: bets $3
fsreibnitz: calls $3
*** TURN *** [9s Jh Tc] [Ah]
fsreibnitz: checks
B_loJkl: checks
*** RIVER *** [9s Jh Tc Ah] [5s]
fsreibnitz: bets $6
B_loJkl: calls $6
*** SHOW DOWN ***
fsreibnitz: shows [8s Kd] (high card Ace)
B_loJkl: shows [Ks 5c] (a pair of Fives)
B_loJkl collected $29.50 from pot
*** SUMMARY ***
Total pot $30 | Rake $0.50
Board [9s Jh Tc Ah 5s]
Seat 2: fsreibnitz (big blind) showed [8s Kd] and lost with high card Ace
Seat 3: B_loJkl (button) (small blind) showed [Ks 5c] and won ($29.50) with a pair of Fives


PokerStars Hand #158814552841:  Hold'em Limit ($3/$6 USD) - 2016/09/19 12:08:00 ET
Table 'Reinmuthia' 6-max Seat #2 is the button
Seat 2: fsreibnitz ($124.58 in chips)
Seat 3: B_loJkl ($279.84 in chips)
fsreibnitz: posts small blind $1
B_loJkl: posts big blind $3
*** HOLE CARDS ***
fsreibnitz: raises $3 to $6
B_loJkl: calls $3
*** FLOP *** [4h 9h Ks]
B_loJkl: checks
fsreibnitz: bets $3
B_loJkl: raises $3 to $6
fsreibnitz: calls $3
*** TURN *** [4h 9h Ks] [6s]
B_loJkl: bets $6
fsreibnitz: calls $6
*** RIVER *** [4h 9h Ks 6s] [8c]
B_loJkl: bets $6
fsreibnitz: folds
Uncalled bet ($6) returned to B_loJkl
B_loJkl collected $35.50 from pot
B_loJkl: doesn't show hand
*** SUMMARY ***
Total pot $36 | Rake $0.50
Board [4h 9h Ks 6s 8c]
Seat 2: fsreibnitz (button) (small blind) folded on the River
Seat 3: B_loJkl (big blind) collected ($35.50)


PokerStars Hand #158814622323:  Hold'em Limit ($3/$6 USD) - 2016/09/19 12:09:41 ET
Table 'Reinmuthia' 6-max Seat #2 is the button
Seat 2: fsreibnitz ($67.08 in chips)
Seat 3: B_loJkl ($335.34 in chips)
fsreibnitz: posts small blind $1
B_loJkl: posts big blind $3
*** HOLE CARDS ***
fsreibnitz: raises $3 to $6
B_loJkl: calls $3
*** FLOP *** [5d As 8d]
B_loJkl: checks
fsreibnitz: bets $3
B_loJkl: folds
Uncalled bet ($3) returned to fsreibnitz
fsreibnitz collected $11.76 from pot
*** SUMMARY ***
Total pot $12 | Rake $0.24
Board [5d As 8d]
Seat 2: fsreibnitz (button) (small blind) collected ($11.76)
Seat 3: B_loJkl (big blind) folded on the Flop


PokerStars Hand #158814606912:  Hold'em Limit ($3/$6 USD) - 2016/09/19 12:09:19 ET
Table 'Reinmuthia' 6-max Seat #3 is the button
Seat 2: fsreibnitz ($43.58 in chips)
Seat 3: B_loJkl ($359.34 in chips)
B_loJkl: posts small blind $1
fsreibnitz: posts big blind $3
*** HOLE CARDS ***
B_loJkl: raises $3 to $6
fsreibnitz: raises $3 to $9
B_loJkl: calls $3
*** FLOP *** [7d 8h Td]
fsreibnitz: bets $3
B_loJkl: calls $3
*** TURN *** [7d 8h Td] [6h]
fsreibnitz: checks
B_loJkl: bets $6
fsreibnitz: calls $6
*** RIVER *** [7d 8h Td 6h] [3d]
fsreibnitz: checks
B_loJkl: bets $6
fsreibnitz: calls $6
*** SHOW DOWN ***
B_loJkl: shows [Jh 5s] (high card Jack)
fsreibnitz: shows [Kc Qd] (high card King)
fsreibnitz collected $47.50 from pot
*** SUMMARY ***
Total pot $48 | Rake $0.50
Board [7d 8h Td 6h 3d]
Seat 2: fsreibnitz (big blind) showed [Kc Qd] and won ($47.50) with high card King
Seat 3: B_loJkl (button) (small blind) showed [Jh 5s] and lost with high card Jack


PokerStars Hand #158814586275:  Hold'em Limit ($3/$6 USD) - 2016/09/19 12:08:49 ET
Table 'Reinmuthia' 6-max Seat #2 is the button
Seat 2: fsreibnitz ($91.58 in chips)
Seat 3: B_loJkl ($311.84 in chips)
fsreibnitz: posts small blind $1
B_loJkl: posts big blind $3
*** HOLE CARDS ***
fsreibnitz: raises $3 to $6
fsreibnitz said, "lol"
B_loJkl: raises $3 to $9
fsreibnitz: calls $3
*** FLOP *** [6c Td 8s]
B_loJkl: bets $3
fsreibnitz: calls $3
*** TURN *** [6c Td 8s] [8h]
B_loJkl: bets $6
fsreibnitz: raises $6 to $12
B_loJkl: raises $6 to $18
fsreibnitz: raises $6 to $24
Betting is capped
B_loJkl: calls $6
*** RIVER *** [6c Td 8s 8h] [2s]
B_loJkl: checks
fsreibnitz: bets $6
B_loJkl: raises $6 to $12
fsreibnitz: calls $6
*** SHOW DOWN ***
B_loJkl: shows [Th Ts] (a full house, Tens full of Eights)
fsreibnitz: mucks hand
B_loJkl collected $95.50 from pot
*** SUMMARY ***
Total pot $96 | Rake $0.50
Board [6c Td 8s 8h 2s]
Seat 2: fsreibnitz (button) (small blind) mucked
Seat 3: B_loJkl (big blind) showed [Th Ts] and won ($95.50) with a full house, Tens full of Eights


PokerStars Hand #158814629797:  Hold'em Limit ($3/$6 USD) - 2016/09/19 12:09:52 ET
Table 'Reinmuthia' 6-max Seat #3 is the button
Seat 2: fsreibnitz ($72.84 in chips)
Seat 3: B_loJkl ($329.34 in chips)
B_loJkl: posts small blind $1
fsreibnitz: posts big blind $3
*** HOLE CARDS ***
B_loJkl: raises $3 to $6
fsreibnitz: raises $3 to $9
B_loJkl: calls $3
*** FLOP *** [5h Tc 3h]
fsreibnitz: bets $3
B_loJkl: calls $3
*** TURN *** [5h Tc 3h] [3d]
fsreibnitz: bets $6
B_loJkl: calls $6
*** RIVER *** [5h Tc 3h 3d] [3s]
fsreibnitz: bets $6
B_loJkl: folds
Uncalled bet ($6) returned to fsreibnitz
fsreibnitz collected $35.50 from pot
*** SUMMARY ***
Total pot $36 | Rake $0.50
Board [5h Tc 3h 3d 3s]
Seat 2: fsreibnitz (big blind) collected ($35.50)
Seat 3: B_loJkl (button) (small blind) folded on the River


PokerStars Hand #158815686519:  Hold'em Limit ($3/$6 USD) - 2016/09/19 12:35:18 ET
Table 'Reinmuthia' 6-max Seat #2 is the button
Seat 2: zeelogic666 ($46.47 in chips)
Seat 4: Actionni13 ($150 in chips)
zeelogic666: posts small blind $1
Actionni13: posts big blind $3
*** HOLE CARDS ***
zeelogic666: raises $3 to $6
Actionni13: calls $3
*** FLOP *** [9c Kd 5d]
Actionni13: checks
zeelogic666: checks
*** TURN *** [9c Kd 5d] [9d]
Actionni13: checks
zeelogic666: bets $6
Actionni13: calls $6
*** RIVER *** [9c Kd 5d 9d] [3h]
Actionni13: checks
zeelogic666: bets $6
Actionni13: calls $6
*** SHOW DOWN ***
zeelogic666: shows [Kc 6s] (two pair, Kings and Nines)
Actionni13: mucks hand
zeelogic666 collected $35.50 from pot
*** SUMMARY ***
Total pot $36 | Rake $0.50
Board [9c Kd 5d 9d 3h]
Seat 2: zeelogic666 (button) (small blind) showed [Kc 6s] and won ($35.50) with two pair, Kings and Nines
Seat 4: Actionni13 (big blind) mucked


PokerStars Hand #158815746458:  Hold'em Limit ($3/$6 USD) - 2016/09/19 12:36:42 ET
Table 'Reinmuthia' 6-max Seat #2 is the button
Seat 2: zeelogic666 ($81.11 in chips)
Seat 4: Actionni13 ($158.40 in chips)
megabaitt joins the table at seat #5
zeelogic666: posts small blind $1
Actionni13: posts big blind $3
*** HOLE CARDS ***
zeelogic666: folds
Uncalled bet ($2) returned to Actionni13
Actionni13 collected $2 from pot
Actionni13: doesn't show hand
*** SUMMARY ***
Total pot $2 | Rake $0
Seat 2: zeelogic666 (button) (small blind) folded before Flop
Seat 4: Actionni13 (big blind) collected ($2)


PokerStars Hand #158815740015:  Hold'em Limit ($3/$6 USD) - 2016/09/19 12:36:33 ET
Table 'Reinmuthia' 6-max Seat #4 is the button
Seat 2: zeelogic666 ($72.47 in chips)
Seat 4: Actionni13 ($167.40 in chips)
Actionni13: posts small blind $1
zeelogic666: posts big blind $3
*** HOLE CARDS ***
Actionni13: raises $3 to $6
zeelogic666: raises $3 to $9
Actionni13: calls $3
*** FLOP *** [Qs Kh 3c]
zeelogic666: bets $3
Actionni13: folds
Uncalled bet ($3) returned to zeelogic666
zeelogic666 collected $17.64 from pot
zeelogic666: doesn't show hand
*** SUMMARY ***
Total pot $18 | Rake $0.36
Board [Qs Kh 3c]
Seat 2: zeelogic666 (big blind) collected ($17.64)
Seat 4: Actionni13 (button) (small blind) folded on the Flop


PokerStars Hand #158815702494:  Hold'em Limit ($3/$6 USD) - 2016/09/19 12:35:41 ET
Table 'Reinmuthia' 6-max Seat #4 is the button
Seat 2: zeelogic666 ($63.97 in chips)
Seat 4: Actionni13 ($150 in chips)
Actionni13: posts small blind $1
zeelogic666: posts big blind $3
*** HOLE CARDS ***
Actionni13: raises $3 to $6
zeelogic666: calls $3
*** FLOP *** [Td Kh 9c]
zeelogic666: checks
Actionni13: bets $3
zeelogic666: calls $3
*** TURN *** [Td Kh 9c] [3d]
zeelogic666: checks
Actionni13: bets $6
zeelogic666: raises $6 to $12
Actionni13: calls $6
*** RIVER *** [Td Kh 9c 3d] [9h]
zeelogic666: bets $6
Actionni13: calls $6
*** SHOW DOWN ***
zeelogic666: shows [3c 3h] (a full house, Threes full of Nines)
Actionni13: mucks hand
zeelogic666 collected $53.50 from pot
*** SUMMARY ***
Total pot $54 | Rake $0.50
Board [Td Kh 9c 3d 9h]
Seat 2: zeelogic666 (big blind) showed [3c 3h] and won ($53.50) with a full house, Threes full of Nines
Seat 4: Actionni13 (button) (small blind) mucked


PokerStars Hand #158815719463:  Hold'em Limit ($3/$6 USD) - 2016/09/19 12:36:04 ET
Table 'Reinmuthia' 6-max Seat #2 is the button
Seat 2: zeelogic666 ($90.47 in chips)
Seat 4: Actionni13 ($150 in chips)
zeelogic666: posts small blind $1
Actionni13: posts big blind $3
*** HOLE CARDS ***
zeelogic666: raises $3 to $6
Actionni13: calls $3
*** FLOP *** [6h Qh Jc]
Actionni13: checks
zeelogic666: bets $3
Actionni13: raises $3 to $6
zeelogic666: folds
Uncalled bet ($3) returned to Actionni13
Actionni13 collected $17.64 from pot
Actionni13: doesn't show hand
*** SUMMARY ***
Total pot $18 | Rake $0.36
Board [6h Qh Jc]
Seat 2: zeelogic666 (button) (small blind) folded on the Flop
Seat 4: Actionni13 (big blind) collected ($17.64)


PokerStars Hand #158815823176:  Hold'em Limit ($3/$6 USD) - 2016/09/19 12:38:31 ET
Table 'Reinmuthia' 6-max Seat #4 is the button
Seat 2: zeelogic666 ($86.07 in chips)
Seat 4: Actionni13 ($151 in chips)
Actionni13: posts small blind $1
zeelogic666: posts big blind $3
*** HOLE CARDS ***
Actionni13: folds
Uncalled bet ($2) returned to zeelogic666
zeelogic666 collected $2 from pot
zeelogic666: doesn't show hand
*** SUMMARY ***
Total pot $2 | Rake $0
Seat 2: zeelogic666 (big blind) collected ($2)
Seat 4: Actionni13 (button) (small blind) folded before Flop


PokerStars Hand #158815819593:  Hold'em Limit ($3/$6 USD) - 2016/09/19 12:38:26 ET
Table 'Reinmuthia' 6-max Seat #2 is the button
Seat 2: zeelogic666 ($87.07 in chips)
Seat 4: Actionni13 ($150 in chips)
zeelogic666: posts small blind $1
Actionni13: posts big blind $3
*** HOLE CARDS ***
zeelogic666: folds
Uncalled bet ($2) returned to Actionni13
Actionni13 collected $2 from pot
Actionni13: doesn't show hand
*** SUMMARY ***
Total pot $2 | Rake $0
Seat 2: zeelogic666 (button) (small blind) folded before Flop
Seat 4: Actionni13 (big blind) collected ($2)


PokerStars Hand #158815857863:  Hold'em Limit ($3/$6 USD) - 2016/09/19 12:39:20 ET
Table 'Reinmuthia' 6-max Seat #4 is the button
Seat 2: zeelogic666 ($76.71 in chips)
Seat 4: Actionni13 ($159.50 in chips)
Actionni13: posts small blind $1
zeelogic666: posts big blind $3
*** HOLE CARDS ***
Actionni13: raises $3 to $6
zeelogic666: raises $3 to $9
Actionni13: calls $3
*** FLOP *** [6c Ks Th]
zeelogic666: bets $3
Actionni13: calls $3
*** TURN *** [6c Ks Th] [Jd]
zeelogic666: bets $6
Actionni13: raises $6 to $12
zeelogic666: raises $6 to $18
Actionni13: calls $6
*** RIVER *** [6c Ks Th Jd] [Jh]
zeelogic666: bets $6
Actionni13: raises $6 to $12
zeelogic666: calls $6
*** SHOW DOWN ***
Actionni13: shows [Kd Kh] (a full house, Kings full of Jacks)
zeelogic666: mucks hand
Actionni13 collected $83.50 from pot
*** SUMMARY ***
Total pot $84 | Rake $0.50
Board [6c Ks Th Jd Jh]
Seat 2: zeelogic666 (big blind) mucked
Seat 4: Actionni13 (button) (small blind) showed [Kd Kh] and won ($83.50) with a full house, Kings full of Jacks


PokerStars Hand #158815854617:  Hold'em Limit ($3/$6 USD) - 2016/09/19 12:39:15 ET
Table 'Reinmuthia' 6-max Seat #2 is the button
Seat 2: zeelogic666 ($77.71 in chips)
Seat 4: Actionni13 ($158.50 in chips)
zeelogic666: posts small blind $1
Actionni13: posts big blind $3
*** HOLE CARDS ***
zeelogic666: folds
Uncalled bet ($2) returned to Actionni13
Actionni13 collected $2 from pot
Actionni13: doesn't show hand
*** SUMMARY ***
Total pot $2 | Rake $0
Seat 2: zeelogic666 (button) (small blind) folded before Flop
Seat 4: Actionni13 (big blind) collected ($2)


PokerStars Hand #158815846842:  Hold'em Limit ($3/$6 USD) - 2016/09/19 12:39:04 ET
Table 'Reinmuthia' 6-max Seat #4 is the button
Seat 2: zeelogic666 ($69.07 in chips)
Seat 4: Actionni13 ($167.50 in chips)
Actionni13: posts small blind $1
zeelogic666: posts big blind $3
*** HOLE CARDS ***
Actionni13: raises $3 to $6
zeelogic666: raises $3 to $9
Actionni13: calls $3
*** FLOP *** [Ac 4s 6c]
zeelogic666: bets $3
Actionni13: folds
Uncalled bet ($3) returned to zeelogic666
zeelogic666 collected $17.64 from pot
zeelogic666: doesn't show hand
*** SUMMARY ***
Total pot $18 | Rake $0.36
Board [Ac 4s 6c]
Seat 2: zeelogic666 (big blind) collected ($17.64)
Seat 4: Actionni13 (button) (small blind) folded on the Flop


PokerStars Hand #158815826368:  Hold'em Limit ($3/$6 USD) - 2016/09/19 12:38:35 ET
Table 'Reinmuthia' 6-max Seat #2 is the button
Seat 2: zeelogic666 ($87.07 in chips)
Seat 4: Actionni13 ($150 in chips)
zeelogic666: posts small blind $1
Actionni13: posts big blind $3
*** HOLE CARDS ***
zeelogic666: raises $3 to $6
Actionni13: raises $3 to $9
zeelogic666: calls $3
*** FLOP *** [6h Tc Jc]
Actionni13: bets $3
zeelogic666: calls $3
*** TURN *** [6h Tc Jc] [3s]
Actionni13: bets $6
zeelogic666: calls $6
*** RIVER *** [6h Tc Jc 3s] [4c]
Actionni13: bets $6
zeelogic666: folds
Uncalled bet ($6) returned to Actionni13
Actionni13 collected $35.50 from pot
Actionni13: doesn't show hand
*** SUMMARY ***
Total pot $36 | Rake $0.50
Board [6h Tc Jc 3s 4c]
Seat 2: zeelogic666 (button) (small blind) folded on the River
Seat 4: Actionni13 (big blind) collected ($35.50)


PokerStars Hand #158815915780:  Hold'em Limit ($3/$6 USD) - 2016/09/19 12:40:41 ET
Table 'Reinmuthia' 6-max Seat #4 is the button
Seat 2: zeelogic666 ($46.11 in chips)
Seat 4: Actionni13 ($189 in chips)
Actionni13: posts small blind $1
zeelogic666: posts big blind $3
*** HOLE CARDS ***
Actionni13: folds
Uncalled bet ($2) returned to zeelogic666
zeelogic666 collected $2 from pot
zeelogic666: doesn't show hand
*** SUMMARY ***
Total pot $2 | Rake $0
Seat 2: zeelogic666 (big blind) collected ($2)
Seat 4: Actionni13 (button) (small blind) folded before Flop


PokerStars Hand #158815898635:  Hold'em Limit ($3/$6 USD) - 2016/09/19 12:40:17 ET
Table 'Reinmuthia' 6-max Seat #2 is the button
Seat 2: zeelogic666 ($37.47 in chips)
Seat 4: Actionni13 ($198 in chips)
zeelogic666: posts small blind $1
Actionni13: posts big blind $3
*** HOLE CARDS ***
zeelogic666: raises $3 to $6
Actionni13: calls $3
*** FLOP *** [3c 5s 2d]
Actionni13: checks
zeelogic666: bets $3
Actionni13: calls $3
*** TURN *** [3c 5s 2d] [Kc]
Actionni13: checks
zeelogic666: bets $6
Actionni13: folds
Uncalled bet ($6) returned to zeelogic666
zeelogic666 collected $17.64 from pot
zeelogic666: doesn't show hand
*** SUMMARY ***
Total pot $18 | Rake $0.36
Board [3c 5s 2d Kc]
Seat 2: zeelogic666 (button) (small blind) collected ($17.64)
Seat 4: Actionni13 (big blind) folded on the Turn


PokerStars Hand #158815894758:  Hold'em Limit ($3/$6 USD) - 2016/09/19 12:40:12 ET
Table 'Reinmuthia' 6-max Seat #4 is the button
Seat 2: zeelogic666 ($40.47 in chips)
Seat 4: Actionni13 ($195 in chips)
Actionni13: posts small blind $1
zeelogic666: posts big blind $3
*** HOLE CARDS ***
Actionni13: raises $3 to $6
zeelogic666: folds
Uncalled bet ($3) returned to Actionni13
Actionni13 collected $6 from pot
Actionni13: doesn't show hand
*** SUMMARY ***
Total pot $6 | Rake $0
Seat 2: zeelogic666 (big blind) folded before Flop
Seat 4: Actionni13 (button) (small blind) collected ($6)


PokerStars Hand #158815882849:  Hold'em Limit ($3/$6 USD) - 2016/09/19 12:39:55 ET
Table 'Reinmuthia' 6-max Seat #2 is the button
Seat 2: zeelogic666 ($34.71 in chips)
Seat 4: Actionni13 ($201 in chips)
zeelogic666: posts small blind $1
Actionni13: posts big blind $3
*** HOLE CARDS ***
zeelogic666: raises $3 to $6
Actionni13: calls $3
*** FLOP *** [6s Ad Ac]
Actionni13: checks
zeelogic666: checks
*** TURN *** [6s Ad Ac] [Qs]
Actionni13: checks
zeelogic666: checks
*** RIVER *** [6s Ad Ac Qs] [Tc]
Actionni13: checks
zeelogic666: checks
*** SHOW DOWN ***
Actionni13: shows [Jd 9s] (a pair of Aces)
zeelogic666: shows [Kd 7c] (a pair of Aces - King kicker)
zeelogic666 collected $11.76 from pot
*** SUMMARY ***
Total pot $12 | Rake $0.24
Board [6s Ad Ac Qs Tc]
Seat 2: zeelogic666 (button) (small blind) showed [Kd 7c] and won ($11.76) with a pair of Aces
Seat 4: Actionni13 (big blind) showed [Jd 9s] and lost with a pair of Aces


PokerStars Hand #158815918387:  Hold'em Limit ($3/$6 USD) - 2016/09/19 12:40:45 ET
Table 'Reinmuthia' 6-max Seat #2 is the button
Seat 2: zeelogic666 ($47.11 in chips)
Seat 4: Actionni13 ($188 in chips)
zeelogic666: posts small blind $1
Actionni13: posts big blind $3
*** HOLE CARDS ***
zeelogic666: raises $3 to $6
Actionni13: raises $3 to $9
zeelogic666: calls $3
*** FLOP *** [4s 7c 3d]
Actionni13: bets $3
zeelogic666: calls $3
*** TURN *** [4s 7c 3d] [6h]
Actionni13: bets $6
zeelogic666: calls $6
*** RIVER *** [4s 7c 3d 6h] [3c]
Actionni13: checks
zeelogic666: bets $6
Actionni13: folds
Uncalled bet ($6) returned to zeelogic666
zeelogic666 collected $35.50 from pot
zeelogic666: doesn't show hand
*** SUMMARY ***
Total pot $36 | Rake $0.50
Board [4s 7c 3d 6h 3c]
Seat 2: zeelogic666 (button) (small blind) collected ($35.50)
Seat 4: Actionni13 (big blind) folded on the River


PokerStars Hand #158815938797:  Hold'em Limit ($3/$6 USD) - 2016/09/19 12:41:13 ET
Table 'Reinmuthia' 6-max Seat #4 is the button
Seat 2: zeelogic666 ($64.61 in chips)
Seat 4: Actionni13 ($170 in chips)
Actionni13: posts small blind $1
zeelogic666: posts big blind $3
*** HOLE CARDS ***
Actionni13: raises $3 to $6
zeelogic666: raises $3 to $9
Actionni13: calls $3
*** FLOP *** [Ks 5h 5d]
zeelogic666: bets $3
Actionni13: folds
Uncalled bet ($3) returned to zeelogic666
zeelogic666 collected $17.64 from pot
zeelogic666: doesn't show hand
*** SUMMARY ***
Total pot $18 | Rake $0.36
Board [Ks 5h 5d]
Seat 2: zeelogic666 (big blind) collected ($17.64)
Seat 4: Actionni13 (button) (small blind) folded on the Flop


PokerStars Hand #158815945595:  Hold'em Limit ($3/$6 USD) - 2016/09/19 12:41:23 ET
Table 'Reinmuthia' 6-max Seat #2 is the button
Seat 2: zeelogic666 ($73.25 in chips)
Seat 4: Actionni13 ($161 in chips)
zeelogic666: posts small blind $1
Actionni13: posts big blind $3
*** HOLE CARDS ***
zeelogic666: raises $3 to $6
Actionni13: calls $3
*** FLOP *** [3h Tc 6h]
Actionni13: checks
zeelogic666: checks
*** TURN *** [3h Tc 6h] [9d]
Actionni13: bets $6
zeelogic666: calls $6
*** RIVER *** [3h Tc 6h 9d] [9s]
Actionni13: bets $6
zeelogic666: folds
Uncalled bet ($6) returned to Actionni13
Actionni13 collected $23.52 from pot
Actionni13: doesn't show hand
*** SUMMARY ***
Total pot $24 | Rake $0.48
Board [3h Tc 6h 9d 9s]
Seat 2: zeelogic666 (button) (small blind) folded on the River
Seat 4: Actionni13 (big blind) collected ($23.52)


PokerStars Hand #158815958680:  Hold'em Limit ($3/$6 USD) - 2016/09/19 12:41:41 ET
Table 'Reinmuthia' 6-max Seat #4 is the button
Seat 2: zeelogic666 ($61.25 in chips)
Seat 4: Actionni13 ($172.52 in chips)
Actionni13: posts small blind $1
zeelogic666: posts big blind $3
*** HOLE CARDS ***
Actionni13: raises $3 to $6
zeelogic666: raises $3 to $9
Actionni13: calls $3
*** FLOP *** [6s 3h 2s]
zeelogic666: bets $3
Actionni13: calls $3
*** TURN *** [6s 3h 2s] [6c]
zeelogic666: bets $6
Actionni13: calls $6
*** RIVER *** [6s 3h 2s 6c] [Js]
zeelogic666: bets $6
Actionni13: calls $6
*** SHOW DOWN ***
zeelogic666: shows [Qc 6h] (three of a kind, Sixes)
Actionni13: mucks hand
zeelogic666 collected $47.50 from pot
*** SUMMARY ***
Total pot $48 | Rake $0.50
Board [6s 3h 2s 6c Js]
Seat 2: zeelogic666 (big blind) showed [Qc 6h] and won ($47.50) with three of a kind, Sixes
Seat 4: Actionni13 (button) (small blind) mucked


PokerStars Hand #158815974898:  Hold'em Limit ($3/$6 USD) - 2016/09/19 12:42:03 ET
Table 'Reinmuthia' 6-max Seat #2 is the button
Seat 2: zeelogic666 ($84.75 in chips)
Seat 4: Actionni13 ($150 in chips)
zeelogic666: posts small blind $1
Actionni13: posts big blind $3
*** HOLE CARDS ***
zeelogic666: raises $3 to $6
Actionni13: calls $3
*** FLOP *** [8c 9c Ts]
Actionni13: checks
zeelogic666: checks
*** TURN *** [8c 9c Ts] [Kc]
Actionni13: checks
zeelogic666: bets $6
Actionni13: folds
Uncalled bet ($6) returned to zeelogic666
zeelogic666 collected $11.76 from pot
zeelogic666: doesn't show hand
*** SUMMARY ***
Total pot $12 | Rake $0.24
Board [8c 9c Ts Kc]
Seat 2: zeelogic666 (button) (small blind) collected ($11.76)
Seat 4: Actionni13 (big blind) folded on the Turn


PokerStars Hand #158815991594:  Hold'em Limit ($3/$6 USD) - 2016/09/19 12:42:26 ET
Table 'Reinmuthia' 6-max Seat #4 is the button
Seat 2: zeelogic666 ($90.51 in chips)
Seat 4: Actionni13 ($150 in chips)
Actionni13: posts small blind $1
zeelogic666: posts big blind $3
*** HOLE CARDS ***
Actionni13: raises $3 to $6
zeelogic666: calls $3
*** FLOP *** [Kc Jd 2s]
zeelogic666: checks
Actionni13: bets $3
zeelogic666: folds
Uncalled bet ($3) returned to Actionni13
Actionni13 collected $11.76 from pot
Actionni13: doesn't show hand
*** SUMMARY ***
Total pot $12 | Rake $0.24
Board [Kc Jd 2s]
Seat 2: zeelogic666 (big blind) folded on the Flop
Seat 4: Actionni13 (button) (small blind) collected ($11.76)


PokerStars Hand #158816002982:  Hold'em Limit ($3/$6 USD) - 2016/09/19 12:42:42 ET
Table 'Reinmuthia' 6-max Seat #2 is the button
Seat 2: zeelogic666 ($84.51 in chips)
Seat 4: Actionni13 ($155.76 in chips)
zeelogic666: posts small blind $1
Actionni13: posts big blind $3
*** HOLE CARDS ***
zeelogic666: raises $3 to $6
Actionni13: calls $3
*** FLOP *** [Ah 8c 6h]
Actionni13: checks
zeelogic666: checks
*** TURN *** [Ah 8c 6h] [6s]
Actionni13: checks
zeelogic666: checks
*** RIVER *** [Ah 8c 6h 6s] [Ks]
Actionni13: checks
zeelogic666: bets $6
Actionni13: calls $6
*** SHOW DOWN ***
zeelogic666: shows [Ad Ts] (two pair, Aces and Sixes)
Actionni13: mucks hand
zeelogic666 collected $23.52 from pot
*** SUMMARY ***
Total pot $24 | Rake $0.48
Board [Ah 8c 6h 6s Ks]
Seat 2: zeelogic666 (button) (small blind) showed [Ad Ts] and won ($23.52) with two pair, Aces and Sixes
Seat 4: Actionni13 (big blind) mucked


PokerStars Hand #158816039616:  Hold'em Limit ($3/$6 USD) - 2016/09/19 12:43:33 ET
Table 'Reinmuthia' 6-max Seat #2 is the button
Seat 2: zeelogic666 ($104.67 in chips)
Seat 4: Actionni13 ($150 in chips)
zeelogic666: posts small blind $1
Actionni13: posts big blind $3
*** HOLE CARDS ***
zeelogic666: raises $3 to $6
Actionni13: folds
Uncalled bet ($3) returned to zeelogic666
zeelogic666 collected $6 from pot
zeelogic666: doesn't show hand
*** SUMMARY ***
Total pot $6 | Rake $0
Seat 2: zeelogic666 (button) (small blind) collected ($6)
Seat 4: Actionni13 (big blind) folded before Flop


PokerStars Hand #158816028431:  Hold'em Limit ($3/$6 USD) - 2016/09/19 12:43:17 ET
Table 'Reinmuthia' 6-max Seat #4 is the button
Seat 2: zeelogic666 ($96.03 in chips)
Seat 4: Actionni13 ($150 in chips)
Actionni13: posts small blind $1
zeelogic666: posts big blind $3
*** HOLE CARDS ***
Actionni13: raises $3 to $6
zeelogic666: raises $3 to $9
Actionni13: calls $3
*** FLOP *** [7h Qs Qd]
zeelogic666: checks
Actionni13: checks
*** TURN *** [7h Qs Qd] [2s]
zeelogic666: bets $6
Actionni13: folds
Uncalled bet ($6) returned to zeelogic666
zeelogic666 collected $17.64 from pot
zeelogic666: doesn't show hand
*** SUMMARY ***
Total pot $18 | Rake $0.36
Board [7h Qs Qd 2s]
Seat 2: zeelogic666 (big blind) collected ($17.64)
Seat 4: Actionni13 (button) (small blind) folded on the Turn


PokerStars Hand #158816272270:  Hold'em Limit ($3/$6 USD) - 2016/09/19 12:48:46 ET
Table 'Reinmuthia' 6-max Seat #4 is the button
Seat 4: Actionni13 ($150 in chips)
Seat 5: jakey99 ($50 in chips)
Actionni13: posts small blind $1
jakey99: posts big blind $3
*** HOLE CARDS ***
Actionni13: raises $3 to $6
jakey99: calls $3
*** FLOP *** [5c Kc Td]
jakey99: checks
Actionni13: bets $3
jakey99: folds
Uncalled bet ($3) returned to Actionni13
Actionni13 collected $11.76 from pot
Actionni13: doesn't show hand
*** SUMMARY ***
Total pot $12 | Rake $0.24
Board [5c Kc Td]
Seat 4: Actionni13 (button) (small blind) collected ($11.76)
Seat 5: jakey99 (big blind) folded on the Flop


PokerStars Hand #158816243517:  Hold'em Limit ($3/$6 USD) - 2016/09/19 12:48:09 ET
Table 'Reinmuthia' 6-max Seat #6 is the button
Seat 4: Actionni13 ($150 in chips)
Seat 6: prallimall ($125.76 in chips)
prallimall: posts small blind $1
Actionni13: posts big blind $3
*** HOLE CARDS ***
prallimall: raises $3 to $6
Actionni13: raises $3 to $9
prallimall: calls $3
*** FLOP *** [5c 6s 9s]
Actionni13: bets $3
prallimall: raises $3 to $6
Actionni13: calls $3
*** TURN *** [5c 6s 9s] [Jc]
Actionni13: checks
prallimall: bets $6
Actionni13: folds
Uncalled bet ($6) returned to prallimall
prallimall collected $29.50 from pot
prallimall: doesn't show hand
*** SUMMARY ***
Total pot $30 | Rake $0.50
Board [5c 6s 9s Jc]
Seat 4: Actionni13 (big blind) folded on the Turn
Seat 6: prallimall (button) (small blind) collected ($29.50)


PokerStars Hand #158816226646:  Hold'em Limit ($3/$6 USD) - 2016/09/19 12:47:46 ET
Table 'Reinmuthia' 6-max Seat #4 is the button
Seat 4: Actionni13 ($150 in chips)
Seat 6: prallimall ($120 in chips)
Actionni13: posts small blind $1
prallimall: posts big blind $3
*** HOLE CARDS ***
Actionni13: raises $3 to $6
prallimall: calls $3
*** FLOP *** [3h 7h 6c]
prallimall: checks
Actionni13: checks
*** TURN *** [3h 7h 6c] [Ad]
prallimall: checks
Actionni13: checks
*** RIVER *** [3h 7h 6c Ad] [9h]
prallimall: bets $6
Actionni13: folds
Uncalled bet ($6) returned to prallimall
prallimall collected $11.76 from pot
prallimall: doesn't show hand
*** SUMMARY ***
Total pot $12 | Rake $0.24
Board [3h 7h 6c Ad 9h]
Seat 4: Actionni13 (button) (small blind) folded on the River
Seat 6: prallimall (big blind) collected ($11.76)


PokerStars Hand #158816302065:  Hold'em Limit ($3/$6 USD) - 2016/09/19 12:49:26 ET
Table 'Reinmuthia' 6-max Seat #4 is the button
Seat 4: Actionni13 ($170.26 in chips)
Seat 5: jakey99 ($29 in chips)
Actionni13: posts small blind $1
jakey99: posts big blind $3
*** HOLE CARDS ***
Actionni13: raises $3 to $6
jakey99: calls $3
*** FLOP *** [7s 2d 3c]
jakey99: checks
Actionni13: checks
*** TURN *** [7s 2d 3c] [8d]
jakey99: checks
Actionni13: bets $6
jakey99: calls $6
*** RIVER *** [7s 2d 3c 8d] [5h]
jakey99: checks
Actionni13: bets $6
jakey99: folds
Uncalled bet ($6) returned to Actionni13
Actionni13 collected $23.52 from pot
Actionni13: doesn't show hand
*** SUMMARY ***
Total pot $24 | Rake $0.48
Board [7s 2d 3c 8d 5h]
Seat 4: Actionni13 (button) (small blind) collected ($23.52)
Seat 5: jakey99 (big blind) folded on the River


PokerStars Hand #158816281804:  Hold'em Limit ($3/$6 USD) - 2016/09/19 12:48:59 ET
Table 'Reinmuthia' 6-max Seat #5 is the button
Seat 4: Actionni13 ($155.76 in chips)
Seat 5: jakey99 ($44 in chips)
jakey99: posts small blind $1
Actionni13: posts big blind $3
*** HOLE CARDS ***
jakey99: raises $3 to $6
Actionni13: calls $3
*** FLOP *** [2h Ts Td]
Actionni13: checks
jakey99: bets $3
Actionni13: raises $3 to $6
jakey99: raises $3 to $9
Actionni13: raises $3 to $12
Betting is capped
jakey99: folds
Uncalled bet ($3) returned to Actionni13
Actionni13 collected $29.50 from pot
Actionni13: doesn't show hand
*** SUMMARY ***
Total pot $30 | Rake $0.50
Board [2h Ts Td]
Seat 4: Actionni13 (big blind) collected ($29.50)
Seat 5: jakey99 (button) (small blind) folded on the Flop


PokerStars Hand #158816353321:  Hold'em Limit ($3/$6 USD) - 2016/09/19 12:50:33 ET
Table 'Reinmuthia' 6-max Seat #5 is the button
Seat 4: Actionni13 ($185.28 in chips)
Seat 5: jakey99 ($12.50 in chips)
jakey99: posts small blind $1
Actionni13: posts big blind $3
*** HOLE CARDS ***
jakey99: calls $2
Actionni13: raises $3 to $6
jakey99: calls $3
*** FLOP *** [6d Jc Jd]
Actionni13: bets $3
jakey99: folds
Uncalled bet ($3) returned to Actionni13
Actionni13 collected $11.76 from pot
Actionni13: doesn't show hand
*** SUMMARY ***
Total pot $12 | Rake $0.24
Board [6d Jc Jd]
Seat 4: Actionni13 (big blind) collected ($11.76)
Seat 5: jakey99 (button) (small blind) folded on the Flop


PokerStars Hand #158816337284:  Hold'em Limit ($3/$6 USD) - 2016/09/19 12:50:12 ET
Table 'Reinmuthia' 6-max Seat #4 is the button
Seat 4: Actionni13 ($164.78 in chips)
Seat 5: jakey99 ($33.50 in chips)
Actionni13: posts small blind $1
jakey99: posts big blind $3
*** HOLE CARDS ***
Actionni13: raises $3 to $6
jakey99: calls $3
*** FLOP *** [2d 3s Ks]
jakey99: bets $3
Actionni13: calls $3
*** TURN *** [2d 3s Ks] [Qc]
jakey99: bets $6
Actionni13: raises $6 to $12
jakey99: calls $6
*** RIVER *** [2d 3s Ks Qc] [6d]
jakey99: checks
Actionni13: checks
*** SHOW DOWN ***
jakey99: shows [2c 8c] (a pair of Deuces)
Actionni13: shows [9s 6s] (a pair of Sixes)
Actionni13 collected $41.50 from pot
*** SUMMARY ***
Total pot $42 | Rake $0.50
Board [2d 3s Ks Qc 6d]
Seat 4: Actionni13 (button) (small blind) showed [9s 6s] and won ($41.50) with a pair of Sixes
Seat 5: jakey99 (big blind) showed [2c 8c] and lost with a pair of Deuces


PokerStars Hand #158816322603:  Hold'em Limit ($3/$6 USD) - 2016/09/19 12:49:53 ET
Table 'Reinmuthia' 6-max Seat #5 is the button
Seat 4: Actionni13 ($181.78 in chips)
Seat 5: jakey99 ($17 in chips)
jakey99: posts small blind $1
Actionni13: posts big blind $3
*** HOLE CARDS ***
jakey99: raises $3 to $6
Actionni13: calls $3
*** FLOP *** [6h 2d 4d]
Actionni13: checks
jakey99: bets $3
Actionni13: raises $3 to $6
jakey99: calls $3
*** TURN *** [6h 2d 4d] [Tc]
Actionni13: bets $6
jakey99: calls $5 and is all-in
Uncalled bet ($1) returned to Actionni13
*** RIVER *** [6h 2d 4d Tc] [Kh]
*** SHOW DOWN ***
Actionni13: shows [7h 6c] (a pair of Sixes)
jakey99: shows [Th 7d] (a pair of Tens)
jakey99 collected $33.50 from pot
*** SUMMARY ***
Total pot $34 | Rake $0.50
Board [6h 2d 4d Tc Kh]
Seat 4: Actionni13 (big blind) showed [7h 6c] and lost with a pair of Sixes
Seat 5: jakey99 (button) (small blind) showed [Th 7d] and won ($33.50) with a pair of Tens


PokerStars Hand #158816362607:  Hold'em Limit ($3/$6 USD) - 2016/09/19 12:50:45 ET
Table 'Reinmuthia' 6-max Seat #4 is the button
Seat 4: Actionni13 ($191.04 in chips)
Seat 5: jakey99 ($6.50 in chips)
Actionni13: posts small blind $1
jakey99: posts big blind $3
*** HOLE CARDS ***
Actionni13: raises $3 to $6
jakey99: raises $0.50 to $6.50 and is all-in
Actionni13: calls $0.50
*** FLOP *** [9s Th 3h]
*** TURN *** [9s Th 3h] [2c]
*** RIVER *** [9s Th 3h 2c] [4d]
*** SHOW DOWN ***
jakey99: shows [Qh 5c] (high card Queen)
Actionni13: shows [As 9d] (a pair of Nines)
Actionni13 collected $12.74 from pot
jakey99 leaves the table
*** SUMMARY ***
Total pot $13 | Rake $0.26
Board [9s Th 3h 2c 4d]
Seat 4: Actionni13 (button) (small blind) showed [As 9d] and won ($12.74) with a pair of Nines
Seat 5: jakey99 (big blind) showed [Qh 5c] and lost with high card Queen


PokerStars Hand #158816952026:  Hold'em Limit ($3/$6 USD) - 2016/09/19 13:04:48 ET
Table 'Reinmuthia' 6-max Seat #5 is the button
Seat 4: Actionni13 ($197.28 in chips)
Seat 5: megabaitt ($120 in chips)
megabaitt: posts small blind $1
Actionni13: posts big blind $3
*** HOLE CARDS ***
megabaitt: raises $3 to $6
Actionni13: raises $3 to $9
megabaitt: raises $3 to $12
Betting is capped
Actionni13: calls $3
*** FLOP *** [8s 8h Ad]
Actionni13: checks
megabaitt: bets $3
Actionni13: calls $3
*** TURN *** [8s 8h Ad] [9h]
Actionni13: checks
megabaitt: bets $6
Actionni13: folds
Uncalled bet ($6) returned to megabaitt
megabaitt collected $29.50 from pot
megabaitt: doesn't show hand
*** SUMMARY ***
Total pot $30 | Rake $0.50
Board [8s 8h Ad 9h]
Seat 4: Actionni13 (big blind) folded on the Turn
Seat 5: megabaitt (button) (small blind) collected ($29.50)


PokerStars Hand #158816998691:  Hold'em Limit ($3/$6 USD) - 2016/09/19 13:05:46 ET
Table 'Reinmuthia' 6-max Seat #5 is the button
Seat 4: Actionni13 ($170.28 in chips)
Seat 5: megabaitt ($146.02 in chips)
megabaitt: posts small blind $1
Actionni13: posts big blind $3
*** HOLE CARDS ***
megabaitt: folds
Uncalled bet ($2) returned to Actionni13
Actionni13 collected $2 from pot
Actionni13: doesn't show hand
*** SUMMARY ***
Total pot $2 | Rake $0
Seat 4: Actionni13 (big blind) collected ($2)
Seat 5: megabaitt (button) (small blind) folded before Flop


PokerStars Hand #158816981725:  Hold'em Limit ($3/$6 USD) - 2016/09/19 13:05:25 ET
Table 'Reinmuthia' 6-max Seat #4 is the button
Seat 4: Actionni13 ($182.28 in chips)
Seat 5: megabaitt ($134.50 in chips)
Actionni13: posts small blind $1
megabaitt: posts big blind $3
*** HOLE CARDS ***
Actionni13: raises $3 to $6
megabaitt: calls $3
*** FLOP *** [Jh 5d 4d]
megabaitt: bets $3
Actionni13: raises $3 to $6
megabaitt: calls $3
*** TURN *** [Jh 5d 4d] [7h]
megabaitt: checks
Actionni13: checks
*** RIVER *** [Jh 5d 4d 7h] [2d]
megabaitt: bets $6
Actionni13: folds
Uncalled bet ($6) returned to megabaitt
megabaitt collected $23.52 from pot
megabaitt: doesn't show hand
*** SUMMARY ***
Total pot $24 | Rake $0.48
Board [Jh 5d 4d 7h 2d]
Seat 4: Actionni13 (button) (small blind) folded on the River
Seat 5: megabaitt (big blind) collected ($23.52)


PokerStars Hand #158817003145:  Hold'em Limit ($3/$6 USD) - 2016/09/19 13:05:52 ET
Table 'Reinmuthia' 6-max Seat #4 is the button
Seat 4: Actionni13 ($171.28 in chips)
Seat 5: megabaitt ($145.02 in chips)
Actionni13: posts small blind $1
megabaitt: posts big blind $3
*** HOLE CARDS ***
Actionni13: raises $3 to $6
megabaitt: calls $3
*** FLOP *** [Qh Td Jh]
megabaitt: bets $3
Actionni13: calls $3
*** TURN *** [Qh Td Jh] [2d]
megabaitt: checks
Actionni13: bets $6
megabaitt: calls $6
*** RIVER *** [Qh Td Jh 2d] [9c]
megabaitt: bets $6
Actionni13: calls $6
*** SHOW DOWN ***
megabaitt: shows [2h Kd] (a straight, Nine to King)
Actionni13: mucks hand
megabaitt collected $41.50 from pot
*** SUMMARY ***
Total pot $42 | Rake $0.50
Board [Qh Td Jh 2d 9c]
Seat 4: Actionni13 (button) (small blind) mucked
Seat 5: megabaitt (big blind) showed [2h Kd] and won ($41.50) with a straight, Nine to King


PokerStars Hand #158817026734:  Hold'em Limit ($3/$6 USD) - 2016/09/19 13:06:21 ET
Table 'Reinmuthia' 6-max Seat #5 is the button
Seat 4: Actionni13 ($150.28 in chips)
Seat 5: megabaitt ($165.52 in chips)
megabaitt: posts small blind $1
Actionni13: posts big blind $3
*** HOLE CARDS ***
megabaitt: folds
Uncalled bet ($2) returned to Actionni13
Actionni13 collected $2 from pot
Actionni13: doesn't show hand
*** SUMMARY ***
Total pot $2 | Rake $0
Seat 4: Actionni13 (big blind) collected ($2)
Seat 5: megabaitt (button) (small blind) folded before Flop


PokerStars Hand #158817031214:  Hold'em Limit ($3/$6 USD) - 2016/09/19 13:06:27 ET
Table 'Reinmuthia' 6-max Seat #4 is the button
Seat 4: Actionni13 ($151.28 in chips)
Seat 5: megabaitt ($164.52 in chips)
Actionni13: posts small blind $1
megabaitt: posts big blind $3
*** HOLE CARDS ***
Actionni13: raises $3 to $6
megabaitt: calls $3
*** FLOP *** [Kh 7d 7h]
megabaitt: bets $3
Actionni13: calls $3
*** TURN *** [Kh 7d 7h] [9h]
megabaitt: checks
Actionni13: checks
*** RIVER *** [Kh 7d 7h 9h] [7c]
megabaitt: bets $6
Actionni13: folds
Uncalled bet ($6) returned to megabaitt
megabaitt collected $17.64 from pot
megabaitt: doesn't show hand
*** SUMMARY ***
Total pot $18 | Rake $0.36
Board [Kh 7d 7h 9h 7c]
Seat 4: Actionni13 (button) (small blind) folded on the River
Seat 5: megabaitt (big blind) collected ($17.64)


PokerStars Hand #158817050894:  Hold'em Limit ($3/$6 USD) - 2016/09/19 13:06:51 ET
Table 'Reinmuthia' 6-max Seat #5 is the button
Seat 4: Actionni13 ($150 in chips)
Seat 5: megabaitt ($173.16 in chips)
megabaitt: posts small blind $1
Actionni13: posts big blind $3
*** HOLE CARDS ***
megabaitt: folds
Uncalled bet ($2) returned to Actionni13
Actionni13 collected $2 from pot
Actionni13: doesn't show hand
*** SUMMARY ***
Total pot $2 | Rake $0
Seat 4: Actionni13 (big blind) collected ($2)
Seat 5: megabaitt (button) (small blind) folded before Flop


PokerStars Hand #158817055846:  Hold'em Limit ($3/$6 USD) - 2016/09/19 13:06:57 ET
Table 'Reinmuthia' 6-max Seat #4 is the button
Seat 4: Actionni13 ($151 in chips)
Seat 5: megabaitt ($172.16 in chips)
Actionni13: posts small blind $1
megabaitt: posts big blind $3
*** HOLE CARDS ***
Actionni13: raises $3 to $6
megabaitt: calls $3
*** FLOP *** [Th Td Ac]
megabaitt: checks
Actionni13: bets $3
megabaitt: folds
Uncalled bet ($3) returned to Actionni13
Actionni13 collected $11.76 from pot
Actionni13: doesn't show hand
*** SUMMARY ***
Total pot $12 | Rake $0.24
Board [Th Td Ac]
Seat 4: Actionni13 (button) (small blind) collected ($11.76)
Seat 5: megabaitt (big blind) folded on the Flop


PokerStars Hand #158817066020:  Hold'em Limit ($3/$6 USD) - 2016/09/19 13:07:09 ET
Table 'Reinmuthia' 6-max Seat #5 is the button
Seat 4: Actionni13 ($156.76 in chips)
Seat 5: megabaitt ($166.16 in chips)
megabaitt: posts small blind $1
Actionni13: posts big blind $3
*** HOLE CARDS ***
megabaitt: raises $3 to $6
Actionni13: calls $3
*** FLOP *** [5d 5s Qc]
Actionni13: checks
megabaitt: checks
*** TURN *** [5d 5s Qc] [3c]
Actionni13: bets $6
megabaitt: raises $6 to $12
Actionni13: raises $6 to $18
megabaitt: raises $6 to $24
Betting is capped
Actionni13: calls $6
*** RIVER *** [5d 5s Qc 3c] [Kd]
Actionni13: checks
megabaitt: bets $6
Actionni13: calls $6
*** SHOW DOWN ***
megabaitt: shows [Qh Qd] (a full house, Queens full of Fives)
Actionni13: mucks hand
megabaitt collected $71.50 from pot
*** SUMMARY ***
Total pot $72 | Rake $0.50
Board [5d 5s Qc 3c Kd]
Seat 4: Actionni13 (big blind) mucked
Seat 5: megabaitt (button) (small blind) showed [Qh Qd] and won ($71.50) with a full house, Queens full of Fives


PokerStars Hand #158817087150:  Hold'em Limit ($3/$6 USD) - 2016/09/19 13:07:36 ET
Table 'Reinmuthia' 6-max Seat #4 is the button
Seat 4: Actionni13 ($150 in chips)
Seat 5: megabaitt ($201.66 in chips)
Actionni13: posts small blind $1
megabaitt: posts big blind $3
*** HOLE CARDS ***
Actionni13: raises $3 to $6
megabaitt: calls $3
*** FLOP *** [Ks 3s Qc]
megabaitt: bets $3
Actionni13: raises $3 to $6
megabaitt: calls $3
*** TURN *** [Ks 3s Qc] [5c]
megabaitt: checks
Actionni13: checks
*** RIVER *** [Ks 3s Qc 5c] [9d]
megabaitt: checks
Actionni13: bets $6
megabaitt: calls $6
*** SHOW DOWN ***
Actionni13: shows [9c 4c] (a pair of Nines)
megabaitt: shows [Ts Td] (a pair of Tens)
megabaitt collected $35.50 from pot
*** SUMMARY ***
Total pot $36 | Rake $0.50
Board [Ks 3s Qc 5c 9d]
Seat 4: Actionni13 (button) (small blind) showed [9c 4c] and lost with a pair of Nines
Seat 5: megabaitt (big blind) showed [Ts Td] and won ($35.50) with a pair of Tens


PokerStars Hand #158817109626:  Hold'em Limit ($3/$6 USD) - 2016/09/19 13:08:04 ET
Table 'Reinmuthia' 6-max Seat #5 is the button
Seat 4: Actionni13 ($150 in chips)
Seat 5: megabaitt ($219.16 in chips)
megabaitt: posts small blind $1
Actionni13: posts big blind $3
*** HOLE CARDS ***
megabaitt: raises $3 to $6
Actionni13: calls $3
*** FLOP *** [4s Qh 5c]
Actionni13: checks
megabaitt: bets $3
Actionni13: calls $3
*** TURN *** [4s Qh 5c] [7d]
Actionni13: checks
megabaitt: bets $6
Actionni13: calls $6
*** RIVER *** [4s Qh 5c 7d] [Qs]
Actionni13: checks
megabaitt: bets $6
Actionni13: folds
Uncalled bet ($6) returned to megabaitt
megabaitt collected $29.50 from pot
megabaitt: doesn't show hand
*** SUMMARY ***
Total pot $30 | Rake $0.50
Board [4s Qh 5c 7d Qs]
Seat 4: Actionni13 (big blind) folded on the River
Seat 5: megabaitt (button) (small blind) collected ($29.50)


PokerStars Hand #158817126864:  Hold'em Limit ($3/$6 USD) - 2016/09/19 13:08:25 ET
Table 'Reinmuthia' 6-max Seat #4 is the button
Seat 4: Actionni13 ($150 in chips)
Seat 5: megabaitt ($233.66 in chips)
Actionni13: posts small blind $1
megabaitt: posts big blind $3
*** HOLE CARDS ***
Actionni13: raises $3 to $6
megabaitt: calls $3
*** FLOP *** [As 5s 6c]
megabaitt: bets $3
Actionni13: calls $3
*** TURN *** [As 5s 6c] [3h]
megabaitt: bets $6
Actionni13: folds
Uncalled bet ($6) returned to megabaitt
megabaitt collected $17.64 from pot
megabaitt: doesn't show hand
*** SUMMARY ***
Total pot $18 | Rake $0.36
Board [As 5s 6c 3h]
Seat 4: Actionni13 (button) (small blind) folded on the Turn
Seat 5: megabaitt (big blind) collected ($17.64)


PokerStars Hand #158817140023:  Hold'em Limit ($3/$6 USD) - 2016/09/19 13:08:42 ET
Table 'Reinmuthia' 6-max Seat #5 is the button
Seat 4: Actionni13 ($150 in chips)
Seat 5: megabaitt ($242.30 in chips)
megabaitt: posts small blind $1
Actionni13: posts big blind $3
*** HOLE CARDS ***
megabaitt: folds
Uncalled bet ($2) returned to Actionni13
megabaitt leaves the table
Actionni13 collected $2 from pot
Actionni13: doesn't show hand
*** SUMMARY ***
Total pot $2 | Rake $0
Seat 4: Actionni13 (big blind) collected ($2)
Seat 5: megabaitt (button) (small blind) folded before Flop


PokerStars Hand #158817382136:  Hold'em Limit ($3/$6 USD) - 2016/09/19 13:13:46 ET
Table 'Reinmuthia' 6-max Seat #4 is the button
Seat 4: Actionni13 ($151 in chips)
Seat 6: megabaitt ($120 in chips)
Actionni13: posts small blind $1
megabaitt: posts big blind $3
*** HOLE CARDS ***
Actionni13: raises $3 to $6
megabaitt: calls $3
*** FLOP *** [7c 3s 5h]
megabaitt: bets $3
Actionni13: calls $3
*** TURN *** [7c 3s 5h] [Kc]
megabaitt: bets $6
Actionni13: folds
Uncalled bet ($6) returned to megabaitt
megabaitt collected $17.64 from pot
*** SUMMARY ***
Total pot $18 | Rake $0.36
Board [7c 3s 5h Kc]
Seat 4: Actionni13 (button) (small blind) folded on the Turn
Seat 6: megabaitt (big blind) collected ($17.64)


PokerStars Hand #158817417933:  Hold'em Limit ($3/$6 USD) - 2016/09/19 13:14:31 ET
Table 'Reinmuthia' 6-max Seat #4 is the button
Seat 4: Actionni13 ($150 in chips)
Seat 6: megabaitt ($152.14 in chips)
Actionni13: posts small blind $1
megabaitt: posts big blind $3
*** HOLE CARDS ***
Actionni13: raises $3 to $6
megabaitt: calls $3
*** FLOP *** [9h Td 6d]
megabaitt: bets $3
Actionni13: calls $3
*** TURN *** [9h Td 6d] [4c]
megabaitt: bets $6
Actionni13: raises $6 to $12
megabaitt: folds
Uncalled bet ($6) returned to Actionni13
Actionni13 collected $29.50 from pot
Actionni13: doesn't show hand
*** SUMMARY ***
Total pot $30 | Rake $0.50
Board [9h Td 6d 4c]
Seat 4: Actionni13 (button) (small blind) collected ($29.50)
Seat 6: megabaitt (big blind) folded on the Turn


PokerStars Hand #158817436803:  Hold'em Limit ($3/$6 USD) - 2016/09/19 13:14:55 ET
Table 'Reinmuthia' 6-max Seat #6 is the button
Seat 4: Actionni13 ($164.50 in chips)
Seat 6: megabaitt ($137.14 in chips)
megabaitt: posts small blind $1
Actionni13: posts big blind $3
*** HOLE CARDS ***
megabaitt: folds
Uncalled bet ($2) returned to Actionni13
Actionni13 collected $2 from pot
Actionni13: doesn't show hand
*** SUMMARY ***
Total pot $2 | Rake $0
Seat 4: Actionni13 (big blind) collected ($2)
Seat 6: megabaitt (button) (small blind) folded before Flop


PokerStars Hand #158817447834:  Hold'em Limit ($3/$6 USD) - 2016/09/19 13:15:09 ET
Table 'Reinmuthia' 6-max Seat #6 is the button
Seat 4: Actionni13 ($168.50 in chips)
Seat 6: megabaitt ($133.14 in chips)
megabaitt: posts small blind $1
Actionni13: posts big blind $3
*** HOLE CARDS ***
megabaitt: folds
Uncalled bet ($2) returned to Actionni13
Actionni13 collected $2 from pot
Actionni13: doesn't show hand
*** SUMMARY ***
Total pot $2 | Rake $0
Seat 4: Actionni13 (big blind) collected ($2)
Seat 6: megabaitt (button) (small blind) folded before Flop


PokerStars Hand #158817441254:  Hold'em Limit ($3/$6 USD) - 2016/09/19 13:15:01 ET
Table 'Reinmuthia' 6-max Seat #4 is the button
Seat 4: Actionni13 ($165.50 in chips)
Seat 6: megabaitt ($136.14 in chips)
Actionni13: posts small blind $1
megabaitt: posts big blind $3
*** HOLE CARDS ***
Actionni13: raises $3 to $6
megabaitt: folds
Uncalled bet ($3) returned to Actionni13
Actionni13 collected $6 from pot
Actionni13: doesn't show hand
*** SUMMARY ***
Total pot $6 | Rake $0
Seat 4: Actionni13 (button) (small blind) collected ($6)
Seat 6: megabaitt (big blind) folded before Flop


PokerStars Hand #158817398874:  Hold'em Limit ($3/$6 USD) - 2016/09/19 13:14:07 ET
Table 'Reinmuthia' 6-max Seat #6 is the button
Seat 4: Actionni13 ($150 in chips)
Seat 6: megabaitt ($128.64 in chips)
megabaitt: posts small blind $1
Actionni13: posts big blind $3
*** HOLE CARDS ***
megabaitt: raises $3 to $6
Actionni13: calls $3
*** FLOP *** [Qh Qc 9s]
Actionni13: checks
megabaitt: bets $3
Actionni13: raises $3 to $6
megabaitt: calls $3
*** TURN *** [Qh Qc 9s] [3c]
Actionni13: bets $6
megabaitt: calls $6
*** RIVER *** [Qh Qc 9s 3c] [6c]
Actionni13: bets $6
megabaitt: calls $6
*** SHOW DOWN ***
Actionni13: shows [6d 7h] (two pair, Queens and Sixes)
megabaitt: shows [Ad 9h] (two pair, Queens and Nines)
megabaitt collected $47.50 from pot
*** SUMMARY ***
Total pot $48 | Rake $0.50
Board [Qh Qc 9s 3c 6c]
Seat 4: Actionni13 (big blind) showed [6d 7h] and lost with two pair, Queens and Sixes
Seat 6: megabaitt (button) (small blind) showed [Ad 9h] and won ($47.50) with two pair, Queens and Nines


PokerStars Hand #158817480722:  Hold'em Limit ($3/$6 USD) - 2016/09/19 13:15:50 ET
Table 'Reinmuthia' 6-max Seat #6 is the button
Seat 4: Actionni13 ($202 in chips)
Seat 6: megabaitt ($99.14 in chips)
megabaitt: posts small blind $1
Actionni13: posts big blind $3
*** HOLE CARDS ***
megabaitt: folds
Uncalled bet ($2) returned to Actionni13
Actionni13 collected $2 from pot
Actionni13: doesn't show hand
*** SUMMARY ***
Total pot $2 | Rake $0
Seat 4: Actionni13 (big blind) collected ($2)
Seat 6: megabaitt (button) (small blind) folded before Flop


PokerStars Hand #158817452257:  Hold'em Limit ($3/$6 USD) - 2016/09/19 13:15:14 ET
Table 'Reinmuthia' 6-max Seat #4 is the button
Seat 4: Actionni13 ($169.50 in chips)
Seat 6: megabaitt ($132.14 in chips)
Actionni13: posts small blind $1
megabaitt: posts big blind $3
*** HOLE CARDS ***
Actionni13: raises $3 to $6
megabaitt: calls $3
*** FLOP *** [6s 5d 9c]
megabaitt: bets $3
Actionni13: raises $3 to $6
megabaitt: raises $3 to $9
Actionni13: calls $3
*** TURN *** [6s 5d 9c] [Td]
megabaitt: bets $6
Actionni13: raises $6 to $12
megabaitt: calls $6
*** RIVER *** [6s 5d 9c Td] [7c]
megabaitt: bets $6
Actionni13: calls $6
*** SHOW DOWN ***
megabaitt: shows [Kh 9d] (a pair of Nines)
Actionni13: shows [Tc Jh] (a pair of Tens)
Actionni13 collected $65.50 from pot
*** SUMMARY ***
Total pot $66 | Rake $0.50
Board [6s 5d 9c Td 7c]
Seat 4: Actionni13 (button) (small blind) showed [Tc Jh] and won ($65.50) with a pair of Tens
Seat 6: megabaitt (big blind) showed [Kh 9d] and lost with a pair of Nines


PokerStars Hand #158817485187:  Hold'em Limit ($3/$6 USD) - 2016/09/19 13:15:56 ET
Table 'Reinmuthia' 6-max Seat #4 is the button
Seat 4: Actionni13 ($203 in chips)
Seat 6: megabaitt ($98.14 in chips)
Actionni13: posts small blind $1
megabaitt: posts big blind $3
*** HOLE CARDS ***
Actionni13: raises $3 to $6
megabaitt: folds
Uncalled bet ($3) returned to Actionni13
Actionni13 collected $6 from pot
Actionni13: doesn't show hand
*** SUMMARY ***
Total pot $6 | Rake $0
Seat 4: Actionni13 (button) (small blind) collected ($6)
Seat 6: megabaitt (big blind) folded before Flop


PokerStars Hand #158817492829:  Hold'em Limit ($3/$6 USD) - 2016/09/19 13:16:05 ET
Table 'Reinmuthia' 6-max Seat #6 is the button
Seat 4: Actionni13 ($206 in chips)
Seat 6: megabaitt ($95.14 in chips)
megabaitt: posts small blind $1
Actionni13: posts big blind $3
*** HOLE CARDS ***
megabaitt: raises $3 to $6
Actionni13: calls $3
*** FLOP *** [8c 7c Tc]
Actionni13: bets $3
megabaitt: calls $3
*** TURN *** [8c 7c Tc] [9s]
Actionni13: checks
megabaitt: checks
*** RIVER *** [8c 7c Tc 9s] [4h]
Actionni13: checks
megabaitt: bets $6
Actionni13: folds
Uncalled bet ($6) returned to megabaitt
megabaitt collected $17.64 from pot
megabaitt: doesn't show hand
*** SUMMARY ***
Total pot $18 | Rake $0.36
Board [8c 7c Tc 9s 4h]
Seat 4: Actionni13 (big blind) folded on the River
Seat 6: megabaitt (button) (small blind) collected ($17.64)


PokerStars Hand #158817515104:  Hold'em Limit ($3/$6 USD) - 2016/09/19 13:16:33 ET
Table 'Reinmuthia' 6-max Seat #4 is the button
Seat 4: Actionni13 ($197 in chips)
Seat 6: megabaitt ($103.78 in chips)
Actionni13: posts small blind $1
megabaitt: posts big blind $3
*** HOLE CARDS ***
Actionni13: raises $3 to $6
megabaitt: calls $3
*** FLOP *** [9s Td 8s]
megabaitt: bets $3
Actionni13: raises $3 to $6
megabaitt: raises $3 to $9
Actionni13: calls $3
*** TURN *** [9s Td 8s] [Ks]
megabaitt: bets $6
Actionni13: folds
Uncalled bet ($6) returned to megabaitt
megabaitt collected $29.50 from pot
megabaitt: doesn't show hand
*** SUMMARY ***
Total pot $30 | Rake $0.50
Board [9s Td 8s Ks]
Seat 4: Actionni13 (button) (small blind) folded on the Turn
Seat 6: megabaitt (big blind) collected ($29.50)


PokerStars Hand #158817535303:  Hold'em Limit ($3/$6 USD) - 2016/09/19 13:16:59 ET
Table 'Reinmuthia' 6-max Seat #6 is the button
Seat 4: Actionni13 ($182 in chips)
Seat 6: megabaitt ($118.28 in chips)
megabaitt: posts small blind $1
Actionni13: posts big blind $3
*** HOLE CARDS ***
megabaitt: raises $3 to $6
Actionni13: calls $3
*** FLOP *** [9c 5s 3h]
Actionni13: checks
megabaitt: bets $3
Actionni13: calls $3
*** TURN *** [9c 5s 3h] [6c]
Actionni13: bets $6
megabaitt: raises $6 to $12
Actionni13: calls $6
*** RIVER *** [9c 5s 3h 6c] [Kc]
Actionni13: checks
megabaitt: bets $6
Actionni13: calls $6
*** SHOW DOWN ***
megabaitt: shows [Ad 9d] (a pair of Nines)
Actionni13: mucks hand
megabaitt collected $53.50 from pot
*** SUMMARY ***
Total pot $54 | Rake $0.50
Board [9c 5s 3h 6c Kc]
Seat 4: Actionni13 (big blind) mucked
Seat 6: megabaitt (button) (small blind) showed [Ad 9d] and won ($53.50) with a pair of Nines


PokerStars Hand #158817556747:  Hold'em Limit ($3/$6 USD) - 2016/09/19 13:17:26 ET
Table 'Reinmuthia' 6-max Seat #4 is the button
Seat 4: Actionni13 ($155 in chips)
Seat 6: megabaitt ($144.78 in chips)
Actionni13: posts small blind $1
megabaitt: posts big blind $3
*** HOLE CARDS ***
Actionni13: raises $3 to $6
megabaitt: calls $3
*** FLOP *** [3s 3d Ad]
megabaitt: bets $3
Actionni13: raises $3 to $6
megabaitt: raises $3 to $9
Actionni13: calls $3
*** TURN *** [3s 3d Ad] [Qd]
megabaitt: bets $6
Actionni13: folds
Uncalled bet ($6) returned to megabaitt
megabaitt collected $29.50 from pot
megabaitt: doesn't show hand
*** SUMMARY ***
Total pot $30 | Rake $0.50
Board [3s 3d Ad Qd]
Seat 4: Actionni13 (button) (small blind) folded on the Turn
Seat 6: megabaitt (big blind) collected ($29.50)


PokerStars Hand #158817572462:  Hold'em Limit ($3/$6 USD) - 2016/09/19 13:17:46 ET
Table 'Reinmuthia' 6-max Seat #6 is the button
Seat 4: Actionni13 ($150 in chips)
Seat 6: megabaitt ($159.28 in chips)
megabaitt: posts small blind $1
Actionni13: posts big blind $3
*** HOLE CARDS ***
megabaitt: raises $3 to $6
Actionni13: calls $3
*** FLOP *** [5c Ks 8s]
Actionni13: checks
megabaitt: bets $3
Actionni13: folds
Uncalled bet ($3) returned to megabaitt
megabaitt collected $11.76 from pot
megabaitt: doesn't show hand
*** SUMMARY ***
Total pot $12 | Rake $0.24
Board [5c Ks 8s]
Seat 4: Actionni13 (big blind) folded on the Flop
Seat 6: megabaitt (button) (small blind) collected ($11.76)


PokerStars Hand #158817631473:  Hold'em Limit ($3/$6 USD) - 2016/09/19 13:19:00 ET
Table 'Reinmuthia' 6-max Seat #6 is the button
Seat 4: Actionni13 ($164.50 in chips)
Seat 6: megabaitt ($161.54 in chips)
megabaitt: posts small blind $1
Actionni13: posts big blind $3
*** HOLE CARDS ***
megabaitt: folds
Uncalled bet ($2) returned to Actionni13
megabaitt leaves the table
Actionni13 collected $2 from pot
Actionni13: doesn't show hand
*** SUMMARY ***
Total pot $2 | Rake $0
Seat 4: Actionni13 (big blind) collected ($2)
Seat 6: megabaitt (button) (small blind) folded before Flop


PokerStars Hand #158817617210:  Hold'em Limit ($3/$6 USD) - 2016/09/19 13:18:42 ET
Table 'Reinmuthia' 6-max Seat #4 is the button
Seat 4: Actionni13 ($150 in chips)
Seat 6: megabaitt ($176.54 in chips)
Actionni13: posts small blind $1
megabaitt: posts big blind $3
*** HOLE CARDS ***
Actionni13: raises $3 to $6
megabaitt: calls $3
*** FLOP *** [Qs 4c Qd]
megabaitt: bets $3
Actionni13: calls $3
*** TURN *** [Qs 4c Qd] [5c]
megabaitt: bets $6
Actionni13: raises $6 to $12
megabaitt: folds
Uncalled bet ($6) returned to Actionni13
Actionni13 collected $29.50 from pot
Actionni13: doesn't show hand
*** SUMMARY ***
Total pot $30 | Rake $0.50
Board [Qs 4c Qd 5c]
Seat 4: Actionni13 (button) (small blind) collected ($29.50)
Seat 6: megabaitt (big blind) folded on the Turn


PokerStars Hand #158817872827:  Hold'em Limit ($3/$6 USD) - 2016/09/19 13:24:04 ET
Table 'Reinmuthia' 6-max Seat #4 is the button
Seat 1: megabaitt ($120 in chips)
Seat 4: Actionni13 ($165.50 in chips)
Actionni13: posts small blind $1
megabaitt: posts big blind $3
*** HOLE CARDS ***
Actionni13: raises $3 to $6
megabaitt: calls $3
*** FLOP *** [Ts 7s 5d]
megabaitt: bets $3
Actionni13: raises $3 to $6
megabaitt: calls $3
*** TURN *** [Ts 7s 5d] [Qs]
megabaitt: checks
Actionni13: bets $6
megabaitt: calls $6
*** RIVER *** [Ts 7s 5d Qs] [4s]
megabaitt: bets $6
Actionni13: calls $6
*** SHOW DOWN ***
megabaitt: shows [2c Tc] (a pair of Tens)
Actionni13: shows [Jh Td] (a pair of Tens - Queen+Jack kicker)
Actionni13 collected $47.50 from pot
*** SUMMARY ***
Total pot $48 | Rake $0.50
Board [Ts 7s 5d Qs 4s]
Seat 1: megabaitt (big blind) showed [2c Tc] and lost with a pair of Tens
Seat 4: Actionni13 (button) (small blind) showed [Jh Td] and won ($47.50) with a pair of Tens


PokerStars Hand #158817891566:  Hold'em Limit ($3/$6 USD) - 2016/09/19 13:24:28 ET
Table 'Reinmuthia' 6-max Seat #1 is the button
Seat 1: megabaitt ($96 in chips)
Seat 4: Actionni13 ($189 in chips)
megabaitt: posts small blind $1
Actionni13: posts big blind $3
*** HOLE CARDS ***
megabaitt: folds
Uncalled bet ($2) returned to Actionni13
Actionni13 collected $2 from pot
Actionni13: doesn't show hand
*** SUMMARY ***
Total pot $2 | Rake $0
Seat 1: megabaitt (button) (small blind) folded before Flop
Seat 4: Actionni13 (big blind) collected ($2)


PokerStars Hand #158817903462:  Hold'em Limit ($3/$6 USD) - 2016/09/19 13:24:43 ET
Table 'Reinmuthia' 6-max Seat #1 is the button
Seat 1: megabaitt ($100.76 in chips)
Seat 4: Actionni13 ($184 in chips)
megabaitt: posts small blind $1
Actionni13: posts big blind $3
*** HOLE CARDS ***
megabaitt: folds
Uncalled bet ($2) returned to Actionni13
Actionni13 collected $2 from pot
Actionni13: doesn't show hand
*** SUMMARY ***
Total pot $2 | Rake $0
Seat 1: megabaitt (button) (small blind) folded before Flop
Seat 4: Actionni13 (big blind) collected ($2)


PokerStars Hand #158817895699:  Hold'em Limit ($3/$6 USD) - 2016/09/19 13:24:33 ET
Table 'Reinmuthia' 6-max Seat #4 is the button
Seat 1: megabaitt ($95 in chips)
Seat 4: Actionni13 ($190 in chips)
Actionni13: posts small blind $1
megabaitt: posts big blind $3
*** HOLE CARDS ***
Actionni13: raises $3 to $6
megabaitt: calls $3
*** FLOP *** [Td Kh 2d]
megabaitt: bets $3
Actionni13: folds
Uncalled bet ($3) returned to megabaitt
megabaitt collected $11.76 from pot
megabaitt: doesn't show hand
*** SUMMARY ***
Total pot $12 | Rake $0.24
Board [Td Kh 2d]
Seat 1: megabaitt (big blind) collected ($11.76)
Seat 4: Actionni13 (button) (small blind) folded on the Flop


PokerStars Hand #158817908026:  Hold'em Limit ($3/$6 USD) - 2016/09/19 13:24:49 ET
Table 'Reinmuthia' 6-max Seat #4 is the button
Seat 1: megabaitt ($99.76 in chips)
Seat 4: Actionni13 ($185 in chips)
Actionni13: posts small blind $1
megabaitt: posts big blind $3
*** HOLE CARDS ***
Actionni13: raises $3 to $6
megabaitt: calls $3
*** FLOP *** [Kh Jd Jh]
megabaitt: checks
Actionni13: checks
*** TURN *** [Kh Jd Jh] [7s]
megabaitt: bets $6
Actionni13: raises $6 to $12
megabaitt: folds
Uncalled bet ($6) returned to Actionni13
Actionni13 collected $23.52 from pot
Actionni13: doesn't show hand
*** SUMMARY ***
Total pot $24 | Rake $0.48
Board [Kh Jd Jh 7s]
Seat 1: megabaitt (big blind) folded on the Turn
Seat 4: Actionni13 (button) (small blind) collected ($23.52)


PokerStars Hand #158817923285:  Hold'em Limit ($3/$6 USD) - 2016/09/19 13:25:08 ET
Table 'Reinmuthia' 6-max Seat #1 is the button
Seat 1: megabaitt ($87.76 in chips)
Seat 4: Actionni13 ($196.52 in chips)
megabaitt: posts small blind $1
Actionni13: posts big blind $3
*** HOLE CARDS ***
megabaitt: folds
Uncalled bet ($2) returned to Actionni13
Actionni13 collected $2 from pot
Actionni13: doesn't show hand
*** SUMMARY ***
Total pot $2 | Rake $0
Seat 1: megabaitt (button) (small blind) folded before Flop
Seat 4: Actionni13 (big blind) collected ($2)


PokerStars Hand #158817927528:  Hold'em Limit ($3/$6 USD) - 2016/09/19 13:25:13 ET
Table 'Reinmuthia' 6-max Seat #4 is the button
Seat 1: megabaitt ($86.76 in chips)
Seat 4: Actionni13 ($197.52 in chips)
Actionni13: posts small blind $1
megabaitt: posts big blind $3
*** HOLE CARDS ***
Actionni13: raises $3 to $6
megabaitt: calls $3
*** FLOP *** [Tc 8s Jc]
megabaitt: bets $3
Actionni13: calls $3
*** TURN *** [Tc 8s Jc] [Kd]
megabaitt: bets $6
Actionni13: folds
Uncalled bet ($6) returned to megabaitt
megabaitt collected $17.64 from pot
megabaitt: doesn't show hand
*** SUMMARY ***
Total pot $18 | Rake $0.36
Board [Tc 8s Jc Kd]
Seat 1: megabaitt (big blind) collected ($17.64)
Seat 4: Actionni13 (button) (small blind) folded on the Turn


PokerStars Hand #158817940128:  Hold'em Limit ($3/$6 USD) - 2016/09/19 13:25:29 ET
Table 'Reinmuthia' 6-max Seat #1 is the button
Seat 1: megabaitt ($95.40 in chips)
Seat 4: Actionni13 ($188.52 in chips)
megabaitt: posts small blind $1
Actionni13: posts big blind $3
*** HOLE CARDS ***
megabaitt: folds
Uncalled bet ($2) returned to Actionni13
Actionni13 collected $2 from pot
Actionni13: doesn't show hand
*** SUMMARY ***
Total pot $2 | Rake $0
Seat 1: megabaitt (button) (small blind) folded before Flop
Seat 4: Actionni13 (big blind) collected ($2)


PokerStars Hand #158817944599:  Hold'em Limit ($3/$6 USD) - 2016/09/19 13:25:34 ET
Table 'Reinmuthia' 6-max Seat #4 is the button
Seat 1: megabaitt ($94.40 in chips)
Seat 4: Actionni13 ($189.52 in chips)
Actionni13: posts small blind $1
megabaitt: posts big blind $3
*** HOLE CARDS ***
Actionni13: raises $3 to $6
megabaitt: calls $3
*** FLOP *** [Qs Ad 9h]
megabaitt: checks
Actionni13: bets $3
megabaitt: folds
Uncalled bet ($3) returned to Actionni13
Actionni13 collected $11.76 from pot
Actionni13: doesn't show hand
*** SUMMARY ***
Total pot $12 | Rake $0.24
Board [Qs Ad 9h]
Seat 1: megabaitt (big blind) folded on the Flop
Seat 4: Actionni13 (button) (small blind) collected ($11.76)


PokerStars Hand #158817953985:  Hold'em Limit ($3/$6 USD) - 2016/09/19 13:25:46 ET
Table 'Reinmuthia' 6-max Seat #1 is the button
Seat 1: megabaitt ($88.40 in chips)
Seat 4: Actionni13 ($195.28 in chips)
megabaitt: posts small blind $1
Actionni13: posts big blind $3
*** HOLE CARDS ***
megabaitt: raises $3 to $6
Actionni13: folds
Uncalled bet ($3) returned to megabaitt
megabaitt collected $6 from pot
megabaitt: doesn't show hand
*** SUMMARY ***
Total pot $6 | Rake $0
Seat 1: megabaitt (button) (small blind) collected ($6)
Seat 4: Actionni13 (big blind) folded before Flop


PokerStars Hand #158817958921:  Hold'em Limit ($3/$6 USD) - 2016/09/19 13:25:53 ET
Table 'Reinmuthia' 6-max Seat #4 is the button
Seat 1: megabaitt ($91.40 in chips)
Seat 4: Actionni13 ($192.28 in chips)
Actionni13: posts small blind $1
megabaitt: posts big blind $3
*** HOLE CARDS ***
Actionni13: raises $3 to $6
megabaitt: calls $3
*** FLOP *** [9s 3d 8d]
megabaitt: bets $3
Actionni13: raises $3 to $6
megabaitt: folds
Uncalled bet ($3) returned to Actionni13
Actionni13 collected $17.64 from pot
Actionni13: doesn't show hand
*** SUMMARY ***
Total pot $18 | Rake $0.36
Board [9s 3d 8d]
Seat 1: megabaitt (big blind) folded on the Flop
Seat 4: Actionni13 (button) (small blind) collected ($17.64)


PokerStars Hand #158817973777:  Hold'em Limit ($3/$6 USD) - 2016/09/19 13:26:11 ET
Table 'Reinmuthia' 6-max Seat #4 is the button
Seat 1: megabaitt ($81.40 in chips)
Seat 4: Actionni13 ($201.92 in chips)
Actionni13: posts small blind $1
megabaitt: posts big blind $3
*** HOLE CARDS ***
Actionni13: raises $3 to $6
megabaitt: calls $3
*** FLOP *** [Ah 9h 3d]
megabaitt: checks
Actionni13: bets $3
megabaitt: folds
Uncalled bet ($3) returned to Actionni13
Actionni13 collected $11.76 from pot
Actionni13: doesn't show hand
*** SUMMARY ***
Total pot $12 | Rake $0.24
Board [Ah 9h 3d]
Seat 1: megabaitt (big blind) folded on the Flop
Seat 4: Actionni13 (button) (small blind) collected ($11.76)


PokerStars Hand #158817984019:  Hold'em Limit ($3/$6 USD) - 2016/09/19 13:26:24 ET
Table 'Reinmuthia' 6-max Seat #1 is the button
Seat 1: megabaitt ($75.40 in chips)
Seat 4: Actionni13 ($207.68 in chips)
megabaitt: posts small blind $1
Actionni13: posts big blind $3
*** HOLE CARDS ***
megabaitt: raises $3 to $6
Actionni13: folds
Uncalled bet ($3) returned to megabaitt
megabaitt collected $6 from pot
megabaitt: doesn't show hand
*** SUMMARY ***
Total pot $6 | Rake $0
Seat 1: megabaitt (button) (small blind) collected ($6)
Seat 4: Actionni13 (big blind) folded before Flop


PokerStars Hand #158817990145:  Hold'em Limit ($3/$6 USD) - 2016/09/19 13:26:32 ET
Table 'Reinmuthia' 6-max Seat #4 is the button
Seat 1: megabaitt ($78.40 in chips)
Seat 4: Actionni13 ($204.68 in chips)
Actionni13: posts small blind $1
megabaitt: posts big blind $3
*** HOLE CARDS ***
Actionni13: raises $3 to $6
megabaitt: raises $3 to $9
Actionni13: calls $3
*** FLOP *** [5h 8h 2d]
megabaitt: bets $3
Actionni13: calls $3
*** TURN *** [5h 8h 2d] [2h]
megabaitt: bets $6
Actionni13: raises $6 to $12
megabaitt: calls $6
*** RIVER *** [5h 8h 2d 2h] [6h]
megabaitt: bets $6
Actionni13: raises $6 to $12
megabaitt: calls $6
*** SHOW DOWN ***
Actionni13: shows [7d Jh] (a flush, Jack high)
megabaitt: shows [Ah Qc] (a flush, Ace high)
megabaitt collected $71.50 from pot
*** SUMMARY ***
Total pot $72 | Rake $0.50
Board [5h 8h 2d 2h 6h]
Seat 1: megabaitt (big blind) showed [Ah Qc] and won ($71.50) with a flush, Ace high
Seat 4: Actionni13 (button) (small blind) showed [7d Jh] and lost with a flush, Jack high


PokerStars Hand #158818019234:  Hold'em Limit ($3/$6 USD) - 2016/09/19 13:27:09 ET
Table 'Reinmuthia' 6-max Seat #4 is the button
Seat 1: megabaitt ($112.90 in chips)
Seat 4: Actionni13 ($169.68 in chips)
Actionni13: posts small blind $1
megabaitt: posts big blind $3
*** HOLE CARDS ***
Actionni13: raises $3 to $6
megabaitt: folds
Uncalled bet ($3) returned to Actionni13
Actionni13 collected $6 from pot
Actionni13: doesn't show hand
*** SUMMARY ***
Total pot $6 | Rake $0
Seat 1: megabaitt (big blind) folded before Flop
Seat 4: Actionni13 (button) (small blind) collected ($6)


PokerStars Hand #158818024150:  Hold'em Limit ($3/$6 USD) - 2016/09/19 13:27:15 ET
Table 'Reinmuthia' 6-max Seat #1 is the button
Seat 1: megabaitt ($109.90 in chips)
Seat 4: Actionni13 ($172.68 in chips)
megabaitt: posts small blind $1
Actionni13: posts big blind $3
*** HOLE CARDS ***
megabaitt: raises $3 to $6
Actionni13: calls $3
*** FLOP *** [Jd 5d Js]
Actionni13: checks
megabaitt: bets $3
Actionni13: raises $3 to $6
megabaitt: calls $3
*** TURN *** [Jd 5d Js] [Qd]
Actionni13: bets $6
megabaitt: folds
Uncalled bet ($6) returned to Actionni13
Actionni13 collected $23.52 from pot
Actionni13: doesn't show hand
*** SUMMARY ***
Total pot $24 | Rake $0.48
Board [Jd 5d Js Qd]
Seat 1: megabaitt (button) (small blind) folded on the Turn
Seat 4: Actionni13 (big blind) collected ($23.52)


PokerStars Hand #158818052632:  Hold'em Limit ($3/$6 USD) - 2016/09/19 13:27:51 ET
Table 'Reinmuthia' 6-max Seat #1 is the button
Seat 1: megabaitt ($82.90 in chips)
Seat 4: Actionni13 ($198.70 in chips)
megabaitt: posts small blind $1
Actionni13: posts big blind $3
*** HOLE CARDS ***
megabaitt: folds
Uncalled bet ($2) returned to Actionni13
Actionni13 collected $2 from pot
Actionni13: doesn't show hand
*** SUMMARY ***
Total pot $2 | Rake $0
Seat 1: megabaitt (button) (small blind) folded before Flop
Seat 4: Actionni13 (big blind) collected ($2)


PokerStars Hand #158818038869:  Hold'em Limit ($3/$6 USD) - 2016/09/19 13:27:34 ET
Table 'Reinmuthia' 6-max Seat #4 is the button
Seat 1: megabaitt ($97.90 in chips)
Seat 4: Actionni13 ($184.20 in chips)
Actionni13: posts small blind $1
megabaitt: posts big blind $3
*** HOLE CARDS ***
Actionni13: raises $3 to $6
megabaitt: calls $3
*** FLOP *** [4h Kc 3d]
megabaitt: bets $3
Actionni13: calls $3
*** TURN *** [4h Kc 3d] [4c]
megabaitt: bets $6
Actionni13: raises $6 to $12
megabaitt: folds
Uncalled bet ($6) returned to Actionni13
Actionni13 collected $29.50 from pot
Actionni13: doesn't show hand
*** SUMMARY ***
Total pot $30 | Rake $0.50
Board [4h Kc 3d 4c]
Seat 1: megabaitt (big blind) folded on the Turn
Seat 4: Actionni13 (button) (small blind) collected ($29.50)


PokerStars Hand #158818061235:  Hold'em Limit ($3/$6 USD) - 2016/09/19 13:28:02 ET
Table 'Reinmuthia' 6-max Seat #1 is the button
Seat 1: megabaitt ($82.90 in chips)
Seat 4: Actionni13 ($198.70 in chips)
megabaitt: posts small blind $1
Actionni13: posts big blind $3
*** HOLE CARDS ***
megabaitt: folds
Uncalled bet ($2) returned to Actionni13
Actionni13 collected $2 from pot
Actionni13: doesn't show hand
*** SUMMARY ***
Total pot $2 | Rake $0
Seat 1: megabaitt (button) (small blind) folded before Flop
Seat 4: Actionni13 (big blind) collected ($2)


PokerStars Hand #158818065614:  Hold'em Limit ($3/$6 USD) - 2016/09/19 13:28:07 ET
Table 'Reinmuthia' 6-max Seat #4 is the button
Seat 1: megabaitt ($81.90 in chips)
Seat 4: Actionni13 ($199.70 in chips)
Actionni13: posts small blind $1
megabaitt: posts big blind $3
*** HOLE CARDS ***
Actionni13: raises $3 to $6
megabaitt: raises $3 to $9
Actionni13: calls $3
*** FLOP *** [2d 7c 6c]
megabaitt: bets $3
Actionni13: raises $3 to $6
megabaitt: calls $3
*** TURN *** [2d 7c 6c] [Qh]
megabaitt: checks
Actionni13: bets $6
megabaitt: raises $6 to $12
Actionni13: folds
Uncalled bet ($6) returned to megabaitt
megabaitt collected $41.50 from pot
megabaitt: doesn't show hand
*** SUMMARY ***
Total pot $42 | Rake $0.50
Board [2d 7c 6c Qh]
Seat 1: megabaitt (big blind) collected ($41.50)
Seat 4: Actionni13 (button) (small blind) folded on the Turn


PokerStars Hand #158818085015:  Hold'em Limit ($3/$6 USD) - 2016/09/19 13:28:32 ET
Table 'Reinmuthia' 6-max Seat #1 is the button
Seat 1: megabaitt ($102.40 in chips)
Seat 4: Actionni13 ($178.70 in chips)
megabaitt: posts small blind $1
Actionni13: posts big blind $3
*** HOLE CARDS ***
megabaitt: raises $3 to $6
Actionni13: raises $3 to $9
megabaitt: raises $3 to $12
Betting is capped
Actionni13: calls $3
*** FLOP *** [6d 9s 8c]
Actionni13: checks
megabaitt: bets $3
Actionni13: raises $3 to $6
megabaitt: raises $3 to $9
Actionni13: raises $3 to $12
Betting is capped
megabaitt: calls $3
*** TURN *** [6d 9s 8c] [2d]
Actionni13: bets $6
megabaitt: calls $6
*** RIVER *** [6d 9s 8c 2d] [9h]
Actionni13: bets $6
megabaitt: folds
Uncalled bet ($6) returned to Actionni13
Actionni13 collected $59.50 from pot
Actionni13: doesn't show hand
*** SUMMARY ***
Total pot $60 | Rake $0.50
Board [6d 9s 8c 2d 9h]
Seat 1: megabaitt (button) (small blind) folded on the River
Seat 4: Actionni13 (big blind) collected ($59.50)


PokerStars Hand #158818109437:  Hold'em Limit ($3/$6 USD) - 2016/09/19 13:29:02 ET
Table 'Reinmuthia' 6-max Seat #4 is the button
Seat 1: megabaitt ($72.40 in chips)
Seat 4: Actionni13 ($208.20 in chips)
Actionni13: posts small blind $1
megabaitt: posts big blind $3
*** HOLE CARDS ***
Actionni13: raises $3 to $6
megabaitt: calls $3
*** FLOP *** [7h 2d Qd]
megabaitt: bets $3
Actionni13: raises $3 to $6
megabaitt: folds
Uncalled bet ($3) returned to Actionni13
Actionni13 collected $17.64 from pot
Actionni13: doesn't show hand
*** SUMMARY ***
Total pot $18 | Rake $0.36
Board [7h 2d Qd]
Seat 1: megabaitt (big blind) folded on the Flop
Seat 4: Actionni13 (button) (small blind) collected ($17.64)


PokerStars Hand #158818119127:  Hold'em Limit ($3/$6 USD) - 2016/09/19 13:29:14 ET
Table 'Reinmuthia' 6-max Seat #1 is the button
Seat 1: megabaitt ($63.40 in chips)
Seat 4: Actionni13 ($216.84 in chips)
megabaitt: posts small blind $1
Actionni13: posts big blind $3
*** HOLE CARDS ***
megabaitt: raises $3 to $6
Actionni13: calls $3
*** FLOP *** [4s Qd 4c]
Actionni13: checks
megabaitt: bets $3
Actionni13: calls $3
*** TURN *** [4s Qd 4c] [8h]
iskambil joins the table at seat #5
Actionni13: checks
megabaitt: bets $6
Actionni13: calls $6
*** RIVER *** [4s Qd 4c 8h] [4d]
Actionni13: checks
megabaitt: checks
*** SHOW DOWN ***
Actionni13: shows [Kc As] (three of a kind, Fours)
megabaitt: mucks hand
Actionni13 collected $29.50 from pot
*** SUMMARY ***
Total pot $30 | Rake $0.50
Board [4s Qd 4c 8h 4d]
Seat 1: megabaitt (button) (small blind) mucked
Seat 4: Actionni13 (big blind) showed [Kc As] and won ($29.50) with three of a kind, Fours


PokerStars Hand #158818471559:  Hold'em Limit ($3/$6 USD) - 2016/09/19 13:36:24 ET
Table 'Reinmuthia' 6-max Seat #4 is the button
Seat 1: megabaitt ($124.19 in chips)
Seat 4: Actionni13 ($199.86 in chips)
Actionni13: posts small blind $1
megabaitt: posts big blind $3
*** HOLE CARDS ***
Actionni13: raises $3 to $6
dirk 0001 leaves the table
iskambil leaves the table
megabaitt: calls $3
*** FLOP *** [Qh Kc 9s]
megabaitt: bets $3
Actionni13: raises $3 to $6
megabaitt: calls $3
*** TURN *** [Qh Kc 9s] [Ac]
megabaitt: bets $6
Actionni13: calls $6
*** RIVER *** [Qh Kc 9s Ac] [2h]
megabaitt: bets $6
Actionni13: calls $6
*** SHOW DOWN ***
megabaitt: shows [Ks 6c] (a pair of Kings)
Actionni13: mucks hand
megabaitt collected $47.50 from pot
*** SUMMARY ***
Total pot $48 | Rake $0.50
Board [Qh Kc 9s Ac 2h]
Seat 1: megabaitt (big blind) showed [Ks 6c] and won ($47.50) with a pair of Kings
Seat 4: Actionni13 (button) (small blind) mucked


PokerStars Hand #158818503782:  Hold'em Limit ($3/$6 USD) - 2016/09/19 13:37:04 ET
Table 'Reinmuthia' 6-max Seat #4 is the button
Seat 1: megabaitt ($146.69 in chips)
Seat 4: Actionni13 ($176.86 in chips)
Actionni13: posts small blind $1
megabaitt: posts big blind $3
*** HOLE CARDS ***
Actionni13: folds
Uncalled bet ($2) returned to megabaitt
megabaitt collected $2 from pot
megabaitt: doesn't show hand
*** SUMMARY ***
Total pot $2 | Rake $0
Seat 1: megabaitt (big blind) collected ($2)
Seat 4: Actionni13 (button) (small blind) folded before Flop


PokerStars Hand #158818499368:  Hold'em Limit ($3/$6 USD) - 2016/09/19 13:36:59 ET
Table 'Reinmuthia' 6-max Seat #1 is the button
Seat 1: megabaitt ($147.69 in chips)
Seat 4: Actionni13 ($175.86 in chips)
megabaitt: posts small blind $1
Actionni13: posts big blind $3
*** HOLE CARDS ***
megabaitt: folds
Uncalled bet ($2) returned to Actionni13
Actionni13 collected $2 from pot
Actionni13: doesn't show hand
*** SUMMARY ***
Total pot $2 | Rake $0
Seat 1: megabaitt (button) (small blind) folded before Flop
Seat 4: Actionni13 (big blind) collected ($2)


PokerStars Hand #158818508417:  Hold'em Limit ($3/$6 USD) - 2016/09/19 13:37:10 ET
Table 'Reinmuthia' 6-max Seat #1 is the button
Seat 1: megabaitt ($147.69 in chips)
Seat 4: Actionni13 ($175.86 in chips)
megabaitt: posts small blind $1
Actionni13: posts big blind $3
*** HOLE CARDS ***
megabaitt: raises $3 to $6
Actionni13: calls $3
*** FLOP *** [8s 4s 4h]
Actionni13: checks
megabaitt: bets $3
Actionni13: raises $3 to $6
megabaitt: calls $3
*** TURN *** [8s 4s 4h] [Jc]
Actionni13: bets $6
megabaitt: calls $6
*** RIVER *** [8s 4s 4h Jc] [Jh]
Actionni13: bets $6
megabaitt: folds
Uncalled bet ($6) returned to Actionni13
Actionni13 collected $35.50 from pot
Actionni13: doesn't show hand
*** SUMMARY ***
Total pot $36 | Rake $0.50
Board [8s 4s 4h Jc Jh]
Seat 1: megabaitt (button) (small blind) folded on the River
Seat 4: Actionni13 (big blind) collected ($35.50)


PokerStars Hand #158818527042:  Hold'em Limit ($3/$6 USD) - 2016/09/19 13:37:34 ET
Table 'Reinmuthia' 6-max Seat #4 is the button
Seat 1: megabaitt ($129.69 in chips)
Seat 4: Actionni13 ($193.36 in chips)
Actionni13: posts small blind $1
megabaitt: posts big blind $3
*** HOLE CARDS ***
Actionni13: raises $3 to $6
megabaitt: calls $3
*** FLOP *** [Jc 9s 8d]
megabaitt: bets $3
Actionni13: raises $3 to $6
megabaitt: calls $3
*** TURN *** [Jc 9s 8d] [8c]
megabaitt: checks
Actionni13: bets $6
megabaitt: calls $6
*** RIVER *** [Jc 9s 8d 8c] [9c]
megabaitt: bets $6
Actionni13: calls $6
*** SHOW DOWN ***
megabaitt: shows [Ts 4d] (two pair, Nines and Eights)
Actionni13: shows [Jd 5d] (two pair, Jacks and Nines)
Actionni13 collected $47.50 from pot
*** SUMMARY ***
Total pot $48 | Rake $0.50
Board [Jc 9s 8d 8c 9c]
Seat 1: megabaitt (big blind) showed [Ts 4d] and lost with two pair, Nines and Eights
Seat 4: Actionni13 (button) (small blind) showed [Jd 5d] and won ($47.50) with two pair, Jacks and Nines


PokerStars Hand #158818583237:  Hold'em Limit ($3/$6 USD) - 2016/09/19 13:38:44 ET
Table 'Reinmuthia' 6-max Seat #1 is the button
Seat 1: megabaitt ($83.69 in chips)
Seat 4: Actionni13 ($238.36 in chips)
megabaitt: posts small blind $1
Actionni13: posts big blind $3
*** HOLE CARDS ***
megabaitt: folds
Uncalled bet ($2) returned to Actionni13
Actionni13 collected $2 from pot
Actionni13: doesn't show hand
*** SUMMARY ***
Total pot $2 | Rake $0
Seat 1: megabaitt (button) (small blind) folded before Flop
Seat 4: Actionni13 (big blind) collected ($2)


PokerStars Hand #158818551456:  Hold'em Limit ($3/$6 USD) - 2016/09/19 13:38:04 ET
Table 'Reinmuthia' 6-max Seat #4 is the button
Seat 1: megabaitt ($104.69 in chips)
Seat 4: Actionni13 ($217.86 in chips)
Actionni13: posts small blind $1
megabaitt: posts big blind $3
*** HOLE CARDS ***
Actionni13: raises $3 to $6
megabaitt: calls $3
*** FLOP *** [3c 3d Js]
megabaitt: bets $3
Actionni13: calls $3
*** TURN *** [3c 3d Js] [Qs]
megabaitt: bets $6
Actionni13: calls $6
*** RIVER *** [3c 3d Js Qs] [As]
megabaitt: checks
Actionni13: bets $6
megabaitt: calls $6
*** SHOW DOWN ***
Actionni13: shows [Ad 7h] (two pair, Aces and Threes)
megabaitt: mucks hand
Actionni13 collected $41.50 from pot
*** SUMMARY ***
Total pot $42 | Rake $0.50
Board [3c 3d Js Qs As]
Seat 1: megabaitt (big blind) mucked
Seat 4: Actionni13 (button) (small blind) showed [Ad 7h] and won ($41.50) with two pair, Aces and Threes


PokerStars Hand #158818587627:  Hold'em Limit ($3/$6 USD) - 2016/09/19 13:38:49 ET
Table 'Reinmuthia' 6-max Seat #4 is the button
Seat 1: megabaitt ($82.69 in chips)
Seat 4: Actionni13 ($239.36 in chips)
Actionni13: posts small blind $1
megabaitt: posts big blind $3
*** HOLE CARDS ***
Actionni13: raises $3 to $6
megabaitt: raises $3 to $9
Actionni13: calls $3
*** FLOP *** [Qh 2c As]
megabaitt: bets $3
Actionni13: folds
Uncalled bet ($3) returned to megabaitt
megabaitt collected $17.64 from pot
*** SUMMARY ***
Total pot $18 | Rake $0.36
Board [Qh 2c As]
Seat 1: megabaitt (big blind) collected ($17.64)
Seat 4: Actionni13 (button) (small blind) folded on the Flop


PokerStars Hand #158818625540:  Hold'em Limit ($3/$6 USD) - 2016/09/19 13:39:37 ET
Table 'Reinmuthia' 6-max Seat #1 is the button
Seat 1: megabaitt ($91.97 in chips)
Seat 4: Actionni13 ($229.12 in chips)
megabaitt: posts small blind $1
Actionni13: posts big blind $3
*** HOLE CARDS ***
megabaitt: folds
Uncalled bet ($2) returned to Actionni13
Actionni13 collected $2 from pot
Actionni13: doesn't show hand
*** SUMMARY ***
Total pot $2 | Rake $0
Seat 1: megabaitt (button) (small blind) folded before Flop
Seat 4: Actionni13 (big blind) collected ($2)


PokerStars Hand #158818615964:  Hold'em Limit ($3/$6 USD) - 2016/09/19 13:39:25 ET
Table 'Reinmuthia' 6-max Seat #4 is the button
Seat 1: megabaitt ($97.97 in chips)
Seat 4: Actionni13 ($223.36 in chips)
Actionni13: posts small blind $1
megabaitt: posts big blind $3
*** HOLE CARDS ***
Actionni13: raises $3 to $6
megabaitt: calls $3
*** FLOP *** [2h Kd Ad]
megabaitt: checks
Actionni13: bets $3
megabaitt: folds
Uncalled bet ($3) returned to Actionni13
Actionni13 collected $11.76 from pot
Actionni13: doesn't show hand
*** SUMMARY ***
Total pot $12 | Rake $0.24
Board [2h Kd Ad]
Seat 1: megabaitt (big blind) folded on the Flop
Seat 4: Actionni13 (button) (small blind) collected ($11.76)


PokerStars Hand #158818611651:  Hold'em Limit ($3/$6 USD) - 2016/09/19 13:39:20 ET
Table 'Reinmuthia' 6-max Seat #1 is the button
Seat 1: megabaitt ($98.97 in chips)
Seat 4: Actionni13 ($222.36 in chips)
megabaitt: posts small blind $1
Actionni13: posts big blind $3
*** HOLE CARDS ***
megabaitt: folds
Uncalled bet ($2) returned to Actionni13
Actionni13 collected $2 from pot
Actionni13: doesn't show hand
*** SUMMARY ***
Total pot $2 | Rake $0
Seat 1: megabaitt (button) (small blind) folded before Flop
Seat 4: Actionni13 (big blind) collected ($2)


PokerStars Hand #158818602701:  Hold'em Limit ($3/$6 USD) - 2016/09/19 13:39:08 ET
Table 'Reinmuthia' 6-max Seat #4 is the button
Seat 1: megabaitt ($90.33 in chips)
Seat 4: Actionni13 ($231.36 in chips)
Actionni13: posts small blind $1
megabaitt: posts big blind $3
*** HOLE CARDS ***
Actionni13: raises $3 to $6
megabaitt: raises $3 to $9
Actionni13: calls $3
*** FLOP *** [Qd 8c Ac]
megabaitt: bets $3
Actionni13: folds
Uncalled bet ($3) returned to megabaitt
megabaitt collected $17.64 from pot
megabaitt: doesn't show hand
*** SUMMARY ***
Total pot $18 | Rake $0.36
Board [Qd 8c Ac]
Seat 1: megabaitt (big blind) collected ($17.64)
Seat 4: Actionni13 (button) (small blind) folded on the Flop


PokerStars Hand #158818598402:  Hold'em Limit ($3/$6 USD) - 2016/09/19 13:39:03 ET
Table 'Reinmuthia' 6-max Seat #1 is the button
Seat 1: megabaitt ($91.33 in chips)
Seat 4: Actionni13 ($230.36 in chips)
megabaitt: posts small blind $1
Actionni13: posts big blind $3
*** HOLE CARDS ***
megabaitt: folds
Uncalled bet ($2) returned to Actionni13
Actionni13 collected $2 from pot
Actionni13: doesn't show hand
*** SUMMARY ***
Total pot $2 | Rake $0
Seat 1: megabaitt (button) (small blind) folded before Flop
Seat 4: Actionni13 (big blind) collected ($2)


PokerStars Hand #158818661495:  Hold'em Limit ($3/$6 USD) - 2016/09/19 13:40:22 ET
Table 'Reinmuthia' 6-max Seat #1 is the button
Seat 1: megabaitt ($60.97 in chips)
Seat 4: Actionni13 ($259.62 in chips)
megabaitt: posts small blind $1
Actionni13: posts big blind $3
*** HOLE CARDS ***
megabaitt: raises $3 to $6
Actionni13: calls $3
*** FLOP *** [Kc 4c Ah]
Actionni13: checks
megabaitt: bets $3
Actionni13: raises $3 to $6
megabaitt: folds
Uncalled bet ($3) returned to Actionni13
Actionni13 collected $17.64 from pot
Actionni13: doesn't show hand
*** SUMMARY ***
Total pot $18 | Rake $0.36
Board [Kc 4c Ah]
Seat 1: megabaitt (button) (small blind) folded on the Flop
Seat 4: Actionni13 (big blind) collected ($17.64)


PokerStars Hand #158818654969:  Hold'em Limit ($3/$6 USD) - 2016/09/19 13:40:14 ET
Table 'Reinmuthia' 6-max Seat #4 is the button
Seat 1: megabaitt ($59.97 in chips)
Seat 4: Actionni13 ($260.62 in chips)
Actionni13: posts small blind $1
megabaitt: posts big blind $3
*** HOLE CARDS ***
Actionni13: folds
Uncalled bet ($2) returned to megabaitt
megabaitt collected $2 from pot
megabaitt: doesn't show hand
*** SUMMARY ***
Total pot $2 | Rake $0
Seat 1: megabaitt (big blind) collected ($2)
Seat 4: Actionni13 (button) (small blind) folded before Flop


PokerStars Hand #158818650617:  Hold'em Limit ($3/$6 USD) - 2016/09/19 13:40:09 ET
Table 'Reinmuthia' 6-max Seat #1 is the button
Seat 1: megabaitt ($60.97 in chips)
Seat 4: Actionni13 ($259.62 in chips)
megabaitt: posts small blind $1
Actionni13: posts big blind $3
*** HOLE CARDS ***
megabaitt: folds
Uncalled bet ($2) returned to Actionni13
Actionni13 collected $2 from pot
Actionni13: doesn't show hand
*** SUMMARY ***
Total pot $2 | Rake $0
Seat 1: megabaitt (button) (small blind) folded before Flop
Seat 4: Actionni13 (big blind) collected ($2)


PokerStars Hand #158818630196:  Hold'em Limit ($3/$6 USD) - 2016/09/19 13:39:43 ET
Table 'Reinmuthia' 6-max Seat #4 is the button
Seat 1: megabaitt ($90.97 in chips)
Seat 4: Actionni13 ($230.12 in chips)
Actionni13: posts small blind $1
megabaitt: posts big blind $3
*** HOLE CARDS ***
Actionni13: raises $3 to $6
megabaitt: raises $3 to $9
Actionni13: calls $3
*** FLOP *** [9d Jd Js]
megabaitt: bets $3
Actionni13: calls $3
*** TURN *** [9d Jd Js] [Kd]
megabaitt: bets $6
Actionni13: raises $6 to $12
megabaitt: calls $6
*** RIVER *** [9d Jd Js Kd] [Ac]
megabaitt: checks
Actionni13: bets $6
megabaitt: calls $6
*** SHOW DOWN ***
Actionni13: shows [Jc 7d] (three of a kind, Jacks)
megabaitt: mucks hand
Actionni13 collected $59.50 from pot
*** SUMMARY ***
Total pot $60 | Rake $0.50
Board [9d Jd Js Kd Ac]
Seat 1: megabaitt (big blind) mucked
Seat 4: Actionni13 (button) (small blind) showed [Jc 7d] and won ($59.50) with three of a kind, Jacks


PokerStars Hand #158818717423:  Hold'em Limit ($3/$6 USD) - 2016/09/19 13:41:32 ET
Table 'Reinmuthia' 6-max Seat #4 is the button
Seat 1: megabaitt ($48.47 in chips)
Seat 4: Actionni13 ($270.76 in chips)
Actionni13: posts small blind $1
megabaitt: posts big blind $3
*** HOLE CARDS ***
Actionni13: raises $3 to $6
megabaitt: calls $3
*** FLOP *** [Kh 3s 9s]
megabaitt: bets $3
Actionni13: calls $3
*** TURN *** [Kh 3s 9s] [Tc]
megabaitt: checks
Actionni13: bets $6
megabaitt: folds
Uncalled bet ($6) returned to Actionni13
Actionni13 collected $17.64 from pot
Actionni13: doesn't show hand
*** SUMMARY ***
Total pot $18 | Rake $0.36
Board [Kh 3s 9s Tc]
Seat 1: megabaitt (big blind) folded on the Turn
Seat 4: Actionni13 (button) (small blind) collected ($17.64)


PokerStars Hand #158818698466:  Hold'em Limit ($3/$6 USD) - 2016/09/19 13:41:09 ET
Table 'Reinmuthia' 6-max Seat #1 is the button
Seat 1: megabaitt ($27.97 in chips)
Seat 4: Actionni13 ($291.76 in chips)
megabaitt: posts small blind $1
Actionni13: posts big blind $3
*** HOLE CARDS ***
megabaitt: raises $3 to $6
Actionni13: calls $3
*** FLOP *** [4h Qc 2c]
Actionni13: checks
megabaitt: bets $3
Actionni13: calls $3
*** TURN *** [4h Qc 2c] [As]
Actionni13: bets $6
megabaitt: raises $6 to $12
Actionni13: calls $6
*** RIVER *** [4h Qc 2c As] [2h]
Actionni13: checks
megabaitt: bets $6
Actionni13: folds
Uncalled bet ($6) returned to megabaitt
megabaitt collected $41.50 from pot
megabaitt: doesn't show hand
*** SUMMARY ***
Total pot $42 | Rake $0.50
Board [4h Qc 2c As 2h]
Seat 1: megabaitt (button) (small blind) collected ($41.50)
Seat 4: Actionni13 (big blind) folded on the River


PokerStars Hand #158818674307:  Hold'em Limit ($3/$6 USD) - 2016/09/19 13:40:38 ET
Table 'Reinmuthia' 6-max Seat #4 is the button
Seat 1: megabaitt ($51.97 in chips)
Seat 4: Actionni13 ($268.26 in chips)
Actionni13: posts small blind $1
megabaitt: posts big blind $3
*** HOLE CARDS ***
Actionni13: raises $3 to $6
megabaitt: raises $3 to $9
Actionni13: calls $3
*** FLOP *** [9c 5c Ks]
megabaitt: bets $3
Actionni13: raises $3 to $6
megabaitt: raises $3 to $9
Actionni13: calls $3
*** TURN *** [9c 5c Ks] [7h]
megabaitt: bets $6
Actionni13: calls $6
*** RIVER *** [9c 5c Ks 7h] [7c]
megabaitt: checks
Actionni13: bets $6
megabaitt: folds
Uncalled bet ($6) returned to Actionni13
Actionni13 collected $47.50 from pot
Actionni13: doesn't show hand
*** SUMMARY ***
Total pot $48 | Rake $0.50
Board [9c 5c Ks 7h 7c]
Seat 1: megabaitt (big blind) folded on the River
Seat 4: Actionni13 (button) (small blind) collected ($47.50)


PokerStars Hand #158818730991:  Hold'em Limit ($3/$6 USD) - 2016/09/19 13:41:49 ET
Table 'Reinmuthia' 6-max Seat #1 is the button
Seat 1: megabaitt ($39.47 in chips)
Seat 4: Actionni13 ($279.40 in chips)
megabaitt: posts small blind $1
Actionni13: posts big blind $3
*** HOLE CARDS ***
megabaitt: raises $3 to $6
Actionni13: calls $3
*** FLOP *** [6d 5s 7h]
Actionni13: checks
megabaitt: bets $3
Actionni13: calls $3
*** TURN *** [6d 5s 7h] [Td]
Actionni13: checks
megabaitt: checks
*** RIVER *** [6d 5s 7h Td] [4h]
Actionni13: checks
happyshine88 joins the table at seat #5
megabaitt: checks
*** SHOW DOWN ***
Actionni13: shows [4d Qs] (a pair of Fours)
megabaitt: mucks hand
Actionni13 collected $17.64 from pot
*** SUMMARY ***
Total pot $18 | Rake $0.36
Board [6d 5s 7h Td 4h]
Seat 1: megabaitt (button) (small blind) mucked
Seat 4: Actionni13 (big blind) showed [4d Qs] and won ($17.64) with a pair of Fours


PokerStars Hand #158822071070:  Hold'em Limit ($3/$6 USD) - 2016/09/19 14:50:24 ET
Table 'Reinmuthia' 6-max Seat #1 is the button
Seat 1: Chessnok ($113 in chips)
Seat 2: popeluha ($65.17 in chips)
Chessnok: posts small blind $1
popeluha: posts big blind $3
*** HOLE CARDS ***
Chessnok: folds
Uncalled bet ($2) returned to popeluha
popeluha collected $2 from pot
*** SUMMARY ***
Total pot $2 | Rake $0
Seat 1: Chessnok (button) (small blind) folded before Flop
Seat 2: popeluha (big blind) collected ($2)


PokerStars Hand #158822064336:  Hold'em Limit ($3/$6 USD) - 2016/09/19 14:50:16 ET
Table 'Reinmuthia' 6-max Seat #2 is the button
Seat 1: Chessnok ($116 in chips)
Seat 2: popeluha ($62.17 in chips)
popeluha: posts small blind $1
Zubasa07: is sitting out
vestimokrec: is sitting out
Great_Kang: is sitting out
Chessnok: posts big blind $3
*** HOLE CARDS ***
vestimokrec leaves the table
Great_Kang leaves the table
popeluha: raises $3 to $6
Chessnok: folds
Uncalled bet ($3) returned to popeluha
popeluha collected $6 from pot
*** SUMMARY ***
Total pot $6 | Rake $0
Seat 1: Chessnok (big blind) folded before Flop
Seat 2: popeluha (button) (small blind) collected ($6)


PokerStars Hand #158822074667:  Hold'em Limit ($3/$6 USD) - 2016/09/19 14:50:28 ET
Table 'Reinmuthia' 6-max Seat #2 is the button
Seat 1: Chessnok ($112 in chips)
Seat 2: popeluha ($66.17 in chips)
popeluha: posts small blind $1
Chessnok: posts big blind $3
*** HOLE CARDS ***
popeluha: folds
Uncalled bet ($2) returned to Chessnok
Chessnok collected $2 from pot
Chessnok: doesn't show hand
*** SUMMARY ***
Total pot $2 | Rake $0
Seat 1: Chessnok (big blind) collected ($2)
Seat 2: popeluha (button) (small blind) folded before Flop


PokerStars Hand #158822081365:  Hold'em Limit ($3/$6 USD) - 2016/09/19 14:50:35 ET
Table 'Reinmuthia' 6-max Seat #1 is the button
Seat 1: Chessnok ($113 in chips)
Seat 2: popeluha ($65.17 in chips)
Chessnok: posts small blind $1
popeluha: posts big blind $3
*** HOLE CARDS ***
Chessnok: raises $3 to $6
popeluha: calls $3
*** FLOP *** [6c Kc 3c]
Zubasa07 leaves the table
popeluha: checks
Chessnok: bets $3
Psynto joins the table at seat #3
popeluha: calls $3
*** TURN *** [6c Kc 3c] [6d]
popeluha: checks
Chessnok: bets $6
popeluha: calls $6
*** RIVER *** [6c Kc 3c 6d] [Jd]
popeluha: checks
Chessnok: bets $6
popeluha: folds
Uncalled bet ($6) returned to Chessnok
Chessnok collected $29.50 from pot
Chessnok: doesn't show hand
*** SUMMARY ***
Total pot $30 | Rake $0.50
Board [6c Kc 3c 6d Jd]
Seat 1: Chessnok (button) (small blind) collected ($29.50)
Seat 2: popeluha (big blind) folded on the River


PokerStars Hand #158822239572:  Hold'em Limit ($3/$6 USD) - 2016/09/19 14:53:37 ET
Table 'Reinmuthia' 6-max Seat #3 is the button
Seat 2: popeluha ($43.15 in chips)
Seat 3: Psynto ($127.68 in chips)
Psynto: posts small blind $1
Chessnok: is sitting out
popeluha: posts big blind $3
*** HOLE CARDS ***
Psynto: raises $3 to $6
Chessnok leaves the table
popeluha: calls $3
*** FLOP *** [5c 3c Qd]
popeluha: checks
Psynto: bets $3
popeluha: calls $3
*** TURN *** [5c 3c Qd] [6s]
popeluha: checks
Psynto: bets $6
popeluha: raises $6 to $12
Psynto: calls $6
*** RIVER *** [5c 3c Qd 6s] [3d]
popeluha: bets $6
Psynto: calls $6
*** SHOW DOWN ***
popeluha: shows [Ac As] (two pair, Aces and Threes)
Psynto: mucks hand
popeluha collected $53.50 from pot
*** SUMMARY ***
Total pot $54 | Rake $0.50
Board [5c 3c Qd 6s 3d]
Seat 2: popeluha (big blind) showed [Ac As] and won ($53.50) with two pair, Aces and Threes
Seat 3: Psynto (button) (small blind) mucked


PokerStars Hand #158822261316:  Hold'em Limit ($3/$6 USD) - 2016/09/19 14:54:02 ET
Table 'Reinmuthia' 6-max Seat #2 is the button
Seat 2: popeluha ($69.65 in chips)
Seat 3: Psynto ($100.68 in chips)
popeluha: posts small blind $1
Psynto: posts big blind $3
*** HOLE CARDS ***
popeluha: calls $2
Psynto: checks
*** FLOP *** [As 6d 7h]
Psynto: bets $3
popeluha: calls $3
*** TURN *** [As 6d 7h] [Ad]
Psynto: bets $6
popeluha: folds
Uncalled bet ($6) returned to Psynto
Psynto collected $11.76 from pot
Psynto: doesn't show hand
*** SUMMARY ***
Total pot $12 | Rake $0.24
Board [As 6d 7h Ad]
Seat 2: popeluha (button) (small blind) folded on the Turn
Seat 3: Psynto (big blind) collected ($11.76)


PokerStars Hand #158822273316:  Hold'em Limit ($3/$6 USD) - 2016/09/19 14:54:16 ET
Table 'Reinmuthia' 6-max Seat #3 is the button
Seat 2: popeluha ($63.65 in chips)
Seat 3: Psynto ($106.44 in chips)
Psynto: posts small blind $1
popeluha: posts big blind $3
*** HOLE CARDS ***
Psynto: raises $3 to $6
popeluha: raises $3 to $9
Psynto: calls $3
*** FLOP *** [Jd 5c 4d]
popeluha: bets $3
Psynto: calls $3
*** TURN *** [Jd 5c 4d] [9s]
popeluha: bets $6
Psynto: calls $6
*** RIVER *** [Jd 5c 4d 9s] [6h]
popeluha: checks
Psynto: checks
*** SHOW DOWN ***
popeluha: shows [Ac Qc] (high card Ace)
Psynto: mucks hand
popeluha collected $35.50 from pot
*** SUMMARY ***
Total pot $36 | Rake $0.50
Board [Jd 5c 4d 9s 6h]
Seat 2: popeluha (big blind) showed [Ac Qc] and won ($35.50) with high card Ace
Seat 3: Psynto (button) (small blind) mucked


PokerStars Hand #158822286247:  Hold'em Limit ($3/$6 USD) - 2016/09/19 14:54:31 ET
Table 'Reinmuthia' 6-max Seat #2 is the button
Seat 2: popeluha ($81.15 in chips)
Seat 3: Psynto ($88.44 in chips)
popeluha: posts small blind $1
Psynto: posts big blind $3
*** HOLE CARDS ***
popeluha: raises $3 to $6
Psynto: raises $3 to $9
popeluha: calls $3
*** FLOP *** [8d Th Js]
Psynto: bets $3
popeluha: calls $3
*** TURN *** [8d Th Js] [Jd]
Chessnok joins the table at seat #4
Psynto: bets $6
popeluha: calls $6
*** RIVER *** [8d Th Js Jd] [7s]
Psynto: checks
popeluha: bets $6
Psynto: calls $6
*** SHOW DOWN ***
popeluha: shows [9s Jc] (a straight, Seven to Jack)
Psynto: mucks hand
popeluha collected $47.50 from pot
*** SUMMARY ***
Total pot $48 | Rake $0.50
Board [8d Th Js Jd 7s]
Seat 2: popeluha (button) (small blind) showed [9s Jc] and won ($47.50) with a straight, Seven to Jack
Seat 3: Psynto (big blind) mucked


