PokerStars Hand #160031449209:  Hold'em Limit ($3/$6 USD) - 2016/10/16 17:16:12 ET
Table 'Reiss III' 10-max Seat #10 is the button
Seat 4: Rmk1500 ($25.40 in chips)
Seat 10: Great_Kang ($163.91 in chips)
Great_Kang: posts small blind $1
Rmk1500: posts big blind $3
*** HOLE CARDS ***
Great_Kang: raises $3 to $6
Rmk1500: calls $3
*** FLOP *** [9s As 5s]
Rmk1500: checks
Great_Kang: bets $3
Rmk1500: folds
Uncalled bet ($3) returned to Great_Kang
Great_Kang collected $11.76 from pot
Great_Kang: doesn't show hand
*** SUMMARY ***
Total pot $12 | Rake $0.24
Board [9s As 5s]
Seat 4: Rmk1500 (big blind) folded on the Flop
Seat 10: Great_Kang (button) (small blind) collected ($11.76)


PokerStars Hand #160031473272:  Hold'em Limit ($3/$6 USD) - 2016/10/16 17:16:39 ET
Table 'Reiss III' 10-max Seat #4 is the button
Seat 4: Rmk1500 ($19.40 in chips)
Seat 10: Great_Kang ($169.67 in chips)
Rmk1500: posts small blind $1
Great_Kang: posts big blind $3
*** HOLE CARDS ***
Rmk1500: raises $3 to $6
Great_Kang: calls $3
*** FLOP *** [Ac 7c 3d]
Great_Kang: checks
Rmk1500: bets $3
Great_Kang: folds
Uncalled bet ($3) returned to Rmk1500
Rmk1500 collected $11.76 from pot
*** SUMMARY ***
Total pot $12 | Rake $0.24
Board [Ac 7c 3d]
Seat 4: Rmk1500 (button) (small blind) collected ($11.76)
Seat 10: Great_Kang (big blind) folded on the Flop


PokerStars Hand #160031439802:  Hold'em Limit ($3/$6 USD) - 2016/10/16 17:16:01 ET
Table 'Reiss III' 10-max Seat #4 is the button
Seat 4: Rmk1500 ($26.40 in chips)
Seat 10: Great_Kang ($162.91 in chips)
Rmk1500: posts small blind $1
Pelurile: is sitting out
Great_Kang: posts big blind $3
*** HOLE CARDS ***
Pelurile leaves the table
Rmk1500: folds
Uncalled bet ($2) returned to Great_Kang
Great_Kang collected $2 from pot
*** SUMMARY ***
Total pot $2 | Rake $0
Seat 4: Rmk1500 (button) (small blind) folded before Flop
Seat 10: Great_Kang (big blind) collected ($2)


PokerStars Hand #160031495130:  Hold'em Limit ($3/$6 USD) - 2016/10/16 17:17:03 ET
Table 'Reiss III' 10-max Seat #4 is the button
Seat 4: Rmk1500 ($22.16 in chips)
Seat 10: Great_Kang ($166.67 in chips)
Rmk1500: posts small blind $1
Great_Kang: posts big blind $3
*** HOLE CARDS ***
Rmk1500: folds
Uncalled bet ($2) returned to Great_Kang
Great_Kang collected $2 from pot
Great_Kang: doesn't show hand
*** SUMMARY ***
Total pot $2 | Rake $0
Seat 4: Rmk1500 (button) (small blind) folded before Flop
Seat 10: Great_Kang (big blind) collected ($2)


PokerStars Hand #160031487574:  Hold'em Limit ($3/$6 USD) - 2016/10/16 17:16:55 ET
Table 'Reiss III' 10-max Seat #10 is the button
Seat 4: Rmk1500 ($25.16 in chips)
Seat 10: Great_Kang ($163.67 in chips)
Great_Kang: posts small blind $1
Rmk1500: posts big blind $3
*** HOLE CARDS ***
Great_Kang: raises $3 to $6
Rmk1500: folds
Uncalled bet ($3) returned to Great_Kang
Great_Kang collected $6 from pot
Great_Kang: doesn't show hand
*** SUMMARY ***
Total pot $6 | Rake $0
Seat 4: Rmk1500 (big blind) folded before Flop
Seat 10: Great_Kang (button) (small blind) collected ($6)


PokerStars Hand #160031501418:  Hold'em Limit ($3/$6 USD) - 2016/10/16 17:17:10 ET
Table 'Reiss III' 10-max Seat #10 is the button
Seat 4: Rmk1500 ($21.16 in chips)
Seat 10: Great_Kang ($167.67 in chips)
Great_Kang: posts small blind $1
Rmk1500: posts big blind $3
*** HOLE CARDS ***
Great_Kang: raises $3 to $6
Rmk1500: calls $3
*** FLOP *** [Jh 7c Ks]
Rmk1500: checks
Great_Kang: bets $3
Rmk1500: folds
Uncalled bet ($3) returned to Great_Kang
Great_Kang collected $11.76 from pot
Great_Kang: doesn't show hand
*** SUMMARY ***
Total pot $12 | Rake $0.24
Board [Jh 7c Ks]
Seat 4: Rmk1500 (big blind) folded on the Flop
Seat 10: Great_Kang (button) (small blind) collected ($11.76)


PokerStars Hand #160031514493:  Hold'em Limit ($3/$6 USD) - 2016/10/16 17:17:25 ET
Table 'Reiss III' 10-max Seat #4 is the button
Seat 4: Rmk1500 ($15.16 in chips)
Seat 10: Great_Kang ($173.43 in chips)
Rmk1500: posts small blind $1
Great_Kang: posts big blind $3
*** HOLE CARDS ***
Rmk1500: raises $3 to $6
Great_Kang: calls $3
*** FLOP *** [Ks 8d Ac]
Great_Kang: checks
Rmk1500: bets $3
Great_Kang: calls $3
*** TURN *** [Ks 8d Ac] [Kd]
Great_Kang: checks
Rmk1500: checks
*** RIVER *** [Ks 8d Ac Kd] [6c]
Great_Kang: bets $6
Rmk1500: calls $6
*** SHOW DOWN ***
Great_Kang: shows [5h Ad] (two pair, Aces and Kings)
Rmk1500: mucks hand
Great_Kang collected $29.50 from pot
*** SUMMARY ***
Total pot $30 | Rake $0.50
Board [Ks 8d Ac Kd 6c]
Seat 4: Rmk1500 (button) (small blind) mucked
Seat 10: Great_Kang (big blind) showed [5h Ad] and won ($29.50) with two pair, Aces and Kings


