PokerStars Hand #158187421849:  Hold'em Limit ($3/$6 USD) - 2016/09/05 7:33:43 ET
Table 'Reiss II' 6-max Seat #4 is the button
Seat 4: Basicxx ($41.15 in chips)
Seat 5: belik555 ($72 in chips)
Basicxx: posts small blind $1
belik555: posts big blind $3
*** HOLE CARDS ***
Basicxx: raises $3 to $6
belik555: calls $3
*** FLOP *** [Ah Jh Qs]
belik555: checks
Basicxx: bets $3
belik555: calls $3
*** TURN *** [Ah Jh Qs] [3c]
belik555: checks
simper11 leaves the table
Basicxx: checks
*** RIVER *** [Ah Jh Qs 3c] [2c]
belik555: checks
Basicxx: bets $6
belik555: calls $6
*** SHOW DOWN ***
Basicxx: shows [8d 4d] (high card Ace)
belik555: shows [3s Kd] (a pair of Threes)
belik555 collected $29.50 from pot
*** SUMMARY ***
Total pot $30 | Rake $0.50
Board [Ah Jh Qs 3c 2c]
Seat 4: Basicxx (button) (small blind) showed [8d 4d] and lost with high card Ace
Seat 5: belik555 (big blind) showed [3s Kd] and won ($29.50) with a pair of Threes


PokerStars Hand #158187443370:  Hold'em Limit ($3/$6 USD) - 2016/09/05 7:34:32 ET
Table 'Reiss II' 6-max Seat #4 is the button
Seat 4: Basicxx ($43.65 in chips)
Seat 5: belik555 ($72 in chips)
Basicxx: posts small blind $1
belik555: posts big blind $3
*** HOLE CARDS ***
Basicxx: folds
Uncalled bet ($2) returned to belik555
belik555 collected $2 from pot
belik555: doesn't show hand
*** SUMMARY ***
Total pot $2 | Rake $0
Seat 4: Basicxx (button) (small blind) folded before Flop
Seat 5: belik555 (big blind) collected ($2)


PokerStars Hand #158187433127:  Hold'em Limit ($3/$6 USD) - 2016/09/05 7:34:09 ET
Table 'Reiss II' 6-max Seat #5 is the button
Seat 4: Basicxx ($26.15 in chips)
Seat 5: belik555 ($86.50 in chips)
belik555: posts small blind $1
Basicxx: posts big blind $3
*** HOLE CARDS ***
belik555: raises $3 to $6
Basicxx: raises $3 to $9
belik555: calls $3
*** FLOP *** [4d 7d 7c]
Basicxx: bets $3
belik555: calls $3
*** TURN *** [4d 7d 7c] [6s]
Basicxx: bets $6
belik555: calls $6
*** RIVER *** [4d 7d 7c 6s] [3h]
Basicxx: bets $6
belik555: folds
Uncalled bet ($6) returned to Basicxx
Basicxx collected $35.50 from pot
*** SUMMARY ***
Total pot $36 | Rake $0.50
Board [4d 7d 7c 6s 3h]
Seat 4: Basicxx (big blind) collected ($35.50)
Seat 5: belik555 (button) (small blind) folded on the River


PokerStars Hand #158187446011:  Hold'em Limit ($3/$6 USD) - 2016/09/05 7:34:38 ET
Table 'Reiss II' 6-max Seat #5 is the button
Seat 4: Basicxx ($42.65 in chips)
Seat 5: belik555 ($73 in chips)
belik555: posts small blind $1
Basicxx: posts big blind $3
*** HOLE CARDS ***
belik555: raises $3 to $6
Basicxx: folds
Uncalled bet ($3) returned to belik555
belik555 collected $6 from pot
belik555: doesn't show hand
*** SUMMARY ***
Total pot $6 | Rake $0
Seat 4: Basicxx (big blind) folded before Flop
Seat 5: belik555 (button) (small blind) collected ($6)


PokerStars Hand #158187448834:  Hold'em Limit ($3/$6 USD) - 2016/09/05 7:34:44 ET
Table 'Reiss II' 6-max Seat #4 is the button
Seat 4: Basicxx ($39.65 in chips)
Seat 5: belik555 ($76 in chips)
Basicxx: posts small blind $1
belik555: posts big blind $3
*** HOLE CARDS ***
Basicxx: folds
Uncalled bet ($2) returned to belik555
belik555 collected $2 from pot
belik555: doesn't show hand
*** SUMMARY ***
Total pot $2 | Rake $0
Seat 4: Basicxx (button) (small blind) folded before Flop
Seat 5: belik555 (big blind) collected ($2)


PokerStars Hand #158187451345:  Hold'em Limit ($3/$6 USD) - 2016/09/05 7:34:50 ET
Table 'Reiss II' 6-max Seat #5 is the button
Seat 4: Basicxx ($38.65 in chips)
Seat 5: belik555 ($77 in chips)
belik555: posts small blind $1
Basicxx: posts big blind $3
*** HOLE CARDS ***
belik555: raises $3 to $6
Basicxx: calls $3
*** FLOP *** [4d 6d 5s]
Basicxx: bets $3
belik555: calls $3
*** TURN *** [4d 6d 5s] [3c]
Basicxx: bets $6
belik555: folds
Uncalled bet ($6) returned to Basicxx
Basicxx collected $17.64 from pot
*** SUMMARY ***
Total pot $18 | Rake $0.36
Board [4d 6d 5s 3c]
Seat 4: Basicxx (big blind) collected ($17.64)
Seat 5: belik555 (button) (small blind) folded on the Turn


PokerStars Hand #158187479880:  Hold'em Limit ($3/$6 USD) - 2016/09/05 7:35:54 ET
Table 'Reiss II' 6-max Seat #5 is the button
Seat 4: Basicxx ($70.79 in chips)
Seat 5: belik555 ($72 in chips)
belik555: posts small blind $1
Basicxx: posts big blind $3
*** HOLE CARDS ***
belik555: raises $3 to $6
Basicxx: calls $3
*** FLOP *** [Kd Jd Kh]
Basicxx: checks
belik555: bets $3
Basicxx: folds
Uncalled bet ($3) returned to belik555
belik555 collected $11.76 from pot
belik555: doesn't show hand
Basicxx leaves the table
*** SUMMARY ***
Total pot $12 | Rake $0.24
Board [Kd Jd Kh]
Seat 4: Basicxx (big blind) folded on the Flop
Seat 5: belik555 (button) (small blind) collected ($11.76)


PokerStars Hand #158187461544:  Hold'em Limit ($3/$6 USD) - 2016/09/05 7:35:12 ET
Table 'Reiss II' 6-max Seat #4 is the button
Seat 4: Basicxx ($47.29 in chips)
Seat 5: belik555 ($72 in chips)
Basicxx: posts small blind $1
belik555: posts big blind $3
*** HOLE CARDS ***
Basicxx: raises $3 to $6
belik555: raises $3 to $9
Basicxx: calls $3
*** FLOP *** [Js Jd 3s]
belik555: bets $3
Basicxx: calls $3
*** TURN *** [Js Jd 3s] [7h]
belik555: checks
Basicxx: bets $6
belik555: calls $6
*** RIVER *** [Js Jd 3s 7h] [Qc]
belik555: checks
Basicxx: bets $6
belik555: calls $6
*** SHOW DOWN ***
Basicxx: shows [Jc Td] (three of a kind, Jacks)
belik555: mucks hand
Basicxx collected $47.50 from pot
*** SUMMARY ***
Total pot $48 | Rake $0.50
Board [Js Jd 3s 7h Qc]
Seat 4: Basicxx (button) (small blind) showed [Jc Td] and won ($47.50) with three of a kind, Jacks
Seat 5: belik555 (big blind) mucked


