PokerStars Hand #175927572588:  Hold'em Limit ($3/$6 USD) - 2017/09/21 8:40:44 ET
Table 'Renate II' 6-max Seat #3 is the button
Seat 1: cola26licht ($53.89 in chips)
Seat 3: Ag3r0n ($98.50 in chips)
Ag3r0n: posts small blind $1
cola26licht: posts big blind $3
*** HOLE CARDS ***
Ag3r0n: raises $3 to $6
cola26licht: calls $3
*** FLOP *** [Kc Jh 3h]
cola26licht: checks
Ag3r0n: bets $3
cola26licht: folds
Uncalled bet ($3) returned to Ag3r0n
Ag3r0n collected $11.76 from pot
Ag3r0n: doesn't show hand
*** SUMMARY ***
Total pot $12 | Rake $0.24
Board [Kc Jh 3h]
Seat 1: cola26licht (big blind) folded on the Flop
Seat 3: Ag3r0n (button) (small blind) collected ($11.76)


PokerStars Hand #175927559688:  Hold'em Limit ($3/$6 USD) - 2017/09/21 8:40:15 ET
Table 'Renate II' 6-max Seat #1 is the button
Seat 1: cola26licht ($80.89 in chips)
Seat 3: Ag3r0n ($72 in chips)
cola26licht: posts small blind $1
Ag3r0n: posts big blind $3
*** HOLE CARDS ***
cola26licht: raises $3 to $6
Ag3r0n: calls $3
*** FLOP *** [4h 8h 9h]
Ag3r0n: checks
cola26licht: bets $3
Ag3r0n: calls $3
*** TURN *** [4h 8h 9h] [Ac]
Ag3r0n: checks
cola26licht: bets $6
Ag3r0n: calls $6
*** RIVER *** [4h 8h 9h Ac] [2h]
Ag3r0n: bets $6
cola26licht: raises $6 to $12
Ag3r0n: calls $6
*** SHOW DOWN ***
cola26licht: shows [3h Qh] (a flush, Queen high)
Ag3r0n: shows [Kh 4s] (a flush, King high)
Ag3r0n collected $53.50 from pot
*** SUMMARY ***
Total pot $54 | Rake $0.50
Board [4h 8h 9h Ac 2h]
Seat 1: cola26licht (button) (small blind) showed [3h Qh] and lost with a flush, Queen high
Seat 3: Ag3r0n (big blind) showed [Kh 4s] and won ($53.50) with a flush, King high


PokerStars Hand #175927577849:  Hold'em Limit ($3/$6 USD) - 2017/09/21 8:40:55 ET
Table 'Renate II' 6-max Seat #1 is the button
Seat 1: cola26licht ($47.89 in chips)
Seat 3: Ag3r0n ($104.26 in chips)
cola26licht: posts small blind $1
Ag3r0n: posts big blind $3
*** HOLE CARDS ***
cola26licht: raises $3 to $6
Ag3r0n: raises $3 to $9
cola26licht: calls $3
*** FLOP *** [Kc 5h 3c]
Ag3r0n: bets $3
cola26licht: calls $3
*** TURN *** [Kc 5h 3c] [2s]
Ag3r0n: checks
PayMyAudiR8 joins the table at seat #4
cola26licht: bets $6
picsel37 joins the table at seat #5
Ag3r0n: calls $6
*** RIVER *** [Kc 5h 3c 2s] [3s]
Ag3r0n: checks
cola26licht: bets $6
Ag3r0n: calls $6
*** SHOW DOWN ***
cola26licht: shows [Th 9c] (a pair of Threes)
Ag3r0n: shows [Ad Qh] (a pair of Threes - Ace kicker)
Ag3r0n collected $47.50 from pot
Agrotait joins the table at seat #2
*** SUMMARY ***
Total pot $48 | Rake $0.50
Board [Kc 5h 3c 2s 3s]
Seat 1: cola26licht (button) (small blind) showed [Th 9c] and lost with a pair of Threes
Seat 3: Ag3r0n (big blind) showed [Ad Qh] and won ($47.50) with a pair of Threes


PokerStars Hand #175927710311:  Hold'em Limit ($3/$6 USD) - 2017/09/21 8:45:42 ET
Table 'Renate II' 6-max Seat #5 is the button
Seat 4: PayMyAudiR8 ($108.42 in chips)
Seat 5: picsel37 ($42.50 in chips)
picsel37: posts small blind $1
PayMyAudiR8: posts big blind $3
*** HOLE CARDS ***
picsel37: raises $3 to $6
PayMyAudiR8: raises $3 to $9
picsel37: calls $3
*** FLOP *** [3h 5s 2c]
PayMyAudiR8: bets $3
picsel37: calls $3
*** TURN *** [3h 5s 2c] [Tc]
PayMyAudiR8: bets $6
picsel37: calls $6
*** RIVER *** [3h 5s 2c Tc] [4h]
PayMyAudiR8: bets $6
picsel37: calls $6
*** SHOW DOWN ***
PayMyAudiR8: shows [Jh As] (a straight, Ace to Five)
picsel37: mucks hand
PayMyAudiR8 collected $47.50 from pot
*** SUMMARY ***
Total pot $48 | Rake $0.50
Board [3h 5s 2c Tc 4h]
Seat 4: PayMyAudiR8 (big blind) showed [Jh As] and won ($47.50) with a straight, Ace to Five
Seat 5: picsel37 (button) (small blind) mucked


PokerStars Hand #175927707998:  Hold'em Limit ($3/$6 USD) - 2017/09/21 8:45:37 ET
Table 'Renate II' 6-max Seat #4 is the button
Seat 4: PayMyAudiR8 ($109.42 in chips)
Seat 5: picsel37 ($41.50 in chips)
PayMyAudiR8: posts small blind $1
picsel37: posts big blind $3
*** HOLE CARDS ***
PayMyAudiR8: folds
Uncalled bet ($2) returned to picsel37
picsel37 collected $2 from pot
*** SUMMARY ***
Total pot $2 | Rake $0
Seat 4: PayMyAudiR8 (button) (small blind) folded before Flop
Seat 5: picsel37 (big blind) collected ($2)


PokerStars Hand #175927704331:  Hold'em Limit ($3/$6 USD) - 2017/09/21 8:45:29 ET
Table 'Renate II' 6-max Seat #5 is the button
Seat 4: PayMyAudiR8 ($103.66 in chips)
Seat 5: picsel37 ($47.50 in chips)
picsel37: posts small blind $1
PayMyAudiR8: posts big blind $3
*** HOLE CARDS ***
picsel37: calls $2
PayMyAudiR8: raises $3 to $6
picsel37: calls $3
*** FLOP *** [Jh Qs 8h]
PayMyAudiR8: bets $3
picsel37: folds
Uncalled bet ($3) returned to PayMyAudiR8
PayMyAudiR8 collected $11.76 from pot
PayMyAudiR8: doesn't show hand
*** SUMMARY ***
Total pot $12 | Rake $0.24
Board [Jh Qs 8h]
Seat 4: PayMyAudiR8 (big blind) collected ($11.76)
Seat 5: picsel37 (button) (small blind) folded on the Flop


PokerStars Hand #175927701996:  Hold'em Limit ($3/$6 USD) - 2017/09/21 8:45:24 ET
Table 'Renate II' 6-max Seat #4 is the button
Seat 4: PayMyAudiR8 ($104.66 in chips)
Seat 5: picsel37 ($46.50 in chips)
PayMyAudiR8: posts small blind $1
picsel37: posts big blind $3
*** HOLE CARDS ***
PayMyAudiR8: folds
Uncalled bet ($2) returned to picsel37
picsel37 collected $2 from pot
*** SUMMARY ***
Total pot $2 | Rake $0
Seat 4: PayMyAudiR8 (button) (small blind) folded before Flop
Seat 5: picsel37 (big blind) collected ($2)


PokerStars Hand #175927695141:  Hold'em Limit ($3/$6 USD) - 2017/09/21 8:45:09 ET
Table 'Renate II' 6-max Seat #5 is the button
Seat 4: PayMyAudiR8 ($90.16 in chips)
Seat 5: picsel37 ($61.50 in chips)
picsel37: posts small blind $1
SEQUOIA2012: is sitting out
PayMyAudiR8: posts big blind $3
*** HOLE CARDS ***
picsel37: raises $3 to $6
PayMyAudiR8: calls $3
*** FLOP *** [8c Kd Th]
PayMyAudiR8: checks
picsel37: bets $3
PayMyAudiR8: calls $3
*** TURN *** [8c Kd Th] [Qc]
PayMyAudiR8: checks
picsel37: bets $6
PayMyAudiR8: calls $6
*** RIVER *** [8c Kd Th Qc] [2h]
PayMyAudiR8: checks
picsel37: checks
*** SHOW DOWN ***
PayMyAudiR8: shows [Ts 2c] (two pair, Tens and Deuces)
picsel37: mucks hand
PayMyAudiR8 collected $29.50 from pot
*** SUMMARY ***
Total pot $30 | Rake $0.50
Board [8c Kd Th Qc 2h]
Seat 4: PayMyAudiR8 (big blind) showed [Ts 2c] and won ($29.50) with two pair, Tens and Deuces
Seat 5: picsel37 (button) (small blind) mucked


PokerStars Hand #175927743788:  Hold'em Limit ($3/$6 USD) - 2017/09/21 8:46:55 ET
Table 'Renate II' 6-max Seat #5 is the button
Seat 4: PayMyAudiR8 ($108.44 in chips)
Seat 5: picsel37 ($60.50 in chips)
picsel37: posts small blind $1
PayMyAudiR8: posts big blind $3
*** HOLE CARDS ***
picsel37: raises $3 to $6
PayMyAudiR8: raises $3 to $9
picsel37: calls $3
*** FLOP *** [Qh 3d 9c]
PayMyAudiR8: bets $3
picsel37: calls $3
*** TURN *** [Qh 3d 9c] [Qd]
PayMyAudiR8: bets $6
picsel37: calls $6
*** RIVER *** [Qh 3d 9c Qd] [Tc]
PayMyAudiR8: bets $6
picsel37: calls $6
*** SHOW DOWN ***
PayMyAudiR8: shows [7h 7c] (two pair, Queens and Sevens)
picsel37: shows [8d 8s] (two pair, Queens and Eights)
picsel37 collected $47.50 from pot
*** SUMMARY ***
Total pot $48 | Rake $0.50
Board [Qh 3d 9c Qd Tc]
Seat 4: PayMyAudiR8 (big blind) showed [7h 7c] and lost with two pair, Queens and Sevens
Seat 5: picsel37 (button) (small blind) showed [8d 8s] and won ($47.50) with two pair, Queens and Eights


PokerStars Hand #175927735949:  Hold'em Limit ($3/$6 USD) - 2017/09/21 8:46:38 ET
Table 'Renate II' 6-max Seat #4 is the button
Seat 4: PayMyAudiR8 ($128.94 in chips)
Seat 5: picsel37 ($20.50 in chips)
PayMyAudiR8: posts small blind $1
picsel37: posts big blind $3
*** HOLE CARDS ***
PayMyAudiR8: raises $3 to $6
picsel37: raises $3 to $9
PayMyAudiR8: calls $3
*** FLOP *** [8h Js 7s]
picsel37: bets $3
PayMyAudiR8: raises $3 to $6
picsel37: raises $3 to $9
PayMyAudiR8: raises $3 to $12
Betting is capped
picsel37: calls $2.50 and is all-in
Uncalled bet ($0.50) returned to PayMyAudiR8
*** TURN *** [8h Js 7s] [Qc]
*** RIVER *** [8h Js 7s Qc] [Jh]
*** SHOW DOWN ***
picsel37: shows [Qd Ac] (two pair, Queens and Jacks)
PayMyAudiR8: shows [7h 2h] (two pair, Jacks and Sevens)
picsel37 collected $40.50 from pot
*** SUMMARY ***
Total pot $41 | Rake $0.50
Board [8h Js 7s Qc Jh]
Seat 4: PayMyAudiR8 (button) (small blind) showed [7h 2h] and lost with two pair, Jacks and Sevens
Seat 5: picsel37 (big blind) showed [Qd Ac] and won ($40.50) with two pair, Queens and Jacks


PokerStars Hand #175927730912:  Hold'em Limit ($3/$6 USD) - 2017/09/21 8:46:27 ET
Table 'Renate II' 6-max Seat #5 is the button
Seat 4: PayMyAudiR8 ($117.42 in chips)
Seat 5: picsel37 ($32.50 in chips)
picsel37: posts small blind $1
PayMyAudiR8: posts big blind $3
*** HOLE CARDS ***
picsel37: raises $3 to $6
PayMyAudiR8: raises $3 to $9
picsel37: calls $3
*** FLOP *** [Js 3c Jc]
PayMyAudiR8: bets $3
picsel37: calls $3
*** TURN *** [Js 3c Jc] [Qs]
PayMyAudiR8: bets $6
picsel37: folds
Uncalled bet ($6) returned to PayMyAudiR8
PayMyAudiR8 collected $23.52 from pot
PayMyAudiR8: doesn't show hand
*** SUMMARY ***
Total pot $24 | Rake $0.48
Board [Js 3c Jc Qs]
Seat 4: PayMyAudiR8 (big blind) collected ($23.52)
Seat 5: picsel37 (button) (small blind) folded on the Turn


PokerStars Hand #175927728714:  Hold'em Limit ($3/$6 USD) - 2017/09/21 8:46:22 ET
Table 'Renate II' 6-max Seat #4 is the button
Seat 4: PayMyAudiR8 ($114.42 in chips)
Seat 5: picsel37 ($35.50 in chips)
PayMyAudiR8: posts small blind $1
picsel37: posts big blind $3
*** HOLE CARDS ***
PayMyAudiR8: raises $3 to $6
picsel37: folds
Uncalled bet ($3) returned to PayMyAudiR8
PayMyAudiR8 collected $6 from pot
PayMyAudiR8: doesn't show hand
*** SUMMARY ***
Total pot $6 | Rake $0
Seat 4: PayMyAudiR8 (button) (small blind) collected ($6)
Seat 5: picsel37 (big blind) folded before Flop


PokerStars Hand #175927726742:  Hold'em Limit ($3/$6 USD) - 2017/09/21 8:46:18 ET
Table 'Renate II' 6-max Seat #5 is the button
Seat 4: PayMyAudiR8 ($113.42 in chips)
Seat 5: picsel37 ($36.50 in chips)
picsel37: posts small blind $1
PayMyAudiR8: posts big blind $3
*** HOLE CARDS ***
picsel37: folds
Uncalled bet ($2) returned to PayMyAudiR8
PayMyAudiR8 collected $2 from pot
PayMyAudiR8: doesn't show hand
*** SUMMARY ***
Total pot $2 | Rake $0
Seat 4: PayMyAudiR8 (big blind) collected ($2)
Seat 5: picsel37 (button) (small blind) folded before Flop


PokerStars Hand #175927716273:  Hold'em Limit ($3/$6 USD) - 2017/09/21 8:45:55 ET
Table 'Renate II' 6-max Seat #4 is the button
Seat 4: PayMyAudiR8 ($131.92 in chips)
Seat 5: picsel37 ($18.50 in chips)
PayMyAudiR8: posts small blind $1
picsel37: posts big blind $3
*** HOLE CARDS ***
PayMyAudiR8: raises $3 to $6
picsel37: calls $3
*** FLOP *** [4h 8d Jh]
picsel37: bets $3
PayMyAudiR8: calls $3
*** TURN *** [4h 8d Jh] [9d]
picsel37: bets $6
PayMyAudiR8: raises $6 to $12
picsel37: calls $3.50 and is all-in
Uncalled bet ($2.50) returned to PayMyAudiR8
*** RIVER *** [4h 8d Jh 9d] [8s]
*** SHOW DOWN ***
picsel37: shows [Js Qh] (two pair, Jacks and Eights)
PayMyAudiR8: shows [Th Ac] (a pair of Eights)
picsel37 collected $36.50 from pot
*** SUMMARY ***
Total pot $37 | Rake $0.50
Board [4h 8d Jh 9d 8s]
Seat 4: PayMyAudiR8 (button) (small blind) showed [Th Ac] and lost with a pair of Eights
Seat 5: picsel37 (big blind) showed [Js Qh] and won ($36.50) with two pair, Jacks and Eights


PokerStars Hand #175927777331:  Hold'em Limit ($3/$6 USD) - 2017/09/21 8:48:08 ET
Table 'Renate II' 6-max Seat #5 is the button
Seat 4: PayMyAudiR8 ($69.20 in chips)
Seat 5: picsel37 ($98.50 in chips)
picsel37: posts small blind $1
PayMyAudiR8: posts big blind $3
*** HOLE CARDS ***
picsel37: folds
Uncalled bet ($2) returned to PayMyAudiR8
PayMyAudiR8 collected $2 from pot
PayMyAudiR8: doesn't show hand
*** SUMMARY ***
Total pot $2 | Rake $0
Seat 4: PayMyAudiR8 (big blind) collected ($2)
Seat 5: picsel37 (button) (small blind) folded before Flop


PokerStars Hand #175927761795:  Hold'em Limit ($3/$6 USD) - 2017/09/21 8:47:34 ET
Table 'Renate II' 6-max Seat #4 is the button
Seat 4: PayMyAudiR8 ($63.44 in chips)
Seat 5: picsel37 ($104.50 in chips)
PayMyAudiR8: posts small blind $1
picsel37: posts big blind $3
*** HOLE CARDS ***
PayMyAudiR8: raises $3 to $6
picsel37: calls $3
*** FLOP *** [Qs 9h Ac]
picsel37: checks
PayMyAudiR8: bets $3
picsel37: folds
Uncalled bet ($3) returned to PayMyAudiR8
PayMyAudiR8 collected $11.76 from pot
PayMyAudiR8: doesn't show hand
*** SUMMARY ***
Total pot $12 | Rake $0.24
Board [Qs 9h Ac]
Seat 4: PayMyAudiR8 (button) (small blind) collected ($11.76)
Seat 5: picsel37 (big blind) folded on the Flop


PokerStars Hand #175927753101:  Hold'em Limit ($3/$6 USD) - 2017/09/21 8:47:15 ET
Table 'Renate II' 6-max Seat #5 is the button
Seat 4: PayMyAudiR8 ($87.44 in chips)
Seat 5: picsel37 ($81 in chips)
picsel37: posts small blind $1
PayMyAudiR8: posts big blind $3
*** HOLE CARDS ***
picsel37: raises $3 to $6
PayMyAudiR8: calls $3
*** FLOP *** [7h 6d Ah]
PayMyAudiR8: checks
picsel37: bets $3
PayMyAudiR8: raises $3 to $6
picsel37: calls $3
*** TURN *** [7h 6d Ah] [Jh]
PayMyAudiR8: bets $6
picsel37: calls $6
*** RIVER *** [7h 6d Ah Jh] [5d]
PayMyAudiR8: bets $6
picsel37: raises $6 to $12
PayMyAudiR8: folds
Uncalled bet ($6) returned to picsel37
picsel37 collected $47.50 from pot
*** SUMMARY ***
Total pot $48 | Rake $0.50
Board [7h 6d Ah Jh 5d]
Seat 4: PayMyAudiR8 (big blind) folded on the River
Seat 5: picsel37 (button) (small blind) collected ($47.50)


PokerStars Hand #175927750819:  Hold'em Limit ($3/$6 USD) - 2017/09/21 8:47:10 ET
Table 'Renate II' 6-max Seat #4 is the button
Seat 4: PayMyAudiR8 ($84.44 in chips)
Seat 5: picsel37 ($84 in chips)
PayMyAudiR8: posts small blind $1
picsel37: posts big blind $3
*** HOLE CARDS ***
PayMyAudiR8: raises $3 to $6
picsel37: folds
Uncalled bet ($3) returned to PayMyAudiR8
PayMyAudiR8 collected $6 from pot
PayMyAudiR8: doesn't show hand
*** SUMMARY ***
Total pot $6 | Rake $0
Seat 4: PayMyAudiR8 (button) (small blind) collected ($6)
Seat 5: picsel37 (big blind) folded before Flop


PokerStars Hand #175927802960:  Hold'em Limit ($3/$6 USD) - 2017/09/21 8:49:04 ET
Table 'Renate II' 6-max Seat #5 is the button
Seat 4: PayMyAudiR8 ($81.70 in chips)
Seat 5: picsel37 ($85 in chips)
picsel37: posts small blind $1
PayMyAudiR8: posts big blind $3
*** HOLE CARDS ***
picsel37: calls $2
PayMyAudiR8: checks
*** FLOP *** [Ad 2h Ks]
PayMyAudiR8: bets $3
picsel37: folds
Uncalled bet ($3) returned to PayMyAudiR8
PayMyAudiR8 collected $5.88 from pot
PayMyAudiR8: doesn't show hand
*** SUMMARY ***
Total pot $6 | Rake $0.12
Board [Ad 2h Ks]
Seat 4: PayMyAudiR8 (big blind) collected ($5.88)
Seat 5: picsel37 (button) (small blind) folded on the Flop


PokerStars Hand #175927794865:  Hold'em Limit ($3/$6 USD) - 2017/09/21 8:48:46 ET
Table 'Renate II' 6-max Seat #4 is the button
Seat 4: PayMyAudiR8 ($96.70 in chips)
Seat 5: picsel37 ($70.50 in chips)
PayMyAudiR8: posts small blind $1
picsel37: posts big blind $3
*** HOLE CARDS ***
PayMyAudiR8: raises $3 to $6
picsel37: calls $3
*** FLOP *** [6d 4c 5d]
picsel37: checks
PayMyAudiR8: bets $3
picsel37: calls $3
*** TURN *** [6d 4c 5d] [6h]
picsel37: checks
PayMyAudiR8: bets $6
picsel37: calls $6
*** RIVER *** [6d 4c 5d 6h] [5c]
picsel37: checks
PayMyAudiR8: checks
*** SHOW DOWN ***
picsel37: shows [7d Ad] (two pair, Sixes and Fives)
PayMyAudiR8: mucks hand
picsel37 collected $29.50 from pot
*** SUMMARY ***
Total pot $30 | Rake $0.50
Board [6d 4c 5d 6h 5c]
Seat 4: PayMyAudiR8 (button) (small blind) mucked
Seat 5: picsel37 (big blind) showed [7d Ad] and won ($29.50) with two pair, Sixes and Fives


PokerStars Hand #175927788822:  Hold'em Limit ($3/$6 USD) - 2017/09/21 8:48:33 ET
Table 'Renate II' 6-max Seat #5 is the button
Seat 4: PayMyAudiR8 ($73.20 in chips)
Seat 5: picsel37 ($94.50 in chips)
picsel37: posts small blind $1
PayMyAudiR8: posts big blind $3
*** HOLE CARDS ***
picsel37: raises $3 to $6
PayMyAudiR8: calls $3
*** FLOP *** [4s 5s Ts]
PayMyAudiR8: checks
picsel37: bets $3
SEQUOIA2012 leaves the table
PayMyAudiR8: raises $3 to $6
picsel37: calls $3
*** TURN *** [4s 5s Ts] [2c]
PayMyAudiR8: bets $6
picsel37: calls $6
*** RIVER *** [4s 5s Ts 2c] [7h]
PayMyAudiR8: bets $6
picsel37: calls $6
*** SHOW DOWN ***
PayMyAudiR8: shows [Tc 7d] (two pair, Tens and Sevens)
picsel37: mucks hand
PayMyAudiR8 collected $47.50 from pot
*** SUMMARY ***
Total pot $48 | Rake $0.50
Board [4s 5s Ts 2c 7h]
Seat 4: PayMyAudiR8 (big blind) showed [Tc 7d] and won ($47.50) with two pair, Tens and Sevens
Seat 5: picsel37 (button) (small blind) mucked


PokerStars Hand #175927779909:  Hold'em Limit ($3/$6 USD) - 2017/09/21 8:48:14 ET
Table 'Renate II' 6-max Seat #4 is the button
Seat 4: PayMyAudiR8 ($70.20 in chips)
Seat 5: picsel37 ($97.50 in chips)
PayMyAudiR8: posts small blind $1
picsel37: posts big blind $3
*** HOLE CARDS ***
PayMyAudiR8: raises $3 to $6
picsel37: folds
Uncalled bet ($3) returned to PayMyAudiR8
PayMyAudiR8 collected $6 from pot
PayMyAudiR8: doesn't show hand
*** SUMMARY ***
Total pot $6 | Rake $0
Seat 4: PayMyAudiR8 (button) (small blind) collected ($6)
Seat 5: picsel37 (big blind) folded before Flop


PokerStars Hand #175927827562:  Hold'em Limit ($3/$6 USD) - 2017/09/21 8:49:57 ET
Table 'Renate II' 6-max Seat #4 is the button
Seat 4: PayMyAudiR8 ($84.08 in chips)
Seat 5: picsel37 ($81.02 in chips)
PayMyAudiR8: posts small blind $1
picsel37: posts big blind $3
*** HOLE CARDS ***
PayMyAudiR8: folds
Uncalled bet ($2) returned to picsel37
picsel37 collected $2 from pot
*** SUMMARY ***
Total pot $2 | Rake $0
Seat 4: PayMyAudiR8 (button) (small blind) folded before Flop
Seat 5: picsel37 (big blind) collected ($2)


PokerStars Hand #175927822612:  Hold'em Limit ($3/$6 USD) - 2017/09/21 8:49:46 ET
Table 'Renate II' 6-max Seat #5 is the button
Seat 4: PayMyAudiR8 ($99.08 in chips)
Seat 5: picsel37 ($66.52 in chips)
picsel37: posts small blind $1
PayMyAudiR8: posts big blind $3
*** HOLE CARDS ***
picsel37: raises $3 to $6
PayMyAudiR8: calls $3
*** FLOP *** [4h Qh 3c]
PayMyAudiR8: checks
picsel37: bets $3
PayMyAudiR8: calls $3
*** TURN *** [4h Qh 3c] [Ac]
PayMyAudiR8: checks
picsel37: bets $6
PayMyAudiR8: calls $6
*** RIVER *** [4h Qh 3c Ac] [9c]
PayMyAudiR8: checks
picsel37: checks
*** SHOW DOWN ***
PayMyAudiR8: shows [Tc 3h] (a pair of Threes)
picsel37: shows [4s 5s] (a pair of Fours)
picsel37 collected $29.50 from pot
*** SUMMARY ***
Total pot $30 | Rake $0.50
Board [4h Qh 3c Ac 9c]
Seat 4: PayMyAudiR8 (big blind) showed [Tc 3h] and lost with a pair of Threes
Seat 5: picsel37 (button) (small blind) showed [4s 5s] and won ($29.50) with a pair of Fours


PokerStars Hand #175927816168:  Hold'em Limit ($3/$6 USD) - 2017/09/21 8:49:33 ET
Table 'Renate II' 6-max Seat #4 is the button
Seat 4: PayMyAudiR8 ($111.08 in chips)
Seat 5: picsel37 ($55 in chips)
PayMyAudiR8: posts small blind $1
picsel37: posts big blind $3
*** HOLE CARDS ***
PayMyAudiR8: raises $3 to $6
picsel37: calls $3
*** FLOP *** [9c 7h Qs]
picsel37: checks
PayMyAudiR8: bets $3
picsel37: raises $3 to $6
PayMyAudiR8: calls $3
*** TURN *** [9c 7h Qs] [Qd]
picsel37: bets $6
PayMyAudiR8: folds
Uncalled bet ($6) returned to picsel37
picsel37 collected $23.52 from pot
*** SUMMARY ***
Total pot $24 | Rake $0.48
Board [9c 7h Qs Qd]
Seat 4: PayMyAudiR8 (button) (small blind) folded on the Turn
Seat 5: picsel37 (big blind) collected ($23.52)


PokerStars Hand #175927809856:  Hold'em Limit ($3/$6 USD) - 2017/09/21 8:49:19 ET
Table 'Renate II' 6-max Seat #5 is the button
Seat 4: PayMyAudiR8 ($87.58 in chips)
Seat 5: picsel37 ($79 in chips)
picsel37: posts small blind $1
PayMyAudiR8: posts big blind $3
*** HOLE CARDS ***
picsel37: raises $3 to $6
PayMyAudiR8: raises $3 to $9
picsel37: calls $3
*** FLOP *** [Kc 4h Qs]
PayMyAudiR8: bets $3
picsel37: calls $3
*** TURN *** [Kc 4h Qs] [6d]
PayMyAudiR8: bets $6
picsel37: calls $6
*** RIVER *** [Kc 4h Qs 6d] [6s]
PayMyAudiR8: bets $6
picsel37: calls $6
*** SHOW DOWN ***
PayMyAudiR8: shows [6c 6h] (four of a kind, Sixes)
picsel37: mucks hand
PayMyAudiR8 collected $47.50 from pot
*** SUMMARY ***
Total pot $48 | Rake $0.50
Board [Kc 4h Qs 6d 6s]
Seat 4: PayMyAudiR8 (big blind) showed [6c 6h] and won ($47.50) with four of a kind, Sixes
Seat 5: picsel37 (button) (small blind) mucked


PokerStars Hand #175927807294:  Hold'em Limit ($3/$6 USD) - 2017/09/21 8:49:13 ET
Table 'Renate II' 6-max Seat #4 is the button
Seat 4: PayMyAudiR8 ($84.58 in chips)
Seat 5: picsel37 ($82 in chips)
PayMyAudiR8: posts small blind $1
picsel37: posts big blind $3
*** HOLE CARDS ***
PayMyAudiR8: raises $3 to $6
picsel37: folds
Uncalled bet ($3) returned to PayMyAudiR8
PayMyAudiR8 collected $6 from pot
PayMyAudiR8: doesn't show hand
*** SUMMARY ***
Total pot $6 | Rake $0
Seat 4: PayMyAudiR8 (button) (small blind) collected ($6)
Seat 5: picsel37 (big blind) folded before Flop


PokerStars Hand #175927835674:  Hold'em Limit ($3/$6 USD) - 2017/09/21 8:50:15 ET
Table 'Renate II' 6-max Seat #4 is the button
Seat 4: PayMyAudiR8 ($59.08 in chips)
Seat 5: picsel37 ($105.52 in chips)
PayMyAudiR8: posts small blind $1
picsel37: posts big blind $3
*** HOLE CARDS ***
PayMyAudiR8: raises $3 to $6
picsel37: calls $3
*** FLOP *** [2d 7d Qh]
picsel37: checks
PayMyAudiR8: bets $3
picsel37: calls $3
*** TURN *** [2d 7d Qh] [Ac]
kote1969 joins the table at seat #6
picsel37: checks
PayMyAudiR8: bets $6
picsel37: folds
Uncalled bet ($6) returned to PayMyAudiR8
PayMyAudiR8 collected $17.64 from pot
PayMyAudiR8: doesn't show hand
*** SUMMARY ***
Total pot $18 | Rake $0.36
Board [2d 7d Qh Ac]
Seat 4: PayMyAudiR8 (button) (small blind) collected ($17.64)
Seat 5: picsel37 (big blind) folded on the Turn


PokerStars Hand #175927829810:  Hold'em Limit ($3/$6 USD) - 2017/09/21 8:50:02 ET
Table 'Renate II' 6-max Seat #5 is the button
Seat 4: PayMyAudiR8 ($83.08 in chips)
Seat 5: picsel37 ($82.02 in chips)
picsel37: posts small blind $1
PayMyAudiR8: posts big blind $3
*** HOLE CARDS ***
picsel37: raises $3 to $6
PayMyAudiR8: raises $3 to $9
picsel37: calls $3
*** FLOP *** [4s 4d 5s]
PayMyAudiR8: bets $3
picsel37: calls $3
*** TURN *** [4s 4d 5s] [8s]
PayMyAudiR8: bets $6
picsel37: calls $6
*** RIVER *** [4s 4d 5s 8s] [Ts]
PayMyAudiR8: checks
picsel37: bets $6
PayMyAudiR8: calls $6
*** SHOW DOWN ***
picsel37: shows [Jh 8d] (two pair, Eights and Fours)
PayMyAudiR8: mucks hand
picsel37 collected $47.50 from pot
*** SUMMARY ***
Total pot $48 | Rake $0.50
Board [4s 4d 5s 8s Ts]
Seat 4: PayMyAudiR8 (big blind) mucked
Seat 5: picsel37 (button) (small blind) showed [Jh 8d] and won ($47.50) with two pair, Eights and Fours


PokerStars Hand #175934151296:  Hold'em Limit ($3/$6 USD) - 2017/09/21 12:05:58 ET
Table 'Renate II' 6-max Seat #6 is the button
Seat 5: picsel37 ($71.58 in chips)
Seat 6: B_loJkl ($139.94 in chips)
B_loJkl: posts small blind $1
vestimokrec: is sitting out
picsel37: posts big blind $3
*** HOLE CARDS ***
B_loJkl: raises $3 to $6
picsel37: calls $3
*** FLOP *** [Tc 4s Qs]
sadamilli joins the table at seat #4
picsel37: checks
vestimokrec leaves the table
B_loJkl: bets $3
picsel37: folds
Uncalled bet ($3) returned to B_loJkl
B_loJkl collected $11.76 from pot
B_loJkl: doesn't show hand
*** SUMMARY ***
Total pot $12 | Rake $0.24
Board [Tc 4s Qs]
Seat 5: picsel37 (big blind) folded on the Flop
Seat 6: B_loJkl (button) (small blind) collected ($11.76)


PokerStars Hand #175934165107:  Hold'em Limit ($3/$6 USD) - 2017/09/21 12:06:17 ET
Table 'Renate II' 6-max Seat #5 is the button
Seat 5: picsel37 ($65.58 in chips)
Seat 6: B_loJkl ($145.70 in chips)
picsel37: posts small blind $1
B_loJkl: posts big blind $3
*** HOLE CARDS ***
picsel37: raises $3 to $6
B_loJkl: calls $3
*** FLOP *** [8d 5c 8c]
B_loJkl: checks
picsel37: bets $3
B_loJkl: folds
Uncalled bet ($3) returned to picsel37
picsel37 collected $11.76 from pot
*** SUMMARY ***
Total pot $12 | Rake $0.24
Board [8d 5c 8c]
Seat 5: picsel37 (button) (small blind) collected ($11.76)
Seat 6: B_loJkl (big blind) folded on the Flop


PokerStars Hand #175936197984:  Hold'em Limit ($3/$6 USD) - 2017/09/21 12:55:22 ET
Table 'Renate II' 6-max Seat #5 is the button
Seat 4: Ag3r0n ($171.89 in chips)
Seat 5: picsel37 ($75.24 in chips)
picsel37: posts small blind $1
Ag3r0n: posts big blind $3
*** HOLE CARDS ***
picsel37: folds
Uncalled bet ($2) returned to Ag3r0n
Ag3r0n collected $2 from pot
Ag3r0n: doesn't show hand
picsel37 leaves the table
*** SUMMARY ***
Total pot $2 | Rake $0
Seat 4: Ag3r0n (big blind) collected ($2)
Seat 5: picsel37 (button) (small blind) folded before Flop


