PokerStars Hand #152894983037:  Hold'em Limit ($3/$6 USD) - 2016/05/05 14:10:27 ET
Table 'Renate' 6-max Seat #3 is the button
Seat 2: BERMUDA330 ($98.13 in chips)
Seat 3: Tryptamean ($97.12 in chips)
Tryptamean: posts small blind $1
assitoni: is sitting out
BERMUDA330: posts big blind $3
*** HOLE CARDS ***
Tryptamean: folds
Uncalled bet ($2) returned to BERMUDA330
BERMUDA330 collected $2 from pot
BERMUDA330: doesn't show hand
*** SUMMARY ***
Total pot $2 | Rake $0
Seat 2: BERMUDA330 (big blind) collected ($2)
Seat 3: Tryptamean (button) (small blind) folded before Flop


PokerStars Hand #152895029341:  Hold'em Limit ($3/$6 USD) - 2016/05/05 14:11:22 ET
Table 'Renate' 6-max Seat #3 is the button
Seat 2: BERMUDA330 ($81.13 in chips)
Seat 3: Tryptamean ($113.62 in chips)
Tryptamean: posts small blind $1
BERMUDA330: posts big blind $3
*** HOLE CARDS ***
Tryptamean: raises $3 to $6
BERMUDA330: raises $3 to $9
Tryptamean: calls $3
*** FLOP *** [5h Th 4c]
BERMUDA330: bets $3
Tryptamean: calls $3
*** TURN *** [5h Th 4c] [Kh]
BERMUDA330: bets $6
Tryptamean: raises $6 to $12
BERMUDA330: raises $6 to $18
Tryptamean: calls $6
*** RIVER *** [5h Th 4c Kh] [9c]
BERMUDA330: bets $6
Tryptamean: calls $6
*** SHOW DOWN ***
BERMUDA330: shows [8h Ah] (a flush, Ace high)
Tryptamean: mucks hand
BERMUDA330 collected $71.50 from pot
*** SUMMARY ***
Total pot $72 | Rake $0.50
Board [5h Th 4c Kh 9c]
Seat 2: BERMUDA330 (big blind) showed [8h Ah] and won ($71.50) with a flush, Ace high
Seat 3: Tryptamean (button) (small blind) mucked


PokerStars Hand #152894989518:  Hold'em Limit ($3/$6 USD) - 2016/05/05 14:10:35 ET
Table 'Renate' 6-max Seat #2 is the button
Seat 2: BERMUDA330 ($99.13 in chips)
Seat 3: Tryptamean ($96.12 in chips)
BERMUDA330: posts small blind $1
Tryptamean: posts big blind $3
*** HOLE CARDS ***
BERMUDA330: raises $3 to $6
Tryptamean: raises $3 to $9
BERMUDA330: raises $3 to $12
Betting is capped
Tryptamean: calls $3
*** FLOP *** [6s 5c 8h]
bentinck113 leaves the table
Tryptamean: checks
BERMUDA330: bets $3
Tryptamean: raises $3 to $6
BERMUDA330: calls $3
*** TURN *** [6s 5c 8h] [7h]
Tryptamean: bets $6
BERMUDA330: folds
Uncalled bet ($6) returned to Tryptamean
Tryptamean collected $35.50 from pot
Tryptamean: doesn't show hand
*** SUMMARY ***
Total pot $36 | Rake $0.50
Board [6s 5c 8h 7h]
Seat 2: BERMUDA330 (button) (small blind) folded on the Turn
Seat 3: Tryptamean (big blind) collected ($35.50)


PokerStars Hand #152895067409:  Hold'em Limit ($3/$6 USD) - 2016/05/05 14:12:07 ET
Table 'Renate' 6-max Seat #2 is the button
Seat 2: BERMUDA330 ($116.63 in chips)
Seat 3: Tryptamean ($77.62 in chips)
BERMUDA330: posts small blind $1
Tryptamean: posts big blind $3
*** HOLE CARDS ***
BERMUDA330: calls $2
crash19867 joins the table at seat #5
Tryptamean: raises $3 to $6
assitoni leaves the table
BERMUDA330: calls $3
*** FLOP *** [7d 6h Jc]
Tryptamean: checks
BERMUDA330: checks
*** TURN *** [7d 6h Jc] [4d]
Tryptamean: checks
BERMUDA330: bets $6
SmellyToes4u leaves the table
Tryptamean: calls $6
*** RIVER *** [7d 6h Jc 4d] [Th]
crash19867 leaves the table
Tryptamean: checks
BERMUDA330: bets $6
Tryptamean: folds
Uncalled bet ($6) returned to BERMUDA330
BERMUDA330 collected $23.52 from pot
BERMUDA330: doesn't show hand
*** SUMMARY ***
Total pot $24 | Rake $0.48
Board [7d 6h Jc 4d Th]
Seat 2: BERMUDA330 (button) (small blind) collected ($23.52)
Seat 3: Tryptamean (big blind) folded on the River


PokerStars Hand #152895131189:  Hold'em Limit ($3/$6 USD) - 2016/05/05 14:13:24 ET
Table 'Renate' 6-max Seat #2 is the button
Seat 2: BERMUDA330 ($122.15 in chips)
Seat 3: Tryptamean ($71.38 in chips)
BERMUDA330: posts small blind $1
Tryptamean: posts big blind $3
*** HOLE CARDS ***
BERMUDA330: folds
Uncalled bet ($2) returned to Tryptamean
Tryptamean collected $2 from pot
Tryptamean: doesn't show hand
*** SUMMARY ***
Total pot $2 | Rake $0
Seat 2: BERMUDA330 (button) (small blind) folded before Flop
Seat 3: Tryptamean (big blind) collected ($2)


PokerStars Hand #152895113667:  Hold'em Limit ($3/$6 USD) - 2016/05/05 14:13:03 ET
Table 'Renate' 6-max Seat #3 is the button
Seat 2: BERMUDA330 ($128.15 in chips)
Seat 3: Tryptamean ($65.62 in chips)
Tryptamean: posts small blind $1
BERMUDA330: posts big blind $3
*** HOLE CARDS ***
Tryptamean: raises $3 to $6
BERMUDA330: calls $3
*** FLOP *** [Jh Th 5s]
BERMUDA330: checks
Tryptamean: bets $3
crash19867 joins the table at seat #6
BERMUDA330: folds
Uncalled bet ($3) returned to Tryptamean
liza3008 joins the table at seat #1
Tryptamean collected $11.76 from pot
Tryptamean: doesn't show hand
*** SUMMARY ***
Total pot $12 | Rake $0.24
Board [Jh Th 5s]
Seat 2: BERMUDA330 (big blind) folded on the Flop
Seat 3: Tryptamean (button) (small blind) collected ($11.76)


PokerStars Hand #152895890445:  Hold'em Limit ($3/$6 USD) - 2016/05/05 14:28:22 ET
Table 'Renate' 6-max Seat #2 is the button
Seat 2: ABATAPP ($112.68 in chips)
Seat 3: Tryptamean ($237.46 in chips)
ABATAPP: posts small blind $1
Tryptamean: posts big blind $3
*** HOLE CARDS ***
ABATAPP: raises $3 to $6
nrooooooooib joins the table at seat #4
Tryptamean: calls $3
*** FLOP *** [7s Qd 5c]
crash19867 joins the table at seat #5
Tryptamean: checks
ABATAPP: bets $3
Tryptamean: calls $3
*** TURN *** [7s Qd 5c] [Ac]
Tryptamean: checks
ABATAPP: bets $6
Tryptamean: raises $6 to $12
ABATAPP: calls $6
*** RIVER *** [7s Qd 5c Ac] [8d]
Tryptamean: bets $6
ABATAPP: calls $6
*** SHOW DOWN ***
Tryptamean: shows [4s 3c] (high card Ace)
ABATAPP: shows [Qh Tc] (a pair of Queens)
ABATAPP collected $53.50 from pot
*** SUMMARY ***
Total pot $54 | Rake $0.50
Board [7s Qd 5c Ac 8d]
Seat 2: ABATAPP (button) (small blind) showed [Qh Tc] and won ($53.50) with a pair of Queens
Seat 3: Tryptamean (big blind) showed [4s 3c] and lost with high card Ace


