PokerStars Hand #151255147790:  Hold'em Limit ($3/$6 USD) - 2016/04/01 4:24:55 ET
Table 'Renauxa II' 6-max Seat #1 is the button
Seat 1: Aces0fPain ($50 in chips)
Seat 4: Mudager ($120 in chips)
Aces0fPain: posts small blind $1
Mudager: posts big blind $3
*** HOLE CARDS ***
Aces0fPain: calls $2
Mudager: checks
*** FLOP *** [2h Jc 3c]
Mudager: checks
Aces0fPain: bets $3
RockKillerTY joins the table at seat #2
Mudager: calls $3
*** TURN *** [2h Jc 3c] [7s]
Mudager: checks
Aces0fPain: bets $6
Mudager: calls $6
*** RIVER *** [2h Jc 3c 7s] [9c]
Mudager: checks
Aces0fPain: checks
*** SHOW DOWN ***
Mudager: shows [4d 5c] (high card Jack)
Aces0fPain: shows [Kh 4h] (high card King)
Aces0fPain collected $23.52 from pot
*** SUMMARY ***
Total pot $24 | Rake $0.48
Board [2h Jc 3c 7s 9c]
Seat 1: Aces0fPain (button) (small blind) showed [Kh 4h] and won ($23.52) with high card King
Seat 4: Mudager (big blind) showed [4d 5c] and lost with high card Jack


PokerStars Hand #151255166000:  Hold'em Limit ($3/$6 USD) - 2016/04/01 4:25:48 ET
Table 'Renauxa II' 6-max Seat #4 is the button
Seat 1: Aces0fPain ($61.52 in chips)
Seat 4: Mudager ($120 in chips)
Mudager: posts small blind $1
Aces0fPain: posts big blind $3
*** HOLE CARDS ***
Mudager: raises $3 to $6
Aces0fPain: folds
Uncalled bet ($3) returned to Mudager
Mudager collected $6 from pot
Mudager: doesn't show hand
*** SUMMARY ***
Total pot $6 | Rake $0
Seat 1: Aces0fPain (big blind) folded before Flop
Seat 4: Mudager (button) (small blind) collected ($6)


PokerStars Hand #151256058605:  Hold'em Limit ($3/$6 USD) - 2016/04/01 5:06:46 ET
Table 'Renauxa II' 6-max Seat #6 is the button
Seat 1: Aces0fPain ($96.63 in chips)
Seat 6: AKANTHOU ($378.70 in chips)
AKANTHOU: posts small blind $1
Aces0fPain: posts big blind $3
*** HOLE CARDS ***
AKANTHOU: folds
Uncalled bet ($2) returned to Aces0fPain
Aces0fPain collected $2 from pot
*** SUMMARY ***
Total pot $2 | Rake $0
Seat 1: Aces0fPain (big blind) collected ($2)
Seat 6: AKANTHOU (button) (small blind) folded before Flop


PokerStars Hand #151256056588:  Hold'em Limit ($3/$6 USD) - 2016/04/01 5:06:41 ET
Table 'Renauxa II' 6-max Seat #1 is the button
Seat 1: Aces0fPain ($97.63 in chips)
Seat 6: AKANTHOU ($377.70 in chips)
Aces0fPain: posts small blind $1
grandpoker11: is sitting out
AKANTHOU: posts big blind $3
*** HOLE CARDS ***
Aces0fPain: folds
Uncalled bet ($2) returned to AKANTHOU
AKANTHOU collected $2 from pot
grandpoker11 leaves the table
*** SUMMARY ***
Total pot $2 | Rake $0
Seat 1: Aces0fPain (button) (small blind) folded before Flop
Seat 6: AKANTHOU (big blind) collected ($2)


