PokerStars Hand #156827121611:  Hold'em Limit ($3/$6 USD) - 2016/08/03 17:00:14 ET
Table 'Renauxa II' 6-max Seat #1 is the button
Seat 1: Zubasa07 ($521.50 in chips)
Seat 2: ChipsOrre ($98 in chips)
Zubasa07: posts small blind $1
ChipsOrre: posts big blind $3
*** HOLE CARDS ***
Zubasa07: raises $3 to $6
ChipsOrre: calls $3
*** FLOP *** [Jh Qh Ks]
Hannibal2211 joins the table at seat #3
ChipsOrre: checks
Zubasa07: bets $3
ChipsOrre: folds
Uncalled bet ($3) returned to Zubasa07
Zubasa07 collected $11.76 from pot
Zubasa07: doesn't show hand
*** SUMMARY ***
Total pot $12 | Rake $0.24
Board [Jh Qh Ks]
Seat 1: Zubasa07 (button) (small blind) collected ($11.76)
Seat 2: ChipsOrre (big blind) folded on the Flop


PokerStars Hand #156827118708:  Hold'em Limit ($3/$6 USD) - 2016/08/03 17:00:10 ET
Table 'Renauxa II' 6-max Seat #2 is the button
Seat 1: Zubasa07 ($520.50 in chips)
Seat 2: ChipsOrre ($99 in chips)
ChipsOrre: posts small blind $1
Zubasa07: posts big blind $3
*** HOLE CARDS ***
ChipsOrre: folds
Uncalled bet ($2) returned to Zubasa07
Zubasa07 collected $2 from pot
Zubasa07: doesn't show hand
*** SUMMARY ***
Total pot $2 | Rake $0
Seat 1: Zubasa07 (big blind) collected ($2)
Seat 2: ChipsOrre (button) (small blind) folded before Flop


PokerStars Hand #156827086631:  Hold'em Limit ($3/$6 USD) - 2016/08/03 16:59:19 ET
Table 'Renauxa II' 6-max Seat #1 is the button
Seat 1: Zubasa07 ($500 in chips)
Seat 2: ChipsOrre ($120 in chips)
Zubasa07: posts small blind $1
ChipsOrre: posts big blind $3
*** HOLE CARDS ***
Zubasa07: raises $3 to $6
ChipsOrre: calls $3
*** FLOP *** [3h 4s Ts]
ChipsOrre: checks
Zubasa07: bets $3
ChipsOrre: calls $3
*** TURN *** [3h 4s Ts] [8s]
ChipsOrre: checks
Zubasa07: bets $6
ChipsOrre: calls $6
*** RIVER *** [3h 4s Ts 8s] [As]
ChipsOrre: bets $6
Zubasa07: calls $6
*** SHOW DOWN ***
ChipsOrre: shows [5s Kc] (a flush, Ace high)
Zubasa07: shows [Js 6s] (a flush, Ace high - Jack higher)
Zubasa07 collected $41.50 from pot
*** SUMMARY ***
Total pot $42 | Rake $0.50
Board [3h 4s Ts 8s As]
Seat 1: Zubasa07 (button) (small blind) showed [Js 6s] and won ($41.50) with a flush, Ace high
Seat 2: ChipsOrre (big blind) showed [5s Kc] and lost with a flush, Ace high


PokerStars Hand #156827318143:  Hold'em Limit ($3/$6 USD) - 2016/08/03 17:04:36 ET
Table 'Renauxa II' 6-max Seat #3 is the button
Seat 2: ChipsOrre ($120.42 in chips)
Seat 3: Hannibal2211 ($76 in chips)
Hannibal2211: posts small blind $1
ChipsOrre: posts big blind $3
*** HOLE CARDS ***
Hannibal2211: raises $3 to $6
ChipsOrre: calls $3
*** FLOP *** [Ah Jd 3s]
ChipsOrre: checks
Hannibal2211: bets $3
ChipsOrre: folds
Uncalled bet ($3) returned to Hannibal2211
Hannibal2211 collected $11.76 from pot
*** SUMMARY ***
Total pot $12 | Rake $0.24
Board [Ah Jd 3s]
Seat 2: ChipsOrre (big blind) folded on the Flop
Seat 3: Hannibal2211 (button) (small blind) collected ($11.76)


PokerStars Hand #156827313879:  Hold'em Limit ($3/$6 USD) - 2016/08/03 17:04:30 ET
Table 'Renauxa II' 6-max Seat #2 is the button
Seat 2: ChipsOrre ($121.42 in chips)
Seat 3: Hannibal2211 ($75 in chips)
ChipsOrre: posts small blind $1
Hannibal2211: posts big blind $3
*** HOLE CARDS ***
ChipsOrre: folds
Uncalled bet ($2) returned to Hannibal2211
Hannibal2211 collected $2 from pot
*** SUMMARY ***
Total pot $2 | Rake $0
Seat 2: ChipsOrre (button) (small blind) folded before Flop
Seat 3: Hannibal2211 (big blind) collected ($2)


PokerStars Hand #156827305872:  Hold'em Limit ($3/$6 USD) - 2016/08/03 17:04:20 ET
Table 'Renauxa II' 6-max Seat #3 is the button
Seat 2: ChipsOrre ($124.42 in chips)
Seat 3: Hannibal2211 ($72 in chips)
Hannibal2211: posts small blind $1
Zubasa07: is sitting out
ChipsOrre: posts big blind $3
*** HOLE CARDS ***
Hannibal2211: raises $3 to $6
Zubasa07 leaves the table
ChipsOrre: folds
Uncalled bet ($3) returned to Hannibal2211
Hannibal2211 collected $6 from pot
*** SUMMARY ***
Total pot $6 | Rake $0
Seat 2: ChipsOrre (big blind) folded before Flop
Seat 3: Hannibal2211 (button) (small blind) collected ($6)


PokerStars Hand #156827365848:  Hold'em Limit ($3/$6 USD) - 2016/08/03 17:05:35 ET
Table 'Renauxa II' 6-max Seat #2 is the button
Seat 2: ChipsOrre ($128.92 in chips)
Seat 3: Hannibal2211 ($80.64 in chips)
ChipsOrre: posts small blind $1
Hannibal2211: posts big blind $3
*** HOLE CARDS ***
ChipsOrre: raises $3 to $6
Hannibal2211: calls $3
*** FLOP *** [Tc Qd 8s]
Hannibal2211: checks
ChipsOrre: bets $3
Hannibal2211: calls $3
*** TURN *** [Tc Qd 8s] [Kh]
Hannibal2211: checks
ChipsOrre: bets $6
Hannibal2211: calls $6
*** RIVER *** [Tc Qd 8s Kh] [Jh]
Hannibal2211: checks
ChipsOrre: checks
*** SHOW DOWN ***
Hannibal2211: shows [Jd 3d] (a pair of Jacks)
ChipsOrre: shows [3h Kd] (a pair of Kings)
ChipsOrre collected $29.50 from pot
*** SUMMARY ***
Total pot $30 | Rake $0.50
Board [Tc Qd 8s Kh Jh]
Seat 2: ChipsOrre (button) (small blind) showed [3h Kd] and won ($29.50) with a pair of Kings
Seat 3: Hannibal2211 (big blind) showed [Jd 3d] and lost with a pair of Jacks


PokerStars Hand #156827346797:  Hold'em Limit ($3/$6 USD) - 2016/08/03 17:05:11 ET
Table 'Renauxa II' 6-max Seat #3 is the button
Seat 2: ChipsOrre ($137.92 in chips)
Seat 3: Hannibal2211 ($72 in chips)
Hannibal2211: posts small blind $1
ChipsOrre: posts big blind $3
*** HOLE CARDS ***
Hannibal2211: raises $3 to $6
ChipsOrre: calls $3
*** FLOP *** [6d 4s 2s]
ChipsOrre: checks
Hannibal2211: bets $3
ChipsOrre: calls $3
*** TURN *** [6d 4s 2s] [Th]
ChipsOrre: checks
Hannibal2211: bets $6
ChipsOrre: folds
Uncalled bet ($6) returned to Hannibal2211
Hannibal2211 collected $17.64 from pot
*** SUMMARY ***
Total pot $18 | Rake $0.36
Board [6d 4s 2s Th]
Seat 2: ChipsOrre (big blind) folded on the Turn
Seat 3: Hannibal2211 (button) (small blind) collected ($17.64)


PokerStars Hand #156827325683:  Hold'em Limit ($3/$6 USD) - 2016/08/03 17:04:45 ET
Table 'Renauxa II' 6-max Seat #2 is the button
Seat 2: ChipsOrre ($114.42 in chips)
Seat 3: Hannibal2211 ($81.76 in chips)
ChipsOrre: posts small blind $1
Hannibal2211: posts big blind $3
*** HOLE CARDS ***
ChipsOrre: raises $3 to $6
Hannibal2211: calls $3
*** FLOP *** [3d 2h 4h]
Hannibal2211: checks
ChipsOrre: bets $3
Hannibal2211: raises $3 to $6
ChipsOrre: calls $3
*** TURN *** [3d 2h 4h] [4s]
Hannibal2211: bets $6
ChipsOrre: calls $6
*** RIVER *** [3d 2h 4h 4s] [7c]
Hannibal2211: bets $6
ChipsOrre: calls $6
*** SHOW DOWN ***
Hannibal2211: shows [5d Th] (a pair of Fours)
ChipsOrre: shows [Jc 6h] (a pair of Fours - Jack kicker)
ChipsOrre collected $47.50 from pot
*** SUMMARY ***
Total pot $48 | Rake $0.50
Board [3d 2h 4h 4s 7c]
Seat 2: ChipsOrre (button) (small blind) showed [Jc 6h] and won ($47.50) with a pair of Fours
Seat 3: Hannibal2211 (big blind) showed [5d Th] and lost with a pair of Fours


PokerStars Hand #156827406448:  Hold'em Limit ($3/$6 USD) - 2016/08/03 17:06:26 ET
Table 'Renauxa II' 6-max Seat #2 is the button
Seat 2: ChipsOrre ($152.06 in chips)
Seat 3: Hannibal2211 ($72 in chips)
ChipsOrre: posts small blind $1
Hannibal2211: posts big blind $3
*** HOLE CARDS ***
ChipsOrre: raises $3 to $6
Hannibal2211: raises $3 to $9
ChipsOrre: calls $3
*** FLOP *** [2d 3c Kh]
Hannibal2211: bets $3
ChipsOrre: folds
Uncalled bet ($3) returned to Hannibal2211
Hannibal2211 collected $17.64 from pot
*** SUMMARY ***
Total pot $18 | Rake $0.36
Board [2d 3c Kh]
Seat 2: ChipsOrre (button) (small blind) folded on the Flop
Seat 3: Hannibal2211 (big blind) collected ($17.64)


PokerStars Hand #156827384375:  Hold'em Limit ($3/$6 USD) - 2016/08/03 17:05:59 ET
Table 'Renauxa II' 6-max Seat #3 is the button
Seat 2: ChipsOrre ($143.42 in chips)
Seat 3: Hannibal2211 ($72 in chips)
Hannibal2211: posts small blind $1
ChipsOrre: posts big blind $3
*** HOLE CARDS ***
Hannibal2211: raises $3 to $6
ChipsOrre: calls $3
*** FLOP *** [9c 5d Jh]
ChipsOrre: checks
Hannibal2211: bets $3
ChipsOrre: calls $3
*** TURN *** [9c 5d Jh] [4c]
ChipsOrre: checks
Hannibal2211: checks
*** RIVER *** [9c 5d Jh 4c] [Td]
ChipsOrre: checks
Hannibal2211: checks
*** SHOW DOWN ***
ChipsOrre: shows [Qd 5h] (a pair of Fives)
Hannibal2211: mucks hand
ChipsOrre collected $17.64 from pot
*** SUMMARY ***
Total pot $18 | Rake $0.36
Board [9c 5d Jh 4c Td]
Seat 2: ChipsOrre (big blind) showed [Qd 5h] and won ($17.64) with a pair of Fives
Seat 3: Hannibal2211 (button) (small blind) mucked


PokerStars Hand #156827453532:  Hold'em Limit ($3/$6 USD) - 2016/08/03 17:07:25 ET
Table 'Renauxa II' 6-max Seat #2 is the button
Seat 2: ChipsOrre ($122.06 in chips)
Seat 3: Hannibal2211 ($101.14 in chips)
ChipsOrre: posts small blind $1
Hannibal2211: posts big blind $3
*** HOLE CARDS ***
ChipsOrre: raises $3 to $6
Hannibal2211: raises $3 to $9
ChipsOrre: calls $3
*** FLOP *** [9s 2d 8s]
Hannibal2211: bets $3
ChipsOrre: calls $3
*** TURN *** [9s 2d 8s] [4c]
Hannibal2211: bets $6
ChipsOrre: raises $6 to $12
Hannibal2211: raises $6 to $18
ChipsOrre: raises $6 to $24
Betting is capped
Hannibal2211: calls $6
*** RIVER *** [9s 2d 8s 4c] [7s]
Hannibal2211: checks
ChipsOrre: bets $6
Hannibal2211: calls $6
*** SHOW DOWN ***
ChipsOrre: shows [8h 9c] (two pair, Nines and Eights)
Hannibal2211: mucks hand
ChipsOrre collected $83.50 from pot
*** SUMMARY ***
Total pot $84 | Rake $0.50
Board [9s 2d 8s 4c 7s]
Seat 2: ChipsOrre (button) (small blind) showed [8h 9c] and won ($83.50) with two pair, Nines and Eights
Seat 3: Hannibal2211 (big blind) mucked


PokerStars Hand #156827436206:  Hold'em Limit ($3/$6 USD) - 2016/08/03 17:07:04 ET
Table 'Renauxa II' 6-max Seat #3 is the button
Seat 2: ChipsOrre ($143.06 in chips)
Seat 3: Hannibal2211 ($80.64 in chips)
Hannibal2211: posts small blind $1
ChipsOrre: posts big blind $3
*** HOLE CARDS ***
Hannibal2211: raises $3 to $6
ChipsOrre: calls $3
*** FLOP *** [Th Ac 2d]
ChipsOrre: checks
Hannibal2211: bets $3
ChipsOrre: calls $3
*** TURN *** [Th Ac 2d] [Kh]
ChipsOrre: checks
Hannibal2211: bets $6
ChipsOrre: calls $6
*** RIVER *** [Th Ac 2d Kh] [5c]
ChipsOrre: checks
Hannibal2211: bets $6
ChipsOrre: calls $6
*** SHOW DOWN ***
Hannibal2211: shows [Kc 6h] (a pair of Kings)
ChipsOrre: mucks hand
Hannibal2211 collected $41.50 from pot
*** SUMMARY ***
Total pot $42 | Rake $0.50
Board [Th Ac 2d Kh 5c]
Seat 2: ChipsOrre (big blind) mucked
Seat 3: Hannibal2211 (button) (small blind) showed [Kc 6h] and won ($41.50) with a pair of Kings


PokerStars Hand #156827519862:  Hold'em Limit ($3/$6 USD) - 2016/08/03 17:08:48 ET
Table 'Renauxa II' 6-max Seat #2 is the button
Seat 2: ChipsOrre ($169.20 in chips)
Seat 3: Hannibal2211 ($72 in chips)
ChipsOrre: posts small blind $1
Hannibal2211: posts big blind $3
*** HOLE CARDS ***
ChipsOrre: raises $3 to $6
Hannibal2211: calls $3
*** FLOP *** [5d Tc 9s]
Hannibal2211: checks
ChipsOrre: bets $3
Hannibal2211: calls $3
*** TURN *** [5d Tc 9s] [3h]
Hannibal2211: checks
ChipsOrre: bets $6
Hannibal2211: folds
Uncalled bet ($6) returned to ChipsOrre
ChipsOrre collected $17.64 from pot
ChipsOrre: doesn't show hand
*** SUMMARY ***
Total pot $18 | Rake $0.36
Board [5d Tc 9s 3h]
Seat 2: ChipsOrre (button) (small blind) collected ($17.64)
Seat 3: Hannibal2211 (big blind) folded on the Turn


PokerStars Hand #156827505483:  Hold'em Limit ($3/$6 USD) - 2016/08/03 17:08:30 ET
Table 'Renauxa II' 6-max Seat #3 is the button
Seat 2: ChipsOrre ($160.56 in chips)
Seat 3: Hannibal2211 ($74.76 in chips)
Hannibal2211: posts small blind $1
ChipsOrre: posts big blind $3
*** HOLE CARDS ***
Hannibal2211: raises $3 to $6
ChipsOrre: calls $3
*** FLOP *** [Kh Kd 3d]
ChipsOrre: checks
Hannibal2211: bets $3
ChipsOrre: calls $3
*** TURN *** [Kh Kd 3d] [9h]
ChipsOrre: checks
Hannibal2211: checks
*** RIVER *** [Kh Kd 3d 9h] [7d]
ChipsOrre: bets $6
Hannibal2211: folds
Uncalled bet ($6) returned to ChipsOrre
ChipsOrre collected $17.64 from pot
ChipsOrre: doesn't show hand
*** SUMMARY ***
Total pot $18 | Rake $0.36
Board [Kh Kd 3d 9h 7d]
Seat 2: ChipsOrre (big blind) collected ($17.64)
Seat 3: Hannibal2211 (button) (small blind) folded on the River


PokerStars Hand #156827495278:  Hold'em Limit ($3/$6 USD) - 2016/08/03 17:08:17 ET
Table 'Renauxa II' 6-max Seat #2 is the button
Seat 2: ChipsOrre ($157.56 in chips)
Seat 3: Hannibal2211 ($77.76 in chips)
ChipsOrre: posts small blind $1
Hannibal2211: posts big blind $3
*** HOLE CARDS ***
ChipsOrre: raises $3 to $6
Hannibal2211: folds
Uncalled bet ($3) returned to ChipsOrre
ChipsOrre collected $6 from pot
ChipsOrre: doesn't show hand
*** SUMMARY ***
Total pot $6 | Rake $0
Seat 2: ChipsOrre (button) (small blind) collected ($6)
Seat 3: Hannibal2211 (big blind) folded before Flop


PokerStars Hand #156827471423:  Hold'em Limit ($3/$6 USD) - 2016/08/03 17:07:48 ET
Table 'Renauxa II' 6-max Seat #3 is the button
Seat 2: ChipsOrre ($163.56 in chips)
Seat 3: Hannibal2211 ($72 in chips)
Hannibal2211: posts small blind $1
ChipsOrre: posts big blind $3
*** HOLE CARDS ***
Hannibal2211: raises $3 to $6
ChipsOrre: calls $3
*** FLOP *** [9c 8c Qc]
ChipsOrre: checks
Hannibal2211: bets $3
ChipsOrre: folds
Uncalled bet ($3) returned to Hannibal2211
Hannibal2211 collected $11.76 from pot
*** SUMMARY ***
Total pot $12 | Rake $0.24
Board [9c 8c Qc]
Seat 2: ChipsOrre (big blind) folded on the Flop
Seat 3: Hannibal2211 (button) (small blind) collected ($11.76)


PokerStars Hand #156827572526:  Hold'em Limit ($3/$6 USD) - 2016/08/03 17:09:55 ET
Table 'Renauxa II' 6-max Seat #3 is the button
Seat 2: ChipsOrre ($140.84 in chips)
Seat 3: Hannibal2211 ($108 in chips)
Hannibal2211: posts small blind $1
ChipsOrre: posts big blind $3
*** HOLE CARDS ***
Hannibal2211: raises $3 to $6
ChipsOrre: calls $3
*** FLOP *** [Qh Ac 9s]
ChipsOrre: checks
Hannibal2211: bets $3
ChipsOrre: folds
Uncalled bet ($3) returned to Hannibal2211
Hannibal2211 collected $11.76 from pot
*** SUMMARY ***
Total pot $12 | Rake $0.24
Board [Qh Ac 9s]
Seat 2: ChipsOrre (big blind) folded on the Flop
Seat 3: Hannibal2211 (button) (small blind) collected ($11.76)


PokerStars Hand #156827568786:  Hold'em Limit ($3/$6 USD) - 2016/08/03 17:09:50 ET
Table 'Renauxa II' 6-max Seat #2 is the button
Seat 2: ChipsOrre ($141.84 in chips)
Seat 3: Hannibal2211 ($107 in chips)
ChipsOrre: posts small blind $1
Hannibal2211: posts big blind $3
*** HOLE CARDS ***
ChipsOrre: folds
Uncalled bet ($2) returned to Hannibal2211
Hannibal2211 collected $2 from pot
*** SUMMARY ***
Total pot $2 | Rake $0
Seat 2: ChipsOrre (button) (small blind) folded before Flop
Seat 3: Hannibal2211 (big blind) collected ($2)


PokerStars Hand #156827564777:  Hold'em Limit ($3/$6 USD) - 2016/08/03 17:09:45 ET
Table 'Renauxa II' 6-max Seat #3 is the button
Seat 2: ChipsOrre ($144.84 in chips)
Seat 3: Hannibal2211 ($104 in chips)
Hannibal2211: posts small blind $1
ChipsOrre: posts big blind $3
*** HOLE CARDS ***
Hannibal2211: raises $3 to $6
ChipsOrre: folds
Uncalled bet ($3) returned to Hannibal2211
Hannibal2211 collected $6 from pot
*** SUMMARY ***
Total pot $6 | Rake $0
Seat 2: ChipsOrre (big blind) folded before Flop
Seat 3: Hannibal2211 (button) (small blind) collected ($6)


PokerStars Hand #156827549001:  Hold'em Limit ($3/$6 USD) - 2016/08/03 17:09:25 ET
Table 'Renauxa II' 6-max Seat #2 is the button
Seat 2: ChipsOrre ($159.84 in chips)
Seat 3: Hannibal2211 ($89.50 in chips)
ChipsOrre: posts small blind $1
Hannibal2211: posts big blind $3
*** HOLE CARDS ***
ChipsOrre: raises $3 to $6
Hannibal2211: calls $3
*** FLOP *** [2h 5d Qc]
Hannibal2211: checks
ChipsOrre: bets $3
Hannibal2211: calls $3
*** TURN *** [2h 5d Qc] [Ad]
Hannibal2211: checks
ChipsOrre: bets $6
Hannibal2211: calls $6
*** RIVER *** [2h 5d Qc Ad] [8s]
Hannibal2211: checks
ChipsOrre: checks
*** SHOW DOWN ***
Hannibal2211: shows [Kc Jd] (high card Ace)
ChipsOrre: mucks hand
Hannibal2211 collected $29.50 from pot
*** SUMMARY ***
Total pot $30 | Rake $0.50
Board [2h 5d Qc Ad 8s]
Seat 2: ChipsOrre (button) (small blind) mucked
Seat 3: Hannibal2211 (big blind) showed [Kc Jd] and won ($29.50) with high card Ace


PokerStars Hand #156827532469:  Hold'em Limit ($3/$6 USD) - 2016/08/03 17:09:04 ET
Table 'Renauxa II' 6-max Seat #3 is the button
Seat 2: ChipsOrre ($177.84 in chips)
Seat 3: Hannibal2211 ($72 in chips)
Hannibal2211: posts small blind $1
ChipsOrre: posts big blind $3
*** HOLE CARDS ***
Hannibal2211: raises $3 to $6
ChipsOrre: calls $3
*** FLOP *** [Jc 8h 2d]
ChipsOrre: checks
Hannibal2211: bets $3
ChipsOrre: raises $3 to $6
Hannibal2211: calls $3
*** TURN *** [Jc 8h 2d] [Qc]
ChipsOrre: bets $6
Hannibal2211: calls $6
*** RIVER *** [Jc 8h 2d Qc] [3h]
ChipsOrre: checks
Hannibal2211: checks
*** SHOW DOWN ***
ChipsOrre: shows [8d 5h] (a pair of Eights)
Hannibal2211: shows [Th 8s] (a pair of Eights - Queen+Jack+Ten kicker)
Hannibal2211 collected $35.50 from pot
*** SUMMARY ***
Total pot $36 | Rake $0.50
Board [Jc 8h 2d Qc 3h]
Seat 2: ChipsOrre (big blind) showed [8d 5h] and lost with a pair of Eights
Seat 3: Hannibal2211 (button) (small blind) showed [Th 8s] and won ($35.50) with a pair of Eights


PokerStars Hand #156827604030:  Hold'em Limit ($3/$6 USD) - 2016/08/03 17:10:35 ET
Table 'Renauxa II' 6-max Seat #2 is the button
Seat 2: ChipsOrre ($107.84 in chips)
Seat 3: Hannibal2211 ($139.78 in chips)
ChipsOrre: posts small blind $1
Hannibal2211: posts big blind $3
*** HOLE CARDS ***
ChipsOrre: raises $3 to $6
Hannibal2211: calls $3
*** FLOP *** [4d 8c Ks]
Hannibal2211: checks
ChipsOrre: bets $3
Hannibal2211: raises $3 to $6
ChipsOrre: calls $3
*** TURN *** [4d 8c Ks] [3c]
Hannibal2211: bets $6
ChipsOrre: raises $6 to $12
Hannibal2211: calls $6
*** RIVER *** [4d 8c Ks 3c] [Td]
Hannibal2211: checks
ChipsOrre: bets $6
Hannibal2211: calls $6
*** SHOW DOWN ***
ChipsOrre: shows [As Ah] (a pair of Aces)
Hannibal2211: mucks hand
ChipsOrre collected $59.50 from pot
*** SUMMARY ***
Total pot $60 | Rake $0.50
Board [4d 8c Ks 3c Td]
Seat 2: ChipsOrre (button) (small blind) showed [As Ah] and won ($59.50) with a pair of Aces
Seat 3: Hannibal2211 (big blind) mucked


PokerStars Hand #156827591650:  Hold'em Limit ($3/$6 USD) - 2016/08/03 17:10:19 ET
Table 'Renauxa II' 6-max Seat #3 is the button
Seat 2: ChipsOrre ($122.84 in chips)
Seat 3: Hannibal2211 ($125.28 in chips)
Hannibal2211: posts small blind $1
ChipsOrre: posts big blind $3
*** HOLE CARDS ***
Hannibal2211: raises $3 to $6
ChipsOrre: calls $3
*** FLOP *** [Ah 5h 7c]
ChipsOrre: checks
Hannibal2211: bets $3
ChipsOrre: calls $3
*** TURN *** [Ah 5h 7c] [5d]
ChipsOrre: checks
Hannibal2211: checks
*** RIVER *** [Ah 5h 7c 5d] [3c]
ChipsOrre: bets $6
Hannibal2211: calls $6
*** SHOW DOWN ***
ChipsOrre: shows [8d Qc] (a pair of Fives)
Hannibal2211: shows [3h 2h] (two pair, Fives and Threes)
Hannibal2211 collected $29.50 from pot
*** SUMMARY ***
Total pot $30 | Rake $0.50
Board [Ah 5h 7c 5d 3c]
Seat 2: ChipsOrre (big blind) showed [8d Qc] and lost with a pair of Fives
Seat 3: Hannibal2211 (button) (small blind) showed [3h 2h] and won ($29.50) with two pair, Fives and Threes


PokerStars Hand #156827580860:  Hold'em Limit ($3/$6 USD) - 2016/08/03 17:10:06 ET
Table 'Renauxa II' 6-max Seat #2 is the button
Seat 2: ChipsOrre ($134.84 in chips)
Seat 3: Hannibal2211 ($113.76 in chips)
ChipsOrre: posts small blind $1
Hannibal2211: posts big blind $3
*** HOLE CARDS ***
ChipsOrre: raises $3 to $6
Hannibal2211: calls $3
*** FLOP *** [Ah Qh Tc]
Hannibal2211: checks
ChipsOrre: bets $3
Hannibal2211: raises $3 to $6
ChipsOrre: calls $3
*** TURN *** [Ah Qh Tc] [8s]
Hannibal2211: bets $6
ChipsOrre: folds
Uncalled bet ($6) returned to Hannibal2211
Hannibal2211 collected $23.52 from pot
*** SUMMARY ***
Total pot $24 | Rake $0.48
Board [Ah Qh Tc 8s]
Seat 2: ChipsOrre (button) (small blind) folded on the Turn
Seat 3: Hannibal2211 (big blind) collected ($23.52)


PokerStars Hand #156827663103:  Hold'em Limit ($3/$6 USD) - 2016/08/03 17:11:50 ET
Table 'Renauxa II' 6-max Seat #2 is the button
Seat 2: ChipsOrre ($144.48 in chips)
Seat 3: Hannibal2211 ($101.30 in chips)
ChipsOrre: posts small blind $1
Hannibal2211: posts big blind $3
*** HOLE CARDS ***
ChipsOrre: raises $3 to $6
Hannibal2211: calls $3
*** FLOP *** [4d 5c Js]
Hannibal2211: checks
ChipsOrre: bets $3
Hannibal2211: calls $3
*** TURN *** [4d 5c Js] [2c]
Hannibal2211: checks
ChipsOrre: checks
*** RIVER *** [4d 5c Js 2c] [8c]
Hannibal2211: bets $6
ChipsOrre: calls $6
*** SHOW DOWN ***
Hannibal2211: shows [3c Ad] (a straight, Ace to Five)
ChipsOrre: mucks hand
Hannibal2211 collected $29.50 from pot
*** SUMMARY ***
Total pot $30 | Rake $0.50
Board [4d 5c Js 2c 8c]
Seat 2: ChipsOrre (button) (small blind) mucked
Seat 3: Hannibal2211 (big blind) showed [3c Ad] and won ($29.50) with a straight, Ace to Five


PokerStars Hand #156827655346:  Hold'em Limit ($3/$6 USD) - 2016/08/03 17:11:40 ET
Table 'Renauxa II' 6-max Seat #3 is the button
Seat 2: ChipsOrre ($135.84 in chips)
Seat 3: Hannibal2211 ($110.30 in chips)
Hannibal2211: posts small blind $1
ChipsOrre: posts big blind $3
*** HOLE CARDS ***
Hannibal2211: raises $3 to $6
ChipsOrre: raises $3 to $9
Hannibal2211: calls $3
*** FLOP *** [5d Jd 8d]
ChipsOrre: bets $3
Hannibal2211: folds
Uncalled bet ($3) returned to ChipsOrre
ChipsOrre collected $17.64 from pot
ChipsOrre: doesn't show hand
*** SUMMARY ***
Total pot $18 | Rake $0.36
Board [5d Jd 8d]
Seat 2: ChipsOrre (big blind) collected ($17.64)
Seat 3: Hannibal2211 (button) (small blind) folded on the Flop


PokerStars Hand #156827642117:  Hold'em Limit ($3/$6 USD) - 2016/08/03 17:11:23 ET
Table 'Renauxa II' 6-max Seat #2 is the button
Seat 2: ChipsOrre ($147.84 in chips)
Seat 3: Hannibal2211 ($98.78 in chips)
ChipsOrre: posts small blind $1
Hannibal2211: posts big blind $3
*** HOLE CARDS ***
ChipsOrre: raises $3 to $6
Hannibal2211: calls $3
*** FLOP *** [Jd Th Qs]
Hannibal2211: checks
ChipsOrre: bets $3
Hannibal2211: raises $3 to $6
ChipsOrre: calls $3
*** TURN *** [Jd Th Qs] [5d]
Hannibal2211: bets $6
ChipsOrre: folds
Uncalled bet ($6) returned to Hannibal2211
Hannibal2211 collected $23.52 from pot
*** SUMMARY ***
Total pot $24 | Rake $0.48
Board [Jd Th Qs 5d]
Seat 2: ChipsOrre (button) (small blind) folded on the Turn
Seat 3: Hannibal2211 (big blind) collected ($23.52)


PokerStars Hand #156827637818:  Hold'em Limit ($3/$6 USD) - 2016/08/03 17:11:18 ET
Table 'Renauxa II' 6-max Seat #3 is the button
Seat 2: ChipsOrre ($150.84 in chips)
Seat 3: Hannibal2211 ($95.78 in chips)
Hannibal2211: posts small blind $1
ChipsOrre: posts big blind $3
*** HOLE CARDS ***
Hannibal2211: raises $3 to $6
ChipsOrre: folds
Uncalled bet ($3) returned to Hannibal2211
Hannibal2211 collected $6 from pot
*** SUMMARY ***
Total pot $6 | Rake $0
Seat 2: ChipsOrre (big blind) folded before Flop
Seat 3: Hannibal2211 (button) (small blind) collected ($6)


PokerStars Hand #156827634387:  Hold'em Limit ($3/$6 USD) - 2016/08/03 17:11:14 ET
Table 'Renauxa II' 6-max Seat #2 is the button
Seat 2: ChipsOrre ($151.84 in chips)
Seat 3: Hannibal2211 ($94.78 in chips)
ChipsOrre: posts small blind $1
Hannibal2211: posts big blind $3
*** HOLE CARDS ***
ChipsOrre: folds
Uncalled bet ($2) returned to Hannibal2211
Hannibal2211 collected $2 from pot
*** SUMMARY ***
Total pot $2 | Rake $0
Seat 2: ChipsOrre (button) (small blind) folded before Flop
Seat 3: Hannibal2211 (big blind) collected ($2)


PokerStars Hand #156827620512:  Hold'em Limit ($3/$6 USD) - 2016/08/03 17:10:56 ET
Table 'Renauxa II' 6-max Seat #3 is the button
Seat 2: ChipsOrre ($137.34 in chips)
Seat 3: Hannibal2211 ($109.78 in chips)
Hannibal2211: posts small blind $1
ChipsOrre: posts big blind $3
*** HOLE CARDS ***
Hannibal2211: raises $3 to $6
ChipsOrre: calls $3
*** FLOP *** [Td Qs 9c]
ChipsOrre: checks
Hannibal2211: bets $3
ChipsOrre: calls $3
*** TURN *** [Td Qs 9c] [4h]
ChipsOrre: checks
Hannibal2211: checks
*** RIVER *** [Td Qs 9c 4h] [Jh]
ChipsOrre: bets $6
Hannibal2211: calls $6
*** SHOW DOWN ***
ChipsOrre: shows [8c Ks] (a straight, Nine to King)
Hannibal2211: mucks hand
ChipsOrre collected $29.50 from pot
*** SUMMARY ***
Total pot $30 | Rake $0.50
Board [Td Qs 9c 4h Jh]
Seat 2: ChipsOrre (big blind) showed [8c Ks] and won ($29.50) with a straight, Nine to King
Seat 3: Hannibal2211 (button) (small blind) mucked


PokerStars Hand #156827704286:  Hold'em Limit ($3/$6 USD) - 2016/08/03 17:12:43 ET
Table 'Renauxa II' 6-max Seat #3 is the button
Seat 2: ChipsOrre ($111.48 in chips)
Seat 3: Hannibal2211 ($133.30 in chips)
Hannibal2211: posts small blind $1
ChipsOrre: posts big blind $3
*** HOLE CARDS ***
Hannibal2211: raises $3 to $6
ChipsOrre: raises $3 to $9
Hannibal2211: calls $3
*** FLOP *** [7h Tc 8d]
ChipsOrre: bets $3
Hannibal2211: folds
Uncalled bet ($3) returned to ChipsOrre
ChipsOrre collected $17.64 from pot
ChipsOrre: doesn't show hand
*** SUMMARY ***
Total pot $18 | Rake $0.36
Board [7h Tc 8d]
Seat 2: ChipsOrre (big blind) collected ($17.64)
Seat 3: Hannibal2211 (button) (small blind) folded on the Flop


PokerStars Hand #156827674945:  Hold'em Limit ($3/$6 USD) - 2016/08/03 17:12:05 ET
Table 'Renauxa II' 6-max Seat #3 is the button
Seat 2: ChipsOrre ($129.48 in chips)
Seat 3: Hannibal2211 ($115.80 in chips)
Hannibal2211: posts small blind $1
ChipsOrre: posts big blind $3
*** HOLE CARDS ***
Hannibal2211: raises $3 to $6
ChipsOrre: folds
Uncalled bet ($3) returned to Hannibal2211
Hannibal2211 collected $6 from pot
*** SUMMARY ***
Total pot $6 | Rake $0
Seat 2: ChipsOrre (big blind) folded before Flop
Seat 3: Hannibal2211 (button) (small blind) collected ($6)


PokerStars Hand #156827684891:  Hold'em Limit ($3/$6 USD) - 2016/08/03 17:12:18 ET
Table 'Renauxa II' 6-max Seat #2 is the button
Seat 2: ChipsOrre ($126.48 in chips)
Seat 3: Hannibal2211 ($118.80 in chips)
ChipsOrre: posts small blind $1
Hannibal2211: posts big blind $3
*** HOLE CARDS ***
ChipsOrre: raises $3 to $6
Hannibal2211: calls $3
*** FLOP *** [8h Ac 4d]
Hannibal2211: checks
ChipsOrre: bets $3
Hannibal2211: calls $3
*** TURN *** [8h Ac 4d] [Th]
Hannibal2211: checks
ChipsOrre: bets $6
Hannibal2211: calls $6
*** RIVER *** [8h Ac 4d Th] [6h]
Hannibal2211: checks
ChipsOrre: checks
*** SHOW DOWN ***
Hannibal2211: shows [4c 6s] (two pair, Sixes and Fours)
ChipsOrre: mucks hand
Hannibal2211 collected $29.50 from pot
*** SUMMARY ***
Total pot $30 | Rake $0.50
Board [8h Ac 4d Th 6h]
Seat 2: ChipsOrre (button) (small blind) mucked
Seat 3: Hannibal2211 (big blind) showed [4c 6s] and won ($29.50) with two pair, Sixes and Fours


PokerStars Hand #156827712673:  Hold'em Limit ($3/$6 USD) - 2016/08/03 17:12:54 ET
Table 'Renauxa II' 6-max Seat #2 is the button
Seat 2: ChipsOrre ($120.12 in chips)
Seat 3: Hannibal2211 ($124.30 in chips)
ChipsOrre: posts small blind $1
Hannibal2211: posts big blind $3
*** HOLE CARDS ***
ChipsOrre: raises $3 to $6
Hannibal2211: calls $3
*** FLOP *** [5s 3d Jh]
Hannibal2211: checks
ChipsOrre: bets $3
Hannibal2211: calls $3
*** TURN *** [5s 3d Jh] [Js]
Hannibal2211: checks
ChipsOrre: bets $6
Hannibal2211: calls $6
*** RIVER *** [5s 3d Jh Js] [6c]
Hannibal2211: checks
ChipsOrre: bets $6
Hannibal2211: calls $6
*** SHOW DOWN ***
ChipsOrre: shows [Th Td] (two pair, Jacks and Tens)
Hannibal2211: mucks hand
ChipsOrre collected $41.50 from pot
*** SUMMARY ***
Total pot $42 | Rake $0.50
Board [5s 3d Jh Js 6c]
Seat 2: ChipsOrre (button) (small blind) showed [Th Td] and won ($41.50) with two pair, Jacks and Tens
Seat 3: Hannibal2211 (big blind) mucked


PokerStars Hand #156827728750:  Hold'em Limit ($3/$6 USD) - 2016/08/03 17:13:14 ET
Table 'Renauxa II' 6-max Seat #3 is the button
Seat 2: ChipsOrre ($140.62 in chips)
Seat 3: Hannibal2211 ($103.30 in chips)
Hannibal2211: posts small blind $1
ChipsOrre: posts big blind $3
*** HOLE CARDS ***
Hannibal2211: raises $3 to $6
ChipsOrre: folds
Uncalled bet ($3) returned to Hannibal2211
Hannibal2211 collected $6 from pot
*** SUMMARY ***
Total pot $6 | Rake $0
Seat 2: ChipsOrre (big blind) folded before Flop
Seat 3: Hannibal2211 (button) (small blind) collected ($6)


PokerStars Hand #156827732649:  Hold'em Limit ($3/$6 USD) - 2016/08/03 17:13:19 ET
Table 'Renauxa II' 6-max Seat #2 is the button
Seat 2: ChipsOrre ($137.62 in chips)
Seat 3: Hannibal2211 ($106.30 in chips)
ChipsOrre: posts small blind $1
Hannibal2211: posts big blind $3
*** HOLE CARDS ***
ChipsOrre: raises $3 to $6
Hannibal2211: calls $3
*** FLOP *** [Qd Jd As]
Hannibal2211: checks
ChipsOrre: bets $3
Hannibal2211: calls $3
*** TURN *** [Qd Jd As] [7h]
Hannibal2211: checks
ChipsOrre: bets $6
Hannibal2211: folds
Uncalled bet ($6) returned to ChipsOrre
ChipsOrre collected $17.64 from pot
ChipsOrre: doesn't show hand
*** SUMMARY ***
Total pot $18 | Rake $0.36
Board [Qd Jd As 7h]
Seat 2: ChipsOrre (button) (small blind) collected ($17.64)
Seat 3: Hannibal2211 (big blind) folded on the Turn


PokerStars Hand #156827756438:  Hold'em Limit ($3/$6 USD) - 2016/08/03 17:13:40 ET
Table 'Renauxa II' 6-max Seat #3 is the button
Seat 2: ChipsOrre ($146.26 in chips)
Seat 3: Hannibal2211 ($97.30 in chips)
Hannibal2211: posts small blind $1
ChipsOrre: posts big blind $3
*** HOLE CARDS ***
Hannibal2211: raises $3 to $6
ChipsOrre: calls $3
*** FLOP *** [Ac Kh 9d]
ChipsOrre: checks
Hannibal2211: bets $3
ChipsOrre: calls $3
*** TURN *** [Ac Kh 9d] [4s]
ChipsOrre: checks
Hannibal2211: bets $6
ChipsOrre: calls $6
*** RIVER *** [Ac Kh 9d 4s] [6s]
ChipsOrre: checks
Hannibal2211: bets $6
ChipsOrre: folds
Uncalled bet ($6) returned to Hannibal2211
Hannibal2211 collected $29.50 from pot
*** SUMMARY ***
Total pot $30 | Rake $0.50
Board [Ac Kh 9d 4s 6s]
Seat 2: ChipsOrre (big blind) folded on the River
Seat 3: Hannibal2211 (button) (small blind) collected ($29.50)


PokerStars Hand #156827770243:  Hold'em Limit ($3/$6 USD) - 2016/08/03 17:13:58 ET
Table 'Renauxa II' 6-max Seat #2 is the button
Seat 2: ChipsOrre ($131.26 in chips)
Seat 3: Hannibal2211 ($111.80 in chips)
ChipsOrre: posts small blind $1
Hannibal2211: posts big blind $3
*** HOLE CARDS ***
ChipsOrre: raises $3 to $6
Hannibal2211: calls $3
*** FLOP *** [Td Jh 9d]
Hannibal2211: checks
ChipsOrre: bets $3
Hannibal2211: folds
Uncalled bet ($3) returned to ChipsOrre
ChipsOrre collected $11.76 from pot
ChipsOrre: doesn't show hand
*** SUMMARY ***
Total pot $12 | Rake $0.24
Board [Td Jh 9d]
Seat 2: ChipsOrre (button) (small blind) collected ($11.76)
Seat 3: Hannibal2211 (big blind) folded on the Flop


PokerStars Hand #156827787226:  Hold'em Limit ($3/$6 USD) - 2016/08/03 17:14:19 ET
Table 'Renauxa II' 6-max Seat #2 is the button
Seat 2: ChipsOrre ($134.02 in chips)
Seat 3: Hannibal2211 ($108.80 in chips)
ChipsOrre: posts small blind $1
Hannibal2211: posts big blind $3
*** HOLE CARDS ***
ChipsOrre: folds
Uncalled bet ($2) returned to Hannibal2211
Hannibal2211 collected $2 from pot
*** SUMMARY ***
Total pot $2 | Rake $0
Seat 2: ChipsOrre (button) (small blind) folded before Flop
Seat 3: Hannibal2211 (big blind) collected ($2)


PokerStars Hand #156827782899:  Hold'em Limit ($3/$6 USD) - 2016/08/03 17:14:14 ET
Table 'Renauxa II' 6-max Seat #3 is the button
Seat 2: ChipsOrre ($137.02 in chips)
Seat 3: Hannibal2211 ($105.80 in chips)
Hannibal2211: posts small blind $1
ChipsOrre: posts big blind $3
*** HOLE CARDS ***
Hannibal2211: raises $3 to $6
ChipsOrre: folds
Uncalled bet ($3) returned to Hannibal2211
Hannibal2211 collected $6 from pot
*** SUMMARY ***
Total pot $6 | Rake $0
Seat 2: ChipsOrre (big blind) folded before Flop
Seat 3: Hannibal2211 (button) (small blind) collected ($6)


PokerStars Hand #156827790997:  Hold'em Limit ($3/$6 USD) - 2016/08/03 17:14:24 ET
Table 'Renauxa II' 6-max Seat #3 is the button
Seat 2: ChipsOrre ($133.02 in chips)
Seat 3: Hannibal2211 ($109.80 in chips)
Hannibal2211: posts small blind $1
ChipsOrre: posts big blind $3
*** HOLE CARDS ***
Hannibal2211: folds
Uncalled bet ($2) returned to ChipsOrre
ChipsOrre collected $2 from pot
ChipsOrre: doesn't show hand
*** SUMMARY ***
Total pot $2 | Rake $0
Seat 2: ChipsOrre (big blind) collected ($2)
Seat 3: Hannibal2211 (button) (small blind) folded before Flop


PokerStars Hand #156827795494:  Hold'em Limit ($3/$6 USD) - 2016/08/03 17:14:30 ET
Table 'Renauxa II' 6-max Seat #2 is the button
Seat 2: ChipsOrre ($134.02 in chips)
Seat 3: Hannibal2211 ($108.80 in chips)
ChipsOrre: posts small blind $1
Hannibal2211: posts big blind $3
*** HOLE CARDS ***
ChipsOrre: raises $3 to $6
Hannibal2211: folds
Uncalled bet ($3) returned to ChipsOrre
ChipsOrre collected $6 from pot
ChipsOrre: doesn't show hand
*** SUMMARY ***
Total pot $6 | Rake $0
Seat 2: ChipsOrre (button) (small blind) collected ($6)
Seat 3: Hannibal2211 (big blind) folded before Flop


PokerStars Hand #156827802783:  Hold'em Limit ($3/$6 USD) - 2016/08/03 17:14:39 ET
Table 'Renauxa II' 6-max Seat #3 is the button
Seat 2: ChipsOrre ($137.02 in chips)
Seat 3: Hannibal2211 ($105.80 in chips)
Hannibal2211: posts small blind $1
ChipsOrre: posts big blind $3
*** HOLE CARDS ***
Hannibal2211: raises $3 to $6
ChipsOrre: calls $3
*** FLOP *** [Js 4c Jc]
ChipsOrre: checks
Hannibal2211: checks
*** TURN *** [Js 4c Jc] [5s]
ChipsOrre: bets $6
Hannibal2211: calls $6
*** RIVER *** [Js 4c Jc 5s] [Ah]
ChipsOrre: checks
Hannibal2211: bets $6
ChipsOrre: raises $6 to $12
Hannibal2211: folds
Uncalled bet ($6) returned to ChipsOrre
ChipsOrre collected $35.50 from pot
ChipsOrre: doesn't show hand
*** SUMMARY ***
Total pot $36 | Rake $0.50
Board [Js 4c Jc 5s Ah]
Seat 2: ChipsOrre (big blind) collected ($35.50)
Seat 3: Hannibal2211 (button) (small blind) folded on the River


PokerStars Hand #156827824010:  Hold'em Limit ($3/$6 USD) - 2016/08/03 17:15:07 ET
Table 'Renauxa II' 6-max Seat #2 is the button
Seat 2: ChipsOrre ($154.52 in chips)
Seat 3: Hannibal2211 ($87.80 in chips)
ChipsOrre: posts small blind $1
Hannibal2211: posts big blind $3
*** HOLE CARDS ***
ChipsOrre: raises $3 to $6
Hannibal2211: raises $3 to $9
ChipsOrre: calls $3
*** FLOP *** [6c Kc 6h]
Hannibal2211: bets $3
ChipsOrre: folds
Uncalled bet ($3) returned to Hannibal2211
Hannibal2211 collected $17.64 from pot
*** SUMMARY ***
Total pot $18 | Rake $0.36
Board [6c Kc 6h]
Seat 2: ChipsOrre (button) (small blind) folded on the Flop
Seat 3: Hannibal2211 (big blind) collected ($17.64)


PokerStars Hand #156827833185:  Hold'em Limit ($3/$6 USD) - 2016/08/03 17:15:19 ET
Table 'Renauxa II' 6-max Seat #3 is the button
Seat 2: ChipsOrre ($145.52 in chips)
Seat 3: Hannibal2211 ($96.44 in chips)
Hannibal2211: posts small blind $1
ChipsOrre: posts big blind $3
*** HOLE CARDS ***
Hannibal2211: raises $3 to $6
ChipsOrre: calls $3
*** FLOP *** [Jh 3s 8s]
ChipsOrre: checks
Hannibal2211: bets $3
ChipsOrre: calls $3
*** TURN *** [Jh 3s 8s] [Jd]
ChipsOrre: checks
Hannibal2211: checks
*** RIVER *** [Jh 3s 8s Jd] [Ah]
ChipsOrre: bets $6
Hannibal2211: calls $6
*** SHOW DOWN ***
ChipsOrre: shows [Ad 4c] (two pair, Aces and Jacks)
Hannibal2211: mucks hand
ChipsOrre collected $29.50 from pot
*** SUMMARY ***
Total pot $30 | Rake $0.50
Board [Jh 3s 8s Jd Ah]
Seat 2: ChipsOrre (big blind) showed [Ad 4c] and won ($29.50) with two pair, Aces and Jacks
Seat 3: Hannibal2211 (button) (small blind) mucked


PokerStars Hand #156827847723:  Hold'em Limit ($3/$6 USD) - 2016/08/03 17:15:38 ET
Table 'Renauxa II' 6-max Seat #2 is the button
Seat 2: ChipsOrre ($160.02 in chips)
Seat 3: Hannibal2211 ($81.44 in chips)
ChipsOrre: posts small blind $1
Hannibal2211: posts big blind $3
*** HOLE CARDS ***
ChipsOrre: raises $3 to $6
Hannibal2211: calls $3
*** FLOP *** [7c 5d 4s]
Hannibal2211: checks
ChipsOrre: bets $3
Hannibal2211: raises $3 to $6
ChipsOrre: calls $3
*** TURN *** [7c 5d 4s] [As]
Hannibal2211: bets $6
ChipsOrre: folds
Uncalled bet ($6) returned to Hannibal2211
Hannibal2211 collected $23.52 from pot
*** SUMMARY ***
Total pot $24 | Rake $0.48
Board [7c 5d 4s As]
Seat 2: ChipsOrre (button) (small blind) folded on the Turn
Seat 3: Hannibal2211 (big blind) collected ($23.52)


PokerStars Hand #156827866602:  Hold'em Limit ($3/$6 USD) - 2016/08/03 17:16:03 ET
Table 'Renauxa II' 6-max Seat #3 is the button
Seat 2: ChipsOrre ($148.02 in chips)
Seat 3: Hannibal2211 ($92.96 in chips)
Hannibal2211: posts small blind $1
ChipsOrre: posts big blind $3
*** HOLE CARDS ***
Hannibal2211: raises $3 to $6
ChipsOrre: folds
Uncalled bet ($3) returned to Hannibal2211
Hannibal2211 collected $6 from pot
*** SUMMARY ***
Total pot $6 | Rake $0
Seat 2: ChipsOrre (big blind) folded before Flop
Seat 3: Hannibal2211 (button) (small blind) collected ($6)


PokerStars Hand #156827875377:  Hold'em Limit ($3/$6 USD) - 2016/08/03 17:16:14 ET
Table 'Renauxa II' 6-max Seat #2 is the button
Seat 2: ChipsOrre ($145.02 in chips)
Seat 3: Hannibal2211 ($95.96 in chips)
ChipsOrre: posts small blind $1
Hannibal2211: posts big blind $3
*** HOLE CARDS ***
ChipsOrre: raises $3 to $6
Hannibal2211: raises $3 to $9
ChipsOrre: calls $3
*** FLOP *** [2h 6h 9h]
Hannibal2211: bets $3
ChipsOrre: calls $3
*** TURN *** [2h 6h 9h] [Js]
Hannibal2211: bets $6
ChipsOrre: folds
Uncalled bet ($6) returned to Hannibal2211
Hannibal2211 collected $23.52 from pot
*** SUMMARY ***
Total pot $24 | Rake $0.48
Board [2h 6h 9h Js]
Seat 2: ChipsOrre (button) (small blind) folded on the Turn
Seat 3: Hannibal2211 (big blind) collected ($23.52)


PokerStars Hand #156827920264:  Hold'em Limit ($3/$6 USD) - 2016/08/03 17:17:12 ET
Table 'Renauxa II' 6-max Seat #2 is the button
Seat 2: ChipsOrre ($118.02 in chips)
Seat 3: Hannibal2211 ($121.98 in chips)
ChipsOrre: posts small blind $1
Hannibal2211: posts big blind $3
*** HOLE CARDS ***
ChipsOrre: folds
Uncalled bet ($2) returned to Hannibal2211
Hannibal2211 collected $2 from pot
*** SUMMARY ***
Total pot $2 | Rake $0
Seat 2: ChipsOrre (button) (small blind) folded before Flop
Seat 3: Hannibal2211 (big blind) collected ($2)


PokerStars Hand #156827890318:  Hold'em Limit ($3/$6 USD) - 2016/08/03 17:16:33 ET
Table 'Renauxa II' 6-max Seat #3 is the button
Seat 2: ChipsOrre ($133.02 in chips)
Seat 3: Hannibal2211 ($107.48 in chips)
Hannibal2211: posts small blind $1
ChipsOrre: posts big blind $3
*** HOLE CARDS ***
Hannibal2211: raises $3 to $6
ChipsOrre: calls $3
*** FLOP *** [9d 6c Jd]
ChipsOrre: checks
Hannibal2211: bets $3
ChipsOrre: raises $3 to $6
Hannibal2211: raises $3 to $9
ChipsOrre: calls $3
*** TURN *** [9d 6c Jd] [Kc]
ChipsOrre: checks
Hannibal2211: bets $6
ChipsOrre: folds
Uncalled bet ($6) returned to Hannibal2211
Hannibal2211 collected $29.50 from pot
*** SUMMARY ***
Total pot $30 | Rake $0.50
Board [9d 6c Jd Kc]
Seat 2: ChipsOrre (big blind) folded on the Turn
Seat 3: Hannibal2211 (button) (small blind) collected ($29.50)


PokerStars Hand #156827923923:  Hold'em Limit ($3/$6 USD) - 2016/08/03 17:17:17 ET
Table 'Renauxa II' 6-max Seat #3 is the button
Seat 2: ChipsOrre ($117.02 in chips)
Seat 3: Hannibal2211 ($122.98 in chips)
Hannibal2211: posts small blind $1
ChipsOrre: posts big blind $3
*** HOLE CARDS ***
Hannibal2211: raises $3 to $6
ChipsOrre: raises $3 to $9
Hannibal2211: calls $3
*** FLOP *** [2s 9h 5s]
ChipsOrre: bets $3
Hannibal2211: folds
Uncalled bet ($3) returned to ChipsOrre
ChipsOrre collected $17.64 from pot
ChipsOrre: doesn't show hand
*** SUMMARY ***
Total pot $18 | Rake $0.36
Board [2s 9h 5s]
Seat 2: ChipsOrre (big blind) collected ($17.64)
Seat 3: Hannibal2211 (button) (small blind) folded on the Flop


PokerStars Hand #156827931421:  Hold'em Limit ($3/$6 USD) - 2016/08/03 17:17:26 ET
Table 'Renauxa II' 6-max Seat #2 is the button
Seat 2: ChipsOrre ($125.66 in chips)
Seat 3: Hannibal2211 ($113.98 in chips)
ChipsOrre: posts small blind $1
Hannibal2211: posts big blind $3
*** HOLE CARDS ***
ChipsOrre: raises $3 to $6
Hannibal2211: folds
Uncalled bet ($3) returned to ChipsOrre
ChipsOrre collected $6 from pot
ChipsOrre: doesn't show hand
*** SUMMARY ***
Total pot $6 | Rake $0
Seat 2: ChipsOrre (button) (small blind) collected ($6)
Seat 3: Hannibal2211 (big blind) folded before Flop


PokerStars Hand #156827935979:  Hold'em Limit ($3/$6 USD) - 2016/08/03 17:17:32 ET
Table 'Renauxa II' 6-max Seat #3 is the button
Seat 2: ChipsOrre ($128.66 in chips)
Seat 3: Hannibal2211 ($110.98 in chips)
Hannibal2211: posts small blind $1
ChipsOrre: posts big blind $3
*** HOLE CARDS ***
Hannibal2211: raises $3 to $6
ChipsOrre: calls $3
*** FLOP *** [Qd 2d 7c]
ChipsOrre: checks
Hannibal2211: checks
*** TURN *** [Qd 2d 7c] [2c]
ChipsOrre: bets $6
Hannibal2211: calls $6
*** RIVER *** [Qd 2d 7c 2c] [Ks]
ChipsOrre: checks
Hannibal2211: checks
*** SHOW DOWN ***
ChipsOrre: shows [3h Ac] (a pair of Deuces)
Hannibal2211: shows [Ad 4s] (a pair of Deuces)
ChipsOrre collected $11.76 from pot
Hannibal2211 collected $11.76 from pot
*** SUMMARY ***
Total pot $24 | Rake $0.48
Board [Qd 2d 7c 2c Ks]
Seat 2: ChipsOrre (big blind) showed [3h Ac] and won ($11.76) with a pair of Deuces
Seat 3: Hannibal2211 (button) (small blind) showed [Ad 4s] and won ($11.76) with a pair of Deuces


PokerStars Hand #156827959249:  Hold'em Limit ($3/$6 USD) - 2016/08/03 17:18:02 ET
Table 'Renauxa II' 6-max Seat #3 is the button
Seat 2: ChipsOrre ($145.92 in chips)
Seat 3: Hannibal2211 ($92.74 in chips)
Hannibal2211: posts small blind $1
ChipsOrre: posts big blind $3
*** HOLE CARDS ***
Hannibal2211: raises $3 to $6
ChipsOrre: folds
Uncalled bet ($3) returned to Hannibal2211
Hannibal2211 collected $6 from pot
*** SUMMARY ***
Total pot $6 | Rake $0
Seat 2: ChipsOrre (big blind) folded before Flop
Seat 3: Hannibal2211 (button) (small blind) collected ($6)


PokerStars Hand #156827946511:  Hold'em Limit ($3/$6 USD) - 2016/08/03 17:17:46 ET
Table 'Renauxa II' 6-max Seat #2 is the button
Seat 2: ChipsOrre ($128.42 in chips)
Seat 3: Hannibal2211 ($110.74 in chips)
ChipsOrre: posts small blind $1
Hannibal2211: posts big blind $3
*** HOLE CARDS ***
ChipsOrre: raises $3 to $6
Hannibal2211: raises $3 to $9
ChipsOrre: calls $3
*** FLOP *** [2h 4d Ts]
Hannibal2211: bets $3
ChipsOrre: calls $3
*** TURN *** [2h 4d Ts] [3d]
Hannibal2211: bets $6
ChipsOrre: raises $6 to $12
Hannibal2211: folds
Uncalled bet ($6) returned to ChipsOrre
ChipsOrre collected $35.50 from pot
ChipsOrre: doesn't show hand
*** SUMMARY ***
Total pot $36 | Rake $0.50
Board [2h 4d Ts 3d]
Seat 2: ChipsOrre (button) (small blind) collected ($35.50)
Seat 3: Hannibal2211 (big blind) folded on the Turn


PokerStars Hand #156827963756:  Hold'em Limit ($3/$6 USD) - 2016/08/03 17:18:08 ET
Table 'Renauxa II' 6-max Seat #2 is the button
Seat 2: ChipsOrre ($142.92 in chips)
Seat 3: Hannibal2211 ($95.74 in chips)
ChipsOrre: posts small blind $1
Hannibal2211: posts big blind $3
*** HOLE CARDS ***
ChipsOrre: raises $3 to $6
Hannibal2211: folds
Uncalled bet ($3) returned to ChipsOrre
ChipsOrre collected $6 from pot
ChipsOrre: doesn't show hand
*** SUMMARY ***
Total pot $6 | Rake $0
Seat 2: ChipsOrre (button) (small blind) collected ($6)
Seat 3: Hannibal2211 (big blind) folded before Flop


PokerStars Hand #156827968847:  Hold'em Limit ($3/$6 USD) - 2016/08/03 17:18:15 ET
Table 'Renauxa II' 6-max Seat #3 is the button
Seat 2: ChipsOrre ($145.92 in chips)
Seat 3: Hannibal2211 ($92.74 in chips)
Hannibal2211: posts small blind $1
ChipsOrre: posts big blind $3
*** HOLE CARDS ***
Hannibal2211: raises $3 to $6
ChipsOrre: calls $3
*** FLOP *** [Th Kd 7s]
ChipsOrre: checks
Hannibal2211: bets $3
ChipsOrre: raises $3 to $6
Hannibal2211: folds
Uncalled bet ($3) returned to ChipsOrre
ChipsOrre collected $17.64 from pot
ChipsOrre: doesn't show hand
*** SUMMARY ***
Total pot $18 | Rake $0.36
Board [Th Kd 7s]
Seat 2: ChipsOrre (big blind) collected ($17.64)
Seat 3: Hannibal2211 (button) (small blind) folded on the Flop


PokerStars Hand #156827980417:  Hold'em Limit ($3/$6 USD) - 2016/08/03 17:18:30 ET
Table 'Renauxa II' 6-max Seat #2 is the button
Seat 2: ChipsOrre ($154.56 in chips)
Seat 3: Hannibal2211 ($83.74 in chips)
ChipsOrre: posts small blind $1
Hannibal2211: posts big blind $3
*** HOLE CARDS ***
ChipsOrre: raises $3 to $6
Hannibal2211: calls $3
*** FLOP *** [4c Tc As]
Hannibal2211: checks
ChipsOrre: bets $3
Hannibal2211: raises $3 to $6
ChipsOrre: calls $3
*** TURN *** [4c Tc As] [9s]
Hannibal2211: bets $6
ChipsOrre: calls $6
*** RIVER *** [4c Tc As 9s] [6s]
Hannibal2211: checks
ChipsOrre: checks
*** SHOW DOWN ***
Hannibal2211: shows [3c 6c] (a pair of Sixes)
ChipsOrre: shows [9h Qh] (a pair of Nines)
ChipsOrre collected $35.50 from pot
*** SUMMARY ***
Total pot $36 | Rake $0.50
Board [4c Tc As 9s 6s]
Seat 2: ChipsOrre (button) (small blind) showed [9h Qh] and won ($35.50) with a pair of Nines
Seat 3: Hannibal2211 (big blind) showed [3c 6c] and lost with a pair of Sixes


PokerStars Hand #156828002101:  Hold'em Limit ($3/$6 USD) - 2016/08/03 17:18:58 ET
Table 'Renauxa II' 6-max Seat #3 is the button
Seat 2: ChipsOrre ($172.06 in chips)
Seat 3: Hannibal2211 ($72 in chips)
Hannibal2211: posts small blind $1
ChipsOrre: posts big blind $3
*** HOLE CARDS ***
Hannibal2211: raises $3 to $6
ChipsOrre: calls $3
*** FLOP *** [7c Jd 5s]
ChipsOrre: checks
Hannibal2211: bets $3
ChipsOrre: calls $3
*** TURN *** [7c Jd 5s] [3d]
ChipsOrre: checks
Hannibal2211: checks
*** RIVER *** [7c Jd 5s 3d] [Qc]
ChipsOrre: bets $6
Hannibal2211: folds
Uncalled bet ($6) returned to ChipsOrre
ChipsOrre collected $17.64 from pot
ChipsOrre: doesn't show hand
*** SUMMARY ***
Total pot $18 | Rake $0.36
Board [7c Jd 5s 3d Qc]
Seat 2: ChipsOrre (big blind) collected ($17.64)
Seat 3: Hannibal2211 (button) (small blind) folded on the River


PokerStars Hand #156828016208:  Hold'em Limit ($3/$6 USD) - 2016/08/03 17:19:16 ET
Table 'Renauxa II' 6-max Seat #2 is the button
Seat 2: ChipsOrre ($180.70 in chips)
Seat 3: Hannibal2211 ($72 in chips)
ChipsOrre: posts small blind $1
Hannibal2211: posts big blind $3
*** HOLE CARDS ***
ChipsOrre: raises $3 to $6
Hannibal2211: folds
Uncalled bet ($3) returned to ChipsOrre
ChipsOrre collected $6 from pot
*** SUMMARY ***
Total pot $6 | Rake $0
Seat 2: ChipsOrre (button) (small blind) collected ($6)
Seat 3: Hannibal2211 (big blind) folded before Flop


PokerStars Hand #156828021129:  Hold'em Limit ($3/$6 USD) - 2016/08/03 17:19:22 ET
Table 'Renauxa II' 6-max Seat #3 is the button
Seat 2: ChipsOrre ($183.70 in chips)
Seat 3: Hannibal2211 ($72 in chips)
Hannibal2211: posts small blind $1
ChipsOrre: posts big blind $3
*** HOLE CARDS ***
Hannibal2211: raises $3 to $6
ChipsOrre: calls $3
*** FLOP *** [Qh 2h 9c]
ChipsOrre: checks
Hannibal2211: bets $3
ChipsOrre: calls $3
*** TURN *** [Qh 2h 9c] [6d]
ChipsOrre: checks
Hannibal2211: bets $6
ChipsOrre: calls $6
*** RIVER *** [Qh 2h 9c 6d] [As]
ChipsOrre: checks
Hannibal2211: bets $6
ChipsOrre: raises $6 to $12
Hannibal2211: calls $6
*** SHOW DOWN ***
ChipsOrre: shows [Ad 6c] (two pair, Aces and Sixes)
Hannibal2211: mucks hand
ChipsOrre collected $53.50 from pot
*** SUMMARY ***
Total pot $54 | Rake $0.50
Board [Qh 2h 9c 6d As]
Seat 2: ChipsOrre (big blind) showed [Ad 6c] and won ($53.50) with two pair, Aces and Sixes
Seat 3: Hannibal2211 (button) (small blind) mucked


PokerStars Hand #156828038276:  Hold'em Limit ($3/$6 USD) - 2016/08/03 17:19:44 ET
Table 'Renauxa II' 6-max Seat #2 is the button
Seat 2: ChipsOrre ($210.20 in chips)
Seat 3: Hannibal2211 ($72 in chips)
ChipsOrre: posts small blind $1
Hannibal2211: posts big blind $3
*** HOLE CARDS ***
ChipsOrre: raises $3 to $6
Hannibal2211: folds
Uncalled bet ($3) returned to ChipsOrre
ChipsOrre collected $6 from pot
ChipsOrre: doesn't show hand
*** SUMMARY ***
Total pot $6 | Rake $0
Seat 2: ChipsOrre (button) (small blind) collected ($6)
Seat 3: Hannibal2211 (big blind) folded before Flop


PokerStars Hand #156828046679:  Hold'em Limit ($3/$6 USD) - 2016/08/03 17:19:55 ET
Table 'Renauxa II' 6-max Seat #3 is the button
Seat 2: ChipsOrre ($213.20 in chips)
Seat 3: Hannibal2211 ($72 in chips)
Hannibal2211: posts small blind $1
ChipsOrre: posts big blind $3
*** HOLE CARDS ***
Hannibal2211: raises $3 to $6
ChipsOrre: calls $3
*** FLOP *** [8c Td 3c]
ChipsOrre: checks
Hannibal2211: bets $3
ChipsOrre: calls $3
*** TURN *** [8c Td 3c] [Jc]
ChipsOrre: checks
Hannibal2211: bets $6
ChipsOrre: folds
Uncalled bet ($6) returned to Hannibal2211
Hannibal2211 collected $17.64 from pot
*** SUMMARY ***
Total pot $18 | Rake $0.36
Board [8c Td 3c Jc]
Seat 2: ChipsOrre (big blind) folded on the Turn
Seat 3: Hannibal2211 (button) (small blind) collected ($17.64)


PokerStars Hand #156828060402:  Hold'em Limit ($3/$6 USD) - 2016/08/03 17:20:13 ET
Table 'Renauxa II' 6-max Seat #2 is the button
Seat 2: ChipsOrre ($204.20 in chips)
Seat 3: Hannibal2211 ($80.64 in chips)
ChipsOrre: posts small blind $1
Hannibal2211: posts big blind $3
*** HOLE CARDS ***
ChipsOrre: raises $3 to $6
Hannibal2211: calls $3
*** FLOP *** [7d 5c Kc]
Hannibal2211: checks
ChipsOrre: bets $3
Hannibal2211: folds
Uncalled bet ($3) returned to ChipsOrre
ChipsOrre collected $11.76 from pot
ChipsOrre: doesn't show hand
*** SUMMARY ***
Total pot $12 | Rake $0.24
Board [7d 5c Kc]
Seat 2: ChipsOrre (button) (small blind) collected ($11.76)
Seat 3: Hannibal2211 (big blind) folded on the Flop


PokerStars Hand #156828097936:  Hold'em Limit ($3/$6 USD) - 2016/08/03 17:21:01 ET
Table 'Renauxa II' 6-max Seat #3 is the button
Seat 3: Hannibal2211 ($74.64 in chips)
Seat 4: Luukas89 ($30 in chips)
Hannibal2211: posts small blind $1
Luukas89: posts big blind $3
*** HOLE CARDS ***
Hannibal2211: raises $3 to $6
Luukas89: calls $3
*** FLOP *** [7c As Qc]
Luukas89: checks
Hannibal2211: bets $3
Luukas89: folds
Uncalled bet ($3) returned to Hannibal2211
Hannibal2211 collected $11.76 from pot
*** SUMMARY ***
Total pot $12 | Rake $0.24
Board [7c As Qc]
Seat 3: Hannibal2211 (button) (small blind) collected ($11.76)
Seat 4: Luukas89 (big blind) folded on the Flop


PokerStars Hand #156828108268:  Hold'em Limit ($3/$6 USD) - 2016/08/03 17:21:14 ET
Table 'Renauxa II' 6-max Seat #4 is the button
Seat 3: Hannibal2211 ($80.40 in chips)
Seat 4: Luukas89 ($30 in chips)
Luukas89: posts small blind $1
Hannibal2211: posts big blind $3
*** HOLE CARDS ***
Luukas89: raises $3 to $6
Hannibal2211: raises $3 to $9
Luukas89: calls $3
*** FLOP *** [Ad Qd Kc]
Hannibal2211: bets $3
Luukas89: raises $3 to $6
Hannibal2211: calls $3
*** TURN *** [Ad Qd Kc] [Qs]
Hannibal2211: checks
Luukas89: bets $6
Hannibal2211: calls $6
*** RIVER *** [Ad Qd Kc Qs] [Ts]
Hannibal2211: bets $6
Luukas89: calls $6
*** SHOW DOWN ***
Hannibal2211: shows [Jc Kd] (a straight, Ten to Ace)
Luukas89: shows [Th Js] (a straight, Ten to Ace)
vestimokrec joins the table at seat #5
Hannibal2211 collected $26.75 from pot
Luukas89 collected $26.75 from pot
*** SUMMARY ***
Total pot $54 | Rake $0.50
Board [Ad Qd Kc Qs Ts]
Seat 3: Hannibal2211 (big blind) showed [Jc Kd] and won ($26.75) with a straight, Ten to Ace
Seat 4: Luukas89 (button) (small blind) showed [Th Js] and won ($26.75) with a straight, Ten to Ace


PokerStars Hand #156828132866:  Hold'em Limit ($3/$6 USD) - 2016/08/03 17:21:47 ET
Table 'Renauxa II' 6-max Seat #3 is the button
Seat 3: Hannibal2211 ($80.15 in chips)
Seat 4: Luukas89 ($30 in chips)
Hannibal2211: posts small blind $1
Luukas89: posts big blind $3
*** HOLE CARDS ***
Hannibal2211: raises $3 to $6
Luukas89: raises $3 to $9
Hannibal2211: calls $3
*** FLOP *** [Qd 4s Th]
Luukas89: bets $3
Hannibal2211: calls $3
*** TURN *** [Qd 4s Th] [3h]
Luukas89: bets $6
Hannibal2211: folds
Uncalled bet ($6) returned to Luukas89
Luukas89 collected $23.52 from pot
Luukas89: doesn't show hand
*** SUMMARY ***
Total pot $24 | Rake $0.48
Board [Qd 4s Th 3h]
Seat 3: Hannibal2211 (button) (small blind) folded on the Turn
Seat 4: Luukas89 (big blind) collected ($23.52)


PokerStars Hand #156828152570:  Hold'em Limit ($3/$6 USD) - 2016/08/03 17:22:12 ET
Table 'Renauxa II' 6-max Seat #4 is the button
Seat 3: Hannibal2211 ($72 in chips)
Seat 4: Luukas89 ($41.52 in chips)
Luukas89: posts small blind $1
Hannibal2211: posts big blind $3
*** HOLE CARDS ***
Luukas89: calls $2
Hannibal2211: checks
*** FLOP *** [5h 6s Ad]
Hannibal2211: checks
Luukas89: bets $3
Hannibal2211: folds
Uncalled bet ($3) returned to Luukas89
Luukas89 collected $5.88 from pot
Luukas89: doesn't show hand
*** SUMMARY ***
Total pot $6 | Rake $0.12
Board [5h 6s Ad]
Seat 3: Hannibal2211 (big blind) folded on the Flop
Seat 4: Luukas89 (button) (small blind) collected ($5.88)


PokerStars Hand #156828174199:  Hold'em Limit ($3/$6 USD) - 2016/08/03 17:22:40 ET
Table 'Renauxa II' 6-max Seat #3 is the button
Seat 3: Hannibal2211 ($72 in chips)
Seat 4: Luukas89 ($44.40 in chips)
Hannibal2211: posts small blind $1
Luukas89: posts big blind $3
*** HOLE CARDS ***
Hannibal2211: folds
Uncalled bet ($2) returned to Luukas89
Luukas89 collected $2 from pot
Luukas89: doesn't show hand
*** SUMMARY ***
Total pot $2 | Rake $0
Seat 3: Hannibal2211 (button) (small blind) folded before Flop
Seat 4: Luukas89 (big blind) collected ($2)


PokerStars Hand #156828286993:  Hold'em Limit ($3/$6 USD) - 2016/08/03 17:25:07 ET
Table 'Renauxa II' 6-max Seat #4 is the button
Seat 3: Hannibal2211 ($137.74 in chips)
Seat 4: Luukas89 ($42 in chips)
Luukas89: posts small blind $1
Hannibal2211: posts big blind $3
*** HOLE CARDS ***
Luukas89: folds
Uncalled bet ($2) returned to Hannibal2211
Hannibal2211 collected $2 from pot
*** SUMMARY ***
Total pot $2 | Rake $0
Seat 3: Hannibal2211 (big blind) collected ($2)
Seat 4: Luukas89 (button) (small blind) folded before Flop


PokerStars Hand #156828290932:  Hold'em Limit ($3/$6 USD) - 2016/08/03 17:25:12 ET
Table 'Renauxa II' 6-max Seat #3 is the button
Seat 3: Hannibal2211 ($138.74 in chips)
Seat 4: Luukas89 ($41 in chips)
Hannibal2211: posts small blind $1
Luukas89: posts big blind $3
*** HOLE CARDS ***
Hannibal2211: raises $3 to $6
Luukas89: raises $3 to $9
Hannibal2211: calls $3
*** FLOP *** [9s Kd Qc]
Luukas89: bets $3
Hannibal2211: folds
Uncalled bet ($3) returned to Luukas89
Luukas89 collected $17.64 from pot
pejsson372 joins the table at seat #2
Luukas89: doesn't show hand
*** SUMMARY ***
Total pot $18 | Rake $0.36
Board [9s Kd Qc]
Seat 3: Hannibal2211 (button) (small blind) folded on the Flop
Seat 4: Luukas89 (big blind) collected ($17.64)


PokerStars Hand #156831972464:  Hold'em Limit ($3/$6 USD) - 2016/08/03 18:50:38 ET
Table 'Renauxa II' 6-max Seat #4 is the button
Seat 3: Hannibal2211 ($156.29 in chips)
Seat 4: Chessnok ($81 in chips)
Chessnok: posts small blind $1
Necromadx: is sitting out
ValeryRon: is sitting out
Hannibal2211: posts big blind $3
*** HOLE CARDS ***
Chessnok: raises $3 to $6
manisped leaves the table
ValeryRon leaves the table
Necromadx leaves the table
Hannibal2211: calls $3
*** FLOP *** [Tc 3s 4d]
Hannibal2211: checks
Chessnok: bets $3
Hannibal2211: raises $3 to $6
Chessnok: calls $3
*** TURN *** [Tc 3s 4d] [Th]
Hannibal2211: bets $6
Chessnok: calls $6
*** RIVER *** [Tc 3s 4d Th] [8h]
Hannibal2211: checks
Chessnok: bets $6
Hannibal2211: calls $6
*** SHOW DOWN ***
Chessnok: shows [As 8s] (two pair, Tens and Eights)
Hannibal2211: mucks hand
Chessnok collected $47.50 from pot
*** SUMMARY ***
Total pot $48 | Rake $0.50
Board [Tc 3s 4d Th 8h]
Seat 3: Hannibal2211 (big blind) mucked
Seat 4: Chessnok (button) (small blind) showed [As 8s] and won ($47.50) with two pair, Tens and Eights


