PokerStars Hand #149585759521:  Hold'em Limit ($3/$6 USD) - 2016/02/28 17:55:24 ET
Table 'Renate' 6-max Seat #4 is the button
Seat 3: boogieman05 ($95.33 in chips)
Seat 4: BuzovaPro ($72 in chips)
BuzovaPro: posts small blind $1
boogieman05: posts big blind $3
*** HOLE CARDS ***
BuzovaPro: folds
Uncalled bet ($2) returned to boogieman05
boogieman05 collected $2 from pot
*** SUMMARY ***
Total pot $2 | Rake $0
Seat 3: boogieman05 (big blind) collected ($2)
Seat 4: BuzovaPro (button) (small blind) folded before Flop


PokerStars Hand #149585729796:  Hold'em Limit ($3/$6 USD) - 2016/02/28 17:54:48 ET
Table 'Renate' 6-max Seat #3 is the button
Seat 3: boogieman05 ($89.57 in chips)
Seat 4: BuzovaPro ($72 in chips)
boogieman05: posts small blind $1
BuzovaPro: posts big blind $3
*** HOLE CARDS ***
boogieman05: raises $3 to $6
BuzovaPro: calls $3
*** FLOP *** [8c Ad As]
GoliafUa joins the table at seat #5
BuzovaPro: checks
boogieman05: checks
*** TURN *** [8c Ad As] [Qs]
BuzovaPro: checks
boogieman05: checks
*** RIVER *** [8c Ad As Qs] [2d]
BuzovaPro: checks
boogieman05: bets $6
BuzovaPro: folds
Uncalled bet ($6) returned to boogieman05
boogieman05 collected $11.76 from pot
*** SUMMARY ***
Total pot $12 | Rake $0.24
Board [8c Ad As Qs 2d]
Seat 3: boogieman05 (button) (small blind) collected ($11.76)
Seat 4: BuzovaPro (big blind) folded on the River


PokerStars Hand #149585763785:  Hold'em Limit ($3/$6 USD) - 2016/02/28 17:55:30 ET
Table 'Renate' 6-max Seat #3 is the button
Seat 3: boogieman05 ($96.33 in chips)
Seat 4: BuzovaPro ($72 in chips)
boogieman05: posts small blind $1
BuzovaPro: posts big blind $3
*** HOLE CARDS ***
stuart1973 joins the table at seat #6
boogieman05: raises $3 to $6
alexslep joins the table at seat #1
BuzovaPro: calls $3
*** FLOP *** [9h 3s Ah]
BuzovaPro: checks
boogieman05: bets $3
BuzovaPro: calls $3
*** TURN *** [9h 3s Ah] [8c]
BuzovaPro: checks
boogieman05: bets $6
BuzovaPro: calls $6
*** RIVER *** [9h 3s Ah 8c] [Tc]
BuzovaPro: checks
boogieman05: bets $6
BuzovaPro: folds
Uncalled bet ($6) returned to boogieman05
boogieman05 collected $29.50 from pot
*** SUMMARY ***
Total pot $30 | Rake $0.50
Board [9h 3s Ah 8c Tc]
Seat 3: boogieman05 (button) (small blind) collected ($29.50)
Seat 4: BuzovaPro (big blind) folded on the River


PokerStars Hand #149586215211:  Hold'em Limit ($3/$6 USD) - 2016/02/28 18:05:13 ET
Table 'Renate' 6-max Seat #6 is the button
Seat 2: Chessnok ($157.58 in chips)
Seat 6: stuart1973 ($118.32 in chips)
bentinck113 will be allowed to play after the button
stuart1973: posts small blind $1
alexslep: is sitting out
Chessnok: posts big blind $3
*** HOLE CARDS ***
stuart1973: raises $3 to $6
GoliafUa leaves the table
Chessnok: calls $3
*** FLOP *** [4c 5c Jc]
Chessnok: checks
stuart1973: bets $3
Chessnok: raises $3 to $6
stuart1973: calls $3
*** TURN *** [4c 5c Jc] [Th]
Chessnok: bets $6
stuart1973: calls $6
*** RIVER *** [4c 5c Jc Th] [3s]
Chessnok: checks
stuart1973: bets $6
Chessnok: calls $6
*** SHOW DOWN ***
stuart1973: shows [8h 8c] (a pair of Eights)
Chessnok: mucks hand
stuart1973 collected $47.50 from pot
*** SUMMARY ***
Total pot $48 | Rake $0.50
Board [4c 5c Jc Th 3s]
Seat 2: Chessnok (big blind) mucked
Seat 6: stuart1973 (button) (small blind) showed [8h 8c] and won ($47.50) with a pair of Eights


PokerStars Hand #149586613497:  Hold'em Limit ($3/$6 USD) - 2016/02/28 18:12:39 ET
Table 'Renate' 6-max Seat #5 is the button
Seat 3: bentinck113 ($108.75 in chips)
Seat 5: yergood ($65 in chips)
yergood: posts small blind $1
alexslep: is sitting out
bentinck113: posts big blind $3
*** HOLE CARDS ***
alexslep leaves the table
yergood: folds
Uncalled bet ($2) returned to bentinck113
bentinck113 collected $2 from pot
bentinck113: doesn't show hand
*** SUMMARY ***
Total pot $2 | Rake $0
Seat 3: bentinck113 (big blind) collected ($2)
Seat 5: yergood (button) (small blind) folded before Flop


PokerStars Hand #149586618523:  Hold'em Limit ($3/$6 USD) - 2016/02/28 18:12:45 ET
Table 'Renate' 6-max Seat #3 is the button
Seat 3: bentinck113 ($109.75 in chips)
Seat 5: yergood ($64 in chips)
bentinck113: posts small blind $1
yergood: posts big blind $3
*** HOLE CARDS ***
bentinck113: raises $3 to $6
yergood: raises $3 to $9
bentinck113: calls $3
*** FLOP *** [3c Qs 2s]
yergood: bets $3
bentinck113: calls $3
*** TURN *** [3c Qs 2s] [9c]
yergood: bets $6
bentinck113: calls $6
*** RIVER *** [3c Qs 2s 9c] [4d]
yergood: bets $6
bentinck113: calls $6
*** SHOW DOWN ***
yergood: shows [Ah Kd] (high card Ace)
bentinck113: shows [Qc Js] (a pair of Queens)
bentinck113 collected $47.50 from pot
*** SUMMARY ***
Total pot $48 | Rake $0.50
Board [3c Qs 2s 9c 4d]
Seat 3: bentinck113 (button) (small blind) showed [Qc Js] and won ($47.50) with a pair of Queens
Seat 5: yergood (big blind) showed [Ah Kd] and lost with high card Ace


