PokerStars Hand #146386785492:  Hold'em Limit ($3/$6 USD) - 2016/01/03 9:03:13 ET
Table 'Renauxa II' 2-max Seat #1 is the button
Seat 1: VolkovDmitri ($128.64 in chips)
Seat 2: jl45259071 ($71 in chips)
VolkovDmitri: posts small blind $1
jl45259071: posts big blind $3
*** HOLE CARDS ***
VolkovDmitri: raises $3 to $6
jl45259071: calls $3
*** FLOP *** [8c 4s 3d]
jl45259071: checks
VolkovDmitri: bets $3
jl45259071: folds
Uncalled bet ($3) returned to VolkovDmitri
VolkovDmitri collected $11.76 from pot
VolkovDmitri: doesn't show hand
*** SUMMARY ***
Total pot $12 | Rake $0.24
Board [8c 4s 3d]
Seat 1: VolkovDmitri (button) (small blind) collected ($11.76)
Seat 2: jl45259071 (big blind) folded on the Flop


PokerStars Hand #146386830112:  Hold'em Limit ($3/$6 USD) - 2016/01/03 9:04:06 ET
Table 'Renauxa II' 2-max Seat #1 is the button
Seat 1: VolkovDmitri ($120 in chips)
Seat 2: jl45259071 ($91.50 in chips)
VolkovDmitri: posts small blind $1
jl45259071: posts big blind $3
*** HOLE CARDS ***
VolkovDmitri: raises $3 to $6
jl45259071: calls $3
*** FLOP *** [9d 4s 8s]
jl45259071: checks
VolkovDmitri: bets $3
jl45259071: raises $3 to $6
VolkovDmitri: calls $3
*** TURN *** [9d 4s 8s] [2c]
jl45259071: bets $6
VolkovDmitri: calls $6
*** RIVER *** [9d 4s 8s 2c] [8h]
jl45259071: bets $6
VolkovDmitri: calls $6
*** SHOW DOWN ***
jl45259071: shows [Tc 7s] (a pair of Eights)
VolkovDmitri: shows [Jc Ks] (a pair of Eights - King kicker)
VolkovDmitri collected $47.50 from pot
*** SUMMARY ***
Total pot $48 | Rake $0.50
Board [9d 4s 8s 2c 8h]
Seat 1: VolkovDmitri (button) (small blind) showed [Jc Ks] and won ($47.50) with a pair of Eights
Seat 2: jl45259071 (big blind) showed [Tc 7s] and lost with a pair of Eights


PokerStars Hand #146386799161:  Hold'em Limit ($3/$6 USD) - 2016/01/03 9:03:29 ET
Table 'Renauxa II' 2-max Seat #2 is the button
Seat 1: VolkovDmitri ($134.40 in chips)
Seat 2: jl45259071 ($65 in chips)
jl45259071: posts small blind $1
VolkovDmitri: posts big blind $3
*** HOLE CARDS ***
jl45259071: raises $3 to $6
VolkovDmitri: raises $3 to $9
jl45259071: calls $3
*** FLOP *** [9h 3d Ks]
VolkovDmitri: bets $3
jl45259071: raises $3 to $6
VolkovDmitri: calls $3
*** TURN *** [9h 3d Ks] [7d]
VolkovDmitri: checks
jl45259071: bets $6
VolkovDmitri: calls $6
*** RIVER *** [9h 3d Ks 7d] [9c]
VolkovDmitri: checks
jl45259071: bets $6
VolkovDmitri: calls $6
*** SHOW DOWN ***
jl45259071: shows [9d Kh] (a full house, Nines full of Kings)
VolkovDmitri: mucks hand
jl45259071 collected $53.50 from pot
*** SUMMARY ***
Total pot $54 | Rake $0.50
Board [9h 3d Ks 7d 9c]
Seat 1: VolkovDmitri (big blind) mucked
Seat 2: jl45259071 (button) (small blind) showed [9d Kh] and won ($53.50) with a full house, Nines full of Kings


PokerStars Hand #146386887452:  Hold'em Limit ($3/$6 USD) - 2016/01/03 9:05:12 ET
Table 'Renauxa II' 2-max Seat #2 is the button
Seat 1: VolkovDmitri ($143.14 in chips)
Seat 2: jl45259071 ($67.14 in chips)
jl45259071: posts small blind $1
VolkovDmitri: posts big blind $3
*** HOLE CARDS ***
jl45259071: calls $2
VolkovDmitri: checks
*** FLOP *** [Td Ac Jh]
VolkovDmitri: checks
jl45259071: bets $3
VolkovDmitri: folds
Uncalled bet ($3) returned to jl45259071
jl45259071 collected $5.88 from pot
jl45259071: doesn't show hand
*** SUMMARY ***
Total pot $6 | Rake $0.12
Board [Td Ac Jh]
Seat 1: VolkovDmitri (big blind) folded on the Flop
Seat 2: jl45259071 (button) (small blind) collected ($5.88)


PokerStars Hand #146386872442:  Hold'em Limit ($3/$6 USD) - 2016/01/03 9:04:56 ET
Table 'Renauxa II' 2-max Seat #1 is the button
Seat 1: VolkovDmitri ($134.50 in chips)
Seat 2: jl45259071 ($76.14 in chips)
VolkovDmitri: posts small blind $1
jl45259071: posts big blind $3
*** HOLE CARDS ***
VolkovDmitri: raises $3 to $6
jl45259071: calls $3
*** FLOP *** [9d 6s Jh]
jl45259071: checks
VolkovDmitri: bets $3
jl45259071: calls $3
*** TURN *** [9d 6s Jh] [9s]
jl45259071: checks
VolkovDmitri: bets $6
jl45259071: folds
Uncalled bet ($6) returned to VolkovDmitri
VolkovDmitri collected $17.64 from pot
VolkovDmitri: doesn't show hand
*** SUMMARY ***
Total pot $18 | Rake $0.36
Board [9d 6s Jh 9s]
Seat 1: VolkovDmitri (button) (small blind) collected ($17.64)
Seat 2: jl45259071 (big blind) folded on the Turn


PokerStars Hand #146386854758:  Hold'em Limit ($3/$6 USD) - 2016/01/03 9:04:35 ET
Table 'Renauxa II' 2-max Seat #2 is the button
Seat 1: VolkovDmitri ($143.50 in chips)
Seat 2: jl45259071 ($67.50 in chips)
jl45259071: posts small blind $1
VolkovDmitri: posts big blind $3
*** HOLE CARDS ***
jl45259071: raises $3 to $6
VolkovDmitri: calls $3
*** FLOP *** [Th 6c 9s]
VolkovDmitri: checks
jl45259071: bets $3
VolkovDmitri: calls $3
*** TURN *** [Th 6c 9s] [3s]
VolkovDmitri: checks
jl45259071: bets $6
VolkovDmitri: folds
Uncalled bet ($6) returned to jl45259071
jl45259071 collected $17.64 from pot
jl45259071: doesn't show hand
*** SUMMARY ***
Total pot $18 | Rake $0.36
Board [Th 6c 9s 3s]
Seat 1: VolkovDmitri (big blind) folded on the Turn
Seat 2: jl45259071 (button) (small blind) collected ($17.64)


PokerStars Hand #146386944584:  Hold'em Limit ($3/$6 USD) - 2016/01/03 9:06:18 ET
Table 'Renauxa II' 2-max Seat #1 is the button
Seat 1: VolkovDmitri ($120 in chips)
Seat 2: jl45259071 ($99.02 in chips)
VolkovDmitri: posts small blind $1
jl45259071: posts big blind $3
*** HOLE CARDS ***
VolkovDmitri: folds
Uncalled bet ($2) returned to jl45259071
jl45259071 collected $2 from pot
*** SUMMARY ***
Total pot $2 | Rake $0
Seat 1: VolkovDmitri (button) (small blind) folded before Flop
Seat 2: jl45259071 (big blind) collected ($2)


PokerStars Hand #146386928400:  Hold'em Limit ($3/$6 USD) - 2016/01/03 9:06:00 ET
Table 'Renauxa II' 2-max Seat #2 is the button
Seat 1: VolkovDmitri ($125.14 in chips)
Seat 2: jl45259071 ($84.52 in chips)
jl45259071: posts small blind $1
VolkovDmitri: posts big blind $3
*** HOLE CARDS ***
jl45259071: calls $2
VolkovDmitri: checks
*** FLOP *** [7s Js 2d]
VolkovDmitri: checks
jl45259071: checks
*** TURN *** [7s Js 2d] [7c]
VolkovDmitri: bets $6
jl45259071: calls $6
*** RIVER *** [7s Js 2d 7c] [6h]
VolkovDmitri: bets $6
jl45259071: calls $6
*** SHOW DOWN ***
VolkovDmitri: shows [8d 6c] (two pair, Sevens and Sixes)
jl45259071: shows [6d Kh] (two pair, Sevens and Sixes - King kicker)
jl45259071 collected $29.50 from pot
*** SUMMARY ***
Total pot $30 | Rake $0.50
Board [7s Js 2d 7c 6h]
Seat 1: VolkovDmitri (big blind) showed [8d 6c] and lost with two pair, Sevens and Sixes
Seat 2: jl45259071 (button) (small blind) showed [6d Kh] and won ($29.50) with two pair, Sevens and Sixes


PokerStars Hand #146386907096:  Hold'em Limit ($3/$6 USD) - 2016/01/03 9:05:35 ET
Table 'Renauxa II' 2-max Seat #1 is the button
Seat 1: VolkovDmitri ($140.14 in chips)
Seat 2: jl45259071 ($70.02 in chips)
VolkovDmitri: posts small blind $1
jl45259071: posts big blind $3
*** HOLE CARDS ***
VolkovDmitri: raises $3 to $6
jl45259071: calls $3
*** FLOP *** [9s Jc Kd]
jl45259071: checks
VolkovDmitri: bets $3
jl45259071: calls $3
*** TURN *** [9s Jc Kd] [6h]
jl45259071: checks
VolkovDmitri: checks
*** RIVER *** [9s Jc Kd 6h] [6c]
jl45259071: bets $6
VolkovDmitri: calls $6
*** SHOW DOWN ***
jl45259071: shows [Js 8s] (two pair, Jacks and Sixes)
VolkovDmitri: mucks hand
jl45259071 collected $29.50 from pot
*** SUMMARY ***
Total pot $30 | Rake $0.50
Board [9s Jc Kd 6h 6c]
Seat 1: VolkovDmitri (button) (small blind) mucked
Seat 2: jl45259071 (big blind) showed [Js 8s] and won ($29.50) with two pair, Jacks and Sixes


PokerStars Hand #146386975822:  Hold'em Limit ($3/$6 USD) - 2016/01/03 9:06:54 ET
Table 'Renauxa II' 2-max Seat #1 is the button
Seat 1: VolkovDmitri ($128.64 in chips)
Seat 2: jl45259071 ($91.02 in chips)
VolkovDmitri: posts small blind $1
jl45259071: posts big blind $3
*** HOLE CARDS ***
VolkovDmitri: raises $3 to $6
jl45259071: calls $3
*** FLOP *** [Tc Jc 4d]
jl45259071: checks
VolkovDmitri: bets $3
jl45259071: raises $3 to $6
VolkovDmitri: calls $3
*** TURN *** [Tc Jc 4d] [6s]
jl45259071: bets $6
VolkovDmitri: folds
Uncalled bet ($6) returned to jl45259071
jl45259071 collected $23.52 from pot
jl45259071: doesn't show hand
*** SUMMARY ***
Total pot $24 | Rake $0.48
Board [Tc Jc 4d 6s]
Seat 1: VolkovDmitri (button) (small blind) folded on the Turn
Seat 2: jl45259071 (big blind) collected ($23.52)


PokerStars Hand #146386956527:  Hold'em Limit ($3/$6 USD) - 2016/01/03 9:06:32 ET
Table 'Renauxa II' 2-max Seat #2 is the button
Seat 1: VolkovDmitri ($120 in chips)
Seat 2: jl45259071 ($100.02 in chips)
jl45259071: posts small blind $1
VolkovDmitri: posts big blind $3
*** HOLE CARDS ***
jl45259071: calls $2
VolkovDmitri: raises $3 to $6
jl45259071: calls $3
*** FLOP *** [7c 6c Kh]
VolkovDmitri: bets $3
jl45259071: calls $3
*** TURN *** [7c 6c Kh] [Th]
VolkovDmitri: checks
jl45259071: checks
*** RIVER *** [7c 6c Kh Th] [Kd]
VolkovDmitri: checks
jl45259071: checks
*** SHOW DOWN ***
VolkovDmitri: shows [Jh 9h] (a pair of Kings)
jl45259071: mucks hand
VolkovDmitri collected $17.64 from pot
*** SUMMARY ***
Total pot $18 | Rake $0.36
Board [7c 6c Kh Th Kd]
Seat 1: VolkovDmitri (big blind) showed [Jh 9h] and won ($17.64) with a pair of Kings
Seat 2: jl45259071 (button) (small blind) mucked


PokerStars Hand #146387024676:  Hold'em Limit ($3/$6 USD) - 2016/01/03 9:07:50 ET
Table 'Renauxa II' 2-max Seat #1 is the button
Seat 1: VolkovDmitri ($120 in chips)
Seat 2: jl45259071 ($108.30 in chips)
VolkovDmitri: posts small blind $1
jl45259071: posts big blind $3
*** HOLE CARDS ***
VolkovDmitri: raises $3 to $6
jl45259071: calls $3
*** FLOP *** [8h 9c 6s]
jl45259071: checks
VolkovDmitri: bets $3
jl45259071: calls $3
*** TURN *** [8h 9c 6s] [9h]
jl45259071: checks
VolkovDmitri: checks
*** RIVER *** [8h 9c 6s 9h] [Tc]
jl45259071: bets $6
VolkovDmitri: raises $6 to $12
jl45259071: raises $6 to $18
VolkovDmitri: calls $6
*** SHOW DOWN ***
jl45259071: shows [Qd Jc] (a straight, Eight to Queen)
VolkovDmitri: mucks hand
jl45259071 collected $53.50 from pot
*** SUMMARY ***
Total pot $54 | Rake $0.50
Board [8h 9c 6s 9h Tc]
Seat 1: VolkovDmitri (button) (small blind) mucked
Seat 2: jl45259071 (big blind) showed [Qd Jc] and won ($53.50) with a straight, Eight to Queen


PokerStars Hand #146387067669:  Hold'em Limit ($3/$6 USD) - 2016/01/03 9:08:39 ET
Table 'Renauxa II' 2-max Seat #2 is the button
Seat 1: VolkovDmitri ($120 in chips)
Seat 2: jl45259071 ($134.80 in chips)
jl45259071: posts small blind $1
VolkovDmitri: posts big blind $3
*** HOLE CARDS ***
jl45259071: calls $2
VolkovDmitri: checks
*** FLOP *** [2d Tc Ks]
VolkovDmitri: bets $3
jl45259071: calls $3
*** TURN *** [2d Tc Ks] [4h]
VolkovDmitri: bets $6
jl45259071: folds
Uncalled bet ($6) returned to VolkovDmitri
VolkovDmitri collected $11.76 from pot
VolkovDmitri: doesn't show hand
*** SUMMARY ***
Total pot $12 | Rake $0.24
Board [2d Tc Ks 4h]
Seat 1: VolkovDmitri (big blind) collected ($11.76)
Seat 2: jl45259071 (button) (small blind) folded on the Turn


