PokerStars Hand #167993549279:  Hold'em Limit ($3/$6 USD) - 2017/03/23 11:08:38 ET
Table 'Renauxa' 6-max Seat #1 is the button
Seat 1: Great_Kang ($121 in chips)
Seat 6: Strikelin ($52.72 in chips)
Great_Kang: posts small blind $1
Strikelin: posts big blind $3
*** HOLE CARDS ***
Great_Kang: folds
Uncalled bet ($2) returned to Strikelin
Katanapro leaves the table
Strikelin collected $2 from pot
Strikelin: doesn't show hand
*** SUMMARY ***
Total pot $2 | Rake $0
Seat 1: Great_Kang (button) (small blind) folded before Flop
Seat 6: Strikelin (big blind) collected ($2)


PokerStars Hand #167993552410:  Hold'em Limit ($3/$6 USD) - 2017/03/23 11:08:43 ET
Table 'Renauxa' 6-max Seat #6 is the button
Seat 1: Great_Kang ($120 in chips)
Seat 6: Strikelin ($53.72 in chips)
Strikelin: posts small blind $1
Great_Kang: posts big blind $3
*** HOLE CARDS ***
Strikelin: raises $3 to $6
Great_Kang: calls $3
*** FLOP *** [Qc 5c Jd]
Great_Kang: checks
Strikelin: bets $3
Great_Kang: calls $3
*** TURN *** [Qc 5c Jd] [3d]
Great_Kang: checks
Strikelin: bets $6
Great_Kang: calls $6
*** RIVER *** [Qc 5c Jd 3d] [4s]
Great_Kang: checks
Strikelin: bets $6
Great_Kang: calls $6
*** SHOW DOWN ***
Strikelin: shows [Kd Ks] (a pair of Kings)
Great_Kang: mucks hand
Strikelin collected $41.50 from pot
*** SUMMARY ***
Total pot $42 | Rake $0.50
Board [Qc 5c Jd 3d 4s]
Seat 1: Great_Kang (big blind) mucked
Seat 6: Strikelin (button) (small blind) showed [Kd Ks] and won ($41.50) with a pair of Kings


PokerStars Hand #167993562684:  Hold'em Limit ($3/$6 USD) - 2017/03/23 11:09:00 ET
Table 'Renauxa' 6-max Seat #1 is the button
Seat 1: Great_Kang ($120 in chips)
Seat 6: Strikelin ($74.22 in chips)
Great_Kang: posts small blind $1
Strikelin: posts big blind $3
*** HOLE CARDS ***
Great_Kang: raises $3 to $6
Strikelin: calls $3
*** FLOP *** [3d Js 8c]
Strikelin: checks
Great_Kang: bets $3
Strikelin: folds
Uncalled bet ($3) returned to Great_Kang
Great_Kang collected $11.76 from pot
Great_Kang: doesn't show hand
*** SUMMARY ***
Total pot $12 | Rake $0.24
Board [3d Js 8c]
Seat 1: Great_Kang (button) (small blind) collected ($11.76)
Seat 6: Strikelin (big blind) folded on the Flop


PokerStars Hand #167993570444:  Hold'em Limit ($3/$6 USD) - 2017/03/23 11:09:13 ET
Table 'Renauxa' 6-max Seat #6 is the button
Seat 1: Great_Kang ($125.76 in chips)
Seat 6: Strikelin ($68.22 in chips)
Strikelin: posts small blind $1
Great_Kang: posts big blind $3
*** HOLE CARDS ***
Strikelin: raises $3 to $6
Great_Kang: calls $3
*** FLOP *** [4d As 8c]
Great_Kang: checks
Strikelin: bets $3
Great_Kang: folds
Uncalled bet ($3) returned to Strikelin
Strikelin collected $11.76 from pot
Strikelin: doesn't show hand
*** SUMMARY ***
Total pot $12 | Rake $0.24
Board [4d As 8c]
Seat 1: Great_Kang (big blind) folded on the Flop
Seat 6: Strikelin (button) (small blind) collected ($11.76)


PokerStars Hand #167993577371:  Hold'em Limit ($3/$6 USD) - 2017/03/23 11:09:24 ET
Table 'Renauxa' 6-max Seat #1 is the button
Seat 1: Great_Kang ($120 in chips)
Seat 6: Strikelin ($73.98 in chips)
Great_Kang: posts small blind $1
Strikelin: posts big blind $3
*** HOLE CARDS ***
Great_Kang: raises $3 to $6
Strikelin: raises $3 to $9
Great_Kang: calls $3
*** FLOP *** [Ad 7s 5d]
Strikelin: bets $3
Great_Kang: calls $3
*** TURN *** [Ad 7s 5d] [9h]
Strikelin: bets $6
Great_Kang: raises $6 to $12
Strikelin: folds
Uncalled bet ($6) returned to Great_Kang
Great_Kang collected $35.50 from pot
Great_Kang: doesn't show hand
*** SUMMARY ***
Total pot $36 | Rake $0.50
Board [Ad 7s 5d 9h]
Seat 1: Great_Kang (button) (small blind) collected ($35.50)
Seat 6: Strikelin (big blind) folded on the Turn


PokerStars Hand #167993591372:  Hold'em Limit ($3/$6 USD) - 2017/03/23 11:09:47 ET
Table 'Renauxa' 6-max Seat #6 is the button
Seat 1: Great_Kang ($137.50 in chips)
Seat 6: Strikelin ($55.98 in chips)
Strikelin: posts small blind $1
Great_Kang: posts big blind $3
*** HOLE CARDS ***
Strikelin: raises $3 to $6
Great_Kang: raises $3 to $9
Strikelin: calls $3
*** FLOP *** [3h 9s Qc]
Great_Kang: bets $3
Strikelin: calls $3
*** TURN *** [3h 9s Qc] [8h]
Great_Kang: checks
Strikelin: checks
*** RIVER *** [3h 9s Qc 8h] [Js]
Great_Kang: bets $6
Strikelin: raises $6 to $12
Great_Kang: calls $6
*** SHOW DOWN ***
Strikelin: shows [5h Td] (a straight, Eight to Queen)
Great_Kang: mucks hand
Strikelin collected $47.50 from pot
*** SUMMARY ***
Total pot $48 | Rake $0.50
Board [3h 9s Qc 8h Js]
Seat 1: Great_Kang (big blind) mucked
Seat 6: Strikelin (button) (small blind) showed [5h Td] and won ($47.50) with a straight, Eight to Queen


PokerStars Hand #167993606479:  Hold'em Limit ($3/$6 USD) - 2017/03/23 11:10:12 ET
Table 'Renauxa' 6-max Seat #1 is the button
Seat 1: Great_Kang ($120 in chips)
Seat 6: Strikelin ($79.48 in chips)
Great_Kang: posts small blind $1
Strikelin: posts big blind $3
*** HOLE CARDS ***
Great_Kang: raises $3 to $6
Strikelin: calls $3
*** FLOP *** [7c 7h Tc]
Strikelin: checks
Great_Kang: bets $3
Strikelin: calls $3
*** TURN *** [7c 7h Tc] [Kd]
Strikelin: checks
Great_Kang: checks
*** RIVER *** [7c 7h Tc Kd] [Kc]
Strikelin: checks
Great_Kang: bets $6
Strikelin: folds
Uncalled bet ($6) returned to Great_Kang
Great_Kang collected $17.64 from pot
Great_Kang: doesn't show hand
*** SUMMARY ***
Total pot $18 | Rake $0.36
Board [7c 7h Tc Kd Kc]
Seat 1: Great_Kang (button) (small blind) collected ($17.64)
Seat 6: Strikelin (big blind) folded on the River


PokerStars Hand #167993628045:  Hold'em Limit ($3/$6 USD) - 2017/03/23 11:10:47 ET
Table 'Renauxa' 6-max Seat #6 is the button
Seat 1: Great_Kang ($128.64 in chips)
Seat 6: Strikelin ($70.48 in chips)
Strikelin: posts small blind $1
Great_Kang: posts big blind $3
*** HOLE CARDS ***
Strikelin: raises $3 to $6
Great_Kang: folds
Uncalled bet ($3) returned to Strikelin
Strikelin collected $6 from pot
Strikelin: doesn't show hand
*** SUMMARY ***
Total pot $6 | Rake $0
Seat 1: Great_Kang (big blind) folded before Flop
Seat 6: Strikelin (button) (small blind) collected ($6)


PokerStars Hand #167993632990:  Hold'em Limit ($3/$6 USD) - 2017/03/23 11:10:55 ET
Table 'Renauxa' 6-max Seat #1 is the button
Seat 1: Great_Kang ($125.64 in chips)
Seat 6: Strikelin ($73.48 in chips)
Great_Kang: posts small blind $1
Strikelin: posts big blind $3
*** HOLE CARDS ***
Great_Kang: raises $3 to $6
Strikelin: calls $3
*** FLOP *** [5h Ks 9s]
Strikelin: checks
Great_Kang: bets $3
Strikelin: calls $3
*** TURN *** [5h Ks 9s] [2d]
Strikelin: checks
Great_Kang: bets $6
Strikelin: calls $6
*** RIVER *** [5h Ks 9s 2d] [As]
Strikelin: checks
Great_Kang: bets $6
Strikelin: calls $6
*** SHOW DOWN ***
Great_Kang: shows [Th Ac] (a pair of Aces)
Strikelin: mucks hand
Great_Kang collected $41.50 from pot
*** SUMMARY ***
Total pot $42 | Rake $0.50
Board [5h Ks 9s 2d As]
Seat 1: Great_Kang (button) (small blind) showed [Th Ac] and won ($41.50) with a pair of Aces
Seat 6: Strikelin (big blind) mucked


PokerStars Hand #167993661325:  Hold'em Limit ($3/$6 USD) - 2017/03/23 11:11:42 ET
Table 'Renauxa' 6-max Seat #1 is the button
Seat 1: Great_Kang ($140.14 in chips)
Seat 6: Strikelin ($58.24 in chips)
Great_Kang: posts small blind $1
Strikelin: posts big blind $3
*** HOLE CARDS ***
Great_Kang: folds
Uncalled bet ($2) returned to Strikelin
Strikelin collected $2 from pot
Strikelin: doesn't show hand
*** SUMMARY ***
Total pot $2 | Rake $0
Seat 1: Great_Kang (button) (small blind) folded before Flop
Seat 6: Strikelin (big blind) collected ($2)


PokerStars Hand #167993646480:  Hold'em Limit ($3/$6 USD) - 2017/03/23 11:11:17 ET
Table 'Renauxa' 6-max Seat #6 is the button
Seat 1: Great_Kang ($146.14 in chips)
Seat 6: Strikelin ($52.48 in chips)
Strikelin: posts small blind $1
Great_Kang: posts big blind $3
*** HOLE CARDS ***
Strikelin: raises $3 to $6
Great_Kang: calls $3
*** FLOP *** [2h 7h Jc]
Great_Kang: checks
Strikelin: checks
*** TURN *** [2h 7h Jc] [Kc]
Great_Kang: checks
Strikelin: checks
*** RIVER *** [2h 7h Jc Kc] [8d]
Great_Kang: checks
Strikelin: bets $6
Great_Kang: folds
Uncalled bet ($6) returned to Strikelin
Strikelin collected $11.76 from pot
Strikelin: doesn't show hand
*** SUMMARY ***
Total pot $12 | Rake $0.24
Board [2h 7h Jc Kc 8d]
Seat 1: Great_Kang (big blind) folded on the River
Seat 6: Strikelin (button) (small blind) collected ($11.76)


PokerStars Hand #167993694360:  Hold'em Limit ($3/$6 USD) - 2017/03/23 11:12:36 ET
Table 'Renauxa' 6-max Seat #6 is the button
Seat 1: Great_Kang ($144.64 in chips)
Seat 6: Strikelin ($52.74 in chips)
Strikelin: posts small blind $1
Great_Kang: posts big blind $3
*** HOLE CARDS ***
Strikelin: folds
Uncalled bet ($2) returned to Great_Kang
Great_Kang collected $2 from pot
Great_Kang: doesn't show hand
*** SUMMARY ***
Total pot $2 | Rake $0
Seat 1: Great_Kang (big blind) collected ($2)
Seat 6: Strikelin (button) (small blind) folded before Flop


PokerStars Hand #167993682502:  Hold'em Limit ($3/$6 USD) - 2017/03/23 11:12:16 ET
Table 'Renauxa' 6-max Seat #1 is the button
Seat 1: Great_Kang ($162.64 in chips)
Seat 6: Strikelin ($35.24 in chips)
Great_Kang: posts small blind $1
Strikelin: posts big blind $3
*** HOLE CARDS ***
Great_Kang: raises $3 to $6
Strikelin: raises $3 to $9
Great_Kang: calls $3
*** FLOP *** [2c 8d 9s]
Strikelin: bets $3
Great_Kang: calls $3
*** TURN *** [2c 8d 9s] [5d]
Strikelin: bets $6
Great_Kang: calls $6
*** RIVER *** [2c 8d 9s 5d] [Jh]
Strikelin: bets $6
Great_Kang: folds
Uncalled bet ($6) returned to Strikelin
Strikelin collected $35.50 from pot
Strikelin: doesn't show hand
*** SUMMARY ***
Total pot $36 | Rake $0.50
Board [2c 8d 9s 5d Jh]
Seat 1: Great_Kang (button) (small blind) folded on the River
Seat 6: Strikelin (big blind) collected ($35.50)


PokerStars Hand #167993665199:  Hold'em Limit ($3/$6 USD) - 2017/03/23 11:11:48 ET
Table 'Renauxa' 6-max Seat #6 is the button
Seat 1: Great_Kang ($139.14 in chips)
Seat 6: Strikelin ($59.24 in chips)
Strikelin: posts small blind $1
Great_Kang: posts big blind $3
*** HOLE CARDS ***
Strikelin: raises $3 to $6
Great_Kang: raises $3 to $9
Strikelin: calls $3
*** FLOP *** [9h 8d Kc]
Great_Kang: bets $3
Strikelin: calls $3
*** TURN *** [9h 8d Kc] [8s]
Great_Kang: checks
Strikelin: bets $6
Great_Kang: calls $6
*** RIVER *** [9h 8d Kc 8s] [3s]
Great_Kang: checks
Strikelin: bets $6
Great_Kang: calls $6
*** SHOW DOWN ***
Strikelin: shows [Qc 9d] (two pair, Nines and Eights)
Great_Kang: shows [Td Ts] (two pair, Tens and Eights)
Great_Kang collected $47.50 from pot
*** SUMMARY ***
Total pot $48 | Rake $0.50
Board [9h 8d Kc 8s 3s]
Seat 1: Great_Kang (big blind) showed [Td Ts] and won ($47.50) with two pair, Tens and Eights
Seat 6: Strikelin (button) (small blind) showed [Qc 9d] and lost with two pair, Nines and Eights


PokerStars Hand #167993697731:  Hold'em Limit ($3/$6 USD) - 2017/03/23 11:12:41 ET
Table 'Renauxa' 6-max Seat #1 is the button
Seat 1: Great_Kang ($145.64 in chips)
Seat 6: Strikelin ($51.74 in chips)
Great_Kang: posts small blind $1
Strikelin: posts big blind $3
*** HOLE CARDS ***
Great_Kang: raises $3 to $6
Strikelin: calls $3
*** FLOP *** [Ad 7s 8c]
Strikelin: checks
Great_Kang: bets $3
Strikelin: folds
Uncalled bet ($3) returned to Great_Kang
Great_Kang collected $11.76 from pot
Great_Kang: doesn't show hand
*** SUMMARY ***
Total pot $12 | Rake $0.24
Board [Ad 7s 8c]
Seat 1: Great_Kang (button) (small blind) collected ($11.76)
Seat 6: Strikelin (big blind) folded on the Flop


PokerStars Hand #167993712268:  Hold'em Limit ($3/$6 USD) - 2017/03/23 11:13:05 ET
Table 'Renauxa' 6-max Seat #1 is the button
Seat 1: Great_Kang ($152.40 in chips)
Seat 6: Strikelin ($44.74 in chips)
Great_Kang: posts small blind $1
Strikelin: posts big blind $3
*** HOLE CARDS ***
Great_Kang: raises $3 to $6
Strikelin: raises $3 to $9
Great_Kang: calls $3
*** FLOP *** [6d 6s Qs]
Strikelin: bets $3
Great_Kang: folds
Uncalled bet ($3) returned to Strikelin
Strikelin collected $17.64 from pot
Strikelin: doesn't show hand
*** SUMMARY ***
Total pot $18 | Rake $0.36
Board [6d 6s Qs]
Seat 1: Great_Kang (button) (small blind) folded on the Flop
Seat 6: Strikelin (big blind) collected ($17.64)


PokerStars Hand #167993708288:  Hold'em Limit ($3/$6 USD) - 2017/03/23 11:12:58 ET
Table 'Renauxa' 6-max Seat #6 is the button
Seat 1: Great_Kang ($151.40 in chips)
Seat 6: Strikelin ($45.74 in chips)
Strikelin: posts small blind $1
Great_Kang: posts big blind $3
*** HOLE CARDS ***
Strikelin: folds
Uncalled bet ($2) returned to Great_Kang
Great_Kang collected $2 from pot
Great_Kang: doesn't show hand
*** SUMMARY ***
Total pot $2 | Rake $0
Seat 1: Great_Kang (big blind) collected ($2)
Seat 6: Strikelin (button) (small blind) folded before Flop


PokerStars Hand #167993719781:  Hold'em Limit ($3/$6 USD) - 2017/03/23 11:13:17 ET
Table 'Renauxa' 6-max Seat #6 is the button
Seat 1: Great_Kang ($143.40 in chips)
Seat 6: Strikelin ($53.38 in chips)
Strikelin: posts small blind $1
Great_Kang: posts big blind $3
*** HOLE CARDS ***
Strikelin: raises $3 to $6
Great_Kang: raises $3 to $9
Strikelin: calls $3
*** FLOP *** [9s Jd 6s]
Great_Kang: bets $3
Strikelin: calls $3
*** TURN *** [9s Jd 6s] [Jh]
Great_Kang: checks
Strikelin: checks
*** RIVER *** [9s Jd 6s Jh] [Th]
Great_Kang: checks
Strikelin: checks
*** SHOW DOWN ***
Great_Kang: shows [9d 6d] (two pair, Jacks and Nines)
Strikelin: mucks hand
Great_Kang collected $23.52 from pot
*** SUMMARY ***
Total pot $24 | Rake $0.48
Board [9s Jd 6s Jh Th]
Seat 1: Great_Kang (big blind) showed [9d 6d] and won ($23.52) with two pair, Jacks and Nines
Seat 6: Strikelin (button) (small blind) mucked


PokerStars Hand #167993734816:  Hold'em Limit ($3/$6 USD) - 2017/03/23 11:13:42 ET
Table 'Renauxa' 6-max Seat #1 is the button
Seat 1: Great_Kang ($154.92 in chips)
Seat 6: Strikelin ($41.38 in chips)
Great_Kang: posts small blind $1
Strikelin: posts big blind $3
*** HOLE CARDS ***
Great_Kang: raises $3 to $6
Strikelin: calls $3
*** FLOP *** [3d Ah 4c]
Strikelin: checks
Great_Kang: bets $3
Strikelin: calls $3
*** TURN *** [3d Ah 4c] [7s]
Strikelin: checks
Great_Kang: checks
*** RIVER *** [3d Ah 4c 7s] [Jh]
Strikelin: checks
Great_Kang: checks
*** SHOW DOWN ***
Strikelin: shows [Tc 7c] (a pair of Sevens)
Great_Kang: mucks hand
Strikelin collected $17.64 from pot
*** SUMMARY ***
Total pot $18 | Rake $0.36
Board [3d Ah 4c 7s Jh]
Seat 1: Great_Kang (button) (small blind) mucked
Seat 6: Strikelin (big blind) showed [Tc 7c] and won ($17.64) with a pair of Sevens


PokerStars Hand #167993753145:  Hold'em Limit ($3/$6 USD) - 2017/03/23 11:14:12 ET
Table 'Renauxa' 6-max Seat #6 is the button
Seat 1: Great_Kang ($145.92 in chips)
Seat 6: Strikelin ($50.02 in chips)
Strikelin: posts small blind $1
Great_Kang: posts big blind $3
*** HOLE CARDS ***
Strikelin: raises $3 to $6
Great_Kang: calls $3
*** FLOP *** [Jd Ac 9h]
Great_Kang: checks
Strikelin: bets $3
Great_Kang: calls $3
*** TURN *** [Jd Ac 9h] [9d]
Great_Kang: checks
Strikelin: bets $6
Great_Kang: calls $6
*** RIVER *** [Jd Ac 9h 9d] [7c]
Great_Kang: checks
Strikelin: bets $6
Great_Kang: calls $6
*** SHOW DOWN ***
Strikelin: shows [Qs Ad] (two pair, Aces and Nines)
Great_Kang: mucks hand
Strikelin collected $41.50 from pot
*** SUMMARY ***
Total pot $42 | Rake $0.50
Board [Jd Ac 9h 9d 7c]
Seat 1: Great_Kang (big blind) mucked
Seat 6: Strikelin (button) (small blind) showed [Qs Ad] and won ($41.50) with two pair, Aces and Nines


PokerStars Hand #167993778452:  Hold'em Limit ($3/$6 USD) - 2017/03/23 11:14:53 ET
Table 'Renauxa' 6-max Seat #6 is the button
Seat 1: Great_Kang ($123.92 in chips)
Seat 6: Strikelin ($71.52 in chips)
Strikelin: posts small blind $1
Great_Kang: posts big blind $3
*** HOLE CARDS ***
Strikelin: folds
Uncalled bet ($2) returned to Great_Kang
Great_Kang collected $2 from pot
Great_Kang: doesn't show hand
*** SUMMARY ***
Total pot $2 | Rake $0
Seat 1: Great_Kang (big blind) collected ($2)
Seat 6: Strikelin (button) (small blind) folded before Flop


PokerStars Hand #167993774933:  Hold'em Limit ($3/$6 USD) - 2017/03/23 11:14:47 ET
Table 'Renauxa' 6-max Seat #1 is the button
Seat 1: Great_Kang ($124.92 in chips)
Seat 6: Strikelin ($70.52 in chips)
Great_Kang: posts small blind $1
Strikelin: posts big blind $3
*** HOLE CARDS ***
Great_Kang: folds
Uncalled bet ($2) returned to Strikelin
Strikelin collected $2 from pot
Strikelin: doesn't show hand
*** SUMMARY ***
Total pot $2 | Rake $0
Seat 1: Great_Kang (button) (small blind) folded before Flop
Seat 6: Strikelin (big blind) collected ($2)


PokerStars Hand #167993782215:  Hold'em Limit ($3/$6 USD) - 2017/03/23 11:14:59 ET
Table 'Renauxa' 6-max Seat #1 is the button
Seat 1: Great_Kang ($124.92 in chips)
Seat 6: Strikelin ($70.52 in chips)
Great_Kang: posts small blind $1
Strikelin: posts big blind $3
*** HOLE CARDS ***
Great_Kang: raises $3 to $6
Strikelin: calls $3
*** FLOP *** [Jd 9c 4h]
Strikelin: checks
Great_Kang: bets $3
Strikelin: raises $3 to $6
Great_Kang: calls $3
*** TURN *** [Jd 9c 4h] [7d]
Strikelin: bets $6
Great_Kang: raises $6 to $12
Strikelin: calls $6
*** RIVER *** [Jd 9c 4h 7d] [Qh]
Strikelin: checks
Great_Kang: bets $6
Strikelin: folds
Uncalled bet ($6) returned to Great_Kang
Great_Kang collected $47.50 from pot
Great_Kang: doesn't show hand
*** SUMMARY ***
Total pot $48 | Rake $0.50
Board [Jd 9c 4h 7d Qh]
Seat 1: Great_Kang (button) (small blind) collected ($47.50)
Seat 6: Strikelin (big blind) folded on the River


PokerStars Hand #167993816277:  Hold'em Limit ($3/$6 USD) - 2017/03/23 11:15:54 ET
Table 'Renauxa' 6-max Seat #6 is the button
Seat 1: Great_Kang ($148.42 in chips)
Seat 6: Strikelin ($46.52 in chips)
Strikelin: posts small blind $1
Great_Kang: posts big blind $3
*** HOLE CARDS ***
Strikelin: raises $3 to $6
Great_Kang: raises $3 to $9
Strikelin: calls $3
*** FLOP *** [8c Jh Ks]
Great_Kang: bets $3
Strikelin: calls $3
*** TURN *** [8c Jh Ks] [4c]
Great_Kang: bets $6
Strikelin: raises $6 to $12
Great_Kang: raises $6 to $18
Strikelin: calls $6
*** RIVER *** [8c Jh Ks 4c] [Jc]
Great_Kang: bets $6
Strikelin: calls $6
*** SHOW DOWN ***
Great_Kang: shows [As Kd] (two pair, Kings and Jacks)
Strikelin: mucks hand
Great_Kang collected $71.50 from pot
*** SUMMARY ***
Total pot $72 | Rake $0.50
Board [8c Jh Ks 4c Jc]
Seat 1: Great_Kang (big blind) showed [As Kd] and won ($71.50) with two pair, Kings and Jacks
Seat 6: Strikelin (button) (small blind) mucked


PokerStars Hand #167993843500:  Hold'em Limit ($3/$6 USD) - 2017/03/23 11:16:38 ET
Table 'Renauxa' 6-max Seat #1 is the button
Seat 1: Great_Kang ($183.92 in chips)
Seat 6: Strikelin ($10.52 in chips)
Great_Kang: posts small blind $1
Strikelin: posts big blind $3
*** HOLE CARDS ***
Great_Kang: raises $3 to $6
Strikelin: calls $3
*** FLOP *** [Ad 9d 7d]
Strikelin: checks
Great_Kang: bets $3
Strikelin: raises $1.52 to $4.52 and is all-in
Great_Kang: calls $1.52
*** TURN *** [Ad 9d 7d] [6d]
*** RIVER *** [Ad 9d 7d 6d] [4h]
*** SHOW DOWN ***
Strikelin: shows [Kc 7s] (a pair of Sevens)
Great_Kang: shows [6c 9h] (two pair, Nines and Sixes)
Great_Kang collected $20.62 from pot
*** SUMMARY ***
Total pot $21.04 | Rake $0.42
Board [Ad 9d 7d 6d 4h]
Seat 1: Great_Kang (button) (small blind) showed [6c 9h] and won ($20.62) with two pair, Nines and Sixes
Seat 6: Strikelin (big blind) showed [Kc 7s] and lost with a pair of Sevens


