PokerStars Hand #152374568353:  Hold'em Limit ($3/$6 USD) - 2016/04/24 10:15:28 ET
Table 'Renauxa' 6-max Seat #5 is the button
Seat 4: juustmuckit1 ($68 in chips)
Seat 5: kolaz03 ($72 in chips)
kolaz03: posts small blind $1
juustmuckit1: posts big blind $3
*** HOLE CARDS ***
kolaz03: raises $3 to $6
juustmuckit1: folds
Uncalled bet ($3) returned to kolaz03
kolaz03 collected $6 from pot
kolaz03: doesn't show hand
*** SUMMARY ***
Total pot $6 | Rake $0
Seat 4: juustmuckit1 (big blind) folded before Flop
Seat 5: kolaz03 (button) (small blind) collected ($6)


PokerStars Hand #152374577184:  Hold'em Limit ($3/$6 USD) - 2016/04/24 10:15:40 ET
Table 'Renauxa' 6-max Seat #4 is the button
Seat 4: juustmuckit1 ($65 in chips)
Seat 5: kolaz03 ($75 in chips)
juustmuckit1: posts small blind $1
kolaz03: posts big blind $3
*** HOLE CARDS ***
juustmuckit1: raises $3 to $6
kolaz03: calls $3
*** FLOP *** [As 8s 7s]
kolaz03: checks
juustmuckit1: bets $3
kolaz03: calls $3
*** TURN *** [As 8s 7s] [6h]
kolaz03: checks
juustmuckit1: bets $6
kolaz03: calls $6
*** RIVER *** [As 8s 7s 6h] [Jc]
kolaz03: checks
juustmuckit1: checks
*** SHOW DOWN ***
kolaz03: shows [8d Th] (a pair of Eights)
juustmuckit1: mucks hand
kolaz03 collected $29.50 from pot
*** SUMMARY ***
Total pot $30 | Rake $0.50
Board [As 8s 7s 6h Jc]
Seat 4: juustmuckit1 (button) (small blind) mucked
Seat 5: kolaz03 (big blind) showed [8d Th] and won ($29.50) with a pair of Eights


PokerStars Hand #152374621174:  Hold'em Limit ($3/$6 USD) - 2016/04/24 10:16:40 ET
Table 'Renauxa' 6-max Seat #5 is the button
Seat 4: juustmuckit1 ($59.64 in chips)
Seat 5: kolaz03 ($79.50 in chips)
kolaz03: posts small blind $1
juustmuckit1: posts big blind $3
*** HOLE CARDS ***
kolaz03: folds
Uncalled bet ($2) returned to juustmuckit1
juustmuckit1 collected $2 from pot
*** SUMMARY ***
Total pot $2 | Rake $0
Seat 4: juustmuckit1 (big blind) collected ($2)
Seat 5: kolaz03 (button) (small blind) folded before Flop


PokerStars Hand #152374594201:  Hold'em Limit ($3/$6 USD) - 2016/04/24 10:16:03 ET
Table 'Renauxa' 6-max Seat #4 is the button
Seat 4: juustmuckit1 ($51 in chips)
Seat 5: kolaz03 ($88.50 in chips)
juustmuckit1: posts small blind $1
kolaz03: posts big blind $3
*** HOLE CARDS ***
juustmuckit1: raises $3 to $6
kolaz03: calls $3
*** FLOP *** [4s Td 8s]
kolaz03: checks
juustmuckit1: bets $3
kolaz03: calls $3
*** TURN *** [4s Td 8s] [2s]
kolaz03: checks
juustmuckit1: checks
*** RIVER *** [4s Td 8s 2s] [Tc]
kolaz03: checks
juustmuckit1: checks
*** SHOW DOWN ***
kolaz03: shows [3s Ah] (a pair of Tens)
juustmuckit1: shows [7c As] (a pair of Tens - Ace+Eight+Seven kicker)
juustmuckit1 collected $17.64 from pot
*** SUMMARY ***
Total pot $18 | Rake $0.36
Board [4s Td 8s 2s Tc]
Seat 4: juustmuckit1 (button) (small blind) showed [7c As] and won ($17.64) with a pair of Tens
Seat 5: kolaz03 (big blind) showed [3s Ah] and lost with a pair of Tens


PokerStars Hand #152374590513:  Hold'em Limit ($3/$6 USD) - 2016/04/24 10:15:58 ET
Table 'Renauxa' 6-max Seat #5 is the button
Seat 4: juustmuckit1 ($50 in chips)
Seat 5: kolaz03 ($89.50 in chips)
kolaz03: posts small blind $1
juustmuckit1: posts big blind $3
*** HOLE CARDS ***
kolaz03: folds
Uncalled bet ($2) returned to juustmuckit1
juustmuckit1 collected $2 from pot
*** SUMMARY ***
Total pot $2 | Rake $0
Seat 4: juustmuckit1 (big blind) collected ($2)
Seat 5: kolaz03 (button) (small blind) folded before Flop


PokerStars Hand #152374645965:  Hold'em Limit ($3/$6 USD) - 2016/04/24 10:17:13 ET
Table 'Renauxa' 6-max Seat #5 is the button
Seat 4: juustmuckit1 ($42.64 in chips)
Seat 5: kolaz03 ($96 in chips)
kolaz03: posts small blind $1
juustmuckit1: posts big blind $3
*** HOLE CARDS ***
kolaz03: raises $3 to $6
juustmuckit1: raises $3 to $9
kolaz03: calls $3
*** FLOP *** [3d Qc 2h]
juustmuckit1: bets $3
kolaz03: calls $3
*** TURN *** [3d Qc 2h] [4c]
juustmuckit1: bets $6
kolaz03: raises $6 to $12
juustmuckit1: calls $6
*** RIVER *** [3d Qc 2h 4c] [9c]
juustmuckit1: checks
kolaz03: bets $6
juustmuckit1: folds
Uncalled bet ($6) returned to kolaz03
kolaz03 collected $47.50 from pot
kolaz03: doesn't show hand
*** SUMMARY ***
Total pot $48 | Rake $0.50
Board [3d Qc 2h 4c 9c]
Seat 4: juustmuckit1 (big blind) folded on the River
Seat 5: kolaz03 (button) (small blind) collected ($47.50)


PokerStars Hand #152374627691:  Hold'em Limit ($3/$6 USD) - 2016/04/24 10:16:49 ET
Table 'Renauxa' 6-max Seat #4 is the button
Seat 4: juustmuckit1 ($60.64 in chips)
Seat 5: kolaz03 ($78.50 in chips)
juustmuckit1: posts small blind $1
kolaz03: posts big blind $3
*** HOLE CARDS ***
juustmuckit1: raises $3 to $6
kolaz03: calls $3
*** FLOP *** [2s Kc Js]
kolaz03: checks
juustmuckit1: checks
*** TURN *** [2s Kc Js] [Kd]
kolaz03: bets $6
juustmuckit1: calls $6
*** RIVER *** [2s Kc Js Kd] [6h]
kolaz03: bets $6
juustmuckit1: calls $6
*** SHOW DOWN ***
kolaz03: shows [3d Kh] (three of a kind, Kings)
juustmuckit1: mucks hand
kolaz03 collected $35.50 from pot
*** SUMMARY ***
Total pot $36 | Rake $0.50
Board [2s Kc Js Kd 6h]
Seat 4: juustmuckit1 (button) (small blind) mucked
Seat 5: kolaz03 (big blind) showed [3d Kh] and won ($35.50) with three of a kind, Kings


PokerStars Hand #152374695646:  Hold'em Limit ($3/$6 USD) - 2016/04/24 10:18:20 ET
Table 'Renauxa' 6-max Seat #5 is the button
Seat 4: juustmuckit1 ($21.04 in chips)
Seat 5: kolaz03 ($132.14 in chips)
kolaz03: posts small blind $1
juustmuckit1: posts big blind $3
*** HOLE CARDS ***
kolaz03: raises $3 to $6
juustmuckit1: raises $3 to $9
kolaz03: calls $3
*** FLOP *** [2c 8c 4d]
juustmuckit1: bets $3
kolaz03: calls $3
*** TURN *** [2c 8c 4d] [Jc]
juustmuckit1: bets $6
kolaz03: raises $6 to $12
juustmuckit1: calls $3.04 and is all-in
Uncalled bet ($2.96) returned to kolaz03
*** RIVER *** [2c 8c 4d Jc] [Jh]
*** SHOW DOWN ***
juustmuckit1: shows [5h As] (a pair of Jacks)
kolaz03: shows [Th Kc] (a pair of Jacks - lower kicker)
juustmuckit1 collected $41.58 from pot
*** SUMMARY ***
Total pot $42.08 | Rake $0.50
Board [2c 8c 4d Jc Jh]
Seat 4: juustmuckit1 (big blind) showed [5h As] and won ($41.58) with a pair of Jacks
Seat 5: kolaz03 (button) (small blind) showed [Th Kc] and lost with a pair of Jacks


PokerStars Hand #152374683615:  Hold'em Limit ($3/$6 USD) - 2016/04/24 10:18:04 ET
Table 'Renauxa' 6-max Seat #4 is the button
Seat 4: juustmuckit1 ($30.04 in chips)
Seat 5: kolaz03 ($123.50 in chips)
juustmuckit1: posts small blind $1
kolaz03: posts big blind $3
*** HOLE CARDS ***
juustmuckit1: raises $3 to $6
kolaz03: raises $3 to $9
juustmuckit1: calls $3
*** FLOP *** [6s As 4h]
kolaz03: bets $3
juustmuckit1: folds
Uncalled bet ($3) returned to kolaz03
kolaz03 collected $17.64 from pot
kolaz03: doesn't show hand
*** SUMMARY ***
Total pot $18 | Rake $0.36
Board [6s As 4h]
Seat 4: juustmuckit1 (button) (small blind) folded on the Flop
Seat 5: kolaz03 (big blind) collected ($17.64)


PokerStars Hand #152374674733:  Hold'em Limit ($3/$6 USD) - 2016/04/24 10:17:52 ET
Table 'Renauxa' 6-max Seat #5 is the button
Seat 4: juustmuckit1 ($17.64 in chips)
Seat 5: kolaz03 ($120.50 in chips)
kolaz03: posts small blind $1
juustmuckit1: posts big blind $3
*** HOLE CARDS ***
kolaz03: raises $3 to $6
juustmuckit1: folds
Uncalled bet ($3) returned to kolaz03
kolaz03 collected $6 from pot
kolaz03: doesn't show hand
*** SUMMARY ***
Total pot $6 | Rake $0
Seat 4: juustmuckit1 (big blind) folded before Flop
Seat 5: kolaz03 (button) (small blind) collected ($6)


PokerStars Hand #152374738521:  Hold'em Limit ($3/$6 USD) - 2016/04/24 10:19:18 ET
Table 'Renauxa' 6-max Seat #5 is the button
Seat 4: juustmuckit1 ($56.08 in chips)
Seat 5: kolaz03 ($96.10 in chips)
kolaz03: posts small blind $1
juustmuckit1: posts big blind $3
*** HOLE CARDS ***
kolaz03: folds
Uncalled bet ($2) returned to juustmuckit1
juustmuckit1 collected $2 from pot
*** SUMMARY ***
Total pot $2 | Rake $0
Seat 4: juustmuckit1 (big blind) collected ($2)
Seat 5: kolaz03 (button) (small blind) folded before Flop


PokerStars Hand #152374716147:  Hold'em Limit ($3/$6 USD) - 2016/04/24 10:18:48 ET
Table 'Renauxa' 6-max Seat #4 is the button
Seat 4: juustmuckit1 ($41.58 in chips)
Seat 5: kolaz03 ($111.10 in chips)
juustmuckit1: posts small blind $1
kolaz03: posts big blind $3
*** HOLE CARDS ***
juustmuckit1: raises $3 to $6
kolaz03: calls $3
*** FLOP *** [7c 8c Qs]
kolaz03: checks
juustmuckit1: bets $3
kolaz03: raises $3 to $6
juustmuckit1: raises $3 to $9
kolaz03: calls $3
*** TURN *** [7c 8c Qs] [2d]
kolaz03: checks
juustmuckit1: bets $6
kolaz03: folds
Uncalled bet ($6) returned to juustmuckit1
juustmuckit1 collected $29.50 from pot
*** SUMMARY ***
Total pot $30 | Rake $0.50
Board [7c 8c Qs 2d]
Seat 4: juustmuckit1 (button) (small blind) collected ($29.50)
Seat 5: kolaz03 (big blind) folded on the Turn


PokerStars Hand #152374797048:  Hold'em Limit ($3/$6 USD) - 2016/04/24 10:20:37 ET
Table 'Renauxa' 6-max Seat #3 is the button
Seat 3: SmellyToes4u ($56 in chips)
Seat 4: juustmuckit1 ($65.72 in chips)
SmellyToes4u: posts small blind $1
juustmuckit1: posts big blind $3
*** HOLE CARDS ***
SmellyToes4u: raises $3 to $6
juustmuckit1: calls $3
*** FLOP *** [Ad Jd 6c]
juustmuckit1: checks
SmellyToes4u: bets $3
juustmuckit1: folds
Uncalled bet ($3) returned to SmellyToes4u
SmellyToes4u collected $11.76 from pot
SmellyToes4u: doesn't show hand
*** SUMMARY ***
Total pot $12 | Rake $0.24
Board [Ad Jd 6c]
Seat 3: SmellyToes4u (button) (small blind) collected ($11.76)
Seat 4: juustmuckit1 (big blind) folded on the Flop


PokerStars Hand #152374781996:  Hold'em Limit ($3/$6 USD) - 2016/04/24 10:20:16 ET
Table 'Renauxa' 6-max Seat #4 is the button
Seat 3: SmellyToes4u ($56 in chips)
Seat 4: juustmuckit1 ($57.08 in chips)
juustmuckit1: posts small blind $1
SmellyToes4u: posts big blind $3
*** HOLE CARDS ***
juustmuckit1: raises $3 to $6
SmellyToes4u: calls $3
*** FLOP *** [As 3c 7h]
SmellyToes4u: checks
juustmuckit1: bets $3
SmellyToes4u: calls $3
*** TURN *** [As 3c 7h] [6d]
SmellyToes4u: checks
juustmuckit1: bets $6
SmellyToes4u: folds
Uncalled bet ($6) returned to juustmuckit1
juustmuckit1 collected $17.64 from pot
*** SUMMARY ***
Total pot $18 | Rake $0.36
Board [As 3c 7h 6d]
Seat 3: SmellyToes4u (big blind) folded on the Turn
Seat 4: juustmuckit1 (button) (small blind) collected ($17.64)


PokerStars Hand #152374806398:  Hold'em Limit ($3/$6 USD) - 2016/04/24 10:20:49 ET
Table 'Renauxa' 6-max Seat #4 is the button
Seat 3: SmellyToes4u ($61.76 in chips)
Seat 4: juustmuckit1 ($59.72 in chips)
juustmuckit1: posts small blind $1
SmellyToes4u: posts big blind $3
*** HOLE CARDS ***
juustmuckit1: folds
Uncalled bet ($2) returned to SmellyToes4u
SmellyToes4u collected $2 from pot
SmellyToes4u: doesn't show hand
*** SUMMARY ***
Total pot $2 | Rake $0
Seat 3: SmellyToes4u (big blind) collected ($2)
Seat 4: juustmuckit1 (button) (small blind) folded before Flop


PokerStars Hand #152374838296:  Hold'em Limit ($3/$6 USD) - 2016/04/24 10:21:32 ET
Table 'Renauxa' 6-max Seat #4 is the button
Seat 3: SmellyToes4u ($56 in chips)
Seat 4: juustmuckit1 ($67.36 in chips)
juustmuckit1: posts small blind $1
SmellyToes4u: posts big blind $3
*** HOLE CARDS ***
juustmuckit1: raises $3 to $6
SmellyToes4u: raises $3 to $9
juustmuckit1: raises $3 to $12
Betting is capped
SmellyToes4u: calls $3
*** FLOP *** [9s 8d Ks]
SmellyToes4u: checks
juustmuckit1: bets $3
SmellyToes4u: calls $3
*** TURN *** [9s 8d Ks] [5h]
SmellyToes4u: checks
juustmuckit1: bets $6
SmellyToes4u: calls $6
*** RIVER *** [9s 8d Ks 5h] [Kc]
SmellyToes4u: checks
juustmuckit1: bets $6
SmellyToes4u: calls $6
*** SHOW DOWN ***
juustmuckit1: shows [Qh Qd] (two pair, Kings and Queens)
SmellyToes4u: mucks hand
juustmuckit1 collected $53.50 from pot
*** SUMMARY ***
Total pot $54 | Rake $0.50
Board [9s 8d Ks 5h Kc]
Seat 3: SmellyToes4u (big blind) mucked
Seat 4: juustmuckit1 (button) (small blind) showed [Qh Qd] and won ($53.50) with two pair, Kings and Queens


PokerStars Hand #152374821145:  Hold'em Limit ($3/$6 USD) - 2016/04/24 10:21:09 ET
Table 'Renauxa' 6-max Seat #3 is the button
Seat 3: SmellyToes4u ($62.76 in chips)
Seat 4: juustmuckit1 ($58.72 in chips)
SmellyToes4u: posts small blind $1
juustmuckit1: posts big blind $3
*** HOLE CARDS ***
SmellyToes4u: raises $3 to $6
juustmuckit1: calls $3
*** FLOP *** [9h Ts Jh]
juustmuckit1: checks
SmellyToes4u: bets $3
juustmuckit1: calls $3
*** TURN *** [9h Ts Jh] [6d]
juustmuckit1: checks
SmellyToes4u: checks
*** RIVER *** [9h Ts Jh 6d] [4d]
juustmuckit1: bets $6
SmellyToes4u: folds
Uncalled bet ($6) returned to juustmuckit1
juustmuckit1 collected $17.64 from pot
*** SUMMARY ***
Total pot $18 | Rake $0.36
Board [9h Ts Jh 6d 4d]
Seat 3: SmellyToes4u (button) (small blind) folded on the River
Seat 4: juustmuckit1 (big blind) collected ($17.64)


PokerStars Hand #152374816312:  Hold'em Limit ($3/$6 USD) - 2016/04/24 10:21:03 ET
Table 'Renauxa' 6-max Seat #4 is the button
Seat 3: SmellyToes4u ($65.76 in chips)
Seat 4: juustmuckit1 ($55.72 in chips)
juustmuckit1: posts small blind $1
SmellyToes4u: posts big blind $3
*** HOLE CARDS ***
juustmuckit1: raises $3 to $6
SmellyToes4u: folds
Uncalled bet ($3) returned to juustmuckit1
juustmuckit1 collected $6 from pot
*** SUMMARY ***
Total pot $6 | Rake $0
Seat 3: SmellyToes4u (big blind) folded before Flop
Seat 4: juustmuckit1 (button) (small blind) collected ($6)


PokerStars Hand #152374810253:  Hold'em Limit ($3/$6 USD) - 2016/04/24 10:20:54 ET
Table 'Renauxa' 6-max Seat #3 is the button
Seat 3: SmellyToes4u ($62.76 in chips)
Seat 4: juustmuckit1 ($58.72 in chips)
SmellyToes4u: posts small blind $1
juustmuckit1: posts big blind $3
*** HOLE CARDS ***
SmellyToes4u: raises $3 to $6
juustmuckit1: folds
Uncalled bet ($3) returned to SmellyToes4u
SmellyToes4u collected $6 from pot
SmellyToes4u: doesn't show hand
*** SUMMARY ***
Total pot $6 | Rake $0
Seat 3: SmellyToes4u (button) (small blind) collected ($6)
Seat 4: juustmuckit1 (big blind) folded before Flop


PokerStars Hand #152374888067:  Hold'em Limit ($3/$6 USD) - 2016/04/24 10:22:38 ET
Table 'Renauxa' 6-max Seat #3 is the button
Seat 3: SmellyToes4u ($91 in chips)
Seat 4: juustmuckit1 ($57.86 in chips)
SmellyToes4u: posts small blind $1
juustmuckit1: posts big blind $3
*** HOLE CARDS ***
SmellyToes4u: raises $3 to $6
juustmuckit1: calls $3
*** FLOP *** [Ah 4s Kh]
juustmuckit1: checks
SmellyToes4u: checks
*** TURN *** [Ah 4s Kh] [Js]
juustmuckit1: bets $6
SmellyToes4u: calls $6
*** RIVER *** [Ah 4s Kh Js] [5s]
juustmuckit1: bets $6
SmellyToes4u: calls $6
*** SHOW DOWN ***
juustmuckit1: shows [Jc 9d] (a pair of Jacks)
SmellyToes4u: shows [Qd Qc] (a pair of Queens)
SmellyToes4u collected $35.50 from pot
*** SUMMARY ***
Total pot $36 | Rake $0.50
Board [Ah 4s Kh Js 5s]
Seat 3: SmellyToes4u (button) (small blind) showed [Qd Qc] and won ($35.50) with a pair of Queens
Seat 4: juustmuckit1 (big blind) showed [Jc 9d] and lost with a pair of Jacks


PokerStars Hand #152374872727:  Hold'em Limit ($3/$6 USD) - 2016/04/24 10:22:18 ET
Table 'Renauxa' 6-max Seat #4 is the button
Seat 3: SmellyToes4u ($70.50 in chips)
Seat 4: juustmuckit1 ($78.86 in chips)
juustmuckit1: posts small blind $1
SmellyToes4u: posts big blind $3
*** HOLE CARDS ***
juustmuckit1: calls $2
SmellyToes4u: raises $3 to $6
juustmuckit1: calls $3
*** FLOP *** [Js 3c 6h]
SmellyToes4u: bets $3
juustmuckit1: calls $3
*** TURN *** [Js 3c 6h] [As]
SmellyToes4u: bets $6
juustmuckit1: calls $6
*** RIVER *** [Js 3c 6h As] [Th]
SmellyToes4u: bets $6
juustmuckit1: calls $6
*** SHOW DOWN ***
SmellyToes4u: shows [6s 6d] (three of a kind, Sixes)
juustmuckit1: mucks hand
SmellyToes4u collected $41.50 from pot
*** SUMMARY ***
Total pot $42 | Rake $0.50
Board [Js 3c 6h As Th]
Seat 3: SmellyToes4u (big blind) showed [6s 6d] and won ($41.50) with three of a kind, Sixes
Seat 4: juustmuckit1 (button) (small blind) mucked


PokerStars Hand #152374853030:  Hold'em Limit ($3/$6 USD) - 2016/04/24 10:21:51 ET
Table 'Renauxa' 6-max Seat #3 is the button
Seat 3: SmellyToes4u ($56 in chips)
Seat 4: juustmuckit1 ($93.86 in chips)
SmellyToes4u: posts small blind $1
juustmuckit1: posts big blind $3
*** HOLE CARDS ***
SmellyToes4u: raises $3 to $6
juustmuckit1: calls $3
*** FLOP *** [Kh Td Ts]
juustmuckit1: checks
SmellyToes4u: bets $3
juustmuckit1: calls $3
*** TURN *** [Kh Td Ts] [As]
juustmuckit1: checks
SmellyToes4u: bets $6
juustmuckit1: calls $6
*** RIVER *** [Kh Td Ts As] [7h]
juustmuckit1: checks
SmellyToes4u: bets $6
juustmuckit1: folds
Uncalled bet ($6) returned to SmellyToes4u
SmellyToes4u collected $29.50 from pot
SmellyToes4u: doesn't show hand
*** SUMMARY ***
Total pot $30 | Rake $0.50
Board [Kh Td Ts As 7h]
Seat 3: SmellyToes4u (button) (small blind) collected ($29.50)
Seat 4: juustmuckit1 (big blind) folded on the River


PokerStars Hand #152374933911:  Hold'em Limit ($3/$6 USD) - 2016/04/24 10:23:39 ET
Table 'Renauxa' 6-max Seat #3 is the button
Seat 3: SmellyToes4u ($112.14 in chips)
Seat 4: juustmuckit1 ($35.62 in chips)
SmellyToes4u: posts small blind $1
juustmuckit1: posts big blind $3
*** HOLE CARDS ***
SmellyToes4u: raises $3 to $6
juustmuckit1: calls $3
*** FLOP *** [7h Ad 6s]
juustmuckit1: checks
SmellyToes4u: bets $3
juustmuckit1: calls $3
*** TURN *** [7h Ad 6s] [8c]
juustmuckit1: checks
SmellyToes4u: bets $6
juustmuckit1: folds
Uncalled bet ($6) returned to SmellyToes4u
SmellyToes4u collected $17.64 from pot
SmellyToes4u: doesn't show hand
*** SUMMARY ***
Total pot $18 | Rake $0.36
Board [7h Ad 6s 8c]
Seat 3: SmellyToes4u (button) (small blind) collected ($17.64)
Seat 4: juustmuckit1 (big blind) folded on the Turn


PokerStars Hand #152374929913:  Hold'em Limit ($3/$6 USD) - 2016/04/24 10:23:34 ET
Table 'Renauxa' 6-max Seat #4 is the button
Seat 3: SmellyToes4u ($111.14 in chips)
Seat 4: juustmuckit1 ($36.62 in chips)
juustmuckit1: posts small blind $1
SmellyToes4u: posts big blind $3
*** HOLE CARDS ***
juustmuckit1: folds
Uncalled bet ($2) returned to SmellyToes4u
SmellyToes4u collected $2 from pot
SmellyToes4u: doesn't show hand
*** SUMMARY ***
Total pot $2 | Rake $0
Seat 3: SmellyToes4u (big blind) collected ($2)
Seat 4: juustmuckit1 (button) (small blind) folded before Flop


PokerStars Hand #152374912178:  Hold'em Limit ($3/$6 USD) - 2016/04/24 10:23:10 ET
Table 'Renauxa' 6-max Seat #3 is the button
Seat 3: SmellyToes4u ($102.50 in chips)
Seat 4: juustmuckit1 ($45.62 in chips)
SmellyToes4u: posts small blind $1
juustmuckit1: posts big blind $3
*** HOLE CARDS ***
SmellyToes4u: raises $3 to $6
juustmuckit1: calls $3
*** FLOP *** [4s 5c Kc]
juustmuckit1: checks
SmellyToes4u: bets $3
juustmuckit1: calls $3
*** TURN *** [4s 5c Kc] [6c]
juustmuckit1: checks
SmellyToes4u: checks
*** RIVER *** [4s 5c Kc 6c] [Qs]
juustmuckit1: checks
SmellyToes4u: checks
*** SHOW DOWN ***
juustmuckit1: shows [Td 9d] (high card King)
SmellyToes4u: shows [9s Js] (high card King - Queen+Jack kicker)
SmellyToes4u collected $17.64 from pot
*** SUMMARY ***
Total pot $18 | Rake $0.36
Board [4s 5c Kc 6c Qs]
Seat 3: SmellyToes4u (button) (small blind) showed [9s Js] and won ($17.64) with high card King
Seat 4: juustmuckit1 (big blind) showed [Td 9d] and lost with high card King


PokerStars Hand #152374903959:  Hold'em Limit ($3/$6 USD) - 2016/04/24 10:23:00 ET
Table 'Renauxa' 6-max Seat #4 is the button
Seat 3: SmellyToes4u ($108.50 in chips)
Seat 4: juustmuckit1 ($39.86 in chips)
juustmuckit1: posts small blind $1
SmellyToes4u: posts big blind $3
*** HOLE CARDS ***
juustmuckit1: raises $3 to $6
SmellyToes4u: calls $3
*** FLOP *** [Js 2s Qs]
SmellyToes4u: checks
juustmuckit1: bets $3
SmellyToes4u: folds
Uncalled bet ($3) returned to juustmuckit1
juustmuckit1 collected $11.76 from pot
*** SUMMARY ***
Total pot $12 | Rake $0.24
Board [Js 2s Qs]
Seat 3: SmellyToes4u (big blind) folded on the Flop
Seat 4: juustmuckit1 (button) (small blind) collected ($11.76)


PokerStars Hand #152374953599:  Hold'em Limit ($3/$6 USD) - 2016/04/24 10:24:06 ET
Table 'Renauxa' 6-max Seat #3 is the button
Seat 3: SmellyToes4u ($114.78 in chips)
Seat 4: juustmuckit1 ($32.38 in chips)
SmellyToes4u: posts small blind $1
juustmuckit1: posts big blind $3
*** HOLE CARDS ***
SmellyToes4u: raises $3 to $6
juustmuckit1: calls $3
*** FLOP *** [8c 9h Jh]
juustmuckit1: checks
SmellyToes4u: bets $3
juustmuckit1: calls $3
*** TURN *** [8c 9h Jh] [5h]
juustmuckit1: checks
SmellyToes4u: bets $6
juustmuckit1: calls $6
*** RIVER *** [8c 9h Jh 5h] [2d]
juustmuckit1: checks
SmellyToes4u: checks
*** SHOW DOWN ***
juustmuckit1: shows [4d 4h] (a pair of Fours)
SmellyToes4u: mucks hand
juustmuckit1 collected $29.50 from pot
ABATAPP joins the table at seat #5
*** SUMMARY ***
Total pot $30 | Rake $0.50
Board [8c 9h Jh 5h 2d]
Seat 3: SmellyToes4u (button) (small blind) mucked
Seat 4: juustmuckit1 (big blind) showed [4d 4h] and won ($29.50) with a pair of Fours


PokerStars Hand #152374947234:  Hold'em Limit ($3/$6 USD) - 2016/04/24 10:23:57 ET
Table 'Renauxa' 6-max Seat #4 is the button
Seat 3: SmellyToes4u ($120.78 in chips)
Seat 4: juustmuckit1 ($26.62 in chips)
juustmuckit1: posts small blind $1
SmellyToes4u: posts big blind $3
*** HOLE CARDS ***
juustmuckit1: raises $3 to $6
SmellyToes4u: calls $3
*** FLOP *** [9c Td Jc]
SmellyToes4u: checks
juustmuckit1: bets $3
SmellyToes4u: folds
Uncalled bet ($3) returned to juustmuckit1
juustmuckit1 collected $11.76 from pot
*** SUMMARY ***
Total pot $12 | Rake $0.24
Board [9c Td Jc]
Seat 3: SmellyToes4u (big blind) folded on the Flop
Seat 4: juustmuckit1 (button) (small blind) collected ($11.76)


PokerStars Hand #152379738009:  Hold'em Limit ($3/$6 USD) - 2016/04/24 12:03:34 ET
Table 'Renauxa' 6-max Seat #5 is the button
Seat 5: masterblstr8 ($185.37 in chips)
Seat 6: juustmuckit1 ($75 in chips)
masterblstr8: posts small blind $1
juustmuckit1: posts big blind $3
*** HOLE CARDS ***
masterblstr8: raises $3 to $6
juustmuckit1: calls $3
*** FLOP *** [5c 6h 3d]
juustmuckit1: checks
masterblstr8: bets $3
juustmuckit1: raises $3 to $6
masterblstr8: calls $3
*** TURN *** [5c 6h 3d] [9s]
juustmuckit1: bets $6
masterblstr8: calls $6
*** RIVER *** [5c 6h 3d 9s] [Kc]
ABATAPP joins the table at seat #1
juustmuckit1: bets $6
masterblstr8: calls $6
*** SHOW DOWN ***
juustmuckit1: shows [Js 3h] (a pair of Threes)
masterblstr8: shows [Ks 3c] (two pair, Kings and Threes)
masterblstr8 collected $47.50 from pot
*** SUMMARY ***
Total pot $48 | Rake $0.50
Board [5c 6h 3d 9s Kc]
Seat 5: masterblstr8 (button) (small blind) showed [Ks 3c] and won ($47.50) with two pair, Kings and Threes
Seat 6: juustmuckit1 (big blind) showed [Js 3h] and lost with a pair of Threes


PokerStars Hand #152379818304:  Hold'em Limit ($3/$6 USD) - 2016/04/24 12:05:09 ET
Table 'Renauxa' 6-max Seat #6 is the button
Seat 1: ABATAPP ($107 in chips)
Seat 6: juustmuckit1 ($66 in chips)
juustmuckit1: posts small blind $1
ABATAPP: posts big blind $3
*** HOLE CARDS ***
juustmuckit1: folds
Uncalled bet ($2) returned to ABATAPP
ABATAPP collected $2 from pot
ABATAPP: doesn't show hand
*** SUMMARY ***
Total pot $2 | Rake $0
Seat 1: ABATAPP (big blind) collected ($2)
Seat 6: juustmuckit1 (button) (small blind) folded before Flop


PokerStars Hand #152379810245:  Hold'em Limit ($3/$6 USD) - 2016/04/24 12:04:59 ET
Table 'Renauxa' 6-max Seat #1 is the button
Seat 1: ABATAPP ($108 in chips)
Seat 6: juustmuckit1 ($15 in chips)
ABATAPP: posts small blind $1
masterblstr8: is sitting out
juustmuckit1: posts big blind $3
*** HOLE CARDS ***
masterblstr8 leaves the table
ABATAPP: folds
Uncalled bet ($2) returned to juustmuckit1
juustmuckit1 collected $2 from pot
*** SUMMARY ***
Total pot $2 | Rake $0
Seat 1: ABATAPP (button) (small blind) folded before Flop
Seat 6: juustmuckit1 (big blind) collected ($2)


PokerStars Hand #152379825016:  Hold'em Limit ($3/$6 USD) - 2016/04/24 12:05:17 ET
Table 'Renauxa' 6-max Seat #1 is the button
Seat 1: ABATAPP ($108 in chips)
Seat 6: juustmuckit1 ($65 in chips)
ABATAPP: posts small blind $1
juustmuckit1: posts big blind $3
*** HOLE CARDS ***
ABATAPP: raises $3 to $6
juustmuckit1: calls $3
*** FLOP *** [Qh 2s Kc]
juustmuckit1: checks
ABATAPP: bets $3
juustmuckit1: raises $3 to $6
ABATAPP: calls $3
*** TURN *** [Qh 2s Kc] [7h]
juustmuckit1: bets $6
ABATAPP: raises $6 to $12
juustmuckit1: calls $6
*** RIVER *** [Qh 2s Kc 7h] [4h]
juustmuckit1: checks
ABATAPP: bets $6
juustmuckit1: calls $6
*** SHOW DOWN ***
ABATAPP: shows [Kh Kd] (three of a kind, Kings)
juustmuckit1: mucks hand
ABATAPP collected $59.50 from pot
*** SUMMARY ***
Total pot $60 | Rake $0.50
Board [Qh 2s Kc 7h 4h]
Seat 1: ABATAPP (button) (small blind) showed [Kh Kd] and won ($59.50) with three of a kind, Kings
Seat 6: juustmuckit1 (big blind) mucked


PokerStars Hand #152379862260:  Hold'em Limit ($3/$6 USD) - 2016/04/24 12:06:00 ET
Table 'Renauxa' 6-max Seat #6 is the button
Seat 1: ABATAPP ($137.50 in chips)
Seat 6: juustmuckit1 ($35 in chips)
juustmuckit1: posts small blind $1
ABATAPP: posts big blind $3
*** HOLE CARDS ***
juustmuckit1: raises $3 to $6
ABATAPP: calls $3
*** FLOP *** [9s 3h 2c]
ABATAPP: checks
juustmuckit1: bets $3
ABATAPP: calls $3
*** TURN *** [9s 3h 2c] [8c]
ABATAPP: checks
juustmuckit1: checks
*** RIVER *** [9s 3h 2c 8c] [Jh]
ABATAPP: bets $6
juustmuckit1: folds
Uncalled bet ($6) returned to ABATAPP
ABATAPP collected $17.64 from pot
ABATAPP: doesn't show hand
*** SUMMARY ***
Total pot $18 | Rake $0.36
Board [9s 3h 2c 8c Jh]
Seat 1: ABATAPP (big blind) collected ($17.64)
Seat 6: juustmuckit1 (button) (small blind) folded on the River


PokerStars Hand #152379903296:  Hold'em Limit ($3/$6 USD) - 2016/04/24 12:06:49 ET
Table 'Renauxa' 6-max Seat #1 is the button
Seat 1: ABATAPP ($146.14 in chips)
Seat 6: juustmuckit1 ($26 in chips)
ABATAPP: posts small blind $1
juustmuckit1: posts big blind $3
*** HOLE CARDS ***
ABATAPP: folds
Uncalled bet ($2) returned to juustmuckit1
juustmuckit1 collected $2 from pot
*** SUMMARY ***
Total pot $2 | Rake $0
Seat 1: ABATAPP (button) (small blind) folded before Flop
Seat 6: juustmuckit1 (big blind) collected ($2)


PokerStars Hand #152379908720:  Hold'em Limit ($3/$6 USD) - 2016/04/24 12:06:55 ET
Table 'Renauxa' 6-max Seat #6 is the button
Seat 1: ABATAPP ($145.14 in chips)
Seat 6: juustmuckit1 ($27 in chips)
juustmuckit1: posts small blind $1
ABATAPP: posts big blind $3
*** HOLE CARDS ***
juustmuckit1: folds
Uncalled bet ($2) returned to ABATAPP
ABATAPP collected $2 from pot
ABATAPP: doesn't show hand
*** SUMMARY ***
Total pot $2 | Rake $0
Seat 1: ABATAPP (big blind) collected ($2)
Seat 6: juustmuckit1 (button) (small blind) folded before Flop


PokerStars Hand #152379918247:  Hold'em Limit ($3/$6 USD) - 2016/04/24 12:07:06 ET
Table 'Renauxa' 6-max Seat #1 is the button
Seat 1: ABATAPP ($146.14 in chips)
Seat 6: juustmuckit1 ($51 in chips)
ABATAPP: posts small blind $1
juustmuckit1: posts big blind $3
*** HOLE CARDS ***
ABATAPP: folds
Uncalled bet ($2) returned to juustmuckit1
juustmuckit1 collected $2 from pot
*** SUMMARY ***
Total pot $2 | Rake $0
Seat 1: ABATAPP (button) (small blind) folded before Flop
Seat 6: juustmuckit1 (big blind) collected ($2)


PokerStars Hand #152379964969:  Hold'em Limit ($3/$6 USD) - 2016/04/24 12:08:01 ET
Table 'Renauxa' 6-max Seat #1 is the button
Seat 1: ABATAPP ($138.14 in chips)
Seat 6: juustmuckit1 ($58.88 in chips)
ABATAPP: posts small blind $1
juustmuckit1: posts big blind $3
*** HOLE CARDS ***
ABATAPP: raises $3 to $6
juustmuckit1: folds
Uncalled bet ($3) returned to ABATAPP
ABATAPP collected $6 from pot
ABATAPP: doesn't show hand
*** SUMMARY ***
Total pot $6 | Rake $0
Seat 1: ABATAPP (button) (small blind) collected ($6)
Seat 6: juustmuckit1 (big blind) folded before Flop


PokerStars Hand #152379935932:  Hold'em Limit ($3/$6 USD) - 2016/04/24 12:07:27 ET
Table 'Renauxa' 6-max Seat #6 is the button
Seat 1: ABATAPP ($141.14 in chips)
Seat 6: juustmuckit1 ($56 in chips)
juustmuckit1: posts small blind $1
ABATAPP: posts big blind $3
*** HOLE CARDS ***
juustmuckit1: calls $2
ABATAPP: checks
*** FLOP *** [7d 4d 9c]
ABATAPP: checks
juustmuckit1: bets $3
ABATAPP: folds
Uncalled bet ($3) returned to juustmuckit1
juustmuckit1 collected $5.88 from pot
*** SUMMARY ***
Total pot $6 | Rake $0.12
Board [7d 4d 9c]
Seat 1: ABATAPP (big blind) folded on the Flop
Seat 6: juustmuckit1 (button) (small blind) collected ($5.88)


PokerStars Hand #152379929850:  Hold'em Limit ($3/$6 USD) - 2016/04/24 12:07:20 ET
Table 'Renauxa' 6-max Seat #1 is the button
Seat 1: ABATAPP ($142.14 in chips)
Seat 6: juustmuckit1 ($55 in chips)
ABATAPP: posts small blind $1
juustmuckit1: posts big blind $3
*** HOLE CARDS ***
ABATAPP: folds
Uncalled bet ($2) returned to juustmuckit1
juustmuckit1 collected $2 from pot
*** SUMMARY ***
Total pot $2 | Rake $0
Seat 1: ABATAPP (button) (small blind) folded before Flop
Seat 6: juustmuckit1 (big blind) collected ($2)


PokerStars Hand #152379922903:  Hold'em Limit ($3/$6 USD) - 2016/04/24 12:07:12 ET
Table 'Renauxa' 6-max Seat #6 is the button
Seat 1: ABATAPP ($145.14 in chips)
Seat 6: juustmuckit1 ($52 in chips)
juustmuckit1: posts small blind $1
ABATAPP: posts big blind $3
*** HOLE CARDS ***
juustmuckit1: raises $3 to $6
ABATAPP: folds
Uncalled bet ($3) returned to juustmuckit1
juustmuckit1 collected $6 from pot
*** SUMMARY ***
Total pot $6 | Rake $0
Seat 1: ABATAPP (big blind) folded before Flop
Seat 6: juustmuckit1 (button) (small blind) collected ($6)


PokerStars Hand #152379970677:  Hold'em Limit ($3/$6 USD) - 2016/04/24 12:08:08 ET
Table 'Renauxa' 6-max Seat #6 is the button
Seat 1: ABATAPP ($141.14 in chips)
Seat 6: juustmuckit1 ($55.88 in chips)
juustmuckit1: posts small blind $1
ABATAPP: posts big blind $3
*** HOLE CARDS ***
juustmuckit1: raises $3 to $6
ABATAPP: calls $3
*** FLOP *** [3d Kd Kc]
ABATAPP: checks
juustmuckit1: bets $3
ABATAPP: calls $3
*** TURN *** [3d Kd Kc] [Jd]
ABATAPP: checks
juustmuckit1: checks
*** RIVER *** [3d Kd Kc Jd] [2h]
ABATAPP: bets $6
juustmuckit1: calls $6
*** SHOW DOWN ***
ABATAPP: shows [5s Ks] (three of a kind, Kings)
juustmuckit1: mucks hand
ABATAPP collected $29.50 from pot
*** SUMMARY ***
Total pot $30 | Rake $0.50
Board [3d Kd Kc Jd 2h]
Seat 1: ABATAPP (big blind) showed [5s Ks] and won ($29.50) with three of a kind, Kings
Seat 6: juustmuckit1 (button) (small blind) mucked


PokerStars Hand #152379997924:  Hold'em Limit ($3/$6 USD) - 2016/04/24 12:08:40 ET
Table 'Renauxa' 6-max Seat #1 is the button
Seat 1: ABATAPP ($155.64 in chips)
Seat 6: juustmuckit1 ($40.88 in chips)
ABATAPP: posts small blind $1
juustmuckit1: posts big blind $3
*** HOLE CARDS ***
ABATAPP: folds
Uncalled bet ($2) returned to juustmuckit1
juustmuckit1 collected $2 from pot
*** SUMMARY ***
Total pot $2 | Rake $0
Seat 1: ABATAPP (button) (small blind) folded before Flop
Seat 6: juustmuckit1 (big blind) collected ($2)


PokerStars Hand #152380012018:  Hold'em Limit ($3/$6 USD) - 2016/04/24 12:08:57 ET
Table 'Renauxa' 6-max Seat #6 is the button
Seat 1: ABATAPP ($154.64 in chips)
Seat 6: juustmuckit1 ($41.88 in chips)
juustmuckit1: posts small blind $1
ABATAPP: posts big blind $3
*** HOLE CARDS ***
juustmuckit1: folds
Uncalled bet ($2) returned to ABATAPP
ABATAPP collected $2 from pot
ABATAPP: doesn't show hand
*** SUMMARY ***
Total pot $2 | Rake $0
Seat 1: ABATAPP (big blind) collected ($2)
Seat 6: juustmuckit1 (button) (small blind) folded before Flop


PokerStars Hand #152380030424:  Hold'em Limit ($3/$6 USD) - 2016/04/24 12:09:19 ET
Table 'Renauxa' 6-max Seat #6 is the button
Seat 1: ABATAPP ($149.64 in chips)
Seat 6: juustmuckit1 ($46.64 in chips)
juustmuckit1: posts small blind $1
ABATAPP: posts big blind $3
*** HOLE CARDS ***
juustmuckit1: raises $3 to $6
ABATAPP: calls $3
*** FLOP *** [2c 8h Qc]
ABATAPP: checks
juustmuckit1: bets $3
ABATAPP: raises $3 to $6
juustmuckit1: calls $3
*** TURN *** [2c 8h Qc] [Qh]
ABATAPP: bets $6
juustmuckit1: calls $6
*** RIVER *** [2c 8h Qc Qh] [Jd]
ABATAPP: bets $6
juustmuckit1: calls $6
*** SHOW DOWN ***
ABATAPP: shows [Ah Qd] (three of a kind, Queens)
juustmuckit1: mucks hand
ABATAPP collected $47.50 from pot
*** SUMMARY ***
Total pot $48 | Rake $0.50
Board [2c 8h Qc Qh Jd]
Seat 1: ABATAPP (big blind) showed [Ah Qd] and won ($47.50) with three of a kind, Queens
Seat 6: juustmuckit1 (button) (small blind) mucked


PokerStars Hand #152380016322:  Hold'em Limit ($3/$6 USD) - 2016/04/24 12:09:02 ET
Table 'Renauxa' 6-max Seat #1 is the button
Seat 1: ABATAPP ($155.64 in chips)
Seat 6: juustmuckit1 ($40.88 in chips)
ABATAPP: posts small blind $1
juustmuckit1: posts big blind $3
*** HOLE CARDS ***
ABATAPP: raises $3 to $6
juustmuckit1: calls $3
*** FLOP *** [Qh Ts 4s]
juustmuckit1: checks
ABATAPP: checks
*** TURN *** [Qh Ts 4s] [5c]
juustmuckit1: bets $6
ABATAPP: folds
Uncalled bet ($6) returned to juustmuckit1
juustmuckit1 collected $11.76 from pot
*** SUMMARY ***
Total pot $12 | Rake $0.24
Board [Qh Ts 4s 5c]
Seat 1: ABATAPP (button) (small blind) folded on the Turn
Seat 6: juustmuckit1 (big blind) collected ($11.76)


PokerStars Hand #152380086561:  Hold'em Limit ($3/$6 USD) - 2016/04/24 12:10:25 ET
Table 'Renauxa' 6-max Seat #6 is the button
Seat 1: ABATAPP ($176.14 in chips)
Seat 6: juustmuckit1 ($19.64 in chips)
juustmuckit1: posts small blind $1
ABATAPP: posts big blind $3
*** HOLE CARDS ***
juustmuckit1: raises $3 to $6
ABATAPP: calls $3
*** FLOP *** [3c Qc 2h]
ABATAPP: checks
juustmuckit1: bets $3
ABATAPP: calls $3
*** TURN *** [3c Qc 2h] [4h]
ABATAPP: checks
juustmuckit1: bets $6
ABATAPP: folds
Uncalled bet ($6) returned to juustmuckit1
juustmuckit1 collected $17.64 from pot
*** SUMMARY ***
Total pot $18 | Rake $0.36
Board [3c Qc 2h 4h]
Seat 1: ABATAPP (big blind) folded on the Turn
Seat 6: juustmuckit1 (button) (small blind) collected ($17.64)


PokerStars Hand #152380104176:  Hold'em Limit ($3/$6 USD) - 2016/04/24 12:10:46 ET
Table 'Renauxa' 6-max Seat #1 is the button
Seat 1: ABATAPP ($167.14 in chips)
Seat 6: juustmuckit1 ($28.28 in chips)
ABATAPP: posts small blind $1
juustmuckit1: posts big blind $3
*** HOLE CARDS ***
ABATAPP: raises $3 to $6
juustmuckit1: calls $3
*** FLOP *** [Jh 5c 5d]
juustmuckit1: checks
ABATAPP: bets $3
juustmuckit1: folds
Uncalled bet ($3) returned to ABATAPP
ABATAPP collected $11.76 from pot
ABATAPP: doesn't show hand
*** SUMMARY ***
Total pot $12 | Rake $0.24
Board [Jh 5c 5d]
Seat 1: ABATAPP (button) (small blind) collected ($11.76)
Seat 6: juustmuckit1 (big blind) folded on the Flop


PokerStars Hand #152380118370:  Hold'em Limit ($3/$6 USD) - 2016/04/24 12:11:03 ET
Table 'Renauxa' 6-max Seat #6 is the button
Seat 1: ABATAPP ($172.90 in chips)
Seat 6: juustmuckit1 ($22.28 in chips)
juustmuckit1: posts small blind $1
ABATAPP: posts big blind $3
*** HOLE CARDS ***
juustmuckit1: folds
Uncalled bet ($2) returned to ABATAPP
ABATAPP collected $2 from pot
ABATAPP: doesn't show hand
*** SUMMARY ***
Total pot $2 | Rake $0
Seat 1: ABATAPP (big blind) collected ($2)
Seat 6: juustmuckit1 (button) (small blind) folded before Flop


PokerStars Hand #152380079047:  Hold'em Limit ($3/$6 USD) - 2016/04/24 12:10:16 ET
Table 'Renauxa' 6-max Seat #1 is the button
Seat 1: ABATAPP ($173.14 in chips)
Seat 6: juustmuckit1 ($22.64 in chips)
ABATAPP: posts small blind $1
juustmuckit1: posts big blind $3
*** HOLE CARDS ***
ABATAPP: raises $3 to $6
juustmuckit1: folds
Uncalled bet ($3) returned to ABATAPP
ABATAPP collected $6 from pot
ABATAPP: doesn't show hand
*** SUMMARY ***
Total pot $6 | Rake $0
Seat 1: ABATAPP (button) (small blind) collected ($6)
Seat 6: juustmuckit1 (big blind) folded before Flop


PokerStars Hand #152380126841:  Hold'em Limit ($3/$6 USD) - 2016/04/24 12:11:13 ET
Table 'Renauxa' 6-max Seat #1 is the button
Seat 1: ABATAPP ($173.90 in chips)
Seat 6: juustmuckit1 ($71.28 in chips)
ABATAPP: posts small blind $1
juustmuckit1: posts big blind $3
*** HOLE CARDS ***
ABATAPP: raises $3 to $6
juustmuckit1: calls $3
*** FLOP *** [Td 6c 9c]
juustmuckit1: checks
ABATAPP: checks
*** TURN *** [Td 6c 9c] [8h]
juustmuckit1: bets $6
ABATAPP: calls $6
*** RIVER *** [Td 6c 9c 8h] [4s]
juustmuckit1: bets $6
ABATAPP: folds
Uncalled bet ($6) returned to juustmuckit1
juustmuckit1 collected $23.52 from pot
*** SUMMARY ***
Total pot $24 | Rake $0.48
Board [Td 6c 9c 8h 4s]
Seat 1: ABATAPP (button) (small blind) folded on the River
Seat 6: juustmuckit1 (big blind) collected ($23.52)


PokerStars Hand #152380146489:  Hold'em Limit ($3/$6 USD) - 2016/04/24 12:11:36 ET
Table 'Renauxa' 6-max Seat #6 is the button
Seat 1: ABATAPP ($161.90 in chips)
Seat 6: juustmuckit1 ($82.80 in chips)
juustmuckit1: posts small blind $1
ABATAPP: posts big blind $3
*** HOLE CARDS ***
juustmuckit1: folds
Uncalled bet ($2) returned to ABATAPP
ABATAPP collected $2 from pot
ABATAPP: doesn't show hand
*** SUMMARY ***
Total pot $2 | Rake $0
Seat 1: ABATAPP (big blind) collected ($2)
Seat 6: juustmuckit1 (button) (small blind) folded before Flop


PokerStars Hand #152380150839:  Hold'em Limit ($3/$6 USD) - 2016/04/24 12:11:41 ET
Table 'Renauxa' 6-max Seat #1 is the button
Seat 1: ABATAPP ($162.90 in chips)
Seat 6: juustmuckit1 ($81.80 in chips)
ABATAPP: posts small blind $1
juustmuckit1: posts big blind $3
*** HOLE CARDS ***
ABATAPP: raises $3 to $6
juustmuckit1: calls $3
*** FLOP *** [Ad Th 6h]
juustmuckit1: checks
ABATAPP: bets $3
juustmuckit1: calls $3
*** TURN *** [Ad Th 6h] [2s]
juustmuckit1: checks
ABATAPP: bets $6
juustmuckit1: folds
Uncalled bet ($6) returned to ABATAPP
ABATAPP collected $17.64 from pot
ABATAPP: doesn't show hand
*** SUMMARY ***
Total pot $18 | Rake $0.36
Board [Ad Th 6h 2s]
Seat 1: ABATAPP (button) (small blind) collected ($17.64)
Seat 6: juustmuckit1 (big blind) folded on the Turn


PokerStars Hand #152380191541:  Hold'em Limit ($3/$6 USD) - 2016/04/24 12:12:29 ET
Table 'Renauxa' 6-max Seat #1 is the button
Seat 1: ABATAPP ($180.18 in chips)
Seat 6: juustmuckit1 ($63.80 in chips)
ABATAPP: posts small blind $1
juustmuckit1: posts big blind $3
*** HOLE CARDS ***
ABATAPP: raises $3 to $6
juustmuckit1: calls $3
*** FLOP *** [Th 2h Js]
juustmuckit1: checks
ABATAPP: checks
*** TURN *** [Th 2h Js] [6h]
juustmuckit1: bets $6
ABATAPP: folds
Uncalled bet ($6) returned to juustmuckit1
juustmuckit1 collected $11.76 from pot
*** SUMMARY ***
Total pot $12 | Rake $0.24
Board [Th 2h Js 6h]
Seat 1: ABATAPP (button) (small blind) folded on the Turn
Seat 6: juustmuckit1 (big blind) collected ($11.76)


PokerStars Hand #152380171765:  Hold'em Limit ($3/$6 USD) - 2016/04/24 12:12:06 ET
Table 'Renauxa' 6-max Seat #6 is the button
Seat 1: ABATAPP ($171.54 in chips)
Seat 6: juustmuckit1 ($72.80 in chips)
juustmuckit1: posts small blind $1
ABATAPP: posts big blind $3
*** HOLE CARDS ***
juustmuckit1: raises $3 to $6
ABATAPP: calls $3
*** FLOP *** [8d 4d 4s]
ABATAPP: checks
juustmuckit1: bets $3
ABATAPP: calls $3
*** TURN *** [8d 4d 4s] [3c]
ABATAPP: bets $6
juustmuckit1: folds
Uncalled bet ($6) returned to ABATAPP
ABATAPP collected $17.64 from pot
ABATAPP: doesn't show hand
*** SUMMARY ***
Total pot $18 | Rake $0.36
Board [8d 4d 4s 3c]
Seat 1: ABATAPP (big blind) collected ($17.64)
Seat 6: juustmuckit1 (button) (small blind) folded on the Turn


PokerStars Hand #152380231181:  Hold'em Limit ($3/$6 USD) - 2016/04/24 12:13:15 ET
Table 'Renauxa' 6-max Seat #1 is the button
Seat 1: ABATAPP ($171.18 in chips)
Seat 6: juustmuckit1 ($72.44 in chips)
ABATAPP: posts small blind $1
juustmuckit1: posts big blind $3
*** HOLE CARDS ***
ABATAPP: folds
Uncalled bet ($2) returned to juustmuckit1
juustmuckit1 collected $2 from pot
*** SUMMARY ***
Total pot $2 | Rake $0
Seat 1: ABATAPP (button) (small blind) folded before Flop
Seat 6: juustmuckit1 (big blind) collected ($2)


PokerStars Hand #152380210968:  Hold'em Limit ($3/$6 USD) - 2016/04/24 12:12:51 ET
Table 'Renauxa' 6-max Seat #6 is the button
Seat 1: ABATAPP ($174.18 in chips)
Seat 6: juustmuckit1 ($69.56 in chips)
juustmuckit1: posts small blind $1
ABATAPP: posts big blind $3
*** HOLE CARDS ***
juustmuckit1: calls $2
ABATAPP: checks
*** FLOP *** [3c Ah 8s]
ABATAPP: checks
juustmuckit1: bets $3
ABATAPP: folds
Uncalled bet ($3) returned to juustmuckit1
juustmuckit1 collected $5.88 from pot
*** SUMMARY ***
Total pot $6 | Rake $0.12
Board [3c Ah 8s]
Seat 1: ABATAPP (big blind) folded on the Flop
Seat 6: juustmuckit1 (button) (small blind) collected ($5.88)


PokerStars Hand #152380242400:  Hold'em Limit ($3/$6 USD) - 2016/04/24 12:13:28 ET
Table 'Renauxa' 6-max Seat #1 is the button
Seat 1: ABATAPP ($171.18 in chips)
Seat 6: juustmuckit1 ($72.44 in chips)
ABATAPP: posts small blind $1
juustmuckit1: posts big blind $3
*** HOLE CARDS ***
ABATAPP: raises $3 to $6
juustmuckit1: calls $3
*** FLOP *** [7c Qd 9s]
juustmuckit1: checks
ABATAPP: bets $3
juustmuckit1: raises $3 to $6
ABATAPP: folds
Uncalled bet ($3) returned to juustmuckit1
juustmuckit1 collected $17.64 from pot
*** SUMMARY ***
Total pot $18 | Rake $0.36
Board [7c Qd 9s]
Seat 1: ABATAPP (button) (small blind) folded on the Flop
Seat 6: juustmuckit1 (big blind) collected ($17.64)


PokerStars Hand #152380265876:  Hold'em Limit ($3/$6 USD) - 2016/04/24 12:13:55 ET
Table 'Renauxa' 6-max Seat #1 is the button
Seat 1: ABATAPP ($163.18 in chips)
Seat 6: juustmuckit1 ($80.08 in chips)
ABATAPP: posts small blind $1
juustmuckit1: posts big blind $3
*** HOLE CARDS ***
ABATAPP: folds
Uncalled bet ($2) returned to juustmuckit1
juustmuckit1 collected $2 from pot
*** SUMMARY ***
Total pot $2 | Rake $0
Seat 1: ABATAPP (button) (small blind) folded before Flop
Seat 6: juustmuckit1 (big blind) collected ($2)


PokerStars Hand #152380261673:  Hold'em Limit ($3/$6 USD) - 2016/04/24 12:13:50 ET
Table 'Renauxa' 6-max Seat #6 is the button
Seat 1: ABATAPP ($162.18 in chips)
Seat 6: juustmuckit1 ($81.08 in chips)
juustmuckit1: posts small blind $1
ABATAPP: posts big blind $3
*** HOLE CARDS ***
juustmuckit1: folds
Uncalled bet ($2) returned to ABATAPP
ABATAPP collected $2 from pot
ABATAPP: doesn't show hand
*** SUMMARY ***
Total pot $2 | Rake $0
Seat 1: ABATAPP (big blind) collected ($2)
Seat 6: juustmuckit1 (button) (small blind) folded before Flop


PokerStars Hand #152380270316:  Hold'em Limit ($3/$6 USD) - 2016/04/24 12:14:01 ET
Table 'Renauxa' 6-max Seat #6 is the button
Seat 1: ABATAPP ($162.18 in chips)
Seat 6: juustmuckit1 ($81.08 in chips)
juustmuckit1: posts small blind $1
ABATAPP: posts big blind $3
*** HOLE CARDS ***
juustmuckit1: folds
Uncalled bet ($2) returned to ABATAPP
ABATAPP collected $2 from pot
ABATAPP: doesn't show hand
*** SUMMARY ***
Total pot $2 | Rake $0
Seat 1: ABATAPP (big blind) collected ($2)
Seat 6: juustmuckit1 (button) (small blind) folded before Flop


PokerStars Hand #152380235631:  Hold'em Limit ($3/$6 USD) - 2016/04/24 12:13:20 ET
Table 'Renauxa' 6-max Seat #6 is the button
Seat 1: ABATAPP ($170.18 in chips)
Seat 6: juustmuckit1 ($73.44 in chips)
juustmuckit1: posts small blind $1
ABATAPP: posts big blind $3
*** HOLE CARDS ***
juustmuckit1: folds
Uncalled bet ($2) returned to ABATAPP
ABATAPP collected $2 from pot
ABATAPP: doesn't show hand
*** SUMMARY ***
Total pot $2 | Rake $0
Seat 1: ABATAPP (big blind) collected ($2)
Seat 6: juustmuckit1 (button) (small blind) folded before Flop


PokerStars Hand #152380274461:  Hold'em Limit ($3/$6 USD) - 2016/04/24 12:14:05 ET
Table 'Renauxa' 6-max Seat #1 is the button
Seat 1: ABATAPP ($163.18 in chips)
Seat 6: juustmuckit1 ($80.08 in chips)
ABATAPP: posts small blind $1
juustmuckit1: posts big blind $3
*** HOLE CARDS ***
ABATAPP: calls $2
juustmuckit1: raises $3 to $6
ABATAPP: calls $3
*** FLOP *** [9d Jd Jh]
juustmuckit1: bets $3
ABATAPP: folds
Uncalled bet ($3) returned to juustmuckit1
juustmuckit1 collected $11.76 from pot
*** SUMMARY ***
Total pot $12 | Rake $0.24
Board [9d Jd Jh]
Seat 1: ABATAPP (button) (small blind) folded on the Flop
Seat 6: juustmuckit1 (big blind) collected ($11.76)


PokerStars Hand #152380315172:  Hold'em Limit ($3/$6 USD) - 2016/04/24 12:14:53 ET
Table 'Renauxa' 6-max Seat #1 is the button
Seat 1: ABATAPP ($168.70 in chips)
Seat 6: juustmuckit1 ($73.84 in chips)
ABATAPP: posts small blind $1
juustmuckit1: posts big blind $3
*** HOLE CARDS ***
ABATAPP: folds
Uncalled bet ($2) returned to juustmuckit1
juustmuckit1 collected $2 from pot
*** SUMMARY ***
Total pot $2 | Rake $0
Seat 1: ABATAPP (button) (small blind) folded before Flop
Seat 6: juustmuckit1 (big blind) collected ($2)


PokerStars Hand #152380293024:  Hold'em Limit ($3/$6 USD) - 2016/04/24 12:14:27 ET
Table 'Renauxa' 6-max Seat #6 is the button
Seat 1: ABATAPP ($157.18 in chips)
Seat 6: juustmuckit1 ($85.84 in chips)
juustmuckit1: posts small blind $1
ABATAPP: posts big blind $3
*** HOLE CARDS ***
juustmuckit1: raises $3 to $6
ABATAPP: calls $3
*** FLOP *** [6h Th 4s]
ABATAPP: checks
juustmuckit1: checks
*** TURN *** [6h Th 4s] [7h]
ABATAPP: bets $6
juustmuckit1: calls $6
*** RIVER *** [6h Th 4s 7h] [Qc]
ABATAPP: checks
juustmuckit1: checks
*** SHOW DOWN ***
ABATAPP: shows [9c 7d] (a pair of Sevens)
juustmuckit1: mucks hand
ABATAPP collected $23.52 from pot
*** SUMMARY ***
Total pot $24 | Rake $0.48
Board [6h Th 4s 7h Qc]
Seat 1: ABATAPP (big blind) showed [9c 7d] and won ($23.52) with a pair of Sevens
Seat 6: juustmuckit1 (button) (small blind) mucked


PokerStars Hand #152380324440:  Hold'em Limit ($3/$6 USD) - 2016/04/24 12:15:04 ET
Table 'Renauxa' 6-max Seat #1 is the button
Seat 1: ABATAPP ($168.70 in chips)
Seat 6: juustmuckit1 ($73.84 in chips)
ABATAPP: posts small blind $1
juustmuckit1: posts big blind $3
*** HOLE CARDS ***
ABATAPP: folds
Uncalled bet ($2) returned to juustmuckit1
juustmuckit1 collected $2 from pot
*** SUMMARY ***
Total pot $2 | Rake $0
Seat 1: ABATAPP (button) (small blind) folded before Flop
Seat 6: juustmuckit1 (big blind) collected ($2)


PokerStars Hand #152380319752:  Hold'em Limit ($3/$6 USD) - 2016/04/24 12:14:58 ET
Table 'Renauxa' 6-max Seat #6 is the button
Seat 1: ABATAPP ($167.70 in chips)
Seat 6: juustmuckit1 ($74.84 in chips)
juustmuckit1: posts small blind $1
ABATAPP: posts big blind $3
*** HOLE CARDS ***
juustmuckit1: folds
Uncalled bet ($2) returned to ABATAPP
ABATAPP collected $2 from pot
ABATAPP: doesn't show hand
*** SUMMARY ***
Total pot $2 | Rake $0
Seat 1: ABATAPP (big blind) collected ($2)
Seat 6: juustmuckit1 (button) (small blind) folded before Flop


PokerStars Hand #152380330117:  Hold'em Limit ($3/$6 USD) - 2016/04/24 12:15:10 ET
Table 'Renauxa' 6-max Seat #6 is the button
Seat 1: ABATAPP ($167.70 in chips)
Seat 6: juustmuckit1 ($74.84 in chips)
juustmuckit1: posts small blind $1
ABATAPP: posts big blind $3
*** HOLE CARDS ***
juustmuckit1: folds
Uncalled bet ($2) returned to ABATAPP
ABATAPP collected $2 from pot
ABATAPP: doesn't show hand
*** SUMMARY ***
Total pot $2 | Rake $0
Seat 1: ABATAPP (big blind) collected ($2)
Seat 6: juustmuckit1 (button) (small blind) folded before Flop


PokerStars Hand #152380334775:  Hold'em Limit ($3/$6 USD) - 2016/04/24 12:15:15 ET
Table 'Renauxa' 6-max Seat #1 is the button
Seat 1: ABATAPP ($168.70 in chips)
Seat 6: juustmuckit1 ($73.84 in chips)
ABATAPP: posts small blind $1
juustmuckit1: posts big blind $3
*** HOLE CARDS ***
ABATAPP: raises $3 to $6
juustmuckit1: calls $3
*** FLOP *** [5c Qh 9s]
juustmuckit1: checks
ABATAPP: bets $3
juustmuckit1: calls $3
*** TURN *** [5c Qh 9s] [7h]
juustmuckit1: checks
ABATAPP: bets $6
juustmuckit1: calls $6
*** RIVER *** [5c Qh 9s 7h] [Kc]
juustmuckit1: bets $6
ABATAPP: folds
Uncalled bet ($6) returned to juustmuckit1
juustmuckit1 collected $29.50 from pot
*** SUMMARY ***
Total pot $30 | Rake $0.50
Board [5c Qh 9s 7h Kc]
Seat 1: ABATAPP (button) (small blind) folded on the River
Seat 6: juustmuckit1 (big blind) collected ($29.50)


PokerStars Hand #152380356635:  Hold'em Limit ($3/$6 USD) - 2016/04/24 12:15:41 ET
Table 'Renauxa' 6-max Seat #6 is the button
Seat 1: ABATAPP ($153.70 in chips)
Seat 6: juustmuckit1 ($88.34 in chips)
juustmuckit1: posts small blind $1
ABATAPP: posts big blind $3
*** HOLE CARDS ***
juustmuckit1: raises $3 to $6
ABATAPP: folds
Uncalled bet ($3) returned to juustmuckit1
juustmuckit1 collected $6 from pot
*** SUMMARY ***
Total pot $6 | Rake $0
Seat 1: ABATAPP (big blind) folded before Flop
Seat 6: juustmuckit1 (button) (small blind) collected ($6)


PokerStars Hand #152380362219:  Hold'em Limit ($3/$6 USD) - 2016/04/24 12:15:48 ET
Table 'Renauxa' 6-max Seat #1 is the button
Seat 1: ABATAPP ($150.70 in chips)
Seat 6: juustmuckit1 ($91.34 in chips)
ABATAPP: posts small blind $1
juustmuckit1: posts big blind $3
*** HOLE CARDS ***
ABATAPP: raises $3 to $6
juustmuckit1: calls $3
*** FLOP *** [Js Jd 8d]
juustmuckit1: checks
ABATAPP: bets $3
juustmuckit1: folds
Uncalled bet ($3) returned to ABATAPP
ABATAPP collected $11.76 from pot
ABATAPP: doesn't show hand
*** SUMMARY ***
Total pot $12 | Rake $0.24
Board [Js Jd 8d]
Seat 1: ABATAPP (button) (small blind) collected ($11.76)
Seat 6: juustmuckit1 (big blind) folded on the Flop


PokerStars Hand #152380372952:  Hold'em Limit ($3/$6 USD) - 2016/04/24 12:16:00 ET
Table 'Renauxa' 6-max Seat #6 is the button
Seat 1: ABATAPP ($156.46 in chips)
Seat 6: juustmuckit1 ($85.34 in chips)
juustmuckit1: posts small blind $1
ABATAPP: posts big blind $3
*** HOLE CARDS ***
juustmuckit1: raises $3 to $6
ABATAPP: folds
Uncalled bet ($3) returned to juustmuckit1
juustmuckit1 collected $6 from pot
*** SUMMARY ***
Total pot $6 | Rake $0
Seat 1: ABATAPP (big blind) folded before Flop
Seat 6: juustmuckit1 (button) (small blind) collected ($6)


PokerStars Hand #152380381693:  Hold'em Limit ($3/$6 USD) - 2016/04/24 12:16:10 ET
Table 'Renauxa' 6-max Seat #1 is the button
Seat 1: ABATAPP ($153.46 in chips)
Seat 6: juustmuckit1 ($88.34 in chips)
ABATAPP: posts small blind $1
juustmuckit1: posts big blind $3
*** HOLE CARDS ***
ABATAPP: raises $3 to $6
juustmuckit1: folds
Uncalled bet ($3) returned to ABATAPP
ABATAPP collected $6 from pot
ABATAPP: doesn't show hand
*** SUMMARY ***
Total pot $6 | Rake $0
Seat 1: ABATAPP (button) (small blind) collected ($6)
Seat 6: juustmuckit1 (big blind) folded before Flop


PokerStars Hand #152380390766:  Hold'em Limit ($3/$6 USD) - 2016/04/24 12:16:21 ET
Table 'Renauxa' 6-max Seat #6 is the button
Seat 1: ABATAPP ($156.46 in chips)
Seat 6: juustmuckit1 ($85.34 in chips)
juustmuckit1: posts small blind $1
ABATAPP: posts big blind $3
*** HOLE CARDS ***
juustmuckit1: folds
Uncalled bet ($2) returned to ABATAPP
ABATAPP collected $2 from pot
ABATAPP: doesn't show hand
*** SUMMARY ***
Total pot $2 | Rake $0
Seat 1: ABATAPP (big blind) collected ($2)
Seat 6: juustmuckit1 (button) (small blind) folded before Flop


PokerStars Hand #152380401387:  Hold'em Limit ($3/$6 USD) - 2016/04/24 12:16:33 ET
Table 'Renauxa' 6-max Seat #6 is the button
Seat 1: ABATAPP ($160.46 in chips)
Seat 6: juustmuckit1 ($81.34 in chips)
juustmuckit1: posts small blind $1
ABATAPP: posts big blind $3
*** HOLE CARDS ***
juustmuckit1: folds
Uncalled bet ($2) returned to ABATAPP
ABATAPP collected $2 from pot
ABATAPP: doesn't show hand
*** SUMMARY ***
Total pot $2 | Rake $0
Seat 1: ABATAPP (big blind) collected ($2)
Seat 6: juustmuckit1 (button) (small blind) folded before Flop


PokerStars Hand #152380395181:  Hold'em Limit ($3/$6 USD) - 2016/04/24 12:16:26 ET
Table 'Renauxa' 6-max Seat #1 is the button
Seat 1: ABATAPP ($157.46 in chips)
Seat 6: juustmuckit1 ($84.34 in chips)
ABATAPP: posts small blind $1
juustmuckit1: posts big blind $3
*** HOLE CARDS ***
ABATAPP: raises $3 to $6
juustmuckit1: folds
Uncalled bet ($3) returned to ABATAPP
ABATAPP collected $6 from pot
ABATAPP: doesn't show hand
*** SUMMARY ***
Total pot $6 | Rake $0
Seat 1: ABATAPP (button) (small blind) collected ($6)
Seat 6: juustmuckit1 (big blind) folded before Flop


PokerStars Hand #152380405523:  Hold'em Limit ($3/$6 USD) - 2016/04/24 12:16:38 ET
Table 'Renauxa' 6-max Seat #1 is the button
Seat 1: ABATAPP ($161.46 in chips)
Seat 6: juustmuckit1 ($80.34 in chips)
ABATAPP: posts small blind $1
juustmuckit1: posts big blind $3
*** HOLE CARDS ***
ABATAPP: raises $3 to $6
juustmuckit1: folds
Uncalled bet ($3) returned to ABATAPP
ABATAPP collected $6 from pot
ABATAPP: doesn't show hand
*** SUMMARY ***
Total pot $6 | Rake $0
Seat 1: ABATAPP (button) (small blind) collected ($6)
Seat 6: juustmuckit1 (big blind) folded before Flop


PokerStars Hand #152380412126:  Hold'em Limit ($3/$6 USD) - 2016/04/24 12:16:46 ET
Table 'Renauxa' 6-max Seat #6 is the button
Seat 1: ABATAPP ($164.46 in chips)
Seat 6: juustmuckit1 ($77.34 in chips)
juustmuckit1: posts small blind $1
ABATAPP: posts big blind $3
*** HOLE CARDS ***
juustmuckit1: raises $3 to $6
ABATAPP: calls $3
*** FLOP *** [6s 4c Ks]
ABATAPP: checks
juustmuckit1: bets $3
ABATAPP: calls $3
*** TURN *** [6s 4c Ks] [5h]
ABATAPP: checks
juustmuckit1: bets $6
ABATAPP: calls $6
*** RIVER *** [6s 4c Ks 5h] [Jd]
ABATAPP: checks
juustmuckit1: checks
*** SHOW DOWN ***
ABATAPP: shows [6h Qh] (a pair of Sixes)
juustmuckit1: mucks hand
ABATAPP collected $29.50 from pot
*** SUMMARY ***
Total pot $30 | Rake $0.50
Board [6s 4c Ks 5h Jd]
Seat 1: ABATAPP (big blind) showed [6h Qh] and won ($29.50) with a pair of Sixes
Seat 6: juustmuckit1 (button) (small blind) mucked


PokerStars Hand #152380454960:  Hold'em Limit ($3/$6 USD) - 2016/04/24 12:17:35 ET
Table 'Renauxa' 6-max Seat #6 is the button
Seat 1: ABATAPP ($184.72 in chips)
Seat 6: juustmuckit1 ($56.34 in chips)
juustmuckit1: posts small blind $1
ABATAPP: posts big blind $3
*** HOLE CARDS ***
juustmuckit1: folds
Uncalled bet ($2) returned to ABATAPP
ABATAPP collected $2 from pot
ABATAPP: doesn't show hand
*** SUMMARY ***
Total pot $2 | Rake $0
Seat 1: ABATAPP (big blind) collected ($2)
Seat 6: juustmuckit1 (button) (small blind) folded before Flop


PokerStars Hand #152380436305:  Hold'em Limit ($3/$6 USD) - 2016/04/24 12:17:14 ET
Table 'Renauxa' 6-max Seat #1 is the button
Seat 1: ABATAPP ($178.96 in chips)
Seat 6: juustmuckit1 ($62.34 in chips)
ABATAPP: posts small blind $1
juustmuckit1: posts big blind $3
*** HOLE CARDS ***
ABATAPP: raises $3 to $6
juustmuckit1: calls $3
*** FLOP *** [4s 4c 8h]
juustmuckit1: checks
ABATAPP: checks
*** TURN *** [4s 4c 8h] [9h]
juustmuckit1: checks
ABATAPP: bets $6
juustmuckit1: folds
Uncalled bet ($6) returned to ABATAPP
ABATAPP collected $11.76 from pot
ABATAPP: doesn't show hand
*** SUMMARY ***
Total pot $12 | Rake $0.24
Board [4s 4c 8h 9h]
Seat 1: ABATAPP (button) (small blind) collected ($11.76)
Seat 6: juustmuckit1 (big blind) folded on the Turn


PokerStars Hand #152380459053:  Hold'em Limit ($3/$6 USD) - 2016/04/24 12:17:40 ET
Table 'Renauxa' 6-max Seat #1 is the button
Seat 1: ABATAPP ($185.72 in chips)
Seat 6: juustmuckit1 ($55.34 in chips)
ABATAPP: posts small blind $1
juustmuckit1: posts big blind $3
*** HOLE CARDS ***
ABATAPP: raises $3 to $6
koekoek202 joins the table at seat #5
juustmuckit1: folds
Uncalled bet ($3) returned to ABATAPP
ABATAPP collected $6 from pot
ABATAPP: doesn't show hand
*** SUMMARY ***
Total pot $6 | Rake $0
Seat 1: ABATAPP (button) (small blind) collected ($6)
Seat 6: juustmuckit1 (big blind) folded before Flop


PokerStars Hand #152380469408:  Hold'em Limit ($3/$6 USD) - 2016/04/24 12:17:52 ET
Table 'Renauxa' 6-max Seat #6 is the button
Seat 1: ABATAPP ($188.72 in chips)
Seat 6: juustmuckit1 ($52.34 in chips)
juustmuckit1: posts small blind $1
ABATAPP: posts big blind $3
*** HOLE CARDS ***
juustmuckit1: raises $3 to $6
ABATAPP: calls $3
*** FLOP *** [Jd 6h 5c]
BuzovaPro joins the table at seat #2
ABATAPP: checks
juustmuckit1: bets $3
ABATAPP: calls $3
*** TURN *** [Jd 6h 5c] [Qs]
ABATAPP: checks
juustmuckit1: checks
*** RIVER *** [Jd 6h 5c Qs] [9s]
ABATAPP: bets $6
juustmuckit1: folds
Uncalled bet ($6) returned to ABATAPP
ABATAPP collected $17.64 from pot
ABATAPP: doesn't show hand
*** SUMMARY ***
Total pot $18 | Rake $0.36
Board [Jd 6h 5c Qs 9s]
Seat 1: ABATAPP (big blind) collected ($17.64)
Seat 6: juustmuckit1 (button) (small blind) folded on the River


PokerStars Hand #152388715227:  Hold'em Limit ($3/$6 USD) - 2016/04/24 14:45:28 ET
Table 'Renauxa' 6-max Seat #3 is the button
Seat 3: LolDnkaments ($280.75 in chips)
Seat 6: PycV ($128.77 in chips)
aloven will be allowed to play after the button
LolDnkaments: posts small blind $1
PycV: posts big blind $3
*** HOLE CARDS ***
LolDnkaments: raises $3 to $6
PycV: folds
Uncalled bet ($3) returned to LolDnkaments
LolDnkaments collected $6 from pot
LolDnkaments: doesn't show hand
*** SUMMARY ***
Total pot $6 | Rake $0
Seat 3: LolDnkaments (button) (small blind) collected ($6)
Seat 6: PycV (big blind) folded before Flop


