PokerStars Hand #157550435890:  Hold'em Limit ($3/$6 USD) - 2016/08/21 9:09:14 ET
Table 'Renate II' 6-max Seat #3 is the button
Seat 3: simper11 ($137.50 in chips)
Seat 5: GameOvez ($128.50 in chips)
simper11: posts small blind $1
GameOvez: posts big blind $3
*** HOLE CARDS ***
simper11: raises $3 to $6
GameOvez: calls $3
*** FLOP *** [Ts Kc 8d]
GameOvez: checks
simper11: bets $3
GameOvez: calls $3
*** TURN *** [Ts Kc 8d] [6h]
GameOvez: checks
simper11: bets $6
GameOvez: folds
Uncalled bet ($6) returned to simper11
simper11 collected $17.64 from pot
simper11: doesn't show hand
*** SUMMARY ***
Total pot $18 | Rake $0.36
Board [Ts Kc 8d 6h]
Seat 3: simper11 (button) (small blind) collected ($17.64)
Seat 5: GameOvez (big blind) folded on the Turn


PokerStars Hand #157550406105:  Hold'em Limit ($3/$6 USD) - 2016/08/21 9:08:34 ET
Table 'Renate II' 6-max Seat #3 is the button
Seat 3: simper11 ($120 in chips)
Seat 5: GameOvez ($120 in chips)
simper11: posts small blind $1
GameOvez: posts big blind $3
*** HOLE CARDS ***
simper11: raises $3 to $6
GameOvez: calls $3
*** FLOP *** [9s 7h Kh]
GameOvez: checks
simper11: bets $3
GameOvez: calls $3
*** TURN *** [9s 7h Kh] [Qs]
GameOvez: bets $6
simper11: calls $6
*** RIVER *** [9s 7h Kh Qs] [7c]
GameOvez: bets $6
simper11: raises $6 to $12
GameOvez: calls $6
*** SHOW DOWN ***
simper11: shows [4c Tc] (a pair of Sevens)
GameOvez: shows [4s Qh] (two pair, Queens and Sevens)
GameOvez collected $53.50 from pot
*** SUMMARY ***
Total pot $54 | Rake $0.50
Board [9s 7h Kh Qs 7c]
Seat 3: simper11 (button) (small blind) showed [4c Tc] and lost with a pair of Sevens
Seat 5: GameOvez (big blind) showed [4s Qh] and won ($53.50) with two pair, Queens and Sevens


PokerStars Hand #157550428703:  Hold'em Limit ($3/$6 USD) - 2016/08/21 9:09:01 ET
Table 'Renate II' 6-max Seat #5 is the button
Seat 3: simper11 ($120 in chips)
Seat 5: GameOvez ($146.50 in chips)
GameOvez: posts small blind $1
simper11: posts big blind $3
*** HOLE CARDS ***
GameOvez: raises $3 to $6
simper11: calls $3
*** FLOP *** [7h 5s 7d]
simper11: checks
GameOvez: checks
*** TURN *** [7h 5s 7d] [6s]
simper11: bets $6
GameOvez: calls $6
*** RIVER *** [7h 5s 7d 6s] [5d]
simper11: bets $6
GameOvez: calls $6
*** SHOW DOWN ***
simper11: shows [6d Qh] (two pair, Sevens and Sixes)
GameOvez: mucks hand
simper11 collected $35.50 from pot
*** SUMMARY ***
Total pot $36 | Rake $0.50
Board [7h 5s 7d 6s 5d]
Seat 3: simper11 (big blind) showed [6d Qh] and won ($35.50) with two pair, Sevens and Sixes
Seat 5: GameOvez (button) (small blind) mucked


PokerStars Hand #157550444466:  Hold'em Limit ($3/$6 USD) - 2016/08/21 9:09:29 ET
Table 'Renate II' 6-max Seat #5 is the button
Seat 3: simper11 ($146.14 in chips)
Seat 5: GameOvez ($119.50 in chips)
GameOvez: posts small blind $1
simper11: posts big blind $3
*** HOLE CARDS ***
GameOvez: raises $3 to $6
simper11: calls $3
*** FLOP *** [Tc 8c 7d]
simper11: checks
GameOvez: checks
*** TURN *** [Tc 8c 7d] [7s]
simper11: checks
GameOvez: bets $6
simper11: calls $6
*** RIVER *** [Tc 8c 7d 7s] [6c]
simper11: checks
GameOvez: bets $6
simper11: folds
Uncalled bet ($6) returned to GameOvez
GameOvez collected $23.52 from pot
GameOvez: doesn't show hand
*** SUMMARY ***
Total pot $24 | Rake $0.48
Board [Tc 8c 7d 7s 6c]
Seat 3: simper11 (big blind) folded on the River
Seat 5: GameOvez (button) (small blind) collected ($23.52)


PokerStars Hand #157550454273:  Hold'em Limit ($3/$6 USD) - 2016/08/21 9:09:46 ET
Table 'Renate II' 6-max Seat #3 is the button
Seat 3: simper11 ($134.14 in chips)
Seat 5: GameOvez ($131.02 in chips)
simper11: posts small blind $1
GameOvez: posts big blind $3
*** HOLE CARDS ***
simper11: raises $3 to $6
GameOvez: calls $3
*** FLOP *** [8d 7c 7s]
GameOvez: checks
simper11: bets $3
GameOvez: raises $3 to $6
simper11: calls $3
*** TURN *** [8d 7c 7s] [Td]
GameOvez: bets $6
simper11: raises $6 to $12
GameOvez: raises $6 to $18
simper11: calls $6
*** RIVER *** [8d 7c 7s Td] [4d]
GameOvez: bets $6
simper11: calls $6
*** SHOW DOWN ***
GameOvez: shows [Jc 7d] (three of a kind, Sevens)
simper11: shows [Jh 7h] (three of a kind, Sevens)
GameOvez collected $35.75 from pot
simper11 collected $35.75 from pot
*** SUMMARY ***
Total pot $72 | Rake $0.50
Board [8d 7c 7s Td 4d]
Seat 3: simper11 (button) (small blind) showed [Jh 7h] and won ($35.75) with three of a kind, Sevens
Seat 5: GameOvez (big blind) showed [Jc 7d] and won ($35.75) with three of a kind, Sevens


PokerStars Hand #157550463306:  Hold'em Limit ($3/$6 USD) - 2016/08/21 9:10:02 ET
Table 'Renate II' 6-max Seat #5 is the button
Seat 3: simper11 ($133.89 in chips)
Seat 5: GameOvez ($130.77 in chips)
GameOvez: posts small blind $1
simper11: posts big blind $3
*** HOLE CARDS ***
GameOvez: raises $3 to $6
simper11: folds
Uncalled bet ($3) returned to GameOvez
GameOvez collected $6 from pot
GameOvez: doesn't show hand
*** SUMMARY ***
Total pot $6 | Rake $0
Seat 3: simper11 (big blind) folded before Flop
Seat 5: GameOvez (button) (small blind) collected ($6)


PokerStars Hand #157550466056:  Hold'em Limit ($3/$6 USD) - 2016/08/21 9:10:06 ET
Table 'Renate II' 6-max Seat #3 is the button
Seat 3: simper11 ($130.89 in chips)
Seat 5: GameOvez ($133.77 in chips)
simper11: posts small blind $1
GameOvez: posts big blind $3
*** HOLE CARDS ***
simper11: raises $3 to $6
GameOvez: calls $3
*** FLOP *** [Kd 9c 5h]
GameOvez: checks
simper11: bets $3
GameOvez: calls $3
*** TURN *** [Kd 9c 5h] [Kh]
GameOvez: checks
simper11: bets $6
GameOvez: folds
Uncalled bet ($6) returned to simper11
simper11 collected $17.64 from pot
simper11: doesn't show hand
*** SUMMARY ***
Total pot $18 | Rake $0.36
Board [Kd 9c 5h Kh]
Seat 3: simper11 (button) (small blind) collected ($17.64)
Seat 5: GameOvez (big blind) folded on the Turn


PokerStars Hand #157550473626:  Hold'em Limit ($3/$6 USD) - 2016/08/21 9:10:20 ET
Table 'Renate II' 6-max Seat #5 is the button
Seat 3: simper11 ($139.53 in chips)
Seat 5: GameOvez ($124.77 in chips)
GameOvez: posts small blind $1
simper11: posts big blind $3
*** HOLE CARDS ***
GameOvez: raises $3 to $6
simper11: calls $3
*** FLOP *** [Ks 2c Kd]
simper11: checks
GameOvez: bets $3
simper11: folds
Uncalled bet ($3) returned to GameOvez
GameOvez collected $11.76 from pot
GameOvez: doesn't show hand
*** SUMMARY ***
Total pot $12 | Rake $0.24
Board [Ks 2c Kd]
Seat 3: simper11 (big blind) folded on the Flop
Seat 5: GameOvez (button) (small blind) collected ($11.76)


PokerStars Hand #157550480266:  Hold'em Limit ($3/$6 USD) - 2016/08/21 9:10:31 ET
Table 'Renate II' 6-max Seat #3 is the button
Seat 3: simper11 ($133.53 in chips)
Seat 5: GameOvez ($130.53 in chips)
simper11: posts small blind $1
GameOvez: posts big blind $3
*** HOLE CARDS ***
simper11: raises $3 to $6
GameOvez: calls $3
*** FLOP *** [Kc 6d Qs]
GameOvez: bets $3
simper11: calls $3
*** TURN *** [Kc 6d Qs] [Ts]
GameOvez: checks
simper11: bets $6
GameOvez: raises $6 to $12
simper11: raises $6 to $18
GameOvez: calls $6
*** RIVER *** [Kc 6d Qs Ts] [9c]
GameOvez: bets $6
simper11: raises $6 to $12
GameOvez: calls $6
*** SHOW DOWN ***
simper11: shows [Jc 9d] (a straight, Nine to King)
GameOvez: mucks hand
simper11 collected $77.50 from pot
*** SUMMARY ***
Total pot $78 | Rake $0.50
Board [Kc 6d Qs Ts 9c]
Seat 3: simper11 (button) (small blind) showed [Jc 9d] and won ($77.50) with a straight, Nine to King
Seat 5: GameOvez (big blind) mucked


PokerStars Hand #157550489228:  Hold'em Limit ($3/$6 USD) - 2016/08/21 9:10:47 ET
Table 'Renate II' 6-max Seat #5 is the button
Seat 3: simper11 ($172.03 in chips)
Seat 5: GameOvez ($91.53 in chips)
GameOvez: posts small blind $1
simper11: posts big blind $3
*** HOLE CARDS ***
GameOvez: calls $2
simper11: checks
*** FLOP *** [6d Th Qd]
simper11: checks
GameOvez: checks
*** TURN *** [6d Th Qd] [Td]
simper11: checks
GameOvez: checks
*** RIVER *** [6d Th Qd Td] [9h]
simper11: checks
GameOvez: bets $6
simper11: folds
Uncalled bet ($6) returned to GameOvez
GameOvez collected $5.88 from pot
GameOvez: doesn't show hand
*** SUMMARY ***
Total pot $6 | Rake $0.12
Board [6d Th Qd Td 9h]
Seat 3: simper11 (big blind) folded on the River
Seat 5: GameOvez (button) (small blind) collected ($5.88)


PokerStars Hand #157550504309:  Hold'em Limit ($3/$6 USD) - 2016/08/21 9:11:13 ET
Table 'Renate II' 6-max Seat #5 is the button
Seat 3: simper11 ($174.79 in chips)
Seat 5: GameOvez ($88.41 in chips)
GameOvez: posts small blind $1
simper11: posts big blind $3
*** HOLE CARDS ***
GameOvez: calls $2
simper11: checks
*** FLOP *** [Jh Ts 8d]
simper11: checks
GameOvez: bets $3
simper11: folds
Uncalled bet ($3) returned to GameOvez
GameOvez collected $5.88 from pot
GameOvez: doesn't show hand
*** SUMMARY ***
Total pot $6 | Rake $0.12
Board [Jh Ts 8d]
Seat 3: simper11 (big blind) folded on the Flop
Seat 5: GameOvez (button) (small blind) collected ($5.88)


PokerStars Hand #157550498872:  Hold'em Limit ($3/$6 USD) - 2016/08/21 9:11:04 ET
Table 'Renate II' 6-max Seat #3 is the button
Seat 3: simper11 ($169.03 in chips)
Seat 5: GameOvez ($94.41 in chips)
simper11: posts small blind $1
GameOvez: posts big blind $3
*** HOLE CARDS ***
simper11: raises $3 to $6
GameOvez: calls $3
*** FLOP *** [Ad 5s 9s]
GameOvez: checks
simper11: bets $3
GameOvez: folds
Uncalled bet ($3) returned to simper11
simper11 collected $11.76 from pot
simper11: doesn't show hand
*** SUMMARY ***
Total pot $12 | Rake $0.24
Board [Ad 5s 9s]
Seat 3: simper11 (button) (small blind) collected ($11.76)
Seat 5: GameOvez (big blind) folded on the Flop


PokerStars Hand #157550510179:  Hold'em Limit ($3/$6 USD) - 2016/08/21 9:11:23 ET
Table 'Renate II' 6-max Seat #3 is the button
Seat 3: simper11 ($171.79 in chips)
Seat 5: GameOvez ($91.29 in chips)
simper11: posts small blind $1
GameOvez: posts big blind $3
*** HOLE CARDS ***
simper11: raises $3 to $6
GameOvez: folds
Uncalled bet ($3) returned to simper11
simper11 collected $6 from pot
simper11: doesn't show hand
*** SUMMARY ***
Total pot $6 | Rake $0
Seat 3: simper11 (button) (small blind) collected ($6)
Seat 5: GameOvez (big blind) folded before Flop


PokerStars Hand #157550516557:  Hold'em Limit ($3/$6 USD) - 2016/08/21 9:11:34 ET
Table 'Renate II' 6-max Seat #3 is the button
Seat 3: simper11 ($175.79 in chips)
Seat 5: GameOvez ($87.29 in chips)
jassomaan joins the table at seat #6
simper11: posts small blind $1
GameOvez: posts big blind $3
*** HOLE CARDS ***
simper11: folds
Uncalled bet ($2) returned to GameOvez
GameOvez collected $2 from pot
GameOvez: doesn't show hand
*** SUMMARY ***
Total pot $2 | Rake $0
Seat 3: simper11 (button) (small blind) folded before Flop
Seat 5: GameOvez (big blind) collected ($2)


PokerStars Hand #157550513272:  Hold'em Limit ($3/$6 USD) - 2016/08/21 9:11:29 ET
Table 'Renate II' 6-max Seat #5 is the button
Seat 3: simper11 ($174.79 in chips)
Seat 5: GameOvez ($88.29 in chips)
GameOvez: posts small blind $1
simper11: posts big blind $3
*** HOLE CARDS ***
GameOvez: folds
Uncalled bet ($2) returned to simper11
simper11 collected $2 from pot
simper11: doesn't show hand
*** SUMMARY ***
Total pot $2 | Rake $0
Seat 3: simper11 (big blind) collected ($2)
Seat 5: GameOvez (button) (small blind) folded before Flop


