PokerStars Hand #155435431687:  Hold'em Limit ($3/$6 USD) - 2016/07/01 14:56:14 ET
Table 'Reni' 6-max Seat #6 is the button
Seat 4: fishbla ($142.73 in chips)
Seat 6: megabaitt ($257.21 in chips)
megabaitt: posts small blind $1
Tryptamean: is sitting out
fishbla: posts big blind $3
*** HOLE CARDS ***
megabaitt: calls $2
fishbla: raises $3 to $6
megabaitt: calls $3
*** FLOP *** [5s 6s 6d]
fishbla: bets $3
megabaitt: calls $3
*** TURN *** [5s 6s 6d] [Kh]
fishbla: bets $6
megabaitt: calls $6
*** RIVER *** [5s 6s 6d Kh] [8d]
fishbla: bets $6
megabaitt: calls $6
*** SHOW DOWN ***
fishbla: shows [7d Qh] (a pair of Sixes)
megabaitt: shows [3s 3d] (two pair, Sixes and Threes)
megabaitt collected $41.50 from pot
*** SUMMARY ***
Total pot $42 | Rake $0.50
Board [5s 6s 6d Kh 8d]
Seat 4: fishbla (big blind) showed [7d Qh] and lost with a pair of Sixes
Seat 6: megabaitt (button) (small blind) showed [3s 3d] and won ($41.50) with two pair, Sixes and Threes


PokerStars Hand #155435457896:  Hold'em Limit ($3/$6 USD) - 2016/07/01 14:57:04 ET
Table 'Reni' 6-max Seat #6 is the button
Seat 4: fishbla ($120.73 in chips)
Seat 6: megabaitt ($278.71 in chips)
megabaitt: posts small blind $1
fishbla: posts big blind $3
*** HOLE CARDS ***
megabaitt: folds
Uncalled bet ($2) returned to fishbla
fishbla collected $2 from pot
fishbla: doesn't show hand
*** SUMMARY ***
Total pot $2 | Rake $0
Seat 4: fishbla (big blind) collected ($2)
Seat 6: megabaitt (button) (small blind) folded before Flop


PokerStars Hand #155435455047:  Hold'em Limit ($3/$6 USD) - 2016/07/01 14:56:58 ET
Table 'Reni' 6-max Seat #4 is the button
Seat 4: fishbla ($121.73 in chips)
Seat 6: megabaitt ($277.71 in chips)
fishbla: posts small blind $1
megabaitt: posts big blind $3
*** HOLE CARDS ***
fishbla: folds
Uncalled bet ($2) returned to megabaitt
megabaitt collected $2 from pot
megabaitt: doesn't show hand
*** SUMMARY ***
Total pot $2 | Rake $0
Seat 4: fishbla (button) (small blind) folded before Flop
Seat 6: megabaitt (big blind) collected ($2)


PokerStars Hand #155435461018:  Hold'em Limit ($3/$6 USD) - 2016/07/01 14:57:10 ET
Table 'Reni' 6-max Seat #4 is the button
Seat 4: fishbla ($121.73 in chips)
Seat 6: megabaitt ($277.71 in chips)
fishbla: posts small blind $1
megabaitt: posts big blind $3
*** HOLE CARDS ***
fishbla: raises $3 to $6
megabaitt: calls $3
*** FLOP *** [4h Jh As]
megabaitt: checks
fishbla: bets $3
megabaitt: calls $3
*** TURN *** [4h Jh As] [Qd]
megabaitt: checks
fishbla: bets $6
megabaitt: folds
Uncalled bet ($6) returned to fishbla
fishbla collected $17.64 from pot
fishbla: doesn't show hand
*** SUMMARY ***
Total pot $18 | Rake $0.36
Board [4h Jh As Qd]
Seat 4: fishbla (button) (small blind) collected ($17.64)
Seat 6: megabaitt (big blind) folded on the Turn


PokerStars Hand #155435495223:  Hold'em Limit ($3/$6 USD) - 2016/07/01 14:58:14 ET
Table 'Reni' 6-max Seat #4 is the button
Seat 4: fishbla ($109.37 in chips)
Seat 6: megabaitt ($289.21 in chips)
fishbla: posts small blind $1
megabaitt: posts big blind $3
*** HOLE CARDS ***
fishbla: folds
Uncalled bet ($2) returned to megabaitt
megabaitt collected $2 from pot
megabaitt: doesn't show hand
*** SUMMARY ***
Total pot $2 | Rake $0
Seat 4: fishbla (button) (small blind) folded before Flop
Seat 6: megabaitt (big blind) collected ($2)


PokerStars Hand #155435475507:  Hold'em Limit ($3/$6 USD) - 2016/07/01 14:57:37 ET
Table 'Reni' 6-max Seat #6 is the button
Seat 4: fishbla ($130.37 in chips)
Seat 6: megabaitt ($268.71 in chips)
megabaitt: posts small blind $1
fishbla: posts big blind $3
*** HOLE CARDS ***
megabaitt: raises $3 to $6
Tryptamean leaves the table
fishbla: calls $3
*** FLOP *** [6s Qs 5h]
fishbla: checks
megabaitt: bets $3
fishbla: calls $3
*** TURN *** [6s Qs 5h] [8c]
fishbla: checks
megabaitt: bets $6
fishbla: calls $6
*** RIVER *** [6s Qs 5h 8c] [Jd]
fishbla: checks
megabaitt: bets $6
fishbla: calls $6
*** SHOW DOWN ***
megabaitt: shows [8h 8s] (three of a kind, Eights)
fishbla: mucks hand
megabaitt collected $41.50 from pot
*** SUMMARY ***
Total pot $42 | Rake $0.50
Board [6s Qs 5h 8c Jd]
Seat 4: fishbla (big blind) mucked
Seat 6: megabaitt (button) (small blind) showed [8h 8s] and won ($41.50) with three of a kind, Eights


PokerStars Hand #155435498084:  Hold'em Limit ($3/$6 USD) - 2016/07/01 14:58:19 ET
Table 'Reni' 6-max Seat #6 is the button
Seat 4: fishbla ($108.37 in chips)
Seat 6: megabaitt ($290.21 in chips)
megabaitt: posts small blind $1
fishbla: posts big blind $3
*** HOLE CARDS ***
megabaitt: folds
Uncalled bet ($2) returned to fishbla
fishbla collected $2 from pot
fishbla: doesn't show hand
*** SUMMARY ***
Total pot $2 | Rake $0
Seat 4: fishbla (big blind) collected ($2)
Seat 6: megabaitt (button) (small blind) folded before Flop


PokerStars Hand #155435501029:  Hold'em Limit ($3/$6 USD) - 2016/07/01 14:58:25 ET
Table 'Reni' 6-max Seat #4 is the button
Seat 4: fishbla ($109.37 in chips)
Seat 6: megabaitt ($289.21 in chips)
fishbla: posts small blind $1
megabaitt: posts big blind $3
*** HOLE CARDS ***
fishbla: raises $3 to $6
megabaitt: calls $3
*** FLOP *** [Ad 6c Ks]
megabaitt: checks
fishbla: bets $3
megabaitt: folds
Uncalled bet ($3) returned to fishbla
fishbla collected $11.76 from pot
fishbla: doesn't show hand
*** SUMMARY ***
Total pot $12 | Rake $0.24
Board [Ad 6c Ks]
Seat 4: fishbla (button) (small blind) collected ($11.76)
Seat 6: megabaitt (big blind) folded on the Flop


PokerStars Hand #155435510709:  Hold'em Limit ($3/$6 USD) - 2016/07/01 14:58:43 ET
Table 'Reni' 6-max Seat #6 is the button
Seat 4: fishbla ($115.13 in chips)
Seat 6: megabaitt ($283.21 in chips)
megabaitt: posts small blind $1
fishbla: posts big blind $3
*** HOLE CARDS ***
megabaitt: raises $3 to $6
fishbla: calls $3
*** FLOP *** [8d 7s 8c]
fishbla: checks
megabaitt: bets $3
fishbla: raises $3 to $6
megabaitt: calls $3
*** TURN *** [8d 7s 8c] [4s]
fishbla: bets $6
megabaitt: raises $6 to $12
fishbla: raises $6 to $18
megabaitt: raises $6 to $24
Betting is capped
fishbla: calls $6
*** RIVER *** [8d 7s 8c 4s] [Tc]
fishbla: checks
megabaitt: bets $6
fishbla: calls $6
*** SHOW DOWN ***
megabaitt: shows [4h 4d] (a full house, Fours full of Eights)
fishbla: mucks hand
megabaitt collected $83.50 from pot
*** SUMMARY ***
Total pot $84 | Rake $0.50
Board [8d 7s 8c 4s Tc]
Seat 4: fishbla (big blind) mucked
Seat 6: megabaitt (button) (small blind) showed [4h 4d] and won ($83.50) with a full house, Fours full of Eights


PokerStars Hand #155435537439:  Hold'em Limit ($3/$6 USD) - 2016/07/01 14:59:34 ET
Table 'Reni' 6-max Seat #4 is the button
Seat 4: fishbla ($73.13 in chips)
Seat 6: megabaitt ($324.71 in chips)
fishbla: posts small blind $1
megabaitt: posts big blind $3
*** HOLE CARDS ***
fishbla: raises $3 to $6
megabaitt: calls $3
*** FLOP *** [5c Qs Jd]
megabaitt: checks
fishbla: bets $3
megabaitt: calls $3
*** TURN *** [5c Qs Jd] [5d]
megabaitt: checks
fishbla: bets $6
megabaitt: raises $6 to $12
fishbla: calls $6
*** RIVER *** [5c Qs Jd 5d] [3s]
megabaitt: bets $6
fishbla: calls $6
*** SHOW DOWN ***
megabaitt: shows [5s Ah] (three of a kind, Fives)
fishbla: mucks hand
megabaitt collected $53.50 from pot
*** SUMMARY ***
Total pot $54 | Rake $0.50
Board [5c Qs Jd 5d 3s]
Seat 4: fishbla (button) (small blind) mucked
Seat 6: megabaitt (big blind) showed [5s Ah] and won ($53.50) with three of a kind, Fives


