PokerStars Hand #176730248054:  Hold'em Limit ($3/$6 USD) - 2017/10/10 7:12:51 ET
Table 'Renzia' 6-max Seat #2 is the button
Seat 2: Ale4o ($84.28 in chips)
Seat 3: Biffen 1 ($121.13 in chips)
Ale4o: posts small blind $1
Biffen 1: posts big blind $3
*** HOLE CARDS ***
Ale4o: raises $3 to $6
Biffen 1: calls $3
*** FLOP *** [4c 2c 7d]
Biffen 1: checks
Ale4o: checks
*** TURN *** [4c 2c 7d] [Js]
Biffen 1: bets $6
Ale4o: folds
Uncalled bet ($6) returned to Biffen 1
Biffen 1 collected $11.76 from pot
Biffen 1: doesn't show hand
*** SUMMARY ***
Total pot $12 | Rake $0.24
Board [4c 2c 7d Js]
Seat 2: Ale4o (button) (small blind) folded on the Turn
Seat 3: Biffen 1 (big blind) collected ($11.76)


PokerStars Hand #176730243506:  Hold'em Limit ($3/$6 USD) - 2017/10/10 7:12:40 ET
Table 'Renzia' 6-max Seat #3 is the button
Seat 2: Ale4o ($90.28 in chips)
Seat 3: Biffen 1 ($115.37 in chips)
Biffen 1: posts small blind $1
ottowins: is sitting out
Ale4o: posts big blind $3
*** HOLE CARDS ***
Biffen 1: raises $3 to $6
Ale4o: calls $3
*** FLOP *** [Tc Jd 9h]
Ale4o: checks
Biffen 1: bets $3
Ale4o: folds
Uncalled bet ($3) returned to Biffen 1
ottowins leaves the table
Biffen 1 collected $11.76 from pot
Biffen 1: doesn't show hand
*** SUMMARY ***
Total pot $12 | Rake $0.24
Board [Tc Jd 9h]
Seat 2: Ale4o (big blind) folded on the Flop
Seat 3: Biffen 1 (button) (small blind) collected ($11.76)


