PokerStars Hand #152116236167:  Hold'em Limit ($3/$6 USD) - 2016/04/18 17:36:26 ET
Table 'Renzia II' 10-max Seat #1 is the button
Seat 1: Zubasa07 ($500 in chips)
Seat 6: TineJ2650 ($80.66 in chips)
Chessnok joins the table at seat #7
Zubasa07: posts small blind $1
TineJ2650: posts big blind $3
*** HOLE CARDS ***
Zubasa07: raises $3 to $6
TineJ2650: calls $3
*** FLOP *** [Js 4d 6s]
TineJ2650: checks
Zubasa07: bets $3
TineJ2650: calls $3
*** TURN *** [Js 4d 6s] [6h]
TineJ2650: checks
Zubasa07: bets $6
TineJ2650: calls $6
*** RIVER *** [Js 4d 6s 6h] [Jc]
TineJ2650: checks
Zubasa07: bets $6
TineJ2650: raises $6 to $12
Zubasa07: calls $6
*** SHOW DOWN ***
TineJ2650: shows [9s Jd] (a full house, Jacks full of Sixes)
Zubasa07: mucks hand
TineJ2650 collected $53.50 from pot
*** SUMMARY ***
Total pot $54 | Rake $0.50
Board [Js 4d 6s 6h Jc]
Seat 1: Zubasa07 (button) (small blind) mucked
Seat 6: TineJ2650 (big blind) showed [9s Jd] and won ($53.50) with a full house, Jacks full of Sixes


PokerStars Hand #152116706476:  Hold'em Limit ($3/$6 USD) - 2016/04/18 17:45:38 ET
Table 'Renzia II' 10-max Seat #7 is the button
Seat 5: Predator622 ($40.68 in chips)
Seat 7: Chessnok ($130.07 in chips)
Chessnok: posts small blind $1
Predator622: posts big blind $3
*** HOLE CARDS ***
Chessnok: raises $3 to $6
Predator622: folds
Uncalled bet ($3) returned to Chessnok
Chessnok collected $6 from pot
Chessnok: doesn't show hand
*** SUMMARY ***
Total pot $6 | Rake $0
Seat 5: Predator622 (big blind) folded before Flop
Seat 7: Chessnok (button) (small blind) collected ($6)


PokerStars Hand #152116700956:  Hold'em Limit ($3/$6 USD) - 2016/04/18 17:45:31 ET
Table 'Renzia II' 10-max Seat #5 is the button
Seat 5: Predator622 ($41.68 in chips)
Seat 7: Chessnok ($129.07 in chips)
Predator622: posts small blind $1
Chessnok: posts big blind $3
*** HOLE CARDS ***
Predator622: folds
Uncalled bet ($2) returned to Chessnok
Chessnok collected $2 from pot
Chessnok: doesn't show hand
*** SUMMARY ***
Total pot $2 | Rake $0
Seat 5: Predator622 (button) (small blind) folded before Flop
Seat 7: Chessnok (big blind) collected ($2)


