PokerStars Hand #150973542393:  Hold'em Limit ($3/$6 USD) - 2016/03/26 16:04:41 ET
Table 'Repsolda' 6-max Seat #5 is the button
Seat 4: AzureCaper ($127.44 in chips)
Seat 5: xlas-mariasx ($70.08 in chips)
xlas-mariasx: posts small blind $1
AzureCaper: posts big blind $3
*** HOLE CARDS ***
xlas-mariasx: folds
Uncalled bet ($2) returned to AzureCaper
AzureCaper collected $2 from pot
AzureCaper: doesn't show hand
*** SUMMARY ***
Total pot $2 | Rake $0
Seat 4: AzureCaper (big blind) collected ($2)
Seat 5: xlas-mariasx (button) (small blind) folded before Flop


PokerStars Hand #150973526937:  Hold'em Limit ($3/$6 USD) - 2016/03/26 16:04:24 ET
Table 'Repsolda' 6-max Seat #4 is the button
Seat 4: AzureCaper ($118.80 in chips)
Seat 5: xlas-mariasx ($79.08 in chips)
AzureCaper: posts small blind $1
xlas-mariasx: posts big blind $3
*** HOLE CARDS ***
AzureCaper: raises $3 to $6
xlas-mariasx: calls $3
*** FLOP *** [6c 4h 7c]
xlas-mariasx: checks
AzureCaper: bets $3
xlas-mariasx: calls $3
*** TURN *** [6c 4h 7c] [Kc]
xlas-mariasx: checks
AzureCaper: bets $6
xlas-mariasx: folds
Uncalled bet ($6) returned to AzureCaper
AzureCaper collected $17.64 from pot
AzureCaper: doesn't show hand
*** SUMMARY ***
Total pot $18 | Rake $0.36
Board [6c 4h 7c Kc]
Seat 4: AzureCaper (button) (small blind) collected ($17.64)
Seat 5: xlas-mariasx (big blind) folded on the Turn


PokerStars Hand #150973522079:  Hold'em Limit ($3/$6 USD) - 2016/03/26 16:04:19 ET
Table 'Repsolda' 6-max Seat #5 is the button
Seat 4: AzureCaper ($117.80 in chips)
Seat 5: xlas-mariasx ($80.08 in chips)
xlas-mariasx: posts small blind $1
Velbor107: is sitting out
AzureCaper: posts big blind $3
*** HOLE CARDS ***
xlas-mariasx: folds
Uncalled bet ($2) returned to AzureCaper
AzureCaper collected $2 from pot
AzureCaper: doesn't show hand
*** SUMMARY ***
Total pot $2 | Rake $0
Seat 4: AzureCaper (big blind) collected ($2)
Seat 5: xlas-mariasx (button) (small blind) folded before Flop


PokerStars Hand #150973569163:  Hold'em Limit ($3/$6 USD) - 2016/03/26 16:05:10 ET
Table 'Repsolda' 6-max Seat #4 is the button
Seat 4: AzureCaper ($128.20 in chips)
Seat 5: xlas-mariasx ($68.84 in chips)
AzureCaper: posts small blind $1
xlas-mariasx: posts big blind $3
*** HOLE CARDS ***
AzureCaper: raises $3 to $6
xlas-mariasx: calls $3
*** FLOP *** [3h Ks Td]
xlas-mariasx: checks
AzureCaper: bets $3
xlas-mariasx: calls $3
*** TURN *** [3h Ks Td] [4h]
xlas-mariasx: checks
baur017017 joins the table at seat #1
AzureCaper: checks
*** RIVER *** [3h Ks Td 4h] [Qd]
pdsnr joins the table at seat #2
xlas-mariasx: checks
AzureCaper: checks
*** SHOW DOWN ***
xlas-mariasx: shows [As 4d] (a pair of Fours)
AzureCaper: mucks hand
xlas-mariasx collected $17.64 from pot
*** SUMMARY ***
Total pot $18 | Rake $0.36
Board [3h Ks Td 4h Qd]
Seat 4: AzureCaper (button) (small blind) mucked
Seat 5: xlas-mariasx (big blind) showed [As 4d] and won ($17.64) with a pair of Fours


PokerStars Hand #150973556589:  Hold'em Limit ($3/$6 USD) - 2016/03/26 16:04:56 ET
Table 'Repsolda' 6-max Seat #5 is the button
Seat 4: AzureCaper ($134.20 in chips)
Seat 5: xlas-mariasx ($63.08 in chips)
xlas-mariasx: posts small blind $1
AzureCaper: posts big blind $3
*** HOLE CARDS ***
xlas-mariasx: raises $3 to $6
grifter79 joins the table at seat #3
AzureCaper: calls $3
*** FLOP *** [6c 7c Jd]
AzureCaper: checks
xlas-mariasx: bets $3
AzureCaper: folds
Uncalled bet ($3) returned to xlas-mariasx
xlas-mariasx collected $11.76 from pot
xlas-mariasx: doesn't show hand
*** SUMMARY ***
Total pot $12 | Rake $0.24
Board [6c 7c Jd]
Seat 4: AzureCaper (big blind) folded on the Flop
Seat 5: xlas-mariasx (button) (small blind) collected ($11.76)


PokerStars Hand #150973546799:  Hold'em Limit ($3/$6 USD) - 2016/03/26 16:04:46 ET
Table 'Repsolda' 6-max Seat #4 is the button
Seat 4: AzureCaper ($128.44 in chips)
Seat 5: xlas-mariasx ($69.08 in chips)
AzureCaper: posts small blind $1
xlas-mariasx: posts big blind $3
*** HOLE CARDS ***
AzureCaper: raises $3 to $6
xlas-mariasx: calls $3
*** FLOP *** [Kh Jd 8s]
xlas-mariasx: folds
AzureCaper collected $11.76 from pot
AzureCaper: doesn't show hand
*** SUMMARY ***
Total pot $12 | Rake $0.24
Board [Kh Jd 8s]
Seat 4: AzureCaper (button) (small blind) collected ($11.76)
Seat 5: xlas-mariasx (big blind) folded on the Flop


PokerStars Hand #150975903777:  Hold'em Limit ($3/$6 USD) - 2016/03/26 16:46:45 ET
Table 'Repsolda' 6-max Seat #6 is the button
Seat 5: xlas-mariasx ($73.85 in chips)
Seat 6: Velbor107 ($202.58 in chips)
Velbor107: posts small blind $1
vestimokrec: is sitting out
AzureCaper: is sitting out
xlas-mariasx: posts big blind $3
*** HOLE CARDS ***
Velbor107: raises $3 to $6
vestimokrec leaves the table
xlas-mariasx: calls $3
*** FLOP *** [8h Ts 8d]
AzureCaper leaves the table
xlas-mariasx: checks
Velbor107: bets $3
xlas-mariasx: calls $3
*** TURN *** [8h Ts 8d] [5h]
xlas-mariasx: bets $6
Velbor107: calls $6
*** RIVER *** [8h Ts 8d 5h] [2d]
xlas-mariasx: bets $6
Velbor107: calls $6
*** SHOW DOWN ***
xlas-mariasx: shows [Ks Td] (two pair, Tens and Eights)
Velbor107: mucks hand
xlas-mariasx collected $41.50 from pot
*** SUMMARY ***
Total pot $42 | Rake $0.50
Board [8h Ts 8d 5h 2d]
Seat 5: xlas-mariasx (big blind) showed [Ks Td] and won ($41.50) with two pair, Tens and Eights
Seat 6: Velbor107 (button) (small blind) mucked


PokerStars Hand #150975955706:  Hold'em Limit ($3/$6 USD) - 2016/03/26 16:47:32 ET
Table 'Repsolda' 6-max Seat #5 is the button
Seat 5: xlas-mariasx ($94.35 in chips)
Seat 6: Velbor107 ($181.58 in chips)
xlas-mariasx: posts small blind $1
Velbor107: posts big blind $3
*** HOLE CARDS ***
xlas-mariasx: folds
Uncalled bet ($2) returned to Velbor107
Velbor107 collected $2 from pot
*** SUMMARY ***
Total pot $2 | Rake $0
Seat 5: xlas-mariasx (button) (small blind) folded before Flop
Seat 6: Velbor107 (big blind) collected ($2)


PokerStars Hand #150975993385:  Hold'em Limit ($3/$6 USD) - 2016/03/26 16:48:04 ET
Table 'Repsolda' 6-max Seat #5 is the button
Seat 5: xlas-mariasx ($84.35 in chips)
Seat 6: Velbor107 ($191.22 in chips)
xlas-mariasx: posts small blind $1
Velbor107: posts big blind $3
*** HOLE CARDS ***
xlas-mariasx: raises $3 to $6
Velbor107: folds
Uncalled bet ($3) returned to xlas-mariasx
xlas-mariasx collected $6 from pot
xlas-mariasx: doesn't show hand
*** SUMMARY ***
Total pot $6 | Rake $0
Seat 5: xlas-mariasx (button) (small blind) collected ($6)
Seat 6: Velbor107 (big blind) folded before Flop


PokerStars Hand #150975963758:  Hold'em Limit ($3/$6 USD) - 2016/03/26 16:47:39 ET
Table 'Repsolda' 6-max Seat #6 is the button
Seat 5: xlas-mariasx ($93.35 in chips)
Seat 6: Velbor107 ($182.58 in chips)
Velbor107: posts small blind $1
xlas-mariasx: posts big blind $3
*** HOLE CARDS ***
Velbor107: raises $3 to $6
xlas-mariasx: calls $3
*** FLOP *** [6h 8d 7c]
xlas-mariasx: bets $3
Velbor107: raises $3 to $6
xlas-mariasx: folds
Uncalled bet ($3) returned to Velbor107
Velbor107 collected $17.64 from pot
*** SUMMARY ***
Total pot $18 | Rake $0.36
Board [6h 8d 7c]
Seat 5: xlas-mariasx (big blind) folded on the Flop
Seat 6: Velbor107 (button) (small blind) collected ($17.64)


PokerStars Hand #150976011798:  Hold'em Limit ($3/$6 USD) - 2016/03/26 16:48:19 ET
Table 'Repsolda' 6-max Seat #6 is the button
Seat 5: xlas-mariasx ($87.35 in chips)
Seat 6: Velbor107 ($188.22 in chips)
Velbor107: posts small blind $1
xlas-mariasx: posts big blind $3
*** HOLE CARDS ***
Velbor107: raises $3 to $6
xlas-mariasx: calls $3
*** FLOP *** [2s 4s 4h]
xlas-mariasx: checks
Velbor107: bets $3
xlas-mariasx: calls $3
*** TURN *** [2s 4s 4h] [2c]
xlas-mariasx: checks
Velbor107: bets $6
xlas-mariasx: calls $6
*** RIVER *** [2s 4s 4h 2c] [6d]
xlas-mariasx: bets $6
Velbor107: folds
Uncalled bet ($6) returned to xlas-mariasx
xlas-mariasx collected $29.50 from pot
xlas-mariasx: doesn't show hand
*** SUMMARY ***
Total pot $30 | Rake $0.50
Board [2s 4s 4h 2c 6d]
Seat 5: xlas-mariasx (big blind) collected ($29.50)
Seat 6: Velbor107 (button) (small blind) folded on the River


PokerStars Hand #150976053868:  Hold'em Limit ($3/$6 USD) - 2016/03/26 16:48:54 ET
Table 'Repsolda' 6-max Seat #5 is the button
Seat 5: xlas-mariasx ($101.85 in chips)
Seat 6: Velbor107 ($173.22 in chips)
xlas-mariasx: posts small blind $1
Velbor107: posts big blind $3
*** HOLE CARDS ***
xlas-mariasx: raises $3 to $6
Velbor107: calls $3
*** FLOP *** [Jd 5s 9d]
Velbor107: checks
xlas-mariasx: checks
*** TURN *** [Jd 5s 9d] [Ad]
Velbor107: checks
xlas-mariasx: bets $6
Velbor107: calls $6
*** RIVER *** [Jd 5s 9d Ad] [Kc]
Velbor107: checks
xlas-mariasx: checks
*** SHOW DOWN ***
Velbor107: shows [Kd 3h] (a pair of Kings)
xlas-mariasx: shows [As Tc] (a pair of Aces)
xlas-mariasx collected $23.52 from pot
*** SUMMARY ***
Total pot $24 | Rake $0.48
Board [Jd 5s 9d Ad Kc]
Seat 5: xlas-mariasx (button) (small blind) showed [As Tc] and won ($23.52) with a pair of Aces
Seat 6: Velbor107 (big blind) showed [Kd 3h] and lost with a pair of Kings


PokerStars Hand #150976102308:  Hold'em Limit ($3/$6 USD) - 2016/03/26 16:49:34 ET
Table 'Repsolda' 6-max Seat #5 is the button
Seat 5: xlas-mariasx ($107.37 in chips)
Seat 6: Velbor107 ($166.98 in chips)
xlas-mariasx: posts small blind $1
Velbor107: posts big blind $3
*** HOLE CARDS ***
xlas-mariasx: folds
Uncalled bet ($2) returned to Velbor107
Velbor107 collected $2 from pot
*** SUMMARY ***
Total pot $2 | Rake $0
Seat 5: xlas-mariasx (button) (small blind) folded before Flop
Seat 6: Velbor107 (big blind) collected ($2)


PokerStars Hand #150976080916:  Hold'em Limit ($3/$6 USD) - 2016/03/26 16:49:16 ET
Table 'Repsolda' 6-max Seat #6 is the button
Seat 5: xlas-mariasx ($113.37 in chips)
Seat 6: Velbor107 ($161.22 in chips)
Velbor107: posts small blind $1
xlas-mariasx: posts big blind $3
*** HOLE CARDS ***
Velbor107: raises $3 to $6
xlas-mariasx: calls $3
*** FLOP *** [7c Jh Ad]
xlas-mariasx: checks
Velbor107: bets $3
xlas-mariasx: folds
Uncalled bet ($3) returned to Velbor107
Velbor107 collected $11.76 from pot
*** SUMMARY ***
Total pot $12 | Rake $0.24
Board [7c Jh Ad]
Seat 5: xlas-mariasx (big blind) folded on the Flop
Seat 6: Velbor107 (button) (small blind) collected ($11.76)


PokerStars Hand #150976108624:  Hold'em Limit ($3/$6 USD) - 2016/03/26 16:49:40 ET
Table 'Repsolda' 6-max Seat #6 is the button
Seat 5: xlas-mariasx ($106.37 in chips)
Seat 6: Velbor107 ($167.98 in chips)
Velbor107: posts small blind $1
xlas-mariasx: posts big blind $3
*** HOLE CARDS ***
Velbor107: raises $3 to $6
xlas-mariasx: folds
Uncalled bet ($3) returned to Velbor107
Velbor107 collected $6 from pot
*** SUMMARY ***
Total pot $6 | Rake $0
Seat 5: xlas-mariasx (big blind) folded before Flop
Seat 6: Velbor107 (button) (small blind) collected ($6)


PokerStars Hand #150976122453:  Hold'em Limit ($3/$6 USD) - 2016/03/26 16:49:51 ET
Table 'Repsolda' 6-max Seat #5 is the button
Seat 5: xlas-mariasx ($103.37 in chips)
Seat 6: Velbor107 ($170.98 in chips)
xlas-mariasx: posts small blind $1
Velbor107: posts big blind $3
*** HOLE CARDS ***
xlas-mariasx: raises $3 to $6
Velbor107: calls $3
*** FLOP *** [Tc Jc 5c]
Velbor107: checks
xlas-mariasx: checks
*** TURN *** [Tc Jc 5c] [Ks]
Velbor107: checks
xlas-mariasx: checks
*** RIVER *** [Tc Jc 5c Ks] [Kd]
Velbor107: checks
xlas-mariasx: bets $6
Velbor107: folds
Uncalled bet ($6) returned to xlas-mariasx
xlas-mariasx collected $11.76 from pot
*** SUMMARY ***
Total pot $12 | Rake $0.24
Board [Tc Jc 5c Ks Kd]
Seat 5: xlas-mariasx (button) (small blind) collected ($11.76)
Seat 6: Velbor107 (big blind) folded on the River


PokerStars Hand #150976171881:  Hold'em Limit ($3/$6 USD) - 2016/03/26 16:50:34 ET
Table 'Repsolda' 6-max Seat #6 is the button
Seat 5: xlas-mariasx ($109.13 in chips)
Seat 6: Velbor107 ($164.98 in chips)
Velbor107: posts small blind $1
xlas-mariasx: posts big blind $3
*** HOLE CARDS ***
Velbor107: raises $3 to $6
xlas-mariasx: calls $3
*** FLOP *** [7s Qc 3d]
xlas-mariasx: checks
Velbor107: bets $3
xlas-mariasx: calls $3
*** TURN *** [7s Qc 3d] [4d]
xlas-mariasx: checks
Velbor107: bets $6
xlas-mariasx: calls $6
*** RIVER *** [7s Qc 3d 4d] [Jh]
xlas-mariasx: checks
Velbor107: bets $6
xlas-mariasx: calls $6
*** SHOW DOWN ***
Velbor107: shows [7d 5s] (a pair of Sevens)
xlas-mariasx: shows [Td Ts] (a pair of Tens)
xlas-mariasx collected $41.50 from pot
*** SUMMARY ***
Total pot $42 | Rake $0.50
Board [7s Qc 3d 4d Jh]
Seat 5: xlas-mariasx (big blind) showed [Td Ts] and won ($41.50) with a pair of Tens
Seat 6: Velbor107 (button) (small blind) showed [7d 5s] and lost with a pair of Sevens


PokerStars Hand #150976208592:  Hold'em Limit ($3/$6 USD) - 2016/03/26 16:51:05 ET
Table 'Repsolda' 6-max Seat #5 is the button
Seat 5: xlas-mariasx ($129.63 in chips)
Seat 6: Velbor107 ($143.98 in chips)
xlas-mariasx: posts small blind $1
Velbor107: posts big blind $3
*** HOLE CARDS ***
xlas-mariasx: raises $3 to $6
Velbor107: calls $3
*** FLOP *** [Qd 2s 5d]
Velbor107: checks
xlas-mariasx: checks
*** TURN *** [Qd 2s 5d] [2h]
Velbor107: bets $6
xlas-mariasx: folds
Uncalled bet ($6) returned to Velbor107
Velbor107 collected $11.76 from pot
*** SUMMARY ***
Total pot $12 | Rake $0.24
Board [Qd 2s 5d 2h]
Seat 5: xlas-mariasx (button) (small blind) folded on the Turn
Seat 6: Velbor107 (big blind) collected ($11.76)


PokerStars Hand #150976305716:  Hold'em Limit ($3/$6 USD) - 2016/03/26 16:52:29 ET
Table 'Repsolda' 6-max Seat #5 is the button
Seat 5: xlas-mariasx ($120.63 in chips)
Seat 6: Velbor107 ($124 in chips)
xlas-mariasx: posts small blind $1
Velbor107: posts big blind $3
*** HOLE CARDS ***
xlas-mariasx: raises $3 to $6
Velbor107: folds
Uncalled bet ($3) returned to xlas-mariasx
xlas-mariasx collected $6 from pot
xlas-mariasx: doesn't show hand
*** SUMMARY ***
Total pot $6 | Rake $0
Seat 5: xlas-mariasx (button) (small blind) collected ($6)
Seat 6: Velbor107 (big blind) folded before Flop


PokerStars Hand #150976359504:  Hold'em Limit ($3/$6 USD) - 2016/03/26 16:53:16 ET
Table 'Repsolda' 6-max Seat #5 is the button
Seat 5: xlas-mariasx ($108.63 in chips)
Seat 6: Velbor107 ($135.50 in chips)
xlas-mariasx: posts small blind $1
Velbor107: posts big blind $3
*** HOLE CARDS ***
xlas-mariasx: folds
Uncalled bet ($2) returned to Velbor107
Velbor107 collected $2 from pot
*** SUMMARY ***
Total pot $2 | Rake $0
Seat 5: xlas-mariasx (button) (small blind) folded before Flop
Seat 6: Velbor107 (big blind) collected ($2)


PokerStars Hand #150976327077:  Hold'em Limit ($3/$6 USD) - 2016/03/26 16:52:48 ET
Table 'Repsolda' 6-max Seat #6 is the button
Seat 5: xlas-mariasx ($123.63 in chips)
Seat 6: Velbor107 ($121 in chips)
Velbor107: posts small blind $1
xlas-mariasx: posts big blind $3
*** HOLE CARDS ***
Velbor107: raises $3 to $6
xlas-mariasx: calls $3
*** FLOP *** [3s Kh 4d]
xlas-mariasx: checks
Velbor107: bets $3
xlas-mariasx: calls $3
*** TURN *** [3s Kh 4d] [Jc]
xlas-mariasx: checks
Velbor107: bets $6
xlas-mariasx: calls $6
*** RIVER *** [3s Kh 4d Jc] [7d]
xlas-mariasx: checks
Velbor107: checks
*** SHOW DOWN ***
xlas-mariasx: shows [5d As] (high card Ace)
Velbor107: shows [Qh 3d] (a pair of Threes)
Velbor107 collected $29.50 from pot
*** SUMMARY ***
Total pot $30 | Rake $0.50
Board [3s Kh 4d Jc 7d]
Seat 5: xlas-mariasx (big blind) showed [5d As] and lost with high card Ace
Seat 6: Velbor107 (button) (small blind) showed [Qh 3d] and won ($29.50) with a pair of Threes


PokerStars Hand #150976365022:  Hold'em Limit ($3/$6 USD) - 2016/03/26 16:53:21 ET
Table 'Repsolda' 6-max Seat #6 is the button
Seat 5: xlas-mariasx ($107.63 in chips)
Seat 6: Velbor107 ($136.50 in chips)
Velbor107: posts small blind $1
xlas-mariasx: posts big blind $3
*** HOLE CARDS ***
Velbor107: raises $3 to $6
xlas-mariasx: folds
Uncalled bet ($3) returned to Velbor107
Velbor107 collected $6 from pot
*** SUMMARY ***
Total pot $6 | Rake $0
Seat 5: xlas-mariasx (big blind) folded before Flop
Seat 6: Velbor107 (button) (small blind) collected ($6)


PokerStars Hand #150976372358:  Hold'em Limit ($3/$6 USD) - 2016/03/26 16:53:27 ET
Table 'Repsolda' 6-max Seat #5 is the button
Seat 5: xlas-mariasx ($104.63 in chips)
Seat 6: Velbor107 ($139.50 in chips)
xlas-mariasx: posts small blind $1
Velbor107: posts big blind $3
*** HOLE CARDS ***
xlas-mariasx: raises $3 to $6
Velbor107: calls $3
*** FLOP *** [Kh Tc Kc]
Velbor107: checks
xlas-mariasx: bets $3
Velbor107: raises $3 to $6
xlas-mariasx: folds
Uncalled bet ($3) returned to Velbor107
Velbor107 collected $17.64 from pot
*** SUMMARY ***
Total pot $18 | Rake $0.36
Board [Kh Tc Kc]
Seat 5: xlas-mariasx (button) (small blind) folded on the Flop
Seat 6: Velbor107 (big blind) collected ($17.64)


PokerStars Hand #150976397726:  Hold'em Limit ($3/$6 USD) - 2016/03/26 16:53:50 ET
Table 'Repsolda' 6-max Seat #6 is the button
Seat 5: xlas-mariasx ($95.63 in chips)
Seat 6: Velbor107 ($148.14 in chips)
Velbor107: posts small blind $1
xlas-mariasx: posts big blind $3
*** HOLE CARDS ***
Velbor107: raises $3 to $6
xlas-mariasx: calls $3
*** FLOP *** [Js 6d Ah]
xlas-mariasx: checks
Velbor107: bets $3
xlas-mariasx: raises $3 to $6
Velbor107: calls $3
*** TURN *** [Js 6d Ah] [7h]
xlas-mariasx: checks
Velbor107: bets $6
xlas-mariasx: folds
Uncalled bet ($6) returned to Velbor107
Velbor107 collected $23.52 from pot
*** SUMMARY ***
Total pot $24 | Rake $0.48
Board [Js 6d Ah 7h]
Seat 5: xlas-mariasx (big blind) folded on the Turn
Seat 6: Velbor107 (button) (small blind) collected ($23.52)


PokerStars Hand #150976426099:  Hold'em Limit ($3/$6 USD) - 2016/03/26 16:54:16 ET
Table 'Repsolda' 6-max Seat #5 is the button
Seat 5: xlas-mariasx ($83.63 in chips)
Seat 6: Velbor107 ($159.66 in chips)
xlas-mariasx: posts small blind $1
Velbor107: posts big blind $3
*** HOLE CARDS ***
xlas-mariasx: raises $3 to $6
Velbor107: raises $3 to $9
xlas-mariasx: raises $3 to $12
Betting is capped
Velbor107: calls $3
*** FLOP *** [Td 8c 2d]
Velbor107: checks
xlas-mariasx: bets $3
Velbor107: calls $3
*** TURN *** [Td 8c 2d] [6d]
Velbor107: checks
xlas-mariasx: checks
*** RIVER *** [Td 8c 2d 6d] [2s]
Velbor107: bets $6
xlas-mariasx: calls $6
*** SHOW DOWN ***
Velbor107: shows [Ac Qs] (a pair of Deuces)
xlas-mariasx: mucks hand
Velbor107 collected $41.50 from pot
*** SUMMARY ***
Total pot $42 | Rake $0.50
Board [Td 8c 2d 6d 2s]
Seat 5: xlas-mariasx (button) (small blind) mucked
Seat 6: Velbor107 (big blind) showed [Ac Qs] and won ($41.50) with a pair of Deuces


PokerStars Hand #150976455056:  Hold'em Limit ($3/$6 USD) - 2016/03/26 16:54:45 ET
Table 'Repsolda' 6-max Seat #6 is the button
Seat 5: xlas-mariasx ($62.63 in chips)
Seat 6: Velbor107 ($180.16 in chips)
Velbor107: posts small blind $1
xlas-mariasx: posts big blind $3
*** HOLE CARDS ***
Velbor107: raises $3 to $6
xlas-mariasx: raises $3 to $9
Velbor107: calls $3
*** FLOP *** [4c 2h Td]
xlas-mariasx: bets $3
Velbor107: raises $3 to $6
xlas-mariasx: calls $3
*** TURN *** [4c 2h Td] [8d]
xlas-mariasx: checks
Velbor107: bets $6
xlas-mariasx: calls $6
*** RIVER *** [4c 2h Td 8d] [5d]
xlas-mariasx: checks
Velbor107: bets $6
xlas-mariasx: calls $6
*** SHOW DOWN ***
Velbor107: shows [Th Ts] (three of a kind, Tens)
xlas-mariasx: mucks hand
Velbor107 collected $53.50 from pot
*** SUMMARY ***
Total pot $54 | Rake $0.50
Board [4c 2h Td 8d 5d]
Seat 5: xlas-mariasx (big blind) mucked
Seat 6: Velbor107 (button) (small blind) showed [Th Ts] and won ($53.50) with three of a kind, Tens


PokerStars Hand #150976493775:  Hold'em Limit ($3/$6 USD) - 2016/03/26 16:55:29 ET
Table 'Repsolda' 6-max Seat #5 is the button
Seat 5: xlas-mariasx ($35.63 in chips)
Seat 6: Velbor107 ($206.66 in chips)
xlas-mariasx: posts small blind $1
Velbor107: posts big blind $3
*** HOLE CARDS ***
xlas-mariasx: raises $3 to $6
Velbor107: calls $3
*** FLOP *** [Jc Ts Th]
Velbor107: checks
xlas-mariasx: checks
*** TURN *** [Jc Ts Th] [8c]
Velbor107: bets $6
xlas-mariasx: calls $6
*** RIVER *** [Jc Ts Th 8c] [4d]
Velbor107: checks
xlas-mariasx: checks
*** SHOW DOWN ***
Velbor107: shows [6h 3h] (a pair of Tens)
xlas-mariasx: shows [Ac 5c] (a pair of Tens - Ace kicker)
xlas-mariasx collected $23.52 from pot
*** SUMMARY ***
Total pot $24 | Rake $0.48
Board [Jc Ts Th 8c 4d]
Seat 5: xlas-mariasx (button) (small blind) showed [Ac 5c] and won ($23.52) with a pair of Tens
Seat 6: Velbor107 (big blind) showed [6h 3h] and lost with a pair of Tens


PokerStars Hand #150976520617:  Hold'em Limit ($3/$6 USD) - 2016/03/26 16:56:06 ET
Table 'Repsolda' 6-max Seat #6 is the button
Seat 5: xlas-mariasx ($47.15 in chips)
Seat 6: Velbor107 ($194.66 in chips)
Velbor107: posts small blind $1
xlas-mariasx: posts big blind $3
*** HOLE CARDS ***
XChiptaker14 joins the table at seat #4
Velbor107: raises $3 to $6
xlas-mariasx: calls $3
*** FLOP *** [4c 4s 8h]
xlas-mariasx: checks
XChiptaker14 leaves the table
Velbor107: bets $3
xlas-mariasx: calls $3
*** TURN *** [4c 4s 8h] [8c]
xlas-mariasx: checks
Velbor107: checks
*** RIVER *** [4c 4s 8h 8c] [8d]
xlas-mariasx: checks
Velbor107: checks
*** SHOW DOWN ***
xlas-mariasx: shows [5d Tc] (a full house, Eights full of Fours)
Velbor107: shows [7h Td] (a full house, Eights full of Fours)
xlas-mariasx collected $8.82 from pot
Velbor107 collected $8.82 from pot
*** SUMMARY ***
Total pot $18 | Rake $0.36
Board [4c 4s 8h 8c 8d]
Seat 5: xlas-mariasx (big blind) showed [5d Tc] and won ($8.82) with a full house, Eights full of Fours
Seat 6: Velbor107 (button) (small blind) showed [7h Td] and won ($8.82) with a full house, Eights full of Fours


PokerStars Hand #150976542101:  Hold'em Limit ($3/$6 USD) - 2016/03/26 16:56:36 ET
Table 'Repsolda' 6-max Seat #5 is the button
Seat 5: xlas-mariasx ($46.97 in chips)
Seat 6: Velbor107 ($194.48 in chips)
xlas-mariasx: posts small blind $1
Velbor107: posts big blind $3
*** HOLE CARDS ***
xlas-mariasx: folds
Uncalled bet ($2) returned to Velbor107
Velbor107 collected $2 from pot
*** SUMMARY ***
Total pot $2 | Rake $0
Seat 5: xlas-mariasx (button) (small blind) folded before Flop
Seat 6: Velbor107 (big blind) collected ($2)


PokerStars Hand #150976545845:  Hold'em Limit ($3/$6 USD) - 2016/03/26 16:56:41 ET
Table 'Repsolda' 6-max Seat #6 is the button
Seat 5: xlas-mariasx ($45.97 in chips)
Seat 6: Velbor107 ($195.48 in chips)
Velbor107: posts small blind $1
xlas-mariasx: posts big blind $3
*** HOLE CARDS ***
Velbor107: raises $3 to $6
xlas-mariasx: calls $3
*** FLOP *** [5s 4d Ks]
xlas-mariasx: checks
Velbor107: bets $3
xlas-mariasx: calls $3
*** TURN *** [5s 4d Ks] [Qs]
xlas-mariasx: checks
Velbor107: bets $6
xlas-mariasx: folds
Uncalled bet ($6) returned to Velbor107
Velbor107 collected $17.64 from pot
*** SUMMARY ***
Total pot $18 | Rake $0.36
Board [5s 4d Ks Qs]
Seat 5: xlas-mariasx (big blind) folded on the Turn
Seat 6: Velbor107 (button) (small blind) collected ($17.64)


PokerStars Hand #150976570774:  Hold'em Limit ($3/$6 USD) - 2016/03/26 16:57:16 ET
Table 'Repsolda' 6-max Seat #6 is the button
Seat 5: xlas-mariasx ($35.97 in chips)
Seat 6: Velbor107 ($205.12 in chips)
Velbor107: posts small blind $1
xlas-mariasx: posts big blind $3
*** HOLE CARDS ***
Velbor107: raises $3 to $6
xlas-mariasx: folds
Uncalled bet ($3) returned to Velbor107
Velbor107 collected $6 from pot
*** SUMMARY ***
Total pot $6 | Rake $0
Seat 5: xlas-mariasx (big blind) folded before Flop
Seat 6: Velbor107 (button) (small blind) collected ($6)


PokerStars Hand #150976565982:  Hold'em Limit ($3/$6 USD) - 2016/03/26 16:57:09 ET
Table 'Repsolda' 6-max Seat #5 is the button
Seat 5: xlas-mariasx ($36.97 in chips)
Seat 6: Velbor107 ($204.12 in chips)
xlas-mariasx: posts small blind $1
Velbor107: posts big blind $3
*** HOLE CARDS ***
xlas-mariasx: folds
Uncalled bet ($2) returned to Velbor107
Velbor107 collected $2 from pot
*** SUMMARY ***
Total pot $2 | Rake $0
Seat 5: xlas-mariasx (button) (small blind) folded before Flop
Seat 6: Velbor107 (big blind) collected ($2)


PokerStars Hand #150976575689:  Hold'em Limit ($3/$6 USD) - 2016/03/26 16:57:23 ET
Table 'Repsolda' 6-max Seat #5 is the button
Seat 5: xlas-mariasx ($32.97 in chips)
Seat 6: Velbor107 ($208.12 in chips)
xlas-mariasx: posts small blind $1
Velbor107: posts big blind $3
*** HOLE CARDS ***
xlas-mariasx: raises $3 to $6
Velbor107: raises $3 to $9
xlas-mariasx: calls $3
*** FLOP *** [2d 5s 3s]
Velbor107: bets $3
xlas-mariasx: calls $3
*** TURN *** [2d 5s 3s] [2s]
Velbor107: bets $6
xlas-mariasx: calls $6
*** RIVER *** [2d 5s 3s 2s] [8h]
Velbor107: bets $6
xlas-mariasx: calls $6
*** SHOW DOWN ***
Velbor107: shows [Ad As] (two pair, Aces and Deuces)
xlas-mariasx: mucks hand
Velbor107 collected $47.50 from pot
*** SUMMARY ***
Total pot $48 | Rake $0.50
Board [2d 5s 3s 2s 8h]
Seat 5: xlas-mariasx (button) (small blind) mucked
Seat 6: Velbor107 (big blind) showed [Ad As] and won ($47.50) with two pair, Aces and Deuces


PokerStars Hand #150976594861:  Hold'em Limit ($3/$6 USD) - 2016/03/26 16:57:49 ET
Table 'Repsolda' 6-max Seat #6 is the button
Seat 5: xlas-mariasx ($8.97 in chips)
Seat 6: Velbor107 ($231.62 in chips)
Velbor107: posts small blind $1
xlas-mariasx: posts big blind $3
*** HOLE CARDS ***
Velbor107: folds
Uncalled bet ($2) returned to xlas-mariasx
xlas-mariasx collected $2 from pot
xlas-mariasx: doesn't show hand
*** SUMMARY ***
Total pot $2 | Rake $0
Seat 5: xlas-mariasx (big blind) collected ($2)
Seat 6: Velbor107 (button) (small blind) folded before Flop


PokerStars Hand #150976601502:  Hold'em Limit ($3/$6 USD) - 2016/03/26 16:57:59 ET
Table 'Repsolda' 6-max Seat #5 is the button
Seat 5: xlas-mariasx ($9.97 in chips)
Seat 6: Velbor107 ($230.62 in chips)
xlas-mariasx: posts small blind $1
Velbor107: posts big blind $3
*** HOLE CARDS ***
xlas-mariasx: raises $3 to $6
Velbor107: raises $3 to $9
xlas-mariasx: raises $0.97 to $9.97 and is all-in
Betting is capped
Velbor107: calls $0.97
*** FLOP *** [Th Qc Kh]
*** TURN *** [Th Qc Kh] [9h]
*** RIVER *** [Th Qc Kh 9h] [As]
*** SHOW DOWN ***
Velbor107: shows [Jh Ac] (a straight, Ten to Ace)
xlas-mariasx: shows [3d Td] (a pair of Tens)
Velbor107 collected $19.54 from pot
*** SUMMARY ***
Total pot $19.94 | Rake $0.40
Board [Th Qc Kh 9h As]
Seat 5: xlas-mariasx (button) (small blind) showed [3d Td] and lost with a pair of Tens
Seat 6: Velbor107 (big blind) showed [Jh Ac] and won ($19.54) with a straight, Ten to Ace


