PokerStars Hand #152061864324:  Hold'em Limit ($3/$6 USD) - 2016/04/17 15:35:23 ET
Table 'Repsolda II' 6-max Seat #5 is the button
Seat 5: Zubasa07 ($500.75 in chips)
Seat 6: JoeBlack1982 ($111.59 in chips)
Zubasa07: posts small blind $1
JoeBlack1982: posts big blind $3
*** HOLE CARDS ***
Zubasa07: raises $3 to $6
bloeffer joins the table at seat #2
JoeBlack1982: calls $3
*** FLOP *** [5s Qh 5c]
JoeBlack1982: checks
Chessnok joins the table at seat #1
Zubasa07: bets $3
JoeBlack1982: folds
Uncalled bet ($3) returned to Zubasa07
Zubasa07 collected $11.76 from pot
Zubasa07: doesn't show hand
*** SUMMARY ***
Total pot $12 | Rake $0.24
Board [5s Qh 5c]
Seat 5: Zubasa07 (button) (small blind) collected ($11.76)
Seat 6: JoeBlack1982 (big blind) folded on the Flop


PokerStars Hand #152061858263:  Hold'em Limit ($3/$6 USD) - 2016/04/17 15:35:19 ET
Table 'Repsolda II' 6-max Seat #6 is the button
Seat 5: Zubasa07 ($499.75 in chips)
Seat 6: JoeBlack1982 ($112.59 in chips)
JoeBlack1982: posts small blind $1
Zubasa07: posts big blind $3
*** HOLE CARDS ***
JoeBlack1982: folds
Uncalled bet ($2) returned to Zubasa07
Zubasa07 collected $2 from pot
Zubasa07: doesn't show hand
*** SUMMARY ***
Total pot $2 | Rake $0
Seat 5: Zubasa07 (big blind) collected ($2)
Seat 6: JoeBlack1982 (button) (small blind) folded before Flop


PokerStars Hand #152061788884:  Hold'em Limit ($3/$6 USD) - 2016/04/17 15:34:17 ET
Table 'Repsolda II' 6-max Seat #5 is the button
Seat 5: Zubasa07 ($500 in chips)
Seat 6: JoeBlack1982 ($112.84 in chips)
Zubasa07: posts small blind $1
JoeBlack1982: posts big blind $3
*** HOLE CARDS ***
Zubasa07: raises $3 to $6
JoeBlack1982: calls $3
*** FLOP *** [Ts Td 6d]
JoeBlack1982: checks
Zubasa07: bets $3
JoeBlack1982: raises $3 to $6
Zubasa07: calls $3
*** TURN *** [Ts Td 6d] [6s]
JoeBlack1982: checks
Zubasa07: bets $6
JoeBlack1982: calls $6
*** RIVER *** [Ts Td 6d 6s] [2s]
JoeBlack1982: bets $6
Zubasa07: raises $6 to $12
JoeBlack1982: raises $6 to $18
Zubasa07: calls $6
*** SHOW DOWN ***
JoeBlack1982: shows [8c Th] (a full house, Tens full of Sixes)
Zubasa07: shows [Jh Tc] (a full house, Tens full of Sixes)
JoeBlack1982 collected $35.75 from pot
Zubasa07 collected $35.75 from pot
*** SUMMARY ***
Total pot $72 | Rake $0.50
Board [Ts Td 6d 6s 2s]
Seat 5: Zubasa07 (button) (small blind) showed [Jh Tc] and won ($35.75) with a full house, Tens full of Sixes
Seat 6: JoeBlack1982 (big blind) showed [8c Th] and won ($35.75) with a full house, Tens full of Sixes


PokerStars Hand #152067325867:  Hold'em Limit ($3/$6 USD) - 2016/04/17 17:02:33 ET
Table 'Repsolda II' 6-max Seat #2 is the button
Seat 1: Chessnok ($177.16 in chips)
Seat 2: Yell0wBack ($373.38 in chips)
Yell0wBack: posts small blind $1
bloeffer: is sitting out
Chessnok: posts big blind $3
*** HOLE CARDS ***
Yell0wBack: folds
Uncalled bet ($2) returned to Chessnok
bloeffer leaves the table
Chessnok collected $2 from pot
Chessnok: doesn't show hand
*** SUMMARY ***
Total pot $2 | Rake $0
Seat 1: Chessnok (big blind) collected ($2)
Seat 2: Yell0wBack (button) (small blind) folded before Flop


PokerStars Hand #152067330815:  Hold'em Limit ($3/$6 USD) - 2016/04/17 17:02:38 ET
Table 'Repsolda II' 6-max Seat #1 is the button
Seat 1: Chessnok ($178.16 in chips)
Seat 2: Yell0wBack ($372.38 in chips)
Chessnok: posts small blind $1
Yell0wBack: posts big blind $3
*** HOLE CARDS ***
Chessnok: raises $3 to $6
Yell0wBack: raises $3 to $9
Chessnok: calls $3
*** FLOP *** [3d 7s Qd]
Masterraiser joins the table at seat #3
Yell0wBack: bets $3
Chessnok: calls $3
*** TURN *** [3d 7s Qd] [6h]
Yell0wBack: bets $6
Chessnok: calls $6
*** RIVER *** [3d 7s Qd 6h] [9s]
Yell0wBack: bets $6
Chessnok: calls $6
*** SHOW DOWN ***
Yell0wBack: shows [Kh Qc] (a pair of Queens)
Chessnok: mucks hand
Yell0wBack collected $47.50 from pot
*** SUMMARY ***
Total pot $48 | Rake $0.50
Board [3d 7s Qd 6h 9s]
Seat 1: Chessnok (button) (small blind) mucked
Seat 2: Yell0wBack (big blind) showed [Kh Qc] and won ($47.50) with a pair of Queens


PokerStars Hand #152073687530:  Hold'em Limit ($3/$6 USD) - 2016/04/17 19:06:34 ET
Table 'Repsolda II' 6-max Seat #2 is the button
Seat 1: Chessnok ($334.14 in chips)
Seat 2: Yell0wBack ($369.83 in chips)
Yell0wBack: posts small blind $1
ABATAPP: is sitting out
Chessnok: posts big blind $3
*** HOLE CARDS ***
Yell0wBack: raises $3 to $6
Chessnok: folds
Uncalled bet ($3) returned to Yell0wBack
Yell0wBack collected $6 from pot
Yell0wBack: doesn't show hand
*** SUMMARY ***
Total pot $6 | Rake $0
Seat 1: Chessnok (big blind) folded before Flop
Seat 2: Yell0wBack (button) (small blind) collected ($6)


PokerStars Hand #152073700912:  Hold'em Limit ($3/$6 USD) - 2016/04/17 19:06:54 ET
Table 'Repsolda II' 6-max Seat #2 is the button
Seat 1: Chessnok ($336.90 in chips)
Seat 2: Yell0wBack ($366.83 in chips)
Yell0wBack: posts small blind $1
Chessnok: posts big blind $3
*** HOLE CARDS ***
Yell0wBack: raises $3 to $6
Chessnok: folds
Uncalled bet ($3) returned to Yell0wBack
Yell0wBack collected $6 from pot
Yell0wBack: doesn't show hand
*** SUMMARY ***
Total pot $6 | Rake $0
Seat 1: Chessnok (big blind) folded before Flop
Seat 2: Yell0wBack (button) (small blind) collected ($6)


PokerStars Hand #152073692680:  Hold'em Limit ($3/$6 USD) - 2016/04/17 19:06:41 ET
Table 'Repsolda II' 6-max Seat #1 is the button
Seat 1: Chessnok ($331.14 in chips)
Seat 2: Yell0wBack ($372.83 in chips)
Chessnok: posts small blind $1
Yell0wBack: posts big blind $3
*** HOLE CARDS ***
Chessnok: raises $3 to $6
Yell0wBack: calls $3
*** FLOP *** [7d Ad 3h]
Yell0wBack: checks
ABATAPP leaves the table
Chessnok: bets $3
Yell0wBack: folds
Uncalled bet ($3) returned to Chessnok
Chessnok collected $11.76 from pot
Chessnok: doesn't show hand
*** SUMMARY ***
Total pot $12 | Rake $0.24
Board [7d Ad 3h]
Seat 1: Chessnok (button) (small blind) collected ($11.76)
Seat 2: Yell0wBack (big blind) folded on the Flop


PokerStars Hand #152073706538:  Hold'em Limit ($3/$6 USD) - 2016/04/17 19:07:02 ET
Table 'Repsolda II' 6-max Seat #1 is the button
Seat 1: Chessnok ($333.90 in chips)
Seat 2: Yell0wBack ($369.83 in chips)
Chessnok: posts small blind $1
Yell0wBack: posts big blind $3
*** HOLE CARDS ***
Chessnok: raises $3 to $6
Yell0wBack: raises $3 to $9
Chessnok: calls $3
*** FLOP *** [Qh Jd 3d]
Yell0wBack: bets $3
Chessnok: calls $3
*** TURN *** [Qh Jd 3d] [7c]
Yell0wBack: checks
Chessnok: checks
*** RIVER *** [Qh Jd 3d 7c] [3s]
Yell0wBack: bets $6
Chessnok: calls $6
*** SHOW DOWN ***
Yell0wBack: shows [4d As] (a pair of Threes)
Chessnok: shows [6h Ad] (a pair of Threes)
Yell0wBack collected $17.75 from pot
Chessnok collected $17.75 from pot
*** SUMMARY ***
Total pot $36 | Rake $0.50
Board [Qh Jd 3d 7c 3s]
Seat 1: Chessnok (button) (small blind) showed [6h Ad] and won ($17.75) with a pair of Threes
Seat 2: Yell0wBack (big blind) showed [4d As] and won ($17.75) with a pair of Threes


PokerStars Hand #152073725915:  Hold'em Limit ($3/$6 USD) - 2016/04/17 19:07:31 ET
Table 'Repsolda II' 6-max Seat #2 is the button
Seat 1: Chessnok ($333.65 in chips)
Seat 2: Yell0wBack ($369.58 in chips)
Yell0wBack: posts small blind $1
Chessnok: posts big blind $3
*** HOLE CARDS ***
Yell0wBack: raises $3 to $6
Chessnok: calls $3
*** FLOP *** [6h 5d 4s]
Chessnok: checks
Yell0wBack: bets $3
Chessnok: calls $3
*** TURN *** [6h 5d 4s] [Qd]
Chessnok: checks
Yell0wBack: bets $6
Chessnok: raises $6 to $12
Yell0wBack: raises $6 to $18
Chessnok: calls $6
*** RIVER *** [6h 5d 4s Qd] [3d]
Chessnok: bets $6
Yell0wBack: calls $6
*** SHOW DOWN ***
Chessnok: shows [7s Ts] (a straight, Three to Seven)
Yell0wBack: mucks hand
Chessnok collected $65.50 from pot
*** SUMMARY ***
Total pot $66 | Rake $0.50
Board [6h 5d 4s Qd 3d]
Seat 1: Chessnok (big blind) showed [7s Ts] and won ($65.50) with a straight, Three to Seven
Seat 2: Yell0wBack (button) (small blind) mucked


PokerStars Hand #152073749103:  Hold'em Limit ($3/$6 USD) - 2016/04/17 19:08:07 ET
Table 'Repsolda II' 6-max Seat #2 is the button
Seat 1: Chessnok ($371.91 in chips)
Seat 2: Yell0wBack ($330.58 in chips)
Yell0wBack: posts small blind $1
Chessnok: posts big blind $3
*** HOLE CARDS ***
Yell0wBack: folds
Uncalled bet ($2) returned to Chessnok
Chessnok collected $2 from pot
Chessnok: doesn't show hand
*** SUMMARY ***
Total pot $2 | Rake $0
Seat 1: Chessnok (big blind) collected ($2)
Seat 2: Yell0wBack (button) (small blind) folded before Flop


PokerStars Hand #152073755052:  Hold'em Limit ($3/$6 USD) - 2016/04/17 19:08:16 ET
Table 'Repsolda II' 6-max Seat #2 is the button
Seat 1: Chessnok ($371.91 in chips)
Seat 2: Yell0wBack ($330.58 in chips)
Yell0wBack: posts small blind $1
Chessnok: posts big blind $3
*** HOLE CARDS ***
Yell0wBack: folds
Uncalled bet ($2) returned to Chessnok
Chessnok collected $2 from pot
Chessnok: doesn't show hand
*** SUMMARY ***
Total pot $2 | Rake $0
Seat 1: Chessnok (big blind) collected ($2)
Seat 2: Yell0wBack (button) (small blind) folded before Flop


PokerStars Hand #152073752386:  Hold'em Limit ($3/$6 USD) - 2016/04/17 19:08:11 ET
Table 'Repsolda II' 6-max Seat #1 is the button
Seat 1: Chessnok ($372.91 in chips)
Seat 2: Yell0wBack ($329.58 in chips)
Chessnok: posts small blind $1
Yell0wBack: posts big blind $3
*** HOLE CARDS ***
Chessnok: folds
Uncalled bet ($2) returned to Yell0wBack
Yell0wBack collected $2 from pot
Yell0wBack: doesn't show hand
*** SUMMARY ***
Total pot $2 | Rake $0
Seat 1: Chessnok (button) (small blind) folded before Flop
Seat 2: Yell0wBack (big blind) collected ($2)


PokerStars Hand #152073768172:  Hold'em Limit ($3/$6 USD) - 2016/04/17 19:08:36 ET
Table 'Repsolda II' 6-max Seat #2 is the button
Seat 1: Chessnok ($371.91 in chips)
Seat 2: Yell0wBack ($330.58 in chips)
Yell0wBack: posts small blind $1
Chessnok: posts big blind $3
*** HOLE CARDS ***
Yell0wBack: folds
Uncalled bet ($2) returned to Chessnok
Chessnok collected $2 from pot
Chessnok: doesn't show hand
*** SUMMARY ***
Total pot $2 | Rake $0
Seat 1: Chessnok (big blind) collected ($2)
Seat 2: Yell0wBack (button) (small blind) folded before Flop


PokerStars Hand #152073758416:  Hold'em Limit ($3/$6 USD) - 2016/04/17 19:08:21 ET
Table 'Repsolda II' 6-max Seat #1 is the button
Seat 1: Chessnok ($372.91 in chips)
Seat 2: Yell0wBack ($329.58 in chips)
Chessnok: posts small blind $1
Yell0wBack: posts big blind $3
*** HOLE CARDS ***
Chessnok: folds
Uncalled bet ($2) returned to Yell0wBack
Yell0wBack collected $2 from pot
*** SUMMARY ***
Total pot $2 | Rake $0
Seat 1: Chessnok (button) (small blind) folded before Flop
Seat 2: Yell0wBack (big blind) collected ($2)


PokerStars Hand #152073771715:  Hold'em Limit ($3/$6 USD) - 2016/04/17 19:08:41 ET
Table 'Repsolda II' 6-max Seat #1 is the button
Seat 1: Chessnok ($372.91 in chips)
Seat 2: Yell0wBack ($329.58 in chips)
Chessnok: posts small blind $1
Yell0wBack: posts big blind $3
*** HOLE CARDS ***
Chessnok: raises $3 to $6
Yell0wBack: calls $3
*** FLOP *** [Ks Td 5s]
Yell0wBack: checks
Chessnok: bets $3
Yell0wBack: calls $3
*** TURN *** [Ks Td 5s] [9d]
Yell0wBack: checks
Chessnok: bets $6
Yell0wBack: calls $6
*** RIVER *** [Ks Td 5s 9d] [9s]
Yell0wBack: checks
Chessnok: bets $6
Yell0wBack: calls $6
*** SHOW DOWN ***
Chessnok: shows [Kh 2h] (two pair, Kings and Nines)
Yell0wBack: mucks hand
Chessnok collected $41.50 from pot
*** SUMMARY ***
Total pot $42 | Rake $0.50
Board [Ks Td 5s 9d 9s]
Seat 1: Chessnok (button) (small blind) showed [Kh 2h] and won ($41.50) with two pair, Kings and Nines
Seat 2: Yell0wBack (big blind) mucked


PokerStars Hand #152073796581:  Hold'em Limit ($3/$6 USD) - 2016/04/17 19:09:19 ET
Table 'Repsolda II' 6-max Seat #2 is the button
Seat 1: Chessnok ($393.41 in chips)
Seat 2: Yell0wBack ($308.58 in chips)
Yell0wBack: posts small blind $1
Chessnok: posts big blind $3
*** HOLE CARDS ***
Yell0wBack: folds
Uncalled bet ($2) returned to Chessnok
Chessnok collected $2 from pot
Chessnok: doesn't show hand
*** SUMMARY ***
Total pot $2 | Rake $0
Seat 1: Chessnok (big blind) collected ($2)
Seat 2: Yell0wBack (button) (small blind) folded before Flop


PokerStars Hand #152073799901:  Hold'em Limit ($3/$6 USD) - 2016/04/17 19:09:24 ET
Table 'Repsolda II' 6-max Seat #1 is the button
Seat 1: Chessnok ($394.41 in chips)
Seat 2: Yell0wBack ($307.58 in chips)
Chessnok: posts small blind $1
Yell0wBack: posts big blind $3
*** HOLE CARDS ***
Chessnok: raises $3 to $6
Yell0wBack: raises $3 to $9
Chessnok: calls $3
*** FLOP *** [6h 5h 2c]
Yell0wBack: bets $3
Chessnok: raises $3 to $6
Yell0wBack: raises $3 to $9
Chessnok: calls $3
*** TURN *** [6h 5h 2c] [Tc]
Yell0wBack: bets $6
Chessnok: calls $6
*** RIVER *** [6h 5h 2c Tc] [8c]
Yell0wBack: checks
Chessnok: checks
*** SHOW DOWN ***
Yell0wBack: shows [5s Js] (a pair of Fives)
Chessnok: mucks hand
Yell0wBack collected $47.50 from pot
*** SUMMARY ***
Total pot $48 | Rake $0.50
Board [6h 5h 2c Tc 8c]
Seat 1: Chessnok (button) (small blind) mucked
Seat 2: Yell0wBack (big blind) showed [5s Js] and won ($47.50) with a pair of Fives


PokerStars Hand #152073818366:  Hold'em Limit ($3/$6 USD) - 2016/04/17 19:09:53 ET
Table 'Repsolda II' 6-max Seat #2 is the button
Seat 1: Chessnok ($370.41 in chips)
Seat 2: Yell0wBack ($331.08 in chips)
Yell0wBack: posts small blind $1
Chessnok: posts big blind $3
*** HOLE CARDS ***
Yell0wBack: folds
Uncalled bet ($2) returned to Chessnok
Chessnok collected $2 from pot
Chessnok: doesn't show hand
*** SUMMARY ***
Total pot $2 | Rake $0
Seat 1: Chessnok (big blind) collected ($2)
Seat 2: Yell0wBack (button) (small blind) folded before Flop


PokerStars Hand #152073822400:  Hold'em Limit ($3/$6 USD) - 2016/04/17 19:09:59 ET
Table 'Repsolda II' 6-max Seat #1 is the button
Seat 1: Chessnok ($371.41 in chips)
Seat 2: Yell0wBack ($330.08 in chips)
Chessnok: posts small blind $1
Yell0wBack: posts big blind $3
*** HOLE CARDS ***
Chessnok: folds
Uncalled bet ($2) returned to Yell0wBack
Yell0wBack collected $2 from pot
Yell0wBack: doesn't show hand
*** SUMMARY ***
Total pot $2 | Rake $0
Seat 1: Chessnok (button) (small blind) folded before Flop
Seat 2: Yell0wBack (big blind) collected ($2)


PokerStars Hand #152073829830:  Hold'em Limit ($3/$6 USD) - 2016/04/17 19:10:10 ET
Table 'Repsolda II' 6-max Seat #2 is the button
Seat 1: Chessnok ($370.41 in chips)
Seat 2: Yell0wBack ($331.08 in chips)
Yell0wBack: posts small blind $1
Chessnok: posts big blind $3
*** HOLE CARDS ***
Yell0wBack: raises $3 to $6
Chessnok: raises $3 to $9
Yell0wBack: calls $3
*** FLOP *** [Kh 6h Ac]
Chessnok: bets $3
Yell0wBack: calls $3
*** TURN *** [Kh 6h Ac] [Qs]
Chessnok: checks
Yell0wBack: checks
*** RIVER *** [Kh 6h Ac Qs] [7s]
Chessnok: bets $6
Yell0wBack: calls $6
*** SHOW DOWN ***
Chessnok: shows [Qh Jc] (a pair of Queens)
Yell0wBack: mucks hand
Chessnok collected $35.50 from pot
*** SUMMARY ***
Total pot $36 | Rake $0.50
Board [Kh 6h Ac Qs 7s]
Seat 1: Chessnok (big blind) showed [Qh Jc] and won ($35.50) with a pair of Queens
Seat 2: Yell0wBack (button) (small blind) mucked


PokerStars Hand #152073860045:  Hold'em Limit ($3/$6 USD) - 2016/04/17 19:10:57 ET
Table 'Repsolda II' 6-max Seat #2 is the button
Seat 1: Chessnok ($402.41 in chips)
Seat 2: Yell0wBack ($298.08 in chips)
Yell0wBack: posts small blind $1
Chessnok: posts big blind $3
*** HOLE CARDS ***
Yell0wBack: folds
Uncalled bet ($2) returned to Chessnok
Chessnok collected $2 from pot
Chessnok: doesn't show hand
*** SUMMARY ***
Total pot $2 | Rake $0
Seat 1: Chessnok (big blind) collected ($2)
Seat 2: Yell0wBack (button) (small blind) folded before Flop


PokerStars Hand #152073843841:  Hold'em Limit ($3/$6 USD) - 2016/04/17 19:10:32 ET
Table 'Repsolda II' 6-max Seat #1 is the button
Seat 1: Chessnok ($387.91 in chips)
Seat 2: Yell0wBack ($313.08 in chips)
Chessnok: posts small blind $1
Yell0wBack: posts big blind $3
*** HOLE CARDS ***
Chessnok: raises $3 to $6
Yell0wBack: raises $3 to $9
Chessnok: calls $3
*** FLOP *** [Qc 4d Kd]
Yell0wBack: bets $3
Chessnok: raises $3 to $6
Yell0wBack: calls $3
*** TURN *** [Qc 4d Kd] [3h]
Yell0wBack: checks
Chessnok: bets $6
Yell0wBack: folds
Uncalled bet ($6) returned to Chessnok
Chessnok collected $29.50 from pot
Chessnok: doesn't show hand
*** SUMMARY ***
Total pot $30 | Rake $0.50
Board [Qc 4d Kd 3h]
Seat 1: Chessnok (button) (small blind) collected ($29.50)
Seat 2: Yell0wBack (big blind) folded on the Turn


PokerStars Hand #152073862641:  Hold'em Limit ($3/$6 USD) - 2016/04/17 19:11:01 ET
Table 'Repsolda II' 6-max Seat #1 is the button
Seat 1: Chessnok ($403.41 in chips)
Seat 2: Yell0wBack ($297.08 in chips)
Chessnok: posts small blind $1
Yell0wBack: posts big blind $3
*** HOLE CARDS ***
Chessnok: raises $3 to $6
Yell0wBack: calls $3
*** FLOP *** [9h Qc Jc]
Yell0wBack: checks
Chessnok: checks
*** TURN *** [9h Qc Jc] [9s]
Yell0wBack: bets $6
Chessnok: calls $6
*** RIVER *** [9h Qc Jc 9s] [9d]
Yell0wBack: bets $6
Chessnok: calls $6
*** SHOW DOWN ***
Yell0wBack: shows [Th 3h] (three of a kind, Nines)
Chessnok: shows [7c Ad] (three of a kind, Nines - Ace kicker)
Chessnok collected $35.50 from pot
*** SUMMARY ***
Total pot $36 | Rake $0.50
Board [9h Qc Jc 9s 9d]
Seat 1: Chessnok (button) (small blind) showed [7c Ad] and won ($35.50) with three of a kind, Nines
Seat 2: Yell0wBack (big blind) showed [Th 3h] and lost with three of a kind, Nines


PokerStars Hand #152073891227:  Hold'em Limit ($3/$6 USD) - 2016/04/17 19:11:46 ET
Table 'Repsolda II' 6-max Seat #1 is the button
Seat 1: Chessnok ($450.41 in chips)
Seat 2: Yell0wBack ($249.08 in chips)
Chessnok: posts small blind $1
Yell0wBack: posts big blind $3
*** HOLE CARDS ***
Chessnok: folds
Uncalled bet ($2) returned to Yell0wBack
Yell0wBack collected $2 from pot
Yell0wBack: doesn't show hand
*** SUMMARY ***
Total pot $2 | Rake $0
Seat 1: Chessnok (button) (small blind) folded before Flop
Seat 2: Yell0wBack (big blind) collected ($2)


PokerStars Hand #152073877062:  Hold'em Limit ($3/$6 USD) - 2016/04/17 19:11:24 ET
Table 'Repsolda II' 6-max Seat #2 is the button
Seat 1: Chessnok ($420.91 in chips)
Seat 2: Yell0wBack ($279.08 in chips)
Yell0wBack: posts small blind $1
Chessnok: posts big blind $3
*** HOLE CARDS ***
Yell0wBack: raises $3 to $6
Chessnok: calls $3
*** FLOP *** [2d 5d 9s]
Chessnok: checks
Yell0wBack: bets $3
Chessnok: raises $3 to $6
Yell0wBack: raises $3 to $9
Chessnok: raises $3 to $12
Betting is capped
Yell0wBack: calls $3
*** TURN *** [2d 5d 9s] [8c]
Chessnok: bets $6
Yell0wBack: calls $6
*** RIVER *** [2d 5d 9s 8c] [2s]
Chessnok: bets $6
Yell0wBack: calls $6
*** SHOW DOWN ***
Chessnok: shows [Kd 9d] (two pair, Nines and Deuces)
Yell0wBack: mucks hand
Chessnok collected $59.50 from pot
*** SUMMARY ***
Total pot $60 | Rake $0.50
Board [2d 5d 9s 8c 2s]
Seat 1: Chessnok (big blind) showed [Kd 9d] and won ($59.50) with two pair, Nines and Deuces
Seat 2: Yell0wBack (button) (small blind) mucked


PokerStars Hand #152073894352:  Hold'em Limit ($3/$6 USD) - 2016/04/17 19:11:51 ET
Table 'Repsolda II' 6-max Seat #2 is the button
Seat 1: Chessnok ($449.41 in chips)
Seat 2: Yell0wBack ($250.08 in chips)
Yell0wBack: posts small blind $1
Chessnok: posts big blind $3
*** HOLE CARDS ***
Yell0wBack: raises $3 to $6
Chessnok: calls $3
*** FLOP *** [Jd Qs Ac]
Chessnok: checks
Yell0wBack: bets $3
Chessnok: calls $3
*** TURN *** [Jd Qs Ac] [Ks]
Chessnok: checks
Yell0wBack: checks
*** RIVER *** [Jd Qs Ac Ks] [7s]
Chessnok: bets $6
Yell0wBack: calls $6
*** SHOW DOWN ***
Chessnok: shows [Tc 6c] (a straight, Ten to Ace)
Yell0wBack: mucks hand
Chessnok collected $29.50 from pot
*** SUMMARY ***
Total pot $30 | Rake $0.50
Board [Jd Qs Ac Ks 7s]
Seat 1: Chessnok (big blind) showed [Tc 6c] and won ($29.50) with a straight, Ten to Ace
Seat 2: Yell0wBack (button) (small blind) mucked


PokerStars Hand #152073937370:  Hold'em Limit ($3/$6 USD) - 2016/04/17 19:12:58 ET
Table 'Repsolda II' 6-max Seat #1 is the button
Seat 1: Chessnok ($445.41 in chips)
Seat 2: Yell0wBack ($252.58 in chips)
Chessnok: posts small blind $1
Yell0wBack: posts big blind $3
*** HOLE CARDS ***
Chessnok: folds
Uncalled bet ($2) returned to Yell0wBack
Yell0wBack collected $2 from pot
Yell0wBack: doesn't show hand
*** SUMMARY ***
Total pot $2 | Rake $0
Seat 1: Chessnok (button) (small blind) folded before Flop
Seat 2: Yell0wBack (big blind) collected ($2)


PokerStars Hand #152073906729:  Hold'em Limit ($3/$6 USD) - 2016/04/17 19:12:10 ET
Table 'Repsolda II' 6-max Seat #1 is the button
Seat 1: Chessnok ($463.91 in chips)
Seat 2: Yell0wBack ($235.08 in chips)
Chessnok: posts small blind $1
Yell0wBack: posts big blind $3
*** HOLE CARDS ***
Chessnok: raises $3 to $6
Yell0wBack: calls $3
*** FLOP *** [2h 8d 4h]
Yell0wBack: checks
Chessnok: checks
*** TURN *** [2h 8d 4h] [7s]
Yell0wBack: checks
Chessnok: bets $6
Yell0wBack: calls $6
*** RIVER *** [2h 8d 4h 7s] [3c]
Yell0wBack: checks
Chessnok: bets $6
Yell0wBack: calls $6
*** SHOW DOWN ***
Chessnok: shows [Kc 7h] (a pair of Sevens)
Yell0wBack: mucks hand
Chessnok collected $35.50 from pot
*** SUMMARY ***
Total pot $36 | Rake $0.50
Board [2h 8d 4h 7s 3c]
Seat 1: Chessnok (button) (small blind) showed [Kc 7h] and won ($35.50) with a pair of Sevens
Seat 2: Yell0wBack (big blind) mucked


PokerStars Hand #152073941417:  Hold'em Limit ($3/$6 USD) - 2016/04/17 19:13:05 ET
Table 'Repsolda II' 6-max Seat #2 is the button
Seat 1: Chessnok ($444.41 in chips)
Seat 2: Yell0wBack ($253.58 in chips)
Yell0wBack: posts small blind $1
Chessnok: posts big blind $3
*** HOLE CARDS ***
Yell0wBack: raises $3 to $6
Chessnok: raises $3 to $9
Yell0wBack: calls $3
*** FLOP *** [8h 4d Ks]
Chessnok: bets $3
Yell0wBack: calls $3
*** TURN *** [8h 4d Ks] [6h]
Chessnok: bets $6
Yell0wBack: folds
Uncalled bet ($6) returned to Chessnok
Chessnok collected $23.52 from pot
Chessnok: doesn't show hand
*** SUMMARY ***
Total pot $24 | Rake $0.48
Board [8h 4d Ks 6h]
Seat 1: Chessnok (big blind) collected ($23.52)
Seat 2: Yell0wBack (button) (small blind) folded on the Turn


PokerStars Hand #152073949612:  Hold'em Limit ($3/$6 USD) - 2016/04/17 19:13:18 ET
Table 'Repsolda II' 6-max Seat #1 is the button
Seat 1: Chessnok ($455.93 in chips)
Seat 2: Yell0wBack ($241.58 in chips)
Chessnok: posts small blind $1
Yell0wBack: posts big blind $3
*** HOLE CARDS ***
Chessnok: folds
Uncalled bet ($2) returned to Yell0wBack
Yell0wBack collected $2 from pot
Yell0wBack: doesn't show hand
*** SUMMARY ***
Total pot $2 | Rake $0
Seat 1: Chessnok (button) (small blind) folded before Flop
Seat 2: Yell0wBack (big blind) collected ($2)


PokerStars Hand #152073954510:  Hold'em Limit ($3/$6 USD) - 2016/04/17 19:13:25 ET
Table 'Repsolda II' 6-max Seat #2 is the button
Seat 1: Chessnok ($454.93 in chips)
Seat 2: Yell0wBack ($242.58 in chips)
Yell0wBack: posts small blind $1
Chessnok: posts big blind $3
*** HOLE CARDS ***
Yell0wBack: raises $3 to $6
Chessnok: raises $3 to $9
Yell0wBack: calls $3
*** FLOP *** [Jd 6h 4h]
Chessnok: bets $3
Yell0wBack: calls $3
*** TURN *** [Jd 6h 4h] [2d]
Chessnok: checks
Yell0wBack: bets $6
Chessnok: calls $6
*** RIVER *** [Jd 6h 4h 2d] [7s]
Chessnok: checks
Yell0wBack: bets $6
Chessnok: calls $6
*** SHOW DOWN ***
Yell0wBack: shows [Jc Td] (a pair of Jacks)
Chessnok: mucks hand
Yell0wBack collected $47.50 from pot
*** SUMMARY ***
Total pot $48 | Rake $0.50
Board [Jd 6h 4h 2d 7s]
Seat 1: Chessnok (big blind) mucked
Seat 2: Yell0wBack (button) (small blind) showed [Jc Td] and won ($47.50) with a pair of Jacks


PokerStars Hand #152073972176:  Hold'em Limit ($3/$6 USD) - 2016/04/17 19:13:52 ET
Table 'Repsolda II' 6-max Seat #1 is the button
Seat 1: Chessnok ($430.93 in chips)
Seat 2: Yell0wBack ($266.08 in chips)
Chessnok: posts small blind $1
Yell0wBack: posts big blind $3
*** HOLE CARDS ***
Chessnok: raises $3 to $6
Yell0wBack: raises $3 to $9
Chessnok: calls $3
*** FLOP *** [8c 5s 6s]
Yell0wBack: bets $3
Chessnok: calls $3
*** TURN *** [8c 5s 6s] [4c]
Yell0wBack: checks
Chessnok: checks
*** RIVER *** [8c 5s 6s 4c] [8d]
Yell0wBack: checks
Chessnok: bets $6
Yell0wBack: calls $6
*** SHOW DOWN ***
Chessnok: shows [9d 3d] (a pair of Eights)
Yell0wBack: shows [Ad Qs] (a pair of Eights - Ace kicker)
Yell0wBack collected $35.50 from pot
*** SUMMARY ***
Total pot $36 | Rake $0.50
Board [8c 5s 6s 4c 8d]
Seat 1: Chessnok (button) (small blind) showed [9d 3d] and lost with a pair of Eights
Seat 2: Yell0wBack (big blind) showed [Ad Qs] and won ($35.50) with a pair of Eights


PokerStars Hand #152073990342:  Hold'em Limit ($3/$6 USD) - 2016/04/17 19:14:21 ET
Table 'Repsolda II' 6-max Seat #2 is the button
Seat 1: Chessnok ($412.93 in chips)
Seat 2: Yell0wBack ($283.58 in chips)
Yell0wBack: posts small blind $1
Chessnok: posts big blind $3
*** HOLE CARDS ***
Yell0wBack: folds
Uncalled bet ($2) returned to Chessnok
Chessnok collected $2 from pot
Chessnok: doesn't show hand
*** SUMMARY ***
Total pot $2 | Rake $0
Seat 1: Chessnok (big blind) collected ($2)
Seat 2: Yell0wBack (button) (small blind) folded before Flop


PokerStars Hand #152073993592:  Hold'em Limit ($3/$6 USD) - 2016/04/17 19:14:26 ET
Table 'Repsolda II' 6-max Seat #1 is the button
Seat 1: Chessnok ($413.93 in chips)
Seat 2: Yell0wBack ($282.58 in chips)
Chessnok: posts small blind $1
Yell0wBack: posts big blind $3
*** HOLE CARDS ***
Chessnok: raises $3 to $6
Yell0wBack: calls $3
*** FLOP *** [5h 6c 7h]
Yell0wBack: checks
Chessnok: bets $3
Yell0wBack: raises $3 to $6
Chessnok: calls $3
*** TURN *** [5h 6c 7h] [Ad]
Yell0wBack: bets $6
Chessnok: calls $6
*** RIVER *** [5h 6c 7h Ad] [3c]
Yell0wBack: bets $6
Chessnok: folds
Uncalled bet ($6) returned to Yell0wBack
Yell0wBack collected $35.50 from pot
Yell0wBack: doesn't show hand
*** SUMMARY ***
Total pot $36 | Rake $0.50
Board [5h 6c 7h Ad 3c]
Seat 1: Chessnok (button) (small blind) folded on the River
Seat 2: Yell0wBack (big blind) collected ($35.50)


PokerStars Hand #152074015695:  Hold'em Limit ($3/$6 USD) - 2016/04/17 19:15:01 ET
Table 'Repsolda II' 6-max Seat #2 is the button
Seat 1: Chessnok ($395.93 in chips)
Seat 2: Yell0wBack ($300.08 in chips)
Yell0wBack: posts small blind $1
Chessnok: posts big blind $3
*** HOLE CARDS ***
Yell0wBack: raises $3 to $6
Chessnok: calls $3
*** FLOP *** [5h Ac 3h]
Chessnok: checks
Yell0wBack: bets $3
Chessnok: calls $3
*** TURN *** [5h Ac 3h] [Kc]
Chessnok: checks
Yell0wBack: bets $6
Chessnok: folds
Uncalled bet ($6) returned to Yell0wBack
Yell0wBack collected $17.64 from pot
Yell0wBack: doesn't show hand
*** SUMMARY ***
Total pot $18 | Rake $0.36
Board [5h Ac 3h Kc]
Seat 1: Chessnok (big blind) folded on the Turn
Seat 2: Yell0wBack (button) (small blind) collected ($17.64)


PokerStars Hand #152074045940:  Hold'em Limit ($3/$6 USD) - 2016/04/17 19:15:48 ET
Table 'Repsolda II' 6-max Seat #2 is the button
Seat 1: Chessnok ($374.93 in chips)
Seat 2: Yell0wBack ($320.24 in chips)
Yell0wBack: posts small blind $1
Chessnok: posts big blind $3
*** HOLE CARDS ***
Yell0wBack: folds
Uncalled bet ($2) returned to Chessnok
Chessnok collected $2 from pot
Chessnok: doesn't show hand
*** SUMMARY ***
Total pot $2 | Rake $0
Seat 1: Chessnok (big blind) collected ($2)
Seat 2: Yell0wBack (button) (small blind) folded before Flop


PokerStars Hand #152074033473:  Hold'em Limit ($3/$6 USD) - 2016/04/17 19:15:29 ET
Table 'Repsolda II' 6-max Seat #1 is the button
Seat 1: Chessnok ($386.93 in chips)
Seat 2: Yell0wBack ($308.72 in chips)
Chessnok: posts small blind $1
Yell0wBack: posts big blind $3
*** HOLE CARDS ***
Chessnok: raises $3 to $6
Yell0wBack: raises $3 to $9
Chessnok: calls $3
*** FLOP *** [Ad Tc Kh]
Yell0wBack: bets $3
Chessnok: calls $3
*** TURN *** [Ad Tc Kh] [5d]
Yell0wBack: bets $6
Chessnok: folds
Uncalled bet ($6) returned to Yell0wBack
Yell0wBack collected $23.52 from pot
Yell0wBack: doesn't show hand
*** SUMMARY ***
Total pot $24 | Rake $0.48
Board [Ad Tc Kh 5d]
Seat 1: Chessnok (button) (small blind) folded on the Turn
Seat 2: Yell0wBack (big blind) collected ($23.52)


PokerStars Hand #152074070064:  Hold'em Limit ($3/$6 USD) - 2016/04/17 19:16:25 ET
Table 'Repsolda II' 6-max Seat #1 is the button
Seat 1: Chessnok ($397.43 in chips)
Seat 2: Yell0wBack ($297.24 in chips)
Chessnok: posts small blind $1
Yell0wBack: posts big blind $3
*** HOLE CARDS ***
Chessnok: raises $3 to $6
Yell0wBack: folds
Uncalled bet ($3) returned to Chessnok
Chessnok collected $6 from pot
Chessnok: doesn't show hand
*** SUMMARY ***
Total pot $6 | Rake $0
Seat 1: Chessnok (button) (small blind) collected ($6)
Seat 2: Yell0wBack (big blind) folded before Flop


PokerStars Hand #152074067185:  Hold'em Limit ($3/$6 USD) - 2016/04/17 19:16:21 ET
Table 'Repsolda II' 6-max Seat #2 is the button
Seat 1: Chessnok ($396.43 in chips)
Seat 2: Yell0wBack ($298.24 in chips)
Yell0wBack: posts small blind $1
Chessnok: posts big blind $3
*** HOLE CARDS ***
Yell0wBack: folds
Uncalled bet ($2) returned to Chessnok
Chessnok collected $2 from pot
Chessnok: doesn't show hand
*** SUMMARY ***
Total pot $2 | Rake $0
Seat 1: Chessnok (big blind) collected ($2)
Seat 2: Yell0wBack (button) (small blind) folded before Flop


PokerStars Hand #152074093903:  Hold'em Limit ($3/$6 USD) - 2016/04/17 19:17:02 ET
Table 'Repsolda II' 6-max Seat #2 is the button
Seat 1: Chessnok ($388.43 in chips)
Seat 2: Yell0wBack ($305.74 in chips)
Yell0wBack: posts small blind $1
Chessnok: posts big blind $3
*** HOLE CARDS ***
Yell0wBack: raises $3 to $6
Chessnok: folds
Uncalled bet ($3) returned to Yell0wBack
Yell0wBack collected $6 from pot
Yell0wBack: doesn't show hand
*** SUMMARY ***
Total pot $6 | Rake $0
Seat 1: Chessnok (big blind) folded before Flop
Seat 2: Yell0wBack (button) (small blind) collected ($6)


PokerStars Hand #152074089213:  Hold'em Limit ($3/$6 USD) - 2016/04/17 19:16:55 ET
Table 'Repsolda II' 6-max Seat #1 is the button
Seat 1: Chessnok ($385.43 in chips)
Seat 2: Yell0wBack ($308.74 in chips)
Chessnok: posts small blind $1
Yell0wBack: posts big blind $3
*** HOLE CARDS ***
Chessnok: raises $3 to $6
Yell0wBack: folds
Uncalled bet ($3) returned to Chessnok
Chessnok collected $6 from pot
Chessnok: doesn't show hand
*** SUMMARY ***
Total pot $6 | Rake $0
Seat 1: Chessnok (button) (small blind) collected ($6)
Seat 2: Yell0wBack (big blind) folded before Flop


PokerStars Hand #152074049646:  Hold'em Limit ($3/$6 USD) - 2016/04/17 19:15:54 ET
Table 'Repsolda II' 6-max Seat #1 is the button
Seat 1: Chessnok ($375.93 in chips)
Seat 2: Yell0wBack ($319.24 in chips)
Chessnok: posts small blind $1
Yell0wBack: posts big blind $3
*** HOLE CARDS ***
Chessnok: raises $3 to $6
Yell0wBack: calls $3
*** FLOP *** [8d Kd 3d]
Yell0wBack: checks
Chessnok: bets $3
Yell0wBack: calls $3
*** TURN *** [8d Kd 3d] [6c]
Yell0wBack: checks
Chessnok: bets $6
Yell0wBack: calls $6
*** RIVER *** [8d Kd 3d 6c] [2s]
Yell0wBack: checks
Chessnok: bets $6
Yell0wBack: calls $6
*** SHOW DOWN ***
Chessnok: shows [Ts Tc] (a pair of Tens)
Yell0wBack: mucks hand
Chessnok collected $41.50 from pot
*** SUMMARY ***
Total pot $42 | Rake $0.50
Board [8d Kd 3d 6c 2s]
Seat 1: Chessnok (button) (small blind) showed [Ts Tc] and won ($41.50) with a pair of Tens
Seat 2: Yell0wBack (big blind) mucked


PokerStars Hand #152074098638:  Hold'em Limit ($3/$6 USD) - 2016/04/17 19:17:10 ET
Table 'Repsolda II' 6-max Seat #1 is the button
Seat 1: Chessnok ($385.43 in chips)
Seat 2: Yell0wBack ($308.74 in chips)
Chessnok: posts small blind $1
Yell0wBack: posts big blind $3
*** HOLE CARDS ***
Chessnok: raises $3 to $6
Yell0wBack: raises $3 to $9
Chessnok: calls $3
*** FLOP *** [7h 8s Qc]
Yell0wBack: bets $3
Chessnok: calls $3
*** TURN *** [7h 8s Qc] [Js]
Yell0wBack: bets $6
Chessnok: calls $6
*** RIVER *** [7h 8s Qc Js] [3h]
Yell0wBack: checks
Chessnok: checks
*** SHOW DOWN ***
Yell0wBack: shows [4c 4s] (a pair of Fours)
Chessnok: mucks hand
Yell0wBack collected $35.50 from pot
*** SUMMARY ***
Total pot $36 | Rake $0.50
Board [7h 8s Qc Js 3h]
Seat 1: Chessnok (button) (small blind) mucked
Seat 2: Yell0wBack (big blind) showed [4c 4s] and won ($35.50) with a pair of Fours


PokerStars Hand #152074149474:  Hold'em Limit ($3/$6 USD) - 2016/04/17 19:18:29 ET
Table 'Repsolda II' 6-max Seat #1 is the button
Seat 1: Chessnok ($376.07 in chips)
Seat 2: Yell0wBack ($317.24 in chips)
Chessnok: posts small blind $1
Yell0wBack: posts big blind $3
*** HOLE CARDS ***
Chessnok: raises $3 to $6
Yell0wBack: folds
Uncalled bet ($3) returned to Chessnok
Chessnok collected $6 from pot
Chessnok: doesn't show hand
*** SUMMARY ***
Total pot $6 | Rake $0
Seat 1: Chessnok (button) (small blind) collected ($6)
Seat 2: Yell0wBack (big blind) folded before Flop


PokerStars Hand #152074153006:  Hold'em Limit ($3/$6 USD) - 2016/04/17 19:18:34 ET
Table 'Repsolda II' 6-max Seat #2 is the button
Seat 1: Chessnok ($379.07 in chips)
Seat 2: Yell0wBack ($314.24 in chips)
Yell0wBack: posts small blind $1
Chessnok: posts big blind $3
*** HOLE CARDS ***
Yell0wBack: raises $3 to $6
Chessnok: calls $3
*** FLOP *** [7h 2d 5h]
Masterraiser joins the table at seat #3
Chessnok: checks
Yell0wBack: bets $3
Chessnok: calls $3
*** TURN *** [7h 2d 5h] [4s]
Chessnok: bets $6
Yell0wBack: raises $6 to $12
Chessnok: raises $6 to $18
Yell0wBack: calls $6
*** RIVER *** [7h 2d 5h 4s] [Tc]
Chessnok: bets $6
Yell0wBack: calls $6
*** SHOW DOWN ***
Chessnok: shows [6c 8c] (a straight, Four to Eight)
Yell0wBack: mucks hand
Chessnok collected $65.50 from pot
*** SUMMARY ***
Total pot $66 | Rake $0.50
Board [7h 2d 5h 4s Tc]
Seat 1: Chessnok (big blind) showed [6c 8c] and won ($65.50) with a straight, Four to Eight
Seat 2: Yell0wBack (button) (small blind) mucked


PokerStars Hand #152074186006:  Hold'em Limit ($3/$6 USD) - 2016/04/17 19:19:10 ET
Table 'Repsolda II' 6-max Seat #1 is the button
Seat 1: Chessnok ($411.57 in chips)
Seat 2: Yell0wBack ($281.24 in chips)
Chessnok: posts small blind $1
Yell0wBack: posts big blind $3
*** HOLE CARDS ***
Chessnok: raises $3 to $6
Yell0wBack: folds
Uncalled bet ($3) returned to Chessnok
Chessnok collected $6 from pot
Chessnok: doesn't show hand
*** SUMMARY ***
Total pot $6 | Rake $0
Seat 1: Chessnok (button) (small blind) collected ($6)
Seat 2: Yell0wBack (big blind) folded before Flop


