PokerStars Hand #152078936321:  Hold'em Limit ($3/$6 USD) - 2016/04/17 22:15:53 ET
Table 'Repsolda II' 6-max Seat #1 is the button
Seat 1: Chessnok ($486.59 in chips)
Seat 3: MissEKAmouse ($138.19 in chips)
Chessnok: posts small blind $1
ABATAPP: is sitting out
MissEKAmouse: posts big blind $3
*** HOLE CARDS ***
Chessnok: raises $3 to $6
MissEKAmouse: folds
Uncalled bet ($3) returned to Chessnok
Chessnok collected $6 from pot
Chessnok: doesn't show hand
*** SUMMARY ***
Total pot $6 | Rake $0
Seat 1: Chessnok (button) (small blind) collected ($6)
Seat 3: MissEKAmouse (big blind) folded before Flop


PokerStars Hand #152078938544:  Hold'em Limit ($3/$6 USD) - 2016/04/17 22:15:59 ET
Table 'Repsolda II' 6-max Seat #3 is the button
Seat 1: Chessnok ($489.59 in chips)
Seat 3: MissEKAmouse ($135.19 in chips)
MissEKAmouse: posts small blind $1
Chessnok: posts big blind $3
*** HOLE CARDS ***
MissEKAmouse: folds
Uncalled bet ($2) returned to Chessnok
Chessnok collected $2 from pot
Chessnok: doesn't show hand
*** SUMMARY ***
Total pot $2 | Rake $0
Seat 1: Chessnok (big blind) collected ($2)
Seat 3: MissEKAmouse (button) (small blind) folded before Flop


PokerStars Hand #152078940815:  Hold'em Limit ($3/$6 USD) - 2016/04/17 22:16:07 ET
Table 'Repsolda II' 6-max Seat #1 is the button
Seat 1: Chessnok ($490.59 in chips)
Seat 3: MissEKAmouse ($134.19 in chips)
Chessnok: posts small blind $1
MissEKAmouse: posts big blind $3
*** HOLE CARDS ***
Chessnok: raises $3 to $6
7 Huligan 7 leaves the table
MissEKAmouse: raises $3 to $9
Chessnok: calls $3
*** FLOP *** [7d Qd Qh]
MissEKAmouse: bets $3
winer103 is disconnected
Chessnok: calls $3
*** TURN *** [7d Qd Qh] [8h]
MissEKAmouse: bets $6
Chessnok: raises $6 to $12
MissEKAmouse: folds
Uncalled bet ($6) returned to Chessnok
Chessnok collected $35.50 from pot
Chessnok: doesn't show hand
*** SUMMARY ***
Total pot $36 | Rake $0.50
Board [7d Qd Qh 8h]
Seat 1: Chessnok (button) (small blind) collected ($35.50)
Seat 3: MissEKAmouse (big blind) folded on the Turn


