PokerStars Hand #149762295273:  Hold'em Limit ($3/$6 USD) - 2016/03/03 6:25:55 ET
Table 'Requiem II' 6-max Seat #3 is the button
Seat 1: VolkovDmitri ($135.50 in chips)
Seat 3: macca04 ($15 in chips)
macca04: posts small blind $1
VolkovDmitri: posts big blind $3
*** HOLE CARDS ***
macca04: raises $3 to $6
VolkovDmitri: raises $3 to $9
macca04: raises $3 to $12
Betting is capped
VolkovDmitri: calls $3
*** FLOP *** [3d 6h 7d]
VolkovDmitri: bets $3
macca04: calls $3 and is all-in
*** TURN *** [3d 6h 7d] [4c]
*** RIVER *** [3d 6h 7d 4c] [8c]
*** SHOW DOWN ***
VolkovDmitri: shows [Th Ks] (high card King)
macca04: shows [Qs Kh] (high card King - Queen kicker)
macca04 collected $29.50 from pot
*** SUMMARY ***
Total pot $30 | Rake $0.50
Board [3d 6h 7d 4c 8c]
Seat 1: VolkovDmitri (big blind) showed [Th Ks] and lost with high card King
Seat 3: macca04 (button) (small blind) showed [Qs Kh] and won ($29.50) with high card King


PokerStars Hand #149762335758:  Hold'em Limit ($3/$6 USD) - 2016/03/03 6:27:16 ET
Table 'Requiem II' 6-max Seat #1 is the button
Seat 1: VolkovDmitri ($128.64 in chips)
Seat 3: macca04 ($21.50 in chips)
VolkovDmitri: posts small blind $1
macca04: posts big blind $3
*** HOLE CARDS ***
VolkovDmitri: raises $3 to $6
macca04: calls $3
*** FLOP *** [3d 5s Kh]
macca04: checks
VolkovDmitri: bets $3
macca04: calls $3
*** TURN *** [3d 5s Kh] [Qc]
macca04: checks
VolkovDmitri: checks
*** RIVER *** [3d 5s Kh Qc] [Kc]
macca04: bets $6
VolkovDmitri: folds
Uncalled bet ($6) returned to macca04
macca04 collected $17.64 from pot
macca04: doesn't show hand
*** SUMMARY ***
Total pot $18 | Rake $0.36
Board [3d 5s Kh Qc Kc]
Seat 1: VolkovDmitri (button) (small blind) folded on the River
Seat 3: macca04 (big blind) collected ($17.64)


PokerStars Hand #149762353983:  Hold'em Limit ($3/$6 USD) - 2016/03/03 6:27:52 ET
Table 'Requiem II' 6-max Seat #1 is the button
Seat 1: VolkovDmitri ($121 in chips)
Seat 3: macca04 ($29.14 in chips)
VolkovDmitri: posts small blind $1
macca04: posts big blind $3
*** HOLE CARDS ***
VolkovDmitri: folds
Uncalled bet ($2) returned to macca04
macca04 collected $2 from pot
macca04: doesn't show hand
*** SUMMARY ***
Total pot $2 | Rake $0
Seat 1: VolkovDmitri (button) (small blind) folded before Flop
Seat 3: macca04 (big blind) collected ($2)


PokerStars Hand #149762351272:  Hold'em Limit ($3/$6 USD) - 2016/03/03 6:27:47 ET
Table 'Requiem II' 6-max Seat #3 is the button
Seat 1: VolkovDmitri ($120 in chips)
Seat 3: macca04 ($30.14 in chips)
macca04: posts small blind $1
VolkovDmitri: posts big blind $3
*** HOLE CARDS ***
macca04: folds
Uncalled bet ($2) returned to VolkovDmitri
VolkovDmitri collected $2 from pot
VolkovDmitri: doesn't show hand
*** SUMMARY ***
Total pot $2 | Rake $0
Seat 1: VolkovDmitri (big blind) collected ($2)
Seat 3: macca04 (button) (small blind) folded before Flop


PokerStars Hand #149762310971:  Hold'em Limit ($3/$6 USD) - 2016/03/03 6:26:26 ET
Table 'Requiem II' 6-max Seat #1 is the button
Seat 1: VolkovDmitri ($120.50 in chips)
Seat 3: macca04 ($29.50 in chips)
VolkovDmitri: posts small blind $1
macca04: posts big blind $3
*** HOLE CARDS ***
VolkovDmitri: folds
Uncalled bet ($2) returned to macca04
macca04 collected $2 from pot
macca04: doesn't show hand
*** SUMMARY ***
Total pot $2 | Rake $0
Seat 1: VolkovDmitri (button) (small blind) folded before Flop
Seat 3: macca04 (big blind) collected ($2)


PokerStars Hand #149762357004:  Hold'em Limit ($3/$6 USD) - 2016/03/03 6:27:59 ET
Table 'Requiem II' 6-max Seat #3 is the button
Seat 1: VolkovDmitri ($120 in chips)
Seat 3: macca04 ($30.14 in chips)
macca04: posts small blind $1
VolkovDmitri: posts big blind $3
*** HOLE CARDS ***
macca04: calls $2
VolkovDmitri: raises $3 to $6
macca04: calls $3
*** FLOP *** [8d 5s 4c]
VolkovDmitri: bets $3
macca04: calls $3
*** TURN *** [8d 5s 4c] [7d]
VolkovDmitri: checks
macca04: bets $6
VolkovDmitri: calls $6
*** RIVER *** [8d 5s 4c 7d] [8s]
VolkovDmitri: checks
macca04: checks
*** SHOW DOWN ***
VolkovDmitri: shows [Ad Qd] (a pair of Eights)
macca04: shows [Ac 7h] (two pair, Eights and Sevens)
macca04 collected $29.50 from pot
*** SUMMARY ***
Total pot $30 | Rake $0.50
Board [8d 5s 4c 7d 8s]
Seat 1: VolkovDmitri (big blind) showed [Ad Qd] and lost with a pair of Eights
Seat 3: macca04 (button) (small blind) showed [Ac 7h] and won ($29.50) with two pair, Eights and Sevens


PokerStars Hand #149762388826:  Hold'em Limit ($3/$6 USD) - 2016/03/03 6:29:02 ET
Table 'Requiem II' 6-max Seat #1 is the button
Seat 1: VolkovDmitri ($120 in chips)
Seat 3: macca04 ($44.64 in chips)
VolkovDmitri: posts small blind $1
macca04: posts big blind $3
*** HOLE CARDS ***
VolkovDmitri: raises $3 to $6
macca04: folds
Uncalled bet ($3) returned to VolkovDmitri
VolkovDmitri collected $6 from pot
VolkovDmitri: doesn't show hand
*** SUMMARY ***
Total pot $6 | Rake $0
Seat 1: VolkovDmitri (button) (small blind) collected ($6)
Seat 3: macca04 (big blind) folded before Flop


PokerStars Hand #149762393991:  Hold'em Limit ($3/$6 USD) - 2016/03/03 6:29:13 ET
Table 'Requiem II' 6-max Seat #3 is the button
Seat 1: VolkovDmitri ($123 in chips)
Seat 3: macca04 ($41.64 in chips)
macca04: posts small blind $1
VolkovDmitri: posts big blind $3
*** HOLE CARDS ***
macca04: raises $3 to $6
VolkovDmitri: raises $3 to $9
macca04: calls $3
*** FLOP *** [6h Ah 2d]
VolkovDmitri: bets $3
macca04: calls $3
*** TURN *** [6h Ah 2d] [5c]
VolkovDmitri: checks
macca04: bets $6
VolkovDmitri: calls $6
*** RIVER *** [6h Ah 2d 5c] [Ac]
VolkovDmitri: checks
macca04: bets $6
VolkovDmitri: calls $6
*** SHOW DOWN ***
macca04: shows [Ad Kc] (three of a kind, Aces)
VolkovDmitri: mucks hand
macca04 collected $47.50 from pot
*** SUMMARY ***
Total pot $48 | Rake $0.50
Board [6h Ah 2d 5c Ac]
Seat 1: VolkovDmitri (big blind) mucked
Seat 3: macca04 (button) (small blind) showed [Ad Kc] and won ($47.50) with three of a kind, Aces


PokerStars Hand #149762438634:  Hold'em Limit ($3/$6 USD) - 2016/03/03 6:30:40 ET
Table 'Requiem II' 6-max Seat #1 is the button
Seat 1: VolkovDmitri ($120 in chips)
Seat 3: macca04 ($65.14 in chips)
VolkovDmitri: posts small blind $1
macca04: posts big blind $3
*** HOLE CARDS ***
VolkovDmitri: raises $3 to $6
macca04: calls $3
*** FLOP *** [7s Ac 4c]
macca04: checks
VolkovDmitri: bets $3
macca04: calls $3
*** TURN *** [7s Ac 4c] [4s]
macca04: checks
VolkovDmitri: bets $6
macca04: calls $6
*** RIVER *** [7s Ac 4c 4s] [Td]
macca04: checks
VolkovDmitri: bets $6
macca04: calls $6
*** SHOW DOWN ***
VolkovDmitri: shows [9s 4d] (three of a kind, Fours)
macca04: mucks hand
VolkovDmitri collected $41.50 from pot
*** SUMMARY ***
Total pot $42 | Rake $0.50
Board [7s Ac 4c 4s Td]
Seat 1: VolkovDmitri (button) (small blind) showed [9s 4d] and won ($41.50) with three of a kind, Fours
Seat 3: macca04 (big blind) mucked


PokerStars Hand #149762469333:  Hold'em Limit ($3/$6 USD) - 2016/03/03 6:31:40 ET
Table 'Requiem II' 6-max Seat #3 is the button
Seat 1: VolkovDmitri ($140.50 in chips)
Seat 3: macca04 ($44.14 in chips)
macca04: posts small blind $1
VolkovDmitri: posts big blind $3
*** HOLE CARDS ***
macca04: calls $2
VolkovDmitri: raises $3 to $6
macca04: calls $3
*** FLOP *** [Ac 7c 3d]
VolkovDmitri: bets $3
macca04: calls $3
*** TURN *** [Ac 7c 3d] [Kd]
VolkovDmitri: bets $6
macca04: calls $6
*** RIVER *** [Ac 7c 3d Kd] [Js]
VolkovDmitri: checks
macca04: bets $6
VolkovDmitri: raises $6 to $12
macca04: calls $6
*** SHOW DOWN ***
VolkovDmitri: shows [4d 5c] (high card Ace)
macca04: shows [4h As] (a pair of Aces)
macca04 collected $53.50 from pot
*** SUMMARY ***
Total pot $54 | Rake $0.50
Board [Ac 7c 3d Kd Js]
Seat 1: VolkovDmitri (big blind) showed [4d 5c] and lost with high card Ace
Seat 3: macca04 (button) (small blind) showed [4h As] and won ($53.50) with a pair of Aces


PokerStars Hand #149762486366:  Hold'em Limit ($3/$6 USD) - 2016/03/03 6:32:13 ET
Table 'Requiem II' 6-max Seat #1 is the button
Seat 1: VolkovDmitri ($120 in chips)
Seat 3: macca04 ($70.64 in chips)
VolkovDmitri: posts small blind $1
macca04: posts big blind $3
*** HOLE CARDS ***
VolkovDmitri: raises $3 to $6
macca04: calls $3
*** FLOP *** [2s 5s Td]
macca04: checks
VolkovDmitri: bets $3
macca04: calls $3
*** TURN *** [2s 5s Td] [3d]
macca04: checks
VolkovDmitri: bets $6
macca04: raises $6 to $12
VolkovDmitri: calls $6
*** RIVER *** [2s 5s Td 3d] [9c]
macca04: bets $6
VolkovDmitri: calls $6
*** SHOW DOWN ***
macca04: shows [Tc 7d] (a pair of Tens)
VolkovDmitri: mucks hand
macca04 collected $53.50 from pot
PikkuHUMPPA joins the table at seat #4
*** SUMMARY ***
Total pot $54 | Rake $0.50
Board [2s 5s Td 3d 9c]
Seat 1: VolkovDmitri (button) (small blind) mucked
Seat 3: macca04 (big blind) showed [Tc 7d] and won ($53.50) with a pair of Tens


PokerStars Hand #149762820764:  Hold'em Limit ($3/$6 USD) - 2016/03/03 6:42:54 ET
Table 'Requiem II' 6-max Seat #1 is the button
Seat 1: VolkovDmitri ($198.75 in chips)
Seat 4: PikkuHUMPPA ($41.97 in chips)
VolkovDmitri: posts small blind $1
PikkuHUMPPA: posts big blind $3
*** HOLE CARDS ***
VolkovDmitri: raises $3 to $6
PikkuHUMPPA: calls $3
*** FLOP *** [3h 5c Td]
PikkuHUMPPA: checks
VolkovDmitri: bets $3
PikkuHUMPPA: folds
Uncalled bet ($3) returned to VolkovDmitri
VolkovDmitri collected $11.76 from pot
VolkovDmitri: doesn't show hand
*** SUMMARY ***
Total pot $12 | Rake $0.24
Board [3h 5c Td]
Seat 1: VolkovDmitri (button) (small blind) collected ($11.76)
Seat 4: PikkuHUMPPA (big blind) folded on the Flop


PokerStars Hand #149762832702:  Hold'em Limit ($3/$6 USD) - 2016/03/03 6:43:17 ET
Table 'Requiem II' 6-max Seat #4 is the button
Seat 1: VolkovDmitri ($204.51 in chips)
Seat 4: PikkuHUMPPA ($35.97 in chips)
PikkuHUMPPA: posts small blind $1
VolkovDmitri: posts big blind $3
*** HOLE CARDS ***
PikkuHUMPPA: raises $3 to $6
VolkovDmitri: calls $3
*** FLOP *** [9d 5h 5s]
VolkovDmitri: checks
PikkuHUMPPA: bets $3
VolkovDmitri: raises $3 to $6
PikkuHUMPPA: calls $3
*** TURN *** [9d 5h 5s] [Ad]
VolkovDmitri: bets $6
PikkuHUMPPA: folds
Uncalled bet ($6) returned to VolkovDmitri
VolkovDmitri collected $23.52 from pot
VolkovDmitri: doesn't show hand
PikkuHUMPPA leaves the table
*** SUMMARY ***
Total pot $24 | Rake $0.48
Board [9d 5h 5s Ad]
Seat 1: VolkovDmitri (big blind) collected ($23.52)
Seat 4: PikkuHUMPPA (button) (small blind) folded on the Turn


