PokerStars Hand #153229393154:  Hold'em Limit ($3/$6 USD) - 2016/05/12 18:30:43 ET
Table 'Requiem' 6-max Seat #3 is the button
Seat 3: Minwu ($110.41 in chips)
Seat 4: Actionni13 ($150 in chips)
Minwu: posts small blind $1
Actionni13: posts big blind $3
*** HOLE CARDS ***
GoliafUa joins the table at seat #5
Minwu: raises $3 to $6
Actionni13: raises $3 to $9
Minwu: calls $3
*** FLOP *** [6c Qh 4h]
Actionni13: bets $3
Minwu: raises $3 to $6
Actionni13: raises $3 to $9
Minwu: calls $3
*** TURN *** [6c Qh 4h] [5s]
Actionni13: bets $6
Minwu: calls $6
*** RIVER *** [6c Qh 4h 5s] [5d]
Actionni13: bets $6
Minwu: calls $6
*** SHOW DOWN ***
Actionni13: shows [Kd Qd] (two pair, Queens and Fives)
Minwu: mucks hand
Actionni13 collected $59.50 from pot
*** SUMMARY ***
Total pot $60 | Rake $0.50
Board [6c Qh 4h 5s 5d]
Seat 3: Minwu (button) (small blind) mucked
Seat 4: Actionni13 (big blind) showed [Kd Qd] and won ($59.50) with two pair, Queens and Fives


PokerStars Hand #153229422396:  Hold'em Limit ($3/$6 USD) - 2016/05/12 18:31:24 ET
Table 'Requiem' 6-max Seat #3 is the button
Seat 3: Minwu ($81.41 in chips)
Seat 4: Actionni13 ($178.50 in chips)
Minwu: posts small blind $1
Actionni13: posts big blind $3
*** HOLE CARDS ***
Minwu: calls $2
Actionni13: raises $3 to $6
Minwu: calls $3
*** FLOP *** [4h 3c 2s]
Actionni13: checks
Minwu: checks
*** TURN *** [4h 3c 2s] [3d]
Actionni13: bets $6
Minwu: folds
Uncalled bet ($6) returned to Actionni13
Actionni13 collected $11.76 from pot
Actionni13: doesn't show hand
*** SUMMARY ***
Total pot $12 | Rake $0.24
Board [4h 3c 2s 3d]
Seat 3: Minwu (button) (small blind) folded on the Turn
Seat 4: Actionni13 (big blind) collected ($11.76)


PokerStars Hand #153229412994:  Hold'em Limit ($3/$6 USD) - 2016/05/12 18:31:11 ET
Table 'Requiem' 6-max Seat #4 is the button
Seat 3: Minwu ($80.41 in chips)
Seat 4: Actionni13 ($179.50 in chips)
Actionni13: posts small blind $1
Minwu: posts big blind $3
*** HOLE CARDS ***
Actionni13: folds
Uncalled bet ($2) returned to Minwu
Minwu collected $2 from pot
Minwu: doesn't show hand
*** SUMMARY ***
Total pot $2 | Rake $0
Seat 3: Minwu (big blind) collected ($2)
Seat 4: Actionni13 (button) (small blind) folded before Flop


PokerStars Hand #153229441349:  Hold'em Limit ($3/$6 USD) - 2016/05/12 18:31:50 ET
Table 'Requiem' 6-max Seat #4 is the button
Seat 3: Minwu ($75.41 in chips)
Seat 4: Actionni13 ($184.26 in chips)
Actionni13: posts small blind $1
Minwu: posts big blind $3
*** HOLE CARDS ***
Actionni13: raises $3 to $6
Minwu: calls $3
*** FLOP *** [9c 5c Ac]
Minwu: checks
Actionni13: bets $3
Minwu: folds
Uncalled bet ($3) returned to Actionni13
Actionni13 collected $11.76 from pot
Actionni13: doesn't show hand
*** SUMMARY ***
Total pot $12 | Rake $0.24
Board [9c 5c Ac]
Seat 3: Minwu (big blind) folded on the Flop
Seat 4: Actionni13 (button) (small blind) collected ($11.76)


PokerStars Hand #153229464995:  Hold'em Limit ($3/$6 USD) - 2016/05/12 18:32:23 ET
Table 'Requiem' 6-max Seat #4 is the button
Seat 3: Minwu ($57.41 in chips)
Seat 4: Actionni13 ($201.54 in chips)
Actionni13: posts small blind $1
Minwu: posts big blind $3
*** HOLE CARDS ***
Actionni13: raises $3 to $6
Minwu: calls $3
*** FLOP *** [8h Qd 2s]
Minwu: checks
Actionni13: bets $3
Minwu: folds
Uncalled bet ($3) returned to Actionni13
Actionni13 collected $11.76 from pot
Actionni13: doesn't show hand
*** SUMMARY ***
Total pot $12 | Rake $0.24
Board [8h Qd 2s]
Seat 3: Minwu (big blind) folded on the Flop
Seat 4: Actionni13 (button) (small blind) collected ($11.76)


PokerStars Hand #153229450851:  Hold'em Limit ($3/$6 USD) - 2016/05/12 18:32:03 ET
Table 'Requiem' 6-max Seat #3 is the button
Seat 3: Minwu ($69.41 in chips)
Seat 4: Actionni13 ($190.02 in chips)
Minwu: posts small blind $1
Actionni13: posts big blind $3
*** HOLE CARDS ***
Minwu: raises $3 to $6
Actionni13: calls $3
*** FLOP *** [6h Jh 3h]
Actionni13: checks
Minwu: bets $3
Actionni13: raises $3 to $6
Minwu: calls $3
*** TURN *** [6h Jh 3h] [8d]
Actionni13: bets $6
Minwu: folds
Uncalled bet ($6) returned to Actionni13
Actionni13 collected $23.52 from pot
Actionni13: doesn't show hand
*** SUMMARY ***
Total pot $24 | Rake $0.48
Board [6h Jh 3h 8d]
Seat 3: Minwu (button) (small blind) folded on the Turn
Seat 4: Actionni13 (big blind) collected ($23.52)


PokerStars Hand #153229490350:  Hold'em Limit ($3/$6 USD) - 2016/05/12 18:32:58 ET
Table 'Requiem' 6-max Seat #4 is the button
Seat 3: Minwu ($33.41 in chips)
Seat 4: Actionni13 ($224.80 in chips)
Actionni13: posts small blind $1
Minwu: posts big blind $3
*** HOLE CARDS ***
Actionni13: folds
Uncalled bet ($2) returned to Minwu
Minwu collected $2 from pot
Minwu: doesn't show hand
*** SUMMARY ***
Total pot $2 | Rake $0
Seat 3: Minwu (big blind) collected ($2)
Seat 4: Actionni13 (button) (small blind) folded before Flop


PokerStars Hand #153229473909:  Hold'em Limit ($3/$6 USD) - 2016/05/12 18:32:35 ET
Table 'Requiem' 6-max Seat #3 is the button
Seat 3: Minwu ($51.41 in chips)
Seat 4: Actionni13 ($207.30 in chips)
Minwu: posts small blind $1
Actionni13: posts big blind $3
*** HOLE CARDS ***
Minwu: raises $3 to $6
Actionni13: calls $3
*** FLOP *** [4d Th Qs]
Actionni13: checks
Minwu: bets $3
Actionni13: raises $3 to $6
Minwu: calls $3
*** TURN *** [4d Th Qs] [3d]
Actionni13: bets $6
Minwu: calls $6
*** RIVER *** [4d Th Qs 3d] [5c]
Actionni13: bets $6
Minwu: folds
Uncalled bet ($6) returned to Actionni13
Actionni13 collected $35.50 from pot
Actionni13: doesn't show hand
*** SUMMARY ***
Total pot $36 | Rake $0.50
Board [4d Th Qs 3d 5c]
Seat 3: Minwu (button) (small blind) folded on the River
Seat 4: Actionni13 (big blind) collected ($35.50)


PokerStars Hand #153229507415:  Hold'em Limit ($3/$6 USD) - 2016/05/12 18:33:21 ET
Table 'Requiem' 6-max Seat #3 is the button
Seat 3: Minwu ($31.41 in chips)
Seat 4: Actionni13 ($226.56 in chips)
Minwu: posts small blind $1
Actionni13: posts big blind $3
*** HOLE CARDS ***
Minwu: raises $3 to $6
Actionni13: folds
Uncalled bet ($3) returned to Minwu
Minwu collected $6 from pot
Minwu: doesn't show hand
*** SUMMARY ***
Total pot $6 | Rake $0
Seat 3: Minwu (button) (small blind) collected ($6)
Seat 4: Actionni13 (big blind) folded before Flop


PokerStars Hand #153229498507:  Hold'em Limit ($3/$6 USD) - 2016/05/12 18:33:09 ET
Table 'Requiem' 6-max Seat #4 is the button
Seat 3: Minwu ($37.41 in chips)
Seat 4: Actionni13 ($220.80 in chips)
Actionni13: posts small blind $1
Minwu: posts big blind $3
*** HOLE CARDS ***
Actionni13: raises $3 to $6
Minwu: calls $3
*** FLOP *** [Kh 3c 2s]
Minwu: checks
Actionni13: bets $3
Minwu: folds
Uncalled bet ($3) returned to Actionni13
Actionni13 collected $11.76 from pot
Actionni13: doesn't show hand
*** SUMMARY ***
Total pot $12 | Rake $0.24
Board [Kh 3c 2s]
Seat 3: Minwu (big blind) folded on the Flop
Seat 4: Actionni13 (button) (small blind) collected ($11.76)


PokerStars Hand #153229494017:  Hold'em Limit ($3/$6 USD) - 2016/05/12 18:33:03 ET
Table 'Requiem' 6-max Seat #3 is the button
Seat 3: Minwu ($34.41 in chips)
Seat 4: Actionni13 ($223.80 in chips)
Minwu: posts small blind $1
Actionni13: posts big blind $3
*** HOLE CARDS ***
Minwu: raises $3 to $6
Actionni13: folds
Uncalled bet ($3) returned to Minwu
Minwu collected $6 from pot
Minwu: doesn't show hand
*** SUMMARY ***
Total pot $6 | Rake $0
Seat 3: Minwu (button) (small blind) collected ($6)
Seat 4: Actionni13 (big blind) folded before Flop


PokerStars Hand #153229512338:  Hold'em Limit ($3/$6 USD) - 2016/05/12 18:33:28 ET
Table 'Requiem' 6-max Seat #4 is the button
Seat 3: Minwu ($34.41 in chips)
Seat 4: Actionni13 ($223.56 in chips)
Actionni13: posts small blind $1
Minwu: posts big blind $3
*** HOLE CARDS ***
Actionni13: raises $3 to $6
Minwu: raises $3 to $9
Actionni13: calls $3
*** FLOP *** [2h 3c 8c]
Minwu: bets $3
Actionni13: calls $3
*** TURN *** [2h 3c 8c] [Kd]
Minwu: bets $6
Actionni13: calls $6
*** RIVER *** [2h 3c 8c Kd] [Th]
Minwu: checks
Actionni13: bets $6
Minwu: calls $6
*** SHOW DOWN ***
Actionni13: shows [Qd Qs] (a pair of Queens)
Minwu: mucks hand
Actionni13 collected $47.50 from pot
*** SUMMARY ***
Total pot $48 | Rake $0.50
Board [2h 3c 8c Kd Th]
Seat 3: Minwu (big blind) mucked
Seat 4: Actionni13 (button) (small blind) showed [Qd Qs] and won ($47.50) with a pair of Queens


PokerStars Hand #153229571136:  Hold'em Limit ($3/$6 USD) - 2016/05/12 18:34:50 ET
Table 'Requiem' 6-max Seat #4 is the button
Seat 3: Minwu ($36.90 in chips)
Seat 4: Actionni13 ($219.65 in chips)
Actionni13: posts small blind $1
Minwu: posts big blind $3
*** HOLE CARDS ***
Actionni13: folds
Uncalled bet ($2) returned to Minwu
Minwu collected $2 from pot
Minwu: doesn't show hand
*** SUMMARY ***
Total pot $2 | Rake $0
Seat 3: Minwu (big blind) collected ($2)
Seat 4: Actionni13 (button) (small blind) folded before Flop


PokerStars Hand #153229567532:  Hold'em Limit ($3/$6 USD) - 2016/05/12 18:34:45 ET
Table 'Requiem' 6-max Seat #3 is the button
Seat 3: Minwu ($37.90 in chips)
Seat 4: Actionni13 ($218.65 in chips)
Minwu: posts small blind $1
Actionni13: posts big blind $3
*** HOLE CARDS ***
Minwu: folds
Uncalled bet ($2) returned to Actionni13
Actionni13 collected $2 from pot
Actionni13: doesn't show hand
*** SUMMARY ***
Total pot $2 | Rake $0
Seat 3: Minwu (button) (small blind) folded before Flop
Seat 4: Actionni13 (big blind) collected ($2)


PokerStars Hand #153229552279:  Hold'em Limit ($3/$6 USD) - 2016/05/12 18:34:24 ET
Table 'Requiem' 6-max Seat #4 is the button
Seat 3: Minwu ($20.40 in chips)
Seat 4: Actionni13 ($236.65 in chips)
Actionni13: posts small blind $1
Minwu: posts big blind $3
*** HOLE CARDS ***
Actionni13: raises $3 to $6
Minwu: calls $3
*** FLOP *** [6s 8s 2d]
Minwu: checks
Actionni13: checks
*** TURN *** [6s 8s 2d] [Kd]
Minwu: checks
Actionni13: bets $6
Minwu: calls $6
*** RIVER *** [6s 8s 2d Kd] [Ac]
Minwu: checks
Actionni13: bets $6
Minwu: calls $6
*** SHOW DOWN ***
Actionni13: shows [Tc 7c] (high card Ace)
Minwu: shows [Th 2s] (a pair of Deuces)
Minwu collected $35.50 from pot
*** SUMMARY ***
Total pot $36 | Rake $0.50
Board [6s 8s 2d Kd Ac]
Seat 3: Minwu (big blind) showed [Th 2s] and won ($35.50) with a pair of Deuces
Seat 4: Actionni13 (button) (small blind) showed [Tc 7c] and lost with high card Ace


PokerStars Hand #153229534398:  Hold'em Limit ($3/$6 USD) - 2016/05/12 18:33:59 ET
Table 'Requiem' 6-max Seat #3 is the button
Seat 3: Minwu ($10.41 in chips)
Seat 4: Actionni13 ($247.06 in chips)
Minwu: posts small blind $1
Actionni13: posts big blind $3
*** HOLE CARDS ***
Minwu: raises $3 to $6
Actionni13: calls $3
*** FLOP *** [Th 8s Jh]
Actionni13: checks
Minwu: bets $3
Actionni13: calls $3
*** TURN *** [Th 8s Jh] [2d]
Actionni13: checks
Minwu: bets $1.41 and is all-in
Actionni13: calls $1.41
*** RIVER *** [Th 8s Jh 2d] [3c]
*** SHOW DOWN ***
Actionni13: shows [Kd 7h] (high card King)
Minwu: shows [9c 9s] (a pair of Nines)
Minwu collected $20.40 from pot
*** SUMMARY ***
Total pot $20.82 | Rake $0.42
Board [Th 8s Jh 2d 3c]
Seat 3: Minwu (button) (small blind) showed [9c 9s] and won ($20.40) with a pair of Nines
Seat 4: Actionni13 (big blind) showed [Kd 7h] and lost with high card King


PokerStars Hand #153229574317:  Hold'em Limit ($3/$6 USD) - 2016/05/12 18:34:54 ET
Table 'Requiem' 6-max Seat #3 is the button
Seat 3: Minwu ($37.90 in chips)
Seat 4: Actionni13 ($218.65 in chips)
Minwu: posts small blind $1
Actionni13: posts big blind $3
*** HOLE CARDS ***
Minwu: raises $3 to $6
Actionni13: raises $3 to $9
Minwu: calls $3
*** FLOP *** [6c 4d Kc]
Actionni13: bets $3
Minwu: calls $3
*** TURN *** [6c 4d Kc] [2d]
Actionni13: checks
Minwu: bets $6
Actionni13: calls $6
*** RIVER *** [6c 4d Kc 2d] [8c]
Actionni13: checks
Minwu: bets $6
Actionni13: folds
Uncalled bet ($6) returned to Minwu
Minwu collected $35.50 from pot
Minwu: doesn't show hand
*** SUMMARY ***
Total pot $36 | Rake $0.50
Board [6c 4d Kc 2d 8c]
Seat 3: Minwu (button) (small blind) collected ($35.50)
Seat 4: Actionni13 (big blind) folded on the River


PokerStars Hand #153229612833:  Hold'em Limit ($3/$6 USD) - 2016/05/12 18:35:48 ET
Table 'Requiem' 6-max Seat #4 is the button
Seat 3: Minwu ($55.40 in chips)
Seat 4: Actionni13 ($200.65 in chips)
Actionni13: posts small blind $1
Minwu: posts big blind $3
*** HOLE CARDS ***
Actionni13: raises $3 to $6
Minwu: calls $3
*** FLOP *** [5s 9c 8s]
Minwu: checks
Actionni13: checks
*** TURN *** [5s 9c 8s] [7h]
Minwu: bets $6
Actionni13: calls $6
*** RIVER *** [5s 9c 8s 7h] [Ah]
Minwu: checks
Actionni13: checks
*** SHOW DOWN ***
Minwu: shows [Tc 2s] (high card Ace)
Actionni13: shows [Td 3d] (high card Ace)
Minwu collected $11.76 from pot
Actionni13 collected $11.76 from pot
*** SUMMARY ***
Total pot $24 | Rake $0.48
Board [5s 9c 8s 7h Ah]
Seat 3: Minwu (big blind) showed [Tc 2s] and won ($11.76) with high card Ace
Seat 4: Actionni13 (button) (small blind) showed [Td 3d] and won ($11.76) with high card Ace


PokerStars Hand #153229662930:  Hold'em Limit ($3/$6 USD) - 2016/05/12 18:36:57 ET
Table 'Requiem' 6-max Seat #3 is the button
Seat 3: Minwu ($55.16 in chips)
Seat 4: Actionni13 ($200.41 in chips)
Minwu: posts small blind $1
Actionni13: posts big blind $3
*** HOLE CARDS ***
Minwu: raises $3 to $6
Actionni13: calls $3
*** FLOP *** [3c Th 4s]
Actionni13: checks
Minwu: bets $3
Actionni13: calls $3
*** TURN *** [3c Th 4s] [Js]
Actionni13: checks
Minwu: checks
*** RIVER *** [3c Th 4s Js] [9c]
Actionni13: checks
Minwu: checks
*** SHOW DOWN ***
Actionni13: shows [5c Qs] (high card Queen)
Minwu: shows [2d Ac] (high card Ace)
Minwu collected $17.64 from pot
*** SUMMARY ***
Total pot $18 | Rake $0.36
Board [3c Th 4s Js 9c]
Seat 3: Minwu (button) (small blind) showed [2d Ac] and won ($17.64) with high card Ace
Seat 4: Actionni13 (big blind) showed [5c Qs] and lost with high card Queen


PokerStars Hand #153229713475:  Hold'em Limit ($3/$6 USD) - 2016/05/12 18:38:07 ET
Table 'Requiem' 6-max Seat #3 is the button
Seat 3: Minwu ($90.30 in chips)
Seat 4: Actionni13 ($164.41 in chips)
Minwu: posts small blind $1
Actionni13: posts big blind $3
*** HOLE CARDS ***
Minwu: raises $3 to $6
Actionni13: calls $3
*** FLOP *** [3h Tc 5h]
Actionni13: checks
Minwu: bets $3
Actionni13: calls $3
*** TURN *** [3h Tc 5h] [5c]
Actionni13: checks
Minwu: checks
*** RIVER *** [3h Tc 5h 5c] [5s]
Actionni13: bets $6
Minwu: calls $6
*** SHOW DOWN ***
Actionni13: shows [8s 7h] (three of a kind, Fives)
Minwu: shows [7s Kc] (three of a kind, Fives - King kicker)
Minwu collected $29.50 from pot
*** SUMMARY ***
Total pot $30 | Rake $0.50
Board [3h Tc 5h 5c 5s]
Seat 3: Minwu (button) (small blind) showed [7s Kc] and won ($29.50) with three of a kind, Fives
Seat 4: Actionni13 (big blind) showed [8s 7h] and lost with three of a kind, Fives


PokerStars Hand #153229692232:  Hold'em Limit ($3/$6 USD) - 2016/05/12 18:37:38 ET
Table 'Requiem' 6-max Seat #4 is the button
Seat 3: Minwu ($63.80 in chips)
Seat 4: Actionni13 ($191.41 in chips)
Actionni13: posts small blind $1
Minwu: posts big blind $3
*** HOLE CARDS ***
Actionni13: raises $3 to $6
Minwu: calls $3
*** FLOP *** [9c 4s Tc]
Minwu: checks
Actionni13: bets $3
Minwu: calls $3
*** TURN *** [9c 4s Tc] [5d]
Minwu: checks
Actionni13: bets $6
Minwu: raises $6 to $12
Actionni13: calls $6
*** RIVER *** [9c 4s Tc 5d] [Jc]
Minwu: bets $6
Actionni13: calls $6
*** SHOW DOWN ***
Minwu: shows [5h Ts] (two pair, Tens and Fives)
Actionni13: mucks hand
Minwu collected $53.50 from pot
*** SUMMARY ***
Total pot $54 | Rake $0.50
Board [9c 4s Tc 5d Jc]
Seat 3: Minwu (big blind) showed [5h Ts] and won ($53.50) with two pair, Tens and Fives
Seat 4: Actionni13 (button) (small blind) mucked


PokerStars Hand #153229768708:  Hold'em Limit ($3/$6 USD) - 2016/05/12 18:39:23 ET
Table 'Requiem' 6-max Seat #4 is the button
Seat 3: Minwu ($92.56 in chips)
Seat 4: Actionni13 ($167.50 in chips)
Actionni13: posts small blind $1
Minwu: posts big blind $3
*** HOLE CARDS ***
Actionni13: raises $3 to $6
Minwu: raises $3 to $9
Actionni13: calls $3
*** FLOP *** [Th 8c 5s]
Minwu: bets $3
Actionni13: calls $3
*** TURN *** [Th 8c 5s] [Kh]
Minwu: bets $6
Actionni13: raises $6 to $12
Minwu: folds
Uncalled bet ($6) returned to Actionni13
Actionni13 collected $35.50 from pot
Actionni13: doesn't show hand
*** SUMMARY ***
Total pot $36 | Rake $0.50
Board [Th 8c 5s Kh]
Seat 3: Minwu (big blind) folded on the Turn
Seat 4: Actionni13 (button) (small blind) collected ($35.50)


PokerStars Hand #153229751434:  Hold'em Limit ($3/$6 USD) - 2016/05/12 18:39:00 ET
Table 'Requiem' 6-max Seat #3 is the button
Seat 3: Minwu ($110.56 in chips)
Seat 4: Actionni13 ($150 in chips)
Minwu: posts small blind $1
Actionni13: posts big blind $3
*** HOLE CARDS ***
Minwu: raises $3 to $6
Actionni13: calls $3
*** FLOP *** [6s 3c 9s]
Actionni13: checks
Minwu: bets $3
Actionni13: raises $3 to $6
Minwu: calls $3
*** TURN *** [6s 3c 9s] [4c]
Actionni13: bets $6
Minwu: calls $6
*** RIVER *** [6s 3c 9s 4c] [3d]
Actionni13: bets $6
Minwu: folds
Uncalled bet ($6) returned to Actionni13
Actionni13 collected $35.50 from pot
Actionni13: doesn't show hand
*** SUMMARY ***
Total pot $36 | Rake $0.50
Board [6s 3c 9s 4c 3d]
Seat 3: Minwu (button) (small blind) folded on the River
Seat 4: Actionni13 (big blind) collected ($35.50)


PokerStars Hand #153229740151:  Hold'em Limit ($3/$6 USD) - 2016/05/12 18:38:44 ET
Table 'Requiem' 6-max Seat #4 is the button
Seat 3: Minwu ($104.80 in chips)
Seat 4: Actionni13 ($150 in chips)
Actionni13: posts small blind $1
Minwu: posts big blind $3
*** HOLE CARDS ***
Actionni13: raises $3 to $6
Minwu: calls $3
*** FLOP *** [5c 7s 2s]
Minwu: checks
Actionni13: checks
*** TURN *** [5c 7s 2s] [4d]
Minwu: bets $6
Actionni13: folds
Uncalled bet ($6) returned to Minwu
Minwu collected $11.76 from pot
Minwu: doesn't show hand
*** SUMMARY ***
Total pot $12 | Rake $0.24
Board [5c 7s 2s 4d]
Seat 3: Minwu (big blind) collected ($11.76)
Seat 4: Actionni13 (button) (small blind) folded on the Turn


PokerStars Hand #153229806767:  Hold'em Limit ($3/$6 USD) - 2016/05/12 18:40:16 ET
Table 'Requiem' 6-max Seat #3 is the button
Seat 3: Minwu ($66.56 in chips)
Seat 4: Actionni13 ($192.64 in chips)
Minwu: posts small blind $1
Actionni13: posts big blind $3
*** HOLE CARDS ***
Minwu: raises $3 to $6
Actionni13: calls $3
*** FLOP *** [4h 5s Qh]
Actionni13: checks
Minwu: bets $3
Actionni13: calls $3
*** TURN *** [4h 5s Qh] [Ac]
Actionni13: checks
Minwu: bets $6
Actionni13: folds
Uncalled bet ($6) returned to Minwu
Minwu collected $17.64 from pot
Minwu: doesn't show hand
*** SUMMARY ***
Total pot $18 | Rake $0.36
Board [4h 5s Qh Ac]
Seat 3: Minwu (button) (small blind) collected ($17.64)
Seat 4: Actionni13 (big blind) folded on the Turn


PokerStars Hand #153229803208:  Hold'em Limit ($3/$6 USD) - 2016/05/12 18:40:11 ET
Table 'Requiem' 6-max Seat #4 is the button
Seat 3: Minwu ($65.56 in chips)
Seat 4: Actionni13 ($193.64 in chips)
Actionni13: posts small blind $1
Minwu: posts big blind $3
*** HOLE CARDS ***
Actionni13: folds
Uncalled bet ($2) returned to Minwu
Minwu collected $2 from pot
Minwu: doesn't show hand
*** SUMMARY ***
Total pot $2 | Rake $0
Seat 3: Minwu (big blind) collected ($2)
Seat 4: Actionni13 (button) (small blind) folded before Flop


PokerStars Hand #153229788932:  Hold'em Limit ($3/$6 USD) - 2016/05/12 18:39:51 ET
Table 'Requiem' 6-max Seat #3 is the button
Seat 3: Minwu ($74.56 in chips)
Seat 4: Actionni13 ($185 in chips)
Minwu: posts small blind $1
Actionni13: posts big blind $3
*** HOLE CARDS ***
Minwu: raises $3 to $6
Actionni13: raises $3 to $9
Minwu: calls $3
*** FLOP *** [Jd 3h Kh]
Actionni13: bets $3
Minwu: folds
Uncalled bet ($3) returned to Actionni13
Actionni13 collected $17.64 from pot
Actionni13: doesn't show hand
*** SUMMARY ***
Total pot $18 | Rake $0.36
Board [Jd 3h Kh]
Seat 3: Minwu (button) (small blind) folded on the Flop
Seat 4: Actionni13 (big blind) collected ($17.64)


PokerStars Hand #153229858300:  Hold'em Limit ($3/$6 USD) - 2016/05/12 18:41:26 ET
Table 'Requiem' 6-max Seat #4 is the button
Seat 3: Minwu ($99.70 in chips)
Seat 4: Actionni13 ($158.64 in chips)
Actionni13: posts small blind $1
Minwu: posts big blind $3
*** HOLE CARDS ***
Actionni13: raises $3 to $6
Minwu: raises $3 to $9
Actionni13: calls $3
*** FLOP *** [2c Kd Ad]
Minwu: bets $3
Actionni13: folds
Uncalled bet ($3) returned to Minwu
Minwu collected $17.64 from pot
Minwu: doesn't show hand
*** SUMMARY ***
Total pot $18 | Rake $0.36
Board [2c Kd Ad]
Seat 3: Minwu (big blind) collected ($17.64)
Seat 4: Actionni13 (button) (small blind) folded on the Flop


PokerStars Hand #153229839456:  Hold'em Limit ($3/$6 USD) - 2016/05/12 18:41:00 ET
Table 'Requiem' 6-max Seat #3 is the button
Seat 3: Minwu ($76.20 in chips)
Seat 4: Actionni13 ($182.64 in chips)
Minwu: posts small blind $1
Actionni13: posts big blind $3
*** HOLE CARDS ***
Minwu: raises $3 to $6
Actionni13: raises $3 to $9
Minwu: calls $3
*** FLOP *** [9d 6h 4c]
Actionni13: bets $3
Minwu: calls $3
*** TURN *** [9d 6h 4c] [8s]
Actionni13: checks
Minwu: bets $6
Actionni13: calls $6
*** RIVER *** [9d 6h 4c 8s] [Kd]
Actionni13: checks
Minwu: bets $6
Actionni13: calls $6
*** SHOW DOWN ***
Minwu: shows [7d Kh] (a pair of Kings)
Actionni13: mucks hand
Minwu collected $47.50 from pot
*** SUMMARY ***
Total pot $48 | Rake $0.50
Board [9d 6h 4c 8s Kd]
Seat 3: Minwu (button) (small blind) showed [7d Kh] and won ($47.50) with a pair of Kings
Seat 4: Actionni13 (big blind) mucked


PokerStars Hand #153229836045:  Hold'em Limit ($3/$6 USD) - 2016/05/12 18:40:56 ET
Table 'Requiem' 6-max Seat #4 is the button
Seat 3: Minwu ($75.20 in chips)
Seat 4: Actionni13 ($183.64 in chips)
Actionni13: posts small blind $1
Minwu: posts big blind $3
*** HOLE CARDS ***
Actionni13: folds
Uncalled bet ($2) returned to Minwu
Minwu collected $2 from pot
Minwu: doesn't show hand
*** SUMMARY ***
Total pot $2 | Rake $0
Seat 3: Minwu (big blind) collected ($2)
Seat 4: Actionni13 (button) (small blind) folded before Flop


PokerStars Hand #153229895673:  Hold'em Limit ($3/$6 USD) - 2016/05/12 18:42:18 ET
Table 'Requiem' 6-max Seat #4 is the button
Seat 3: Minwu ($118.10 in chips)
Seat 4: Actionni13 ($151 in chips)
Actionni13: posts small blind $1
Minwu: posts big blind $3
*** HOLE CARDS ***
Actionni13: raises $3 to $6
Minwu: raises $3 to $9
Actionni13: calls $3
*** FLOP *** [6s 3s 9s]
Minwu: bets $3
Actionni13: calls $3
*** TURN *** [6s 3s 9s] [4c]
Minwu: checks
Actionni13: checks
*** RIVER *** [6s 3s 9s 4c] [Tc]
Minwu: checks
Actionni13: checks
*** SHOW DOWN ***
Minwu: shows [Ah Jh] (high card Ace)
Actionni13: mucks hand
Minwu collected $23.52 from pot
*** SUMMARY ***
Total pot $24 | Rake $0.48
Board [6s 3s 9s 4c Tc]
Seat 3: Minwu (big blind) showed [Ah Jh] and won ($23.52) with high card Ace
Seat 4: Actionni13 (button) (small blind) mucked


PokerStars Hand #153229892310:  Hold'em Limit ($3/$6 USD) - 2016/05/12 18:42:13 ET
Table 'Requiem' 6-max Seat #3 is the button
Seat 3: Minwu ($119.10 in chips)
Seat 4: Actionni13 ($150 in chips)
Minwu: posts small blind $1
Actionni13: posts big blind $3
*** HOLE CARDS ***
Minwu: folds
Uncalled bet ($2) returned to Actionni13
Actionni13 collected $2 from pot
Actionni13: doesn't show hand
*** SUMMARY ***
Total pot $2 | Rake $0
Seat 3: Minwu (button) (small blind) folded before Flop
Seat 4: Actionni13 (big blind) collected ($2)


PokerStars Hand #153229889055:  Hold'em Limit ($3/$6 USD) - 2016/05/12 18:42:09 ET
Table 'Requiem' 6-max Seat #4 is the button
Seat 3: Minwu ($118.10 in chips)
Seat 4: Actionni13 ($150 in chips)
Actionni13: posts small blind $1
Minwu: posts big blind $3
*** HOLE CARDS ***
Actionni13: folds
Uncalled bet ($2) returned to Minwu
Minwu collected $2 from pot
Minwu: doesn't show hand
*** SUMMARY ***
Total pot $2 | Rake $0
Seat 3: Minwu (big blind) collected ($2)
Seat 4: Actionni13 (button) (small blind) folded before Flop


PokerStars Hand #153229885330:  Hold'em Limit ($3/$6 USD) - 2016/05/12 18:42:04 ET
Table 'Requiem' 6-max Seat #3 is the button
Seat 3: Minwu ($115.10 in chips)
Seat 4: Actionni13 ($150 in chips)
Minwu: posts small blind $1
Actionni13: posts big blind $3
*** HOLE CARDS ***
Minwu: raises $3 to $6
Actionni13: folds
Uncalled bet ($3) returned to Minwu
Minwu collected $6 from pot
Minwu: doesn't show hand
*** SUMMARY ***
Total pot $6 | Rake $0
Seat 3: Minwu (button) (small blind) collected ($6)
Seat 4: Actionni13 (big blind) folded before Flop


PokerStars Hand #153229881933:  Hold'em Limit ($3/$6 USD) - 2016/05/12 18:41:59 ET
Table 'Requiem' 6-max Seat #4 is the button
Seat 3: Minwu ($114.10 in chips)
Seat 4: Actionni13 ($150 in chips)
Actionni13: posts small blind $1
Minwu: posts big blind $3
*** HOLE CARDS ***
Actionni13: folds
Uncalled bet ($2) returned to Minwu
Minwu collected $2 from pot
Minwu: doesn't show hand
*** SUMMARY ***
Total pot $2 | Rake $0
Seat 3: Minwu (big blind) collected ($2)
Seat 4: Actionni13 (button) (small blind) folded before Flop


PokerStars Hand #153229873186:  Hold'em Limit ($3/$6 USD) - 2016/05/12 18:41:47 ET
Table 'Requiem' 6-max Seat #3 is the button
Seat 3: Minwu ($108.34 in chips)
Seat 4: Actionni13 ($150 in chips)
Minwu: posts small blind $1
Actionni13: posts big blind $3
*** HOLE CARDS ***
Minwu: raises $3 to $6
Actionni13: calls $3
*** FLOP *** [Qd 2c 8s]
Actionni13: checks
Minwu: bets $3
Actionni13: folds
Uncalled bet ($3) returned to Minwu
Minwu collected $11.76 from pot
Minwu: doesn't show hand
*** SUMMARY ***
Total pot $12 | Rake $0.24
Board [Qd 2c 8s]
Seat 3: Minwu (button) (small blind) collected ($11.76)
Seat 4: Actionni13 (big blind) folded on the Flop


PokerStars Hand #153229919744:  Hold'em Limit ($3/$6 USD) - 2016/05/12 18:42:51 ET
Table 'Requiem' 6-max Seat #3 is the button
Seat 3: Minwu ($129.62 in chips)
Seat 4: Actionni13 ($150 in chips)
Minwu: posts small blind $1
Actionni13: posts big blind $3
*** HOLE CARDS ***
Minwu: raises $3 to $6
Actionni13: calls $3
*** FLOP *** [Ad Jc 4d]
Actionni13: checks
Minwu: bets $3
Actionni13: raises $3 to $6
Minwu: folds
Uncalled bet ($3) returned to Actionni13
Actionni13 collected $17.64 from pot
Actionni13: doesn't show hand
*** SUMMARY ***
Total pot $18 | Rake $0.36
Board [Ad Jc 4d]
Seat 3: Minwu (button) (small blind) folded on the Flop
Seat 4: Actionni13 (big blind) collected ($17.64)


PokerStars Hand #153229935747:  Hold'em Limit ($3/$6 USD) - 2016/05/12 18:43:14 ET
Table 'Requiem' 6-max Seat #3 is the button
Seat 3: Minwu ($121.62 in chips)
Seat 4: Actionni13 ($157.64 in chips)
Minwu: posts small blind $1
Actionni13: posts big blind $3
*** HOLE CARDS ***
Minwu: folds
Uncalled bet ($2) returned to Actionni13
Actionni13 collected $2 from pot
Actionni13: doesn't show hand
Minwu leaves the table
*** SUMMARY ***
Total pot $2 | Rake $0
Seat 3: Minwu (button) (small blind) folded before Flop
Seat 4: Actionni13 (big blind) collected ($2)


PokerStars Hand #153229928824:  Hold'em Limit ($3/$6 USD) - 2016/05/12 18:43:04 ET
Table 'Requiem' 6-max Seat #4 is the button
Seat 3: Minwu ($120.62 in chips)
Seat 4: Actionni13 ($158.64 in chips)
Actionni13: posts small blind $1
Minwu: posts big blind $3
*** HOLE CARDS ***
Actionni13: folds
Uncalled bet ($2) returned to Minwu
Minwu collected $2 from pot
Minwu: doesn't show hand
*** SUMMARY ***
Total pot $2 | Rake $0
Seat 3: Minwu (big blind) collected ($2)
Seat 4: Actionni13 (button) (small blind) folded before Flop


PokerStars Hand #153231666723:  Hold'em Limit ($3/$6 USD) - 2016/05/12 19:28:14 ET
Table 'Requiem' 6-max Seat #1 is the button
Seat 1: Florin555330 ($336.16 in chips)
Seat 3: lin1rabbit ($108 in chips)
GlamDragon will be allowed to play after the button
Florin555330: posts small blind $1
Chessnok: is sitting out
lin1rabbit: posts big blind $3
*** HOLE CARDS ***
ValeryRon leaves the table
Florin555330: folds
Uncalled bet ($2) returned to lin1rabbit
lin1rabbit collected $2 from pot
lin1rabbit: doesn't show hand
*** SUMMARY ***
Total pot $2 | Rake $0
Seat 1: Florin555330 (button) (small blind) folded before Flop
Seat 3: lin1rabbit (big blind) collected ($2)


PokerStars Hand #153231872539:  Hold'em Limit ($3/$6 USD) - 2016/05/12 19:33:55 ET
Table 'Requiem' 6-max Seat #6 is the button
Seat 3: lin1rabbit ($82.70 in chips)
Seat 6: GlamDragon ($220.92 in chips)
GlamDragon: posts small blind $1
ABATAPP: is sitting out
lin1rabbit: posts big blind $3
*** HOLE CARDS ***
GlamDragon: folds
Uncalled bet ($2) returned to lin1rabbit
lin1rabbit collected $2 from pot
lin1rabbit: doesn't show hand
GlamDragon leaves the table
*** SUMMARY ***
Total pot $2 | Rake $0
Seat 3: lin1rabbit (big blind) collected ($2)
Seat 6: GlamDragon (button) (small blind) folded before Flop


