PokerStars Hand #176600510403:  Hold'em Limit ($3/$6 USD) - 2017/10/07 8:12:42 ET
Table 'Reseda' 6-max Seat #4 is the button
Seat 4: VolkovDmitri ($120 in chips)
Seat 5: breich90 ($120 in chips)
VolkovDmitri: posts small blind $1
breich90: posts big blind $3
*** HOLE CARDS ***
VolkovDmitri: raises $3 to $6
breich90: calls $3
*** FLOP *** [6h As 6c]
breich90: checks
VolkovDmitri: checks
*** TURN *** [6h As 6c] [2s]
breich90: checks
VolkovDmitri: bets $6
breich90: folds
Uncalled bet ($6) returned to VolkovDmitri
VolkovDmitri collected $11.76 from pot
VolkovDmitri: doesn't show hand
*** SUMMARY ***
Total pot $12 | Rake $0.24
Board [6h As 6c 2s]
Seat 4: VolkovDmitri (button) (small blind) collected ($11.76)
Seat 5: breich90 (big blind) folded on the Turn


PokerStars Hand #176600526390:  Hold'em Limit ($3/$6 USD) - 2017/10/07 8:13:15 ET
Table 'Reseda' 6-max Seat #5 is the button
Seat 4: VolkovDmitri ($125.76 in chips)
Seat 5: breich90 ($114 in chips)
breich90: posts small blind $1
VolkovDmitri: posts big blind $3
*** HOLE CARDS ***
breich90: raises $3 to $6
VolkovDmitri: calls $3
*** FLOP *** [As Js Qh]
VolkovDmitri: checks
breich90: bets $3
VolkovDmitri: calls $3
*** TURN *** [As Js Qh] [7h]
VolkovDmitri: checks
breich90: bets $6
VolkovDmitri: calls $6
*** RIVER *** [As Js Qh 7h] [2d]
VolkovDmitri: checks
breich90: bets $6
VolkovDmitri: calls $6
*** SHOW DOWN ***
breich90: shows [Kc 3s] (high card Ace)
VolkovDmitri: shows [9h Jd] (a pair of Jacks)
VolkovDmitri collected $41.50 from pot
*** SUMMARY ***
Total pot $42 | Rake $0.50
Board [As Js Qh 7h 2d]
Seat 4: VolkovDmitri (big blind) showed [9h Jd] and won ($41.50) with a pair of Jacks
Seat 5: breich90 (button) (small blind) showed [Kc 3s] and lost with high card Ace


PokerStars Hand #176600542339:  Hold'em Limit ($3/$6 USD) - 2017/10/07 8:13:47 ET
Table 'Reseda' 6-max Seat #4 is the button
Seat 4: VolkovDmitri ($146.26 in chips)
Seat 5: breich90 ($120 in chips)
VolkovDmitri: posts small blind $1
breich90: posts big blind $3
*** HOLE CARDS ***
VolkovDmitri: raises $3 to $6
breich90: calls $3
*** FLOP *** [Kh 6h 9d]
breich90: checks
VolkovDmitri: bets $3
breich90: calls $3
*** TURN *** [Kh 6h 9d] [Qs]
breich90: checks
VolkovDmitri: bets $6
breich90: calls $6
*** RIVER *** [Kh 6h 9d Qs] [4c]
breich90: checks
VolkovDmitri: bets $6
breich90: folds
Uncalled bet ($6) returned to VolkovDmitri
VolkovDmitri collected $29.50 from pot
VolkovDmitri: doesn't show hand
*** SUMMARY ***
Total pot $30 | Rake $0.50
Board [Kh 6h 9d Qs 4c]
Seat 4: VolkovDmitri (button) (small blind) collected ($29.50)
Seat 5: breich90 (big blind) folded on the River


PokerStars Hand #176600558343:  Hold'em Limit ($3/$6 USD) - 2017/10/07 8:14:20 ET
Table 'Reseda' 6-max Seat #5 is the button
Seat 4: VolkovDmitri ($160.76 in chips)
Seat 5: breich90 ($105 in chips)
breich90: posts small blind $1
VolkovDmitri: posts big blind $3
*** HOLE CARDS ***
breich90: raises $3 to $6
VolkovDmitri: calls $3
*** FLOP *** [3c 8s 5s]
VolkovDmitri: checks
breich90: bets $3
Icecold joins the table at seat #1
VolkovDmitri: raises $3 to $6
breich90: calls $3
*** TURN *** [3c 8s 5s] [5c]
VolkovDmitri: bets $6
breich90: raises $6 to $12
VolkovDmitri: calls $6
*** RIVER *** [3c 8s 5s 5c] [2s]
VolkovDmitri: bets $6
breich90: calls $6
*** SHOW DOWN ***
VolkovDmitri: shows [4d 6h] (a straight, Deuce to Six)
breich90: mucks hand
VolkovDmitri collected $59.50 from pot
*** SUMMARY ***
Total pot $60 | Rake $0.50
Board [3c 8s 5s 5c 2s]
Seat 4: VolkovDmitri (big blind) showed [4d 6h] and won ($59.50) with a straight, Deuce to Six
Seat 5: breich90 (button) (small blind) mucked


