PokerStars Hand #152022439896:  Hold'em Limit ($3/$6 USD) - 2016/04/16 20:02:58 ET
Table 'Reseda' 6-max Seat #1 is the button
Seat 1: MissEKAmouse ($120 in chips)
Seat 6: Dayeface ($80 in chips)
MissEKAmouse: posts small blind $1
BuzovaPro: is sitting out
Dayeface: posts big blind $3
*** HOLE CARDS ***
MissEKAmouse: raises $3 to $6
Dayeface: calls $3
*** FLOP *** [2s Ts Ad]
Dayeface: checks
MissEKAmouse: bets $3
Dayeface: folds
Uncalled bet ($3) returned to MissEKAmouse
MissEKAmouse collected $11.76 from pot
MissEKAmouse: doesn't show hand
*** SUMMARY ***
Total pot $12 | Rake $0.24
Board [2s Ts Ad]
Seat 1: MissEKAmouse (button) (small blind) collected ($11.76)
Seat 6: Dayeface (big blind) folded on the Flop


PokerStars Hand #152022449546:  Hold'em Limit ($3/$6 USD) - 2016/04/16 20:03:16 ET
Table 'Reseda' 6-max Seat #6 is the button
Seat 1: MissEKAmouse ($125.76 in chips)
Seat 6: Dayeface ($74 in chips)
Dayeface: posts small blind $1
MissEKAmouse: posts big blind $3
*** HOLE CARDS ***
Dayeface: raises $3 to $6
MissEKAmouse: calls $3
*** FLOP *** [8c 2d 8h]
MissEKAmouse: checks
Dayeface: bets $3
MissEKAmouse: calls $3
*** TURN *** [8c 2d 8h] [9s]
MissEKAmouse: bets $6
Dayeface: folds
Uncalled bet ($6) returned to MissEKAmouse
MissEKAmouse collected $17.64 from pot
MissEKAmouse: doesn't show hand
*** SUMMARY ***
Total pot $18 | Rake $0.36
Board [8c 2d 8h 9s]
Seat 1: MissEKAmouse (big blind) collected ($17.64)
Seat 6: Dayeface (button) (small blind) folded on the Turn


PokerStars Hand #152022462709:  Hold'em Limit ($3/$6 USD) - 2016/04/16 20:03:40 ET
Table 'Reseda' 6-max Seat #6 is the button
Seat 1: MissEKAmouse ($133.40 in chips)
Seat 6: Dayeface ($66 in chips)
Dayeface: posts small blind $1
MissEKAmouse: posts big blind $3
*** HOLE CARDS ***
Dayeface: folds
Uncalled bet ($2) returned to MissEKAmouse
MissEKAmouse collected $2 from pot
MissEKAmouse: doesn't show hand
*** SUMMARY ***
Total pot $2 | Rake $0
Seat 1: MissEKAmouse (big blind) collected ($2)
Seat 6: Dayeface (button) (small blind) folded before Flop


PokerStars Hand #152022459920:  Hold'em Limit ($3/$6 USD) - 2016/04/16 20:03:35 ET
Table 'Reseda' 6-max Seat #1 is the button
Seat 1: MissEKAmouse ($134.40 in chips)
Seat 6: Dayeface ($65 in chips)
MissEKAmouse: posts small blind $1
Dayeface: posts big blind $3
*** HOLE CARDS ***
MissEKAmouse: folds
Uncalled bet ($2) returned to Dayeface
Dayeface collected $2 from pot
*** SUMMARY ***
Total pot $2 | Rake $0
Seat 1: MissEKAmouse (button) (small blind) folded before Flop
Seat 6: Dayeface (big blind) collected ($2)


PokerStars Hand #152022474992:  Hold'em Limit ($3/$6 USD) - 2016/04/16 20:04:03 ET
Table 'Reseda' 6-max Seat #1 is the button
Seat 1: MissEKAmouse ($142.04 in chips)
Seat 6: Dayeface ($57 in chips)
lin1rabbit joins the table at seat #2
MissEKAmouse: posts small blind $1
Dayeface: posts big blind $3
*** HOLE CARDS ***
MissEKAmouse: folds
Uncalled bet ($2) returned to Dayeface
Dayeface collected $2 from pot
*** SUMMARY ***
Total pot $2 | Rake $0
Seat 1: MissEKAmouse (button) (small blind) folded before Flop
Seat 6: Dayeface (big blind) collected ($2)


PokerStars Hand #152022468597:  Hold'em Limit ($3/$6 USD) - 2016/04/16 20:03:51 ET
Table 'Reseda' 6-max Seat #6 is the button
Seat 1: MissEKAmouse ($133.40 in chips)
Seat 6: Dayeface ($66 in chips)
Dayeface: posts small blind $1
MissEKAmouse: posts big blind $3
*** HOLE CARDS ***
Dayeface: raises $3 to $6
MissEKAmouse: raises $3 to $9
Dayeface: calls $3
*** FLOP *** [7s 7h 5h]
MissEKAmouse: bets $3
Dayeface: folds
Uncalled bet ($3) returned to MissEKAmouse
MissEKAmouse collected $17.64 from pot
MissEKAmouse: doesn't show hand
*** SUMMARY ***
Total pot $18 | Rake $0.36
Board [7s 7h 5h]
Seat 1: MissEKAmouse (big blind) collected ($17.64)
Seat 6: Dayeface (button) (small blind) folded on the Flop


PokerStars Hand #152022478252:  Hold'em Limit ($3/$6 USD) - 2016/04/16 20:04:09 ET
Table 'Reseda' 6-max Seat #6 is the button
Seat 1: MissEKAmouse ($141.04 in chips)
Seat 6: Dayeface ($58 in chips)
Dayeface: posts small blind $1
MissEKAmouse: posts big blind $3
*** HOLE CARDS ***
Dayeface: folds
Uncalled bet ($2) returned to MissEKAmouse
MissEKAmouse collected $2 from pot
MissEKAmouse: doesn't show hand
*** SUMMARY ***
Total pot $2 | Rake $0
Seat 1: MissEKAmouse (big blind) collected ($2)
Seat 6: Dayeface (button) (small blind) folded before Flop


PokerStars Hand #152022465616:  Hold'em Limit ($3/$6 USD) - 2016/04/16 20:03:46 ET
Table 'Reseda' 6-max Seat #1 is the button
Seat 1: MissEKAmouse ($134.40 in chips)
Seat 6: Dayeface ($65 in chips)
MissEKAmouse: posts small blind $1
Dayeface: posts big blind $3
*** HOLE CARDS ***
MissEKAmouse: folds
Uncalled bet ($2) returned to Dayeface
Dayeface collected $2 from pot
*** SUMMARY ***
Total pot $2 | Rake $0
Seat 1: MissEKAmouse (button) (small blind) folded before Flop
Seat 6: Dayeface (big blind) collected ($2)


PokerStars Hand #152022588156:  Hold'em Limit ($3/$6 USD) - 2016/04/16 20:07:17 ET
Table 'Reseda' 6-max Seat #2 is the button
Seat 1: MissEKAmouse ($146.75 in chips)
Seat 2: lin1rabbit ($130.27 in chips)
lin1rabbit: posts small blind $1
MissEKAmouse: posts big blind $3
*** HOLE CARDS ***
lin1rabbit: folds
Uncalled bet ($2) returned to MissEKAmouse
MissEKAmouse collected $2 from pot
MissEKAmouse: doesn't show hand
*** SUMMARY ***
Total pot $2 | Rake $0
Seat 1: MissEKAmouse (big blind) collected ($2)
Seat 2: lin1rabbit (button) (small blind) folded before Flop


PokerStars Hand #152022591684:  Hold'em Limit ($3/$6 USD) - 2016/04/16 20:07:24 ET
Table 'Reseda' 6-max Seat #1 is the button
Seat 1: MissEKAmouse ($147.75 in chips)
Seat 2: lin1rabbit ($129.27 in chips)
MissEKAmouse: posts small blind $1
lin1rabbit: posts big blind $3
*** HOLE CARDS ***
MissEKAmouse: raises $3 to $6
lin1rabbit: raises $3 to $9
MissEKAmouse: calls $3
*** FLOP *** [9d 7s 6d]
lin1rabbit: bets $3
MissEKAmouse: raises $3 to $6
lin1rabbit: raises $3 to $9
MissEKAmouse: calls $3
*** TURN *** [9d 7s 6d] [9c]
lin1rabbit: bets $6
MissEKAmouse: raises $6 to $12
lin1rabbit: raises $6 to $18
MissEKAmouse: folds
Uncalled bet ($6) returned to lin1rabbit
lin1rabbit collected $59.50 from pot
lin1rabbit: doesn't show hand
*** SUMMARY ***
Total pot $60 | Rake $0.50
Board [9d 7s 6d 9c]
Seat 1: MissEKAmouse (button) (small blind) folded on the Turn
Seat 2: lin1rabbit (big blind) collected ($59.50)


