PokerStars Hand #169648855727:  Hold'em Limit ($3/$6 USD) - 2017/04/27 18:52:18 ET
Table 'Resi' 6-max Seat #3 is the button
Seat 2: TinaTurner72 ($131.50 in chips)
Seat 3: hairy1961 ($37.50 in chips)
hairy1961: posts small blind $1
TinaTurner72: posts big blind $3
*** HOLE CARDS ***
hairy1961: folds
Uncalled bet ($2) returned to TinaTurner72
TinaTurner72 collected $2 from pot
TinaTurner72: doesn't show hand
*** SUMMARY ***
Total pot $2 | Rake $0
Seat 2: TinaTurner72 (big blind) collected ($2)
Seat 3: hairy1961 (button) (small blind) folded before Flop


PokerStars Hand #169648837610:  Hold'em Limit ($3/$6 USD) - 2017/04/27 18:51:50 ET
Table 'Resi' 6-max Seat #2 is the button
Seat 2: TinaTurner72 ($150.50 in chips)
Seat 3: hairy1961 ($19 in chips)
TinaTurner72: posts small blind $1
hairy1961: posts big blind $3
*** HOLE CARDS ***
TinaTurner72: raises $3 to $6
hairy1961: raises $3 to $9
TinaTurner72: calls $3
*** FLOP *** [6s 6d Qh]
hairy1961: bets $3
TinaTurner72: raises $3 to $6
hairy1961: raises $3 to $9
TinaTurner72: raises $3 to $12
Betting is capped
hairy1961: calls $1 and is all-in
Uncalled bet ($2) returned to TinaTurner72
*** TURN *** [6s 6d Qh] [7c]
*** RIVER *** [6s 6d Qh 7c] [3d]
*** SHOW DOWN ***
hairy1961: shows [Ah As] (two pair, Aces and Sixes)
TinaTurner72: shows [7s Ts] (two pair, Sevens and Sixes)
hairy1961 collected $37.50 from pot
*** SUMMARY ***
Total pot $38 | Rake $0.50
Board [6s 6d Qh 7c 3d]
Seat 2: TinaTurner72 (button) (small blind) showed [7s Ts] and lost with two pair, Sevens and Sixes
Seat 3: hairy1961 (big blind) showed [Ah As] and won ($37.50) with two pair, Aces and Sixes


PokerStars Hand #169648834316:  Hold'em Limit ($3/$6 USD) - 2017/04/27 18:51:45 ET
Table 'Resi' 6-max Seat #3 is the button
Seat 2: TinaTurner72 ($149.50 in chips)
Seat 3: hairy1961 ($20 in chips)
hairy1961: posts small blind $1
TinaTurner72: posts big blind $3
*** HOLE CARDS ***
hairy1961: folds
Uncalled bet ($2) returned to TinaTurner72
TinaTurner72 collected $2 from pot
TinaTurner72: doesn't show hand
*** SUMMARY ***
Total pot $2 | Rake $0
Seat 2: TinaTurner72 (big blind) collected ($2)
Seat 3: hairy1961 (button) (small blind) folded before Flop


PokerStars Hand #169648808396:  Hold'em Limit ($3/$6 USD) - 2017/04/27 18:51:04 ET
Table 'Resi' 6-max Seat #2 is the button
Seat 2: TinaTurner72 ($120 in chips)
Seat 3: hairy1961 ($50 in chips)
TinaTurner72: posts small blind $1
hairy1961: posts big blind $3
*** HOLE CARDS ***
TinaTurner72: raises $3 to $6
hairy1961: calls $3
*** FLOP *** [8c 5c Ks]
hairy1961: checks
TinaTurner72: bets $3
hairy1961: raises $3 to $6
TinaTurner72: calls $3
*** TURN *** [8c 5c Ks] [9h]
hairy1961: bets $6
TinaTurner72: raises $6 to $12
hairy1961: calls $6
*** RIVER *** [8c 5c Ks 9h] [3s]
hairy1961: checks
TinaTurner72: bets $6
hairy1961: calls $6
*** SHOW DOWN ***
TinaTurner72: shows [Kd Kh] (three of a kind, Kings)
hairy1961: mucks hand
TinaTurner72 collected $59.50 from pot
*** SUMMARY ***
Total pot $60 | Rake $0.50
Board [8c 5c Ks 9h 3s]
Seat 2: TinaTurner72 (button) (small blind) showed [Kd Kh] and won ($59.50) with three of a kind, Kings
Seat 3: hairy1961 (big blind) mucked


PokerStars Hand #169648859458:  Hold'em Limit ($3/$6 USD) - 2017/04/27 18:52:24 ET
Table 'Resi' 6-max Seat #2 is the button
Seat 2: TinaTurner72 ($132.50 in chips)
Seat 3: hairy1961 ($36.50 in chips)
TinaTurner72: posts small blind $1
hairy1961: posts big blind $3
*** HOLE CARDS ***
NeilDars joins the table at seat #4
TinaTurner72: raises $3 to $6
hairy1961: raises $3 to $9
B_loJkl joins the table at seat #5
TinaTurner72: calls $3
*** FLOP *** [9s 8s 5d]
hairy1961: bets $3
TinaTurner72: raises $3 to $6
hairy1961: raises $3 to $9
TinaTurner72: calls $3
*** TURN *** [9s 8s 5d] [2d]
hairy1961: bets $6
TinaTurner72: calls $6
*** RIVER *** [9s 8s 5d 2d] [3c]
hairy1961: bets $6
TinaTurner72: folds
Uncalled bet ($6) returned to hairy1961
hairy1961 collected $47.50 from pot
*** SUMMARY ***
Total pot $48 | Rake $0.50
Board [9s 8s 5d 2d 3c]
Seat 2: TinaTurner72 (button) (small blind) folded on the River
Seat 3: hairy1961 (big blind) collected ($47.50)


