PokerStars Hand #153575851821:  Hold'em Limit ($3/$6 USD) - 2016/05/20 5:34:09 ET
Table 'Resi' 6-max Seat #1 is the button
Seat 1: LOOSECRAB ($70.47 in chips)
Seat 3: Ag3r0n ($72 in chips)
LOOSECRAB: posts small blind $1
Ag3r0n: posts big blind $3
*** HOLE CARDS ***
LOOSECRAB: calls $2
Ag3r0n: raises $3 to $6
BuzovaPro joins the table at seat #2
LOOSECRAB: calls $3
*** FLOP *** [Qd 6s Ad]
Ag3r0n: bets $3
LOOSECRAB: folds
Uncalled bet ($3) returned to Ag3r0n
Ag3r0n collected $11.76 from pot
*** SUMMARY ***
Total pot $12 | Rake $0.24
Board [Qd 6s Ad]
Seat 1: LOOSECRAB (button) (small blind) folded on the Flop
Seat 3: Ag3r0n (big blind) collected ($11.76)


PokerStars Hand #153575869041:  Hold'em Limit ($3/$6 USD) - 2016/05/20 5:34:55 ET
Table 'Resi' 6-max Seat #1 is the button
Seat 1: LOOSECRAB ($73.11 in chips)
Seat 3: Ag3r0n ($72 in chips)
LOOSECRAB: posts small blind $1
Ag3r0n: posts big blind $3
*** HOLE CARDS ***
LOOSECRAB: folds
Uncalled bet ($2) returned to Ag3r0n
Ag3r0n collected $2 from pot
*** SUMMARY ***
Total pot $2 | Rake $0
Seat 1: LOOSECRAB (button) (small blind) folded before Flop
Seat 3: Ag3r0n (big blind) collected ($2)


PokerStars Hand #153575861960:  Hold'em Limit ($3/$6 USD) - 2016/05/20 5:34:36 ET
Table 'Resi' 6-max Seat #3 is the button
Seat 1: LOOSECRAB ($64.47 in chips)
Seat 3: Ag3r0n ($77.76 in chips)
Ag3r0n: posts small blind $1
LOOSECRAB: posts big blind $3
*** HOLE CARDS ***
Ag3r0n: raises $3 to $6
LOOSECRAB: calls $3
*** FLOP *** [3s Ac 8h]
LOOSECRAB: checks
Ag3r0n: bets $3
LOOSECRAB: raises $3 to $6
Ag3r0n: folds
Uncalled bet ($3) returned to LOOSECRAB
LOOSECRAB collected $17.64 from pot
LOOSECRAB: doesn't show hand
*** SUMMARY ***
Total pot $18 | Rake $0.36
Board [3s Ac 8h]
Seat 1: LOOSECRAB (big blind) collected ($17.64)
Seat 3: Ag3r0n (button) (small blind) folded on the Flop


PokerStars Hand #153575884013:  Hold'em Limit ($3/$6 USD) - 2016/05/20 5:35:35 ET
Table 'Resi' 6-max Seat #3 is the button
Seat 1: LOOSECRAB ($65.11 in chips)
Seat 3: Ag3r0n ($79.76 in chips)
Ag3r0n: posts small blind $1
LOOSECRAB: posts big blind $3
*** HOLE CARDS ***
Ag3r0n: raises $3 to $6
LOOSECRAB: calls $3
*** FLOP *** [4d 2c Qd]
LOOSECRAB: bets $3
Ag3r0n: calls $3
*** TURN *** [4d 2c Qd] [3d]
LOOSECRAB: bets $6
Ag3r0n: calls $6
*** RIVER *** [4d 2c Qd 3d] [9s]
LOOSECRAB: bets $6
Ag3r0n: calls $6
*** SHOW DOWN ***
LOOSECRAB: shows [2h 8d] (a pair of Deuces)
Ag3r0n: shows [Qc Jh] (a pair of Queens)
Ag3r0n collected $41.50 from pot
*** SUMMARY ***
Total pot $42 | Rake $0.50
Board [4d 2c Qd 3d 9s]
Seat 1: LOOSECRAB (big blind) showed [2h 8d] and lost with a pair of Deuces
Seat 3: Ag3r0n (button) (small blind) showed [Qc Jh] and won ($41.50) with a pair of Queens


PokerStars Hand #153575881285:  Hold'em Limit ($3/$6 USD) - 2016/05/20 5:35:28 ET
Table 'Resi' 6-max Seat #1 is the button
Seat 1: LOOSECRAB ($66.11 in chips)
Seat 3: Ag3r0n ($78.76 in chips)
LOOSECRAB: posts small blind $1
Ag3r0n: posts big blind $3
*** HOLE CARDS ***
LOOSECRAB: folds
Uncalled bet ($2) returned to Ag3r0n
Ag3r0n collected $2 from pot
*** SUMMARY ***
Total pot $2 | Rake $0
Seat 1: LOOSECRAB (button) (small blind) folded before Flop
Seat 3: Ag3r0n (big blind) collected ($2)


PokerStars Hand #153575871681:  Hold'em Limit ($3/$6 USD) - 2016/05/20 5:35:02 ET
Table 'Resi' 6-max Seat #3 is the button
Seat 1: LOOSECRAB ($72.11 in chips)
Seat 3: Ag3r0n ($73 in chips)
Ag3r0n: posts small blind $1
LOOSECRAB: posts big blind $3
*** HOLE CARDS ***
Ag3r0n: raises $3 to $6
LOOSECRAB: calls $3
*** FLOP *** [Ac 9c 7s]
LOOSECRAB: checks
Ag3r0n: bets $3
LOOSECRAB: folds
Uncalled bet ($3) returned to Ag3r0n
Ag3r0n collected $11.76 from pot
*** SUMMARY ***
Total pot $12 | Rake $0.24
Board [Ac 9c 7s]
Seat 1: LOOSECRAB (big blind) folded on the Flop
Seat 3: Ag3r0n (button) (small blind) collected ($11.76)


PokerStars Hand #153575899473:  Hold'em Limit ($3/$6 USD) - 2016/05/20 5:36:16 ET
Table 'Resi' 6-max Seat #3 is the button
Seat 1: LOOSECRAB ($49.87 in chips)
Seat 3: Ag3r0n ($94.26 in chips)
Ag3r0n: posts small blind $1
LOOSECRAB: posts big blind $3
*** HOLE CARDS ***
Ag3r0n: folds
Uncalled bet ($2) returned to LOOSECRAB
LOOSECRAB collected $2 from pot
*** SUMMARY ***
Total pot $2 | Rake $0
Seat 1: LOOSECRAB (big blind) collected ($2)
Seat 3: Ag3r0n (button) (small blind) folded before Flop


PokerStars Hand #153575892654:  Hold'em Limit ($3/$6 USD) - 2016/05/20 5:35:58 ET
Table 'Resi' 6-max Seat #1 is the button
Seat 1: LOOSECRAB ($44.11 in chips)
Seat 3: Ag3r0n ($100.26 in chips)
LOOSECRAB: posts small blind $1
Ag3r0n: posts big blind $3
*** HOLE CARDS ***
LOOSECRAB: raises $3 to $6
Ag3r0n: calls $3
*** FLOP *** [Kh 9d 3c]
Ag3r0n: checks
LOOSECRAB: bets $3
Ag3r0n: folds
Uncalled bet ($3) returned to LOOSECRAB
LOOSECRAB collected $11.76 from pot
*** SUMMARY ***
Total pot $12 | Rake $0.24
Board [Kh 9d 3c]
Seat 1: LOOSECRAB (button) (small blind) collected ($11.76)
Seat 3: Ag3r0n (big blind) folded on the Flop


PokerStars Hand #153576092029:  Hold'em Limit ($3/$6 USD) - 2016/05/20 5:44:42 ET
Table 'Resi' 6-max Seat #5 is the button
Seat 3: Ag3r0n ($97.67 in chips)
Seat 5: kdcl ($112.14 in chips)
kdcl: posts small blind $1
TbIP-TbIP 88: is sitting out
Ag3r0n: posts big blind $3
*** HOLE CARDS ***
kdcl: raises $3 to $6
Ag3r0n: folds
Uncalled bet ($3) returned to kdcl
kdcl collected $6 from pot
*** SUMMARY ***
Total pot $6 | Rake $0
Seat 3: Ag3r0n (big blind) folded before Flop
Seat 5: kdcl (button) (small blind) collected ($6)


PokerStars Hand #153576110415:  Hold'em Limit ($3/$6 USD) - 2016/05/20 5:45:31 ET
Table 'Resi' 6-max Seat #3 is the button
Seat 3: Ag3r0n ($97.43 in chips)
Seat 5: kdcl ($112.14 in chips)
Ag3r0n: posts small blind $1
kdcl: posts big blind $3
*** HOLE CARDS ***
Ag3r0n: raises $3 to $6
kdcl: calls $3
*** FLOP *** [4s 4c 9s]
kdcl: checks
Ag3r0n: bets $3
kdcl: calls $3
*** TURN *** [4s 4c 9s] [5c]
kdcl: checks
Ag3r0n: checks
*** RIVER *** [4s 4c 9s 5c] [6s]
kdcl: checks
Ag3r0n: bets $6
kdcl: calls $6
*** SHOW DOWN ***
Ag3r0n: shows [Qs Ks] (a flush, King high)
kdcl: mucks hand
Ag3r0n collected $29.50 from pot
*** SUMMARY ***
Total pot $30 | Rake $0.50
Board [4s 4c 9s 5c 6s]
Seat 3: Ag3r0n (button) (small blind) showed [Qs Ks] and won ($29.50) with a flush, King high
Seat 5: kdcl (big blind) mucked


PokerStars Hand #153576096852:  Hold'em Limit ($3/$6 USD) - 2016/05/20 5:44:55 ET
Table 'Resi' 6-max Seat #3 is the button
Seat 3: Ag3r0n ($94.67 in chips)
Seat 5: kdcl ($115.14 in chips)
Ag3r0n: posts small blind $1
kdcl: posts big blind $3
*** HOLE CARDS ***
Ag3r0n: raises $3 to $6
kdcl: folds
Uncalled bet ($3) returned to Ag3r0n
Ag3r0n collected $6 from pot
*** SUMMARY ***
Total pot $6 | Rake $0
Seat 3: Ag3r0n (button) (small blind) collected ($6)
Seat 5: kdcl (big blind) folded before Flop


PokerStars Hand #153576107487:  Hold'em Limit ($3/$6 USD) - 2016/05/20 5:45:23 ET
Table 'Resi' 6-max Seat #5 is the button
Seat 3: Ag3r0n ($100.43 in chips)
Seat 5: kdcl ($109.14 in chips)
kdcl: posts small blind $1
Ag3r0n: posts big blind $3
*** HOLE CARDS ***
kdcl: raises $3 to $6
Ag3r0n: folds
Uncalled bet ($3) returned to kdcl
kdcl collected $6 from pot
*** SUMMARY ***
Total pot $6 | Rake $0
Seat 3: Ag3r0n (big blind) folded before Flop
Seat 5: kdcl (button) (small blind) collected ($6)


PokerStars Hand #153576099338:  Hold'em Limit ($3/$6 USD) - 2016/05/20 5:45:02 ET
Table 'Resi' 6-max Seat #5 is the button
Seat 3: Ag3r0n ($97.67 in chips)
Seat 5: kdcl ($112.14 in chips)
kdcl: posts small blind $1
Ag3r0n: posts big blind $3
*** HOLE CARDS ***
kdcl: raises $3 to $6
Ag3r0n: folds
Uncalled bet ($3) returned to kdcl
kdcl collected $6 from pot
*** SUMMARY ***
Total pot $6 | Rake $0
Seat 3: Ag3r0n (big blind) folded before Flop
Seat 5: kdcl (button) (small blind) collected ($6)


PokerStars Hand #153576102516:  Hold'em Limit ($3/$6 USD) - 2016/05/20 5:45:10 ET
Table 'Resi' 6-max Seat #3 is the button
Seat 3: Ag3r0n ($94.67 in chips)
Seat 5: kdcl ($115.14 in chips)
Ag3r0n: posts small blind $1
kdcl: posts big blind $3
*** HOLE CARDS ***
Ag3r0n: raises $3 to $6
kdcl: calls $3
*** FLOP *** [2s Ts 3h]
kdcl: checks
Ag3r0n: bets $3
kdcl: folds
Uncalled bet ($3) returned to Ag3r0n
Ag3r0n collected $11.76 from pot
*** SUMMARY ***
Total pot $12 | Rake $0.24
Board [2s Ts 3h]
Seat 3: Ag3r0n (button) (small blind) collected ($11.76)
Seat 5: kdcl (big blind) folded on the Flop


PokerStars Hand #153576139225:  Hold'em Limit ($3/$6 USD) - 2016/05/20 5:46:46 ET
Table 'Resi' 6-max Seat #5 is the button
Seat 3: Ag3r0n ($129.21 in chips)
Seat 5: kdcl ($79.14 in chips)
kdcl: posts small blind $1
Ag3r0n: posts big blind $3
*** HOLE CARDS ***
kdcl: raises $3 to $6
Ag3r0n: folds
Uncalled bet ($3) returned to kdcl
kdcl collected $6 from pot
*** SUMMARY ***
Total pot $6 | Rake $0
Seat 3: Ag3r0n (big blind) folded before Flop
Seat 5: kdcl (button) (small blind) collected ($6)


PokerStars Hand #153576119266:  Hold'em Limit ($3/$6 USD) - 2016/05/20 5:45:54 ET
Table 'Resi' 6-max Seat #5 is the button
Seat 3: Ag3r0n ($111.93 in chips)
Seat 5: kdcl ($97.14 in chips)
kdcl: posts small blind $1
Ag3r0n: posts big blind $3
*** HOLE CARDS ***
kdcl: raises $3 to $6
Ag3r0n: calls $3
*** FLOP *** [Ah 3h Ac]
Ag3r0n: checks
kdcl: bets $3
Ag3r0n: calls $3
*** TURN *** [Ah 3h Ac] [Qs]
Ag3r0n: checks
kdcl: checks
*** RIVER *** [Ah 3h Ac Qs] [2d]
Ag3r0n: bets $6
kdcl: folds
Uncalled bet ($6) returned to Ag3r0n
Ag3r0n collected $17.64 from pot
*** SUMMARY ***
Total pot $18 | Rake $0.36
Board [Ah 3h Ac Qs 2d]
Seat 3: Ag3r0n (big blind) collected ($17.64)
Seat 5: kdcl (button) (small blind) folded on the River


PokerStars Hand #153576131779:  Hold'em Limit ($3/$6 USD) - 2016/05/20 5:46:26 ET
Table 'Resi' 6-max Seat #3 is the button
Seat 3: Ag3r0n ($120.57 in chips)
Seat 5: kdcl ($88.14 in chips)
Ag3r0n: posts small blind $1
kdcl: posts big blind $3
*** HOLE CARDS ***
Ag3r0n: raises $3 to $6
kdcl: calls $3
*** FLOP *** [Kd Kh 3d]
kdcl: checks
Ag3r0n: bets $3
kdcl: calls $3
*** TURN *** [Kd Kh 3d] [3c]
kdcl: checks
Ag3r0n: bets $6
TbIP-TbIP 88 leaves the table
kdcl: folds
Uncalled bet ($6) returned to Ag3r0n
Ag3r0n collected $17.64 from pot
*** SUMMARY ***
Total pot $18 | Rake $0.36
Board [Kd Kh 3d 3c]
Seat 3: Ag3r0n (button) (small blind) collected ($17.64)
Seat 5: kdcl (big blind) folded on the Turn


PokerStars Hand #153576148109:  Hold'em Limit ($3/$6 USD) - 2016/05/20 5:47:09 ET
Table 'Resi' 6-max Seat #5 is the button
Seat 3: Ag3r0n ($108.21 in chips)
Seat 5: kdcl ($99.64 in chips)
kdcl: posts small blind $1
Ag3r0n: posts big blind $3
*** HOLE CARDS ***
kdcl: raises $3 to $6
Ag3r0n: folds
Uncalled bet ($3) returned to kdcl
kdcl collected $6 from pot
*** SUMMARY ***
Total pot $6 | Rake $0
Seat 3: Ag3r0n (big blind) folded before Flop
Seat 5: kdcl (button) (small blind) collected ($6)


PokerStars Hand #153576141598:  Hold'em Limit ($3/$6 USD) - 2016/05/20 5:46:52 ET
Table 'Resi' 6-max Seat #3 is the button
Seat 3: Ag3r0n ($126.21 in chips)
Seat 5: kdcl ($82.14 in chips)
Ag3r0n: posts small blind $1
kdcl: posts big blind $3
*** HOLE CARDS ***
Ag3r0n: raises $3 to $6
kdcl: calls $3
*** FLOP *** [5c 9c Kh]
kdcl: checks
Ag3r0n: checks
*** TURN *** [5c 9c Kh] [6d]
kdcl: bets $6
Ag3r0n: calls $6
*** RIVER *** [5c 9c Kh 6d] [5s]
kdcl: bets $6
Ag3r0n: calls $6
*** SHOW DOWN ***
kdcl: shows [Ks 7s] (two pair, Kings and Fives)
Ag3r0n: mucks hand
kdcl collected $35.50 from pot
*** SUMMARY ***
Total pot $36 | Rake $0.50
Board [5c 9c Kh 6d 5s]
Seat 3: Ag3r0n (button) (small blind) mucked
Seat 5: kdcl (big blind) showed [Ks 7s] and won ($35.50) with two pair, Kings and Fives


PokerStars Hand #153576151658:  Hold'em Limit ($3/$6 USD) - 2016/05/20 5:47:18 ET
Table 'Resi' 6-max Seat #5 is the button
Seat 3: Ag3r0n ($104.21 in chips)
Seat 5: kdcl ($103.64 in chips)
kdcl: posts small blind $1
Ag3r0n: posts big blind $3
*** HOLE CARDS ***
kdcl: folds
Uncalled bet ($2) returned to Ag3r0n
Ag3r0n collected $2 from pot
*** SUMMARY ***
Total pot $2 | Rake $0
Seat 3: Ag3r0n (big blind) collected ($2)
Seat 5: kdcl (button) (small blind) folded before Flop


PokerStars Hand #153576149989:  Hold'em Limit ($3/$6 USD) - 2016/05/20 5:47:14 ET
Table 'Resi' 6-max Seat #3 is the button
Seat 3: Ag3r0n ($105.21 in chips)
Seat 5: kdcl ($102.64 in chips)
Ag3r0n: posts small blind $1
kdcl: posts big blind $3
*** HOLE CARDS ***
Ag3r0n: folds
Uncalled bet ($2) returned to kdcl
kdcl collected $2 from pot
*** SUMMARY ***
Total pot $2 | Rake $0
Seat 3: Ag3r0n (button) (small blind) folded before Flop
Seat 5: kdcl (big blind) collected ($2)


PokerStars Hand #153576153649:  Hold'em Limit ($3/$6 USD) - 2016/05/20 5:47:24 ET
Table 'Resi' 6-max Seat #3 is the button
Seat 3: Ag3r0n ($105.21 in chips)
Seat 5: kdcl ($102.64 in chips)
Ag3r0n: posts small blind $1
kdcl: posts big blind $3
*** HOLE CARDS ***
Ag3r0n: raises $3 to $6
kdcl: calls $3
*** FLOP *** [Kd 8c 4c]
kdcl: checks
Ag3r0n: bets $3
kdcl: raises $3 to $6
Ag3r0n: calls $3
*** TURN *** [Kd 8c 4c] [4d]
kdcl: checks
Ag3r0n: checks
*** RIVER *** [Kd 8c 4c 4d] [Kc]
kdcl: bets $6
Ag3r0n: calls $6
*** SHOW DOWN ***
kdcl: shows [8s Qh] (two pair, Kings and Eights)
Ag3r0n: mucks hand
kdcl collected $35.50 from pot
*** SUMMARY ***
Total pot $36 | Rake $0.50
Board [Kd 8c 4c 4d Kc]
Seat 3: Ag3r0n (button) (small blind) mucked
Seat 5: kdcl (big blind) showed [8s Qh] and won ($35.50) with two pair, Kings and Eights


PokerStars Hand #153576179495:  Hold'em Limit ($3/$6 USD) - 2016/05/20 5:48:32 ET
Table 'Resi' 6-max Seat #3 is the button
Seat 3: Ag3r0n ($74.97 in chips)
Seat 5: kdcl ($131.64 in chips)
Ag3r0n: posts small blind $1
kdcl: posts big blind $3
*** HOLE CARDS ***
Ag3r0n: raises $3 to $6
kdcl: calls $3
*** FLOP *** [5s 8h 9d]
kdcl: checks
Ag3r0n: bets $3
kdcl: folds
Uncalled bet ($3) returned to Ag3r0n
Ag3r0n collected $11.76 from pot
*** SUMMARY ***
Total pot $12 | Rake $0.24
Board [5s 8h 9d]
Seat 3: Ag3r0n (button) (small blind) collected ($11.76)
Seat 5: kdcl (big blind) folded on the Flop


PokerStars Hand #153576166570:  Hold'em Limit ($3/$6 USD) - 2016/05/20 5:47:58 ET
Table 'Resi' 6-max Seat #3 is the button
Seat 3: Ag3r0n ($84.21 in chips)
Seat 5: kdcl ($123.14 in chips)
Ag3r0n: posts small blind $1
kdcl: posts big blind $3
*** HOLE CARDS ***
Ag3r0n: raises $3 to $6
kdcl: calls $3
*** FLOP *** [2s 4d Ac]
kdcl: checks
Ag3r0n: bets $3
kdcl: folds
Uncalled bet ($3) returned to Ag3r0n
Ag3r0n collected $11.76 from pot
*** SUMMARY ***
Total pot $12 | Rake $0.24
Board [2s 4d Ac]
Seat 3: Ag3r0n (button) (small blind) collected ($11.76)
Seat 5: kdcl (big blind) folded on the Flop


PokerStars Hand #153576162994:  Hold'em Limit ($3/$6 USD) - 2016/05/20 5:47:49 ET
Table 'Resi' 6-max Seat #5 is the button
Seat 3: Ag3r0n ($87.21 in chips)
Seat 5: kdcl ($120.14 in chips)
kdcl: posts small blind $1
Ag3r0n: posts big blind $3
*** HOLE CARDS ***
kdcl: raises $3 to $6
Ag3r0n: folds
Uncalled bet ($3) returned to kdcl
kdcl collected $6 from pot
*** SUMMARY ***
Total pot $6 | Rake $0
Seat 3: Ag3r0n (big blind) folded before Flop
Seat 5: kdcl (button) (small blind) collected ($6)


PokerStars Hand #153576186366:  Hold'em Limit ($3/$6 USD) - 2016/05/20 5:48:50 ET
Table 'Resi' 6-max Seat #3 is the button
Seat 3: Ag3r0n ($77.73 in chips)
Seat 5: kdcl ($128.64 in chips)
Ag3r0n: posts small blind $1
kdcl: posts big blind $3
*** HOLE CARDS ***
Ag3r0n: folds
Uncalled bet ($2) returned to kdcl
kdcl collected $2 from pot
*** SUMMARY ***
Total pot $2 | Rake $0
Seat 3: Ag3r0n (button) (small blind) folded before Flop
Seat 5: kdcl (big blind) collected ($2)


PokerStars Hand #153576184005:  Hold'em Limit ($3/$6 USD) - 2016/05/20 5:48:43 ET
Table 'Resi' 6-max Seat #5 is the button
Seat 3: Ag3r0n ($80.73 in chips)
Seat 5: kdcl ($125.64 in chips)
kdcl: posts small blind $1
Ag3r0n: posts big blind $3
*** HOLE CARDS ***
kdcl: raises $3 to $6
Ag3r0n: folds
Uncalled bet ($3) returned to kdcl
kdcl collected $6 from pot
*** SUMMARY ***
Total pot $6 | Rake $0
Seat 3: Ag3r0n (big blind) folded before Flop
Seat 5: kdcl (button) (small blind) collected ($6)


PokerStars Hand #153576171063:  Hold'em Limit ($3/$6 USD) - 2016/05/20 5:48:09 ET
Table 'Resi' 6-max Seat #5 is the button
Seat 3: Ag3r0n ($89.97 in chips)
Seat 5: kdcl ($117.14 in chips)
kdcl: posts small blind $1
Ag3r0n: posts big blind $3
*** HOLE CARDS ***
kdcl: raises $3 to $6
Ag3r0n: calls $3
*** FLOP *** [7h Kd Ad]
Ag3r0n: checks
kdcl: bets $3
Ag3r0n: calls $3
*** TURN *** [7h Kd Ad] [Qd]
Ag3r0n: checks
kdcl: checks
*** RIVER *** [7h Kd Ad Qd] [8h]
Ag3r0n: bets $6
kdcl: raises $6 to $12
Ag3r0n: folds
Uncalled bet ($6) returned to kdcl
kdcl collected $29.50 from pot
*** SUMMARY ***
Total pot $30 | Rake $0.50
Board [7h Kd Ad Qd 8h]
Seat 3: Ag3r0n (big blind) folded on the River
Seat 5: kdcl (button) (small blind) collected ($29.50)


PokerStars Hand #153576187943:  Hold'em Limit ($3/$6 USD) - 2016/05/20 5:48:54 ET
Table 'Resi' 6-max Seat #5 is the button
Seat 3: Ag3r0n ($76.73 in chips)
Seat 5: kdcl ($129.64 in chips)
kdcl: posts small blind $1
Ag3r0n: posts big blind $3
*** HOLE CARDS ***
kdcl: folds
Uncalled bet ($2) returned to Ag3r0n
Ag3r0n collected $2 from pot
*** SUMMARY ***
Total pot $2 | Rake $0
Seat 3: Ag3r0n (big blind) collected ($2)
Seat 5: kdcl (button) (small blind) folded before Flop


