PokerStars Hand #157264598104:  Hold'em Limit ($3/$6 USD) - 2016/08/14 10:53:00 ET
Table 'Resi II' 6-max Seat #4 is the button
Seat 3: **Geka**555 ($35 in chips)
Seat 4: VolkovDmitri ($121 in chips)
VolkovDmitri: posts small blind $1
**Geka**555: posts big blind $3
*** HOLE CARDS ***
VolkovDmitri: raises $3 to $6
**Geka**555: calls $3
*** FLOP *** [Ts 7s 3d]
**Geka**555: checks
VolkovDmitri: bets $3
**Geka**555: calls $3
*** TURN *** [Ts 7s 3d] [Qh]
**Geka**555: checks
VolkovDmitri: checks
*** RIVER *** [Ts 7s 3d Qh] [8h]
**Geka**555: bets $6
VolkovDmitri: calls $6
*** SHOW DOWN ***
**Geka**555: shows [Qd Tc] (two pair, Queens and Tens)
VolkovDmitri: mucks hand
**Geka**555 collected $29.50 from pot
*** SUMMARY ***
Total pot $30 | Rake $0.50
Board [Ts 7s 3d Qh 8h]
Seat 3: **Geka**555 (big blind) showed [Qd Tc] and won ($29.50) with two pair, Queens and Tens
Seat 4: VolkovDmitri (button) (small blind) mucked


PokerStars Hand #157264610068:  Hold'em Limit ($3/$6 USD) - 2016/08/14 10:53:20 ET
Table 'Resi II' 6-max Seat #3 is the button
Seat 3: **Geka**555 ($49.50 in chips)
Seat 4: VolkovDmitri ($120 in chips)
**Geka**555: posts small blind $1
VolkovDmitri: posts big blind $3
*** HOLE CARDS ***
**Geka**555: calls $2
VolkovDmitri: raises $3 to $6
**Geka**555: calls $3
*** FLOP *** [6d 5h 8h]
VolkovDmitri: bets $3
**Geka**555: raises $3 to $6
VolkovDmitri: calls $3
*** TURN *** [6d 5h 8h] [2s]
VolkovDmitri: checks
**Geka**555: checks
*** RIVER *** [6d 5h 8h 2s] [As]
VolkovDmitri: checks
**Geka**555: bets $6
VolkovDmitri: calls $6
*** SHOW DOWN ***
**Geka**555: shows [7d Ad] (a pair of Aces)
VolkovDmitri: mucks hand
**Geka**555 collected $35.50 from pot
*** SUMMARY ***
Total pot $36 | Rake $0.50
Board [6d 5h 8h 2s As]
Seat 3: **Geka**555 (button) (small blind) showed [7d Ad] and won ($35.50) with a pair of Aces
Seat 4: VolkovDmitri (big blind) mucked


PokerStars Hand #157264779220:  Hold'em Limit ($3/$6 USD) - 2016/08/14 10:58:19 ET
Table 'Resi II' 6-max Seat #3 is the button
Seat 3: **Geka**555 ($80.61 in chips)
Seat 4: VolkovDmitri ($120 in chips)
**Geka**555: posts small blind $1
VolkovDmitri: posts big blind $3
*** HOLE CARDS ***
**Geka**555: folds
Uncalled bet ($2) returned to VolkovDmitri
VolkovDmitri collected $2 from pot
VolkovDmitri: doesn't show hand
*** SUMMARY ***
Total pot $2 | Rake $0
Seat 3: **Geka**555 (button) (small blind) folded before Flop
Seat 4: VolkovDmitri (big blind) collected ($2)


PokerStars Hand #157264771466:  Hold'em Limit ($3/$6 USD) - 2016/08/14 10:58:04 ET
Table 'Resi II' 6-max Seat #4 is the button
Seat 3: **Geka**555 ($71.97 in chips)
Seat 4: VolkovDmitri ($121 in chips)
VolkovDmitri: posts small blind $1
**Geka**555: posts big blind $3
*** HOLE CARDS ***
VolkovDmitri: raises $3 to $6
**Geka**555: raises $3 to $9
VolkovDmitri: calls $3
*** FLOP *** [9s 8s 9d]
**Geka**555: bets $3
VolkovDmitri: folds
Uncalled bet ($3) returned to **Geka**555
**Geka**555 collected $17.64 from pot
**Geka**555: doesn't show hand
*** SUMMARY ***
Total pot $18 | Rake $0.36
Board [9s 8s 9d]
Seat 3: **Geka**555 (big blind) collected ($17.64)
Seat 4: VolkovDmitri (button) (small blind) folded on the Flop


PokerStars Hand #157264769176:  Hold'em Limit ($3/$6 USD) - 2016/08/14 10:57:59 ET
Table 'Resi II' 6-max Seat #3 is the button
Seat 3: **Geka**555 ($72.97 in chips)
Seat 4: VolkovDmitri ($120 in chips)
**Geka**555: posts small blind $1
VolkovDmitri: posts big blind $3
*** HOLE CARDS ***
**Geka**555: folds
Uncalled bet ($2) returned to VolkovDmitri
VolkovDmitri collected $2 from pot
VolkovDmitri: doesn't show hand
*** SUMMARY ***
Total pot $2 | Rake $0
Seat 3: **Geka**555 (button) (small blind) folded before Flop
Seat 4: VolkovDmitri (big blind) collected ($2)


PokerStars Hand #157264757451:  Hold'em Limit ($3/$6 USD) - 2016/08/14 10:57:36 ET
Table 'Resi II' 6-max Seat #4 is the button
Seat 3: **Geka**555 ($49.47 in chips)
Seat 4: VolkovDmitri ($120 in chips)
VolkovDmitri: posts small blind $1
**Geka**555: posts big blind $3
*** HOLE CARDS ***
VolkovDmitri: raises $3 to $6
**Geka**555: calls $3
*** FLOP *** [Th 6h 9h]
**Geka**555: checks
VolkovDmitri: bets $3
**Geka**555: raises $3 to $6
VolkovDmitri: calls $3
*** TURN *** [Th 6h 9h] [As]
**Geka**555: bets $6
VolkovDmitri: calls $6
*** RIVER *** [Th 6h 9h As] [4s]
**Geka**555: bets $6
VolkovDmitri: calls $6
*** SHOW DOWN ***
**Geka**555: shows [Td 9c] (two pair, Tens and Nines)
VolkovDmitri: mucks hand
**Geka**555 collected $47.50 from pot
*** SUMMARY ***
Total pot $48 | Rake $0.50
Board [Th 6h 9h As 4s]
Seat 3: **Geka**555 (big blind) showed [Td 9c] and won ($47.50) with two pair, Tens and Nines
Seat 4: VolkovDmitri (button) (small blind) mucked


PokerStars Hand #157264797390:  Hold'em Limit ($3/$6 USD) - 2016/08/14 10:58:56 ET
Table 'Resi II' 6-max Seat #4 is the button
Seat 3: **Geka**555 ($87.25 in chips)
Seat 4: VolkovDmitri ($121 in chips)
VolkovDmitri: posts small blind $1
**Geka**555: posts big blind $3
*** HOLE CARDS ***
VolkovDmitri: raises $3 to $6
**Geka**555: calls $3
*** FLOP *** [Jc 3c 6d]
**Geka**555: checks
VolkovDmitri: bets $3
**Geka**555: folds
Uncalled bet ($3) returned to VolkovDmitri
VolkovDmitri collected $11.76 from pot
VolkovDmitri: doesn't show hand
*** SUMMARY ***
Total pot $12 | Rake $0.24
Board [Jc 3c 6d]
Seat 3: **Geka**555 (big blind) folded on the Flop
Seat 4: VolkovDmitri (button) (small blind) collected ($11.76)


PokerStars Hand #157264795043:  Hold'em Limit ($3/$6 USD) - 2016/08/14 10:58:51 ET
Table 'Resi II' 6-max Seat #3 is the button
Seat 3: **Geka**555 ($88.25 in chips)
Seat 4: VolkovDmitri ($120 in chips)
**Geka**555: posts small blind $1
VolkovDmitri: posts big blind $3
*** HOLE CARDS ***
**Geka**555: folds
Uncalled bet ($2) returned to VolkovDmitri
VolkovDmitri collected $2 from pot
VolkovDmitri: doesn't show hand
*** SUMMARY ***
Total pot $2 | Rake $0
Seat 3: **Geka**555 (button) (small blind) folded before Flop
Seat 4: VolkovDmitri (big blind) collected ($2)


PokerStars Hand #157264781524:  Hold'em Limit ($3/$6 USD) - 2016/08/14 10:58:24 ET
Table 'Resi II' 6-max Seat #4 is the button
Seat 3: **Geka**555 ($79.61 in chips)
Seat 4: VolkovDmitri ($121 in chips)
VolkovDmitri: posts small blind $1
**Geka**555: posts big blind $3
*** HOLE CARDS ***
VolkovDmitri: raises $3 to $6
**Geka**555: calls $3
*** FLOP *** [Th 4d 5c]
**Geka**555: checks
VolkovDmitri: bets $3
**Geka**555: calls $3
*** TURN *** [Th 4d 5c] [Jh]
**Geka**555: checks
VolkovDmitri: checks
*** RIVER *** [Th 4d 5c Jh] [8h]
**Geka**555: bets $6
VolkovDmitri: folds
Uncalled bet ($6) returned to **Geka**555
**Geka**555 collected $17.64 from pot
**Geka**555: doesn't show hand
*** SUMMARY ***
Total pot $18 | Rake $0.36
Board [Th 4d 5c Jh 8h]
Seat 3: **Geka**555 (big blind) collected ($17.64)
Seat 4: VolkovDmitri (button) (small blind) folded on the River


PokerStars Hand #157264807216:  Hold'em Limit ($3/$6 USD) - 2016/08/14 10:59:16 ET
Table 'Resi II' 6-max Seat #3 is the button
Seat 3: **Geka**555 ($81.25 in chips)
Seat 4: VolkovDmitri ($126.76 in chips)
**Geka**555: posts small blind $1
VolkovDmitri: posts big blind $3
*** HOLE CARDS ***
**Geka**555: raises $3 to $6
VolkovDmitri: calls $3
*** FLOP *** [2h Qh 6s]
VolkovDmitri: checks
**Geka**555: bets $3
VolkovDmitri: raises $3 to $6
**Geka**555: calls $3
*** TURN *** [2h Qh 6s] [Th]
VolkovDmitri: bets $6
**Geka**555: raises $6 to $12
VolkovDmitri: calls $6
*** RIVER *** [2h Qh 6s Th] [2d]
VolkovDmitri: checks
**Geka**555: bets $6
VolkovDmitri: calls $6
*** SHOW DOWN ***
**Geka**555: shows [6h 7h] (a flush, Queen high)
VolkovDmitri: mucks hand
**Geka**555 collected $59.50 from pot
*** SUMMARY ***
Total pot $60 | Rake $0.50
Board [2h Qh 6s Th 2d]
Seat 3: **Geka**555 (button) (small blind) showed [6h 7h] and won ($59.50) with a flush, Queen high
Seat 4: VolkovDmitri (big blind) mucked


PokerStars Hand #157271547723:  Hold'em Limit ($3/$6 USD) - 2016/08/14 13:44:00 ET
Table 'Resi II' 6-max Seat #5 is the button
Seat 5: Krazy90 ($120 in chips)
Seat 6: degal76 ($104.24 in chips)
Krazy90: posts small blind $1
degal76: posts big blind $3
*** HOLE CARDS ***
Krazy90: raises $3 to $6
degal76: calls $3
*** FLOP *** [8h 9s Kc]
degal76: checks
Krazy90: bets $3
degal76: raises $3 to $6
Krazy90: folds
Uncalled bet ($3) returned to degal76
degal76 collected $17.64 from pot
degal76: doesn't show hand
*** SUMMARY ***
Total pot $18 | Rake $0.36
Board [8h 9s Kc]
Seat 5: Krazy90 (button) (small blind) folded on the Flop
Seat 6: degal76 (big blind) collected ($17.64)


PokerStars Hand #157271539900:  Hold'em Limit ($3/$6 USD) - 2016/08/14 13:43:50 ET
Table 'Resi II' 6-max Seat #6 is the button
Seat 5: Krazy90 ($120 in chips)
Seat 6: degal76 ($98.48 in chips)
degal76: posts small blind $1
Necromadx: is sitting out
Krazy90: posts big blind $3
*** HOLE CARDS ***
Necromadx leaves the table
degal76: raises $3 to $6
Krazy90: calls $3
*** FLOP *** [2d 3c 3h]
Krazy90: checks
degal76: bets $3
Krazy90: folds
Uncalled bet ($3) returned to degal76
degal76 collected $11.76 from pot
degal76: doesn't show hand
*** SUMMARY ***
Total pot $12 | Rake $0.24
Board [2d 3c 3h]
Seat 5: Krazy90 (big blind) folded on the Flop
Seat 6: degal76 (button) (small blind) collected ($11.76)


PokerStars Hand #157271569508:  Hold'em Limit ($3/$6 USD) - 2016/08/14 13:44:29 ET
Table 'Resi II' 6-max Seat #5 is the button
Seat 5: Krazy90 ($140.50 in chips)
Seat 6: degal76 ($91.88 in chips)
Krazy90: posts small blind $1
degal76: posts big blind $3
*** HOLE CARDS ***
Krazy90: raises $3 to $6
degal76: calls $3
*** FLOP *** [3s 8h 8d]
degal76: checks
Krazy90: bets $3
degal76: calls $3
*** TURN *** [3s 8h 8d] [9s]
degal76: checks
Krazy90: bets $6
degal76: calls $6
*** RIVER *** [3s 8h 8d 9s] [6s]
degal76: checks
Krazy90: checks
*** SHOW DOWN ***
degal76: shows [7d Jd] (a pair of Eights)
Krazy90: shows [3d 5d] (two pair, Eights and Threes)
Krazy90 collected $29.50 from pot
*** SUMMARY ***
Total pot $30 | Rake $0.50
Board [3s 8h 8d 9s 6s]
Seat 5: Krazy90 (button) (small blind) showed [3d 5d] and won ($29.50) with two pair, Eights and Threes
Seat 6: degal76 (big blind) showed [7d Jd] and lost with a pair of Eights


PokerStars Hand #157271555961:  Hold'em Limit ($3/$6 USD) - 2016/08/14 13:44:11 ET
Table 'Resi II' 6-max Seat #6 is the button
Seat 5: Krazy90 ($120 in chips)
Seat 6: degal76 ($112.88 in chips)
degal76: posts small blind $1
Krazy90: posts big blind $3
*** HOLE CARDS ***
degal76: raises $3 to $6
Krazy90: calls $3
*** FLOP *** [8c 9d Qc]
Krazy90: checks
degal76: bets $3
Krazy90: calls $3
*** TURN *** [8c 9d Qc] [3h]
Krazy90: checks
degal76: bets $6
Krazy90: calls $6
*** RIVER *** [8c 9d Qc 3h] [2h]
Krazy90: checks
degal76: bets $6
Krazy90: raises $6 to $12
degal76: folds
Uncalled bet ($6) returned to Krazy90
Krazy90 collected $41.50 from pot
Krazy90: doesn't show hand
*** SUMMARY ***
Total pot $42 | Rake $0.50
Board [8c 9d Qc 3h 2h]
Seat 5: Krazy90 (big blind) collected ($41.50)
Seat 6: degal76 (button) (small blind) folded on the River


PokerStars Hand #157271594202:  Hold'em Limit ($3/$6 USD) - 2016/08/14 13:45:01 ET
Table 'Resi II' 6-max Seat #5 is the button
Seat 5: Krazy90 ($149 in chips)
Seat 6: degal76 ($82.64 in chips)
Krazy90: posts small blind $1
degal76: posts big blind $3
*** HOLE CARDS ***
Krazy90: raises $3 to $6
degal76: folds
Uncalled bet ($3) returned to Krazy90
Krazy90 collected $6 from pot
Krazy90: doesn't show hand
*** SUMMARY ***
Total pot $6 | Rake $0
Seat 5: Krazy90 (button) (small blind) collected ($6)
Seat 6: degal76 (big blind) folded before Flop


PokerStars Hand #157271583005:  Hold'em Limit ($3/$6 USD) - 2016/08/14 13:44:46 ET
Table 'Resi II' 6-max Seat #6 is the button
Seat 5: Krazy90 ($155 in chips)
Seat 6: degal76 ($76.88 in chips)
degal76: posts small blind $1
Krazy90: posts big blind $3
*** HOLE CARDS ***
degal76: raises $3 to $6
Krazy90: calls $3
*** FLOP *** [2s Th 5s]
Krazy90: checks
degal76: bets $3
Krazy90: folds
Uncalled bet ($3) returned to degal76
degal76 collected $11.76 from pot
degal76: doesn't show hand
*** SUMMARY ***
Total pot $12 | Rake $0.24
Board [2s Th 5s]
Seat 5: Krazy90 (big blind) folded on the Flop
Seat 6: degal76 (button) (small blind) collected ($11.76)


PokerStars Hand #157271599439:  Hold'em Limit ($3/$6 USD) - 2016/08/14 13:45:07 ET
Table 'Resi II' 6-max Seat #6 is the button
Seat 5: Krazy90 ($152 in chips)
Seat 6: degal76 ($79.64 in chips)
degal76: posts small blind $1
Krazy90: posts big blind $3
*** HOLE CARDS ***
degal76: folds
Uncalled bet ($2) returned to Krazy90
degal76 leaves the table
Krazy90 collected $2 from pot
Krazy90: doesn't show hand
*** SUMMARY ***
Total pot $2 | Rake $0
Seat 5: Krazy90 (big blind) collected ($2)
Seat 6: degal76 (button) (small blind) folded before Flop


