PokerStars Hand #146726942537:  Hold'em Limit ($3/$6 USD) - 2016/01/09 5:24:42 ET
Table 'Resi' 2-max Seat #2 is the button
Seat 1: TheU10 ($113 in chips)
Seat 2: liza3008 ($126.76 in chips)
liza3008: posts small blind $1
TheU10: posts big blind $3
*** HOLE CARDS ***
liza3008: raises $3 to $6
TheU10: raises $3 to $9
liza3008: calls $3
*** FLOP *** [6s Kh 8h]
TheU10: bets $3
liza3008: folds
Uncalled bet ($3) returned to TheU10
TheU10 collected $17.64 from pot
*** SUMMARY ***
Total pot $18 | Rake $0.36
Board [6s Kh 8h]
Seat 1: TheU10 (big blind) collected ($17.64)
Seat 2: liza3008 (button) (small blind) folded on the Flop


PokerStars Hand #146726964791:  Hold'em Limit ($3/$6 USD) - 2016/01/09 5:25:26 ET
Table 'Resi' 2-max Seat #1 is the button
Seat 1: TheU10 ($121.14 in chips)
Seat 2: liza3008 ($117.26 in chips)
TheU10: posts small blind $1
liza3008: posts big blind $3
*** HOLE CARDS ***
TheU10: raises $3 to $6
liza3008: calls $3
*** FLOP *** [2d 9c 7d]
liza3008: bets $3
TheU10: calls $3
*** TURN *** [2d 9c 7d] [Kd]
liza3008: bets $6
TheU10: raises $6 to $12
liza3008: calls $6
*** RIVER *** [2d 9c 7d Kd] [4h]
liza3008: checks
TheU10: bets $6
liza3008: calls $6
*** SHOW DOWN ***
TheU10: shows [Tc Qh] (high card King)
liza3008: shows [9d 7s] (two pair, Nines and Sevens)
liza3008 collected $53.50 from pot
*** SUMMARY ***
Total pot $54 | Rake $0.50
Board [2d 9c 7d Kd 4h]
Seat 1: TheU10 (button) (small blind) showed [Tc Qh] and lost with high card King
Seat 2: liza3008 (big blind) showed [9d 7s] and won ($53.50) with two pair, Nines and Sevens


PokerStars Hand #146726955551:  Hold'em Limit ($3/$6 USD) - 2016/01/09 5:25:08 ET
Table 'Resi' 2-max Seat #2 is the button
Seat 1: TheU10 ($142.14 in chips)
Seat 2: liza3008 ($96.76 in chips)
liza3008: posts small blind $1
TheU10: posts big blind $3
*** HOLE CARDS ***
liza3008: raises $3 to $6
TheU10: calls $3
*** FLOP *** [Ad 6c Qc]
TheU10: checks
liza3008: bets $3
TheU10: calls $3
*** TURN *** [Ad 6c Qc] [2c]
TheU10: checks
liza3008: bets $6
TheU10: calls $6
*** RIVER *** [Ad 6c Qc 2c] [4d]
TheU10: checks
liza3008: bets $6
TheU10: calls $6
*** SHOW DOWN ***
liza3008: shows [4c Qs] (two pair, Queens and Fours)
TheU10: mucks hand
liza3008 collected $41.50 from pot
*** SUMMARY ***
Total pot $42 | Rake $0.50
Board [Ad 6c Qc 2c 4d]
Seat 1: TheU10 (big blind) mucked
Seat 2: liza3008 (button) (small blind) showed [4c Qs] and won ($41.50) with two pair, Queens and Fours


PokerStars Hand #146726948249:  Hold'em Limit ($3/$6 USD) - 2016/01/09 5:24:54 ET
Table 'Resi' 2-max Seat #1 is the button
Seat 1: TheU10 ($121.64 in chips)
Seat 2: liza3008 ($117.76 in chips)
TheU10: posts small blind $1
liza3008: posts big blind $3
*** HOLE CARDS ***
TheU10: raises $3 to $6
liza3008: calls $3
*** FLOP *** [Qd Kd 7s]
liza3008: checks
TheU10: bets $3
liza3008: calls $3
*** TURN *** [Qd Kd 7s] [4h]
liza3008: checks
TheU10: bets $6
liza3008: calls $6
*** RIVER *** [Qd Kd 7s 4h] [Th]
liza3008: checks
TheU10: bets $6
liza3008: calls $6
*** SHOW DOWN ***
TheU10: shows [4d Kc] (two pair, Kings and Fours)
liza3008: mucks hand
TheU10 collected $41.50 from pot
*** SUMMARY ***
Total pot $42 | Rake $0.50
Board [Qd Kd 7s 4h Th]
Seat 1: TheU10 (button) (small blind) showed [4d Kc] and won ($41.50) with two pair, Kings and Fours
Seat 2: liza3008 (big blind) mucked


PokerStars Hand #146726972101:  Hold'em Limit ($3/$6 USD) - 2016/01/09 5:25:40 ET
Table 'Resi' 2-max Seat #2 is the button
Seat 1: TheU10 ($94.14 in chips)
Seat 2: liza3008 ($143.76 in chips)
liza3008: posts small blind $1
TheU10: posts big blind $3
*** HOLE CARDS ***
liza3008: raises $3 to $6
TheU10: calls $3
*** FLOP *** [Jd 9h 8c]
TheU10: checks
liza3008: bets $3
TheU10: calls $3
*** TURN *** [Jd 9h 8c] [9c]
TheU10: checks
liza3008: checks
*** RIVER *** [Jd 9h 8c 9c] [Qh]
TheU10: checks
liza3008: bets $6
TheU10: folds
Uncalled bet ($6) returned to liza3008
liza3008 collected $17.64 from pot
liza3008: doesn't show hand
*** SUMMARY ***
Total pot $18 | Rake $0.36
Board [Jd 9h 8c 9c Qh]
Seat 1: TheU10 (big blind) folded on the River
Seat 2: liza3008 (button) (small blind) collected ($17.64)


PokerStars Hand #146726989318:  Hold'em Limit ($3/$6 USD) - 2016/01/09 5:26:13 ET
Table 'Resi' 2-max Seat #2 is the button
Seat 1: TheU10 ($77.14 in chips)
Seat 2: liza3008 ($160.16 in chips)
liza3008: posts small blind $1
TheU10: posts big blind $3
*** HOLE CARDS ***
liza3008: raises $3 to $6
TheU10: calls $3
*** FLOP *** [Ts 8h Qh]
TheU10: checks
liza3008: bets $3
TheU10: folds
Uncalled bet ($3) returned to liza3008
liza3008 collected $11.76 from pot
liza3008: doesn't show hand
*** SUMMARY ***
Total pot $12 | Rake $0.24
Board [Ts 8h Qh]
Seat 1: TheU10 (big blind) folded on the Flop
Seat 2: liza3008 (button) (small blind) collected ($11.76)


PokerStars Hand #146727000712:  Hold'em Limit ($3/$6 USD) - 2016/01/09 5:26:35 ET
Table 'Resi' 2-max Seat #2 is the button
Seat 1: TheU10 ($76.90 in chips)
Seat 2: liza3008 ($159.92 in chips)
liza3008: posts small blind $1
TheU10: posts big blind $3
*** HOLE CARDS ***
liza3008: raises $3 to $6
TheU10: calls $3
*** FLOP *** [Qh 9s 4s]
TheU10: checks
liza3008: bets $3
TheU10: folds
Uncalled bet ($3) returned to liza3008
liza3008 collected $11.76 from pot
liza3008: doesn't show hand
*** SUMMARY ***
Total pot $12 | Rake $0.24
Board [Qh 9s 4s]
Seat 1: TheU10 (big blind) folded on the Flop
Seat 2: liza3008 (button) (small blind) collected ($11.76)


PokerStars Hand #146726994968:  Hold'em Limit ($3/$6 USD) - 2016/01/09 5:26:24 ET
Table 'Resi' 2-max Seat #1 is the button
Seat 1: TheU10 ($71.14 in chips)
Seat 2: liza3008 ($165.92 in chips)
TheU10: posts small blind $1
liza3008: posts big blind $3
*** HOLE CARDS ***
TheU10: raises $3 to $6
liza3008: calls $3
*** FLOP *** [Js Kc 7s]
liza3008: checks
TheU10: checks
*** TURN *** [Js Kc 7s] [Ks]
liza3008: checks
TheU10: bets $6
liza3008: folds
Uncalled bet ($6) returned to TheU10
TheU10 collected $11.76 from pot
TheU10: doesn't show hand
*** SUMMARY ***
Total pot $12 | Rake $0.24
Board [Js Kc 7s Ks]
Seat 1: TheU10 (button) (small blind) collected ($11.76)
Seat 2: liza3008 (big blind) folded on the Turn


PokerStars Hand #146727024600:  Hold'em Limit ($3/$6 USD) - 2016/01/09 5:27:21 ET
Table 'Resi' 2-max Seat #2 is the button
Seat 1: TheU10 ($85.04 in chips)
Seat 2: liza3008 ($150.32 in chips)
liza3008: posts small blind $1
TheU10: posts big blind $3
*** HOLE CARDS ***
liza3008: raises $3 to $6
TheU10: calls $3
*** FLOP *** [8c 2c 2d]
TheU10: checks
liza3008: checks
*** TURN *** [8c 2c 2d] [Qc]
TheU10: checks
liza3008: bets $6
TheU10: calls $6
*** RIVER *** [8c 2c 2d Qc] [Qh]
TheU10: checks
liza3008: bets $6
TheU10: calls $6
*** SHOW DOWN ***
liza3008: shows [Ad 2h] (a full house, Deuces full of Queens)
TheU10: mucks hand
liza3008 collected $35.50 from pot
*** SUMMARY ***
Total pot $36 | Rake $0.50
Board [8c 2c 2d Qc Qh]
Seat 1: TheU10 (big blind) mucked
Seat 2: liza3008 (button) (small blind) showed [Ad 2h] and won ($35.50) with a full house, Deuces full of Queens


PokerStars Hand #146727032354:  Hold'em Limit ($3/$6 USD) - 2016/01/09 5:27:36 ET
Table 'Resi' 2-max Seat #1 is the button
Seat 1: TheU10 ($67.04 in chips)
Seat 2: liza3008 ($167.82 in chips)
TheU10: posts small blind $1
liza3008: posts big blind $3
*** HOLE CARDS ***
TheU10: raises $3 to $6
liza3008: calls $3
*** FLOP *** [Jc Qd 3s]
liza3008: checks
TheU10: bets $3
liza3008: calls $3
*** TURN *** [Jc Qd 3s] [7d]
liza3008: checks
TheU10: checks
*** RIVER *** [Jc Qd 3s 7d] [6s]
liza3008: bets $6
TheU10: calls $6
*** SHOW DOWN ***
liza3008: shows [6d 3h] (two pair, Sixes and Threes)
TheU10: mucks hand
liza3008 collected $29.50 from pot
*** SUMMARY ***
Total pot $30 | Rake $0.50
Board [Jc Qd 3s 7d 6s]
Seat 1: TheU10 (button) (small blind) mucked
Seat 2: liza3008 (big blind) showed [6d 3h] and won ($29.50) with two pair, Sixes and Threes


PokerStars Hand #146727015848:  Hold'em Limit ($3/$6 USD) - 2016/01/09 5:27:05 ET
Table 'Resi' 2-max Seat #1 is the button
Seat 1: TheU10 ($70.54 in chips)
Seat 2: liza3008 ($165.32 in chips)
TheU10: posts small blind $1
liza3008: posts big blind $3
*** HOLE CARDS ***
TheU10: raises $3 to $6
liza3008: calls $3
*** FLOP *** [8c Ts 5d]
liza3008: checks
TheU10: bets $3
liza3008: calls $3
*** TURN *** [8c Ts 5d] [9d]
liza3008: checks
TheU10: checks
*** RIVER *** [8c Ts 5d 9d] [2d]
liza3008: bets $6
TheU10: calls $6
*** SHOW DOWN ***
liza3008: shows [6c Js] (high card Jack)
TheU10: shows [Ad 6h] (high card Ace)
TheU10 collected $29.50 from pot
*** SUMMARY ***
Total pot $30 | Rake $0.50
Board [8c Ts 5d 9d 2d]
Seat 1: TheU10 (button) (small blind) showed [Ad 6h] and won ($29.50) with high card Ace
Seat 2: liza3008 (big blind) showed [6c Js] and lost with high card Jack


PokerStars Hand #146727053383:  Hold'em Limit ($3/$6 USD) - 2016/01/09 5:28:17 ET
Table 'Resi' 2-max Seat #2 is the button
Seat 1: TheU10 ($105.04 in chips)
Seat 2: liza3008 ($208.58 in chips)
liza3008: posts small blind $1
TheU10: posts big blind $3
*** HOLE CARDS ***
liza3008: raises $3 to $6
TheU10: calls $3
*** FLOP *** [6h Js Kd]
TheU10: checks
liza3008: checks
*** TURN *** [6h Js Kd] [5d]
TheU10: checks
liza3008: checks
*** RIVER *** [6h Js Kd 5d] [9s]
TheU10: checks
liza3008: checks
*** SHOW DOWN ***
TheU10: shows [Kc 3c] (a pair of Kings)
liza3008: mucks hand
TheU10 collected $11.76 from pot
*** SUMMARY ***
Total pot $12 | Rake $0.24
Board [6h Js Kd 5d 9s]
Seat 1: TheU10 (big blind) showed [Kc 3c] and won ($11.76) with a pair of Kings
Seat 2: liza3008 (button) (small blind) mucked


PokerStars Hand #146727040357:  Hold'em Limit ($3/$6 USD) - 2016/01/09 5:27:52 ET
Table 'Resi' 2-max Seat #2 is the button
Seat 1: TheU10 ($52.04 in chips)
Seat 2: liza3008 ($182.32 in chips)
liza3008: posts small blind $1
TheU10: posts big blind $3
*** HOLE CARDS ***
liza3008: raises $3 to $6
TheU10: calls $3
*** FLOP *** [5c 8h Th]
TheU10: checks
liza3008: bets $3
TheU10: folds
Uncalled bet ($3) returned to liza3008
liza3008 collected $11.76 from pot
liza3008: doesn't show hand
*** SUMMARY ***
Total pot $12 | Rake $0.24
Board [5c 8h Th]
Seat 1: TheU10 (big blind) folded on the Flop
Seat 2: liza3008 (button) (small blind) collected ($11.76)


PokerStars Hand #146727070912:  Hold'em Limit ($3/$6 USD) - 2016/01/09 5:28:51 ET
Table 'Resi' 2-max Seat #1 is the button
Seat 1: TheU10 ($125.20 in chips)
Seat 2: liza3008 ($187.58 in chips)
TheU10: posts small blind $1
liza3008: posts big blind $3
*** HOLE CARDS ***
TheU10: raises $3 to $6
liza3008: calls $3
*** FLOP *** [4h 8c 3d]
liza3008: checks
TheU10: checks
*** TURN *** [4h 8c 3d] [7s]
liza3008: bets $6
TheU10: folds
Uncalled bet ($6) returned to liza3008
liza3008 collected $11.76 from pot
liza3008: doesn't show hand
*** SUMMARY ***
Total pot $12 | Rake $0.24
Board [4h 8c 3d 7s]
Seat 1: TheU10 (button) (small blind) folded on the Turn
Seat 2: liza3008 (big blind) collected ($11.76)


PokerStars Hand #146727086291:  Hold'em Limit ($3/$6 USD) - 2016/01/09 5:29:21 ET
Table 'Resi' 2-max Seat #2 is the button
Seat 1: TheU10 ($110.20 in chips)
Seat 2: liza3008 ($201.86 in chips)
liza3008: posts small blind $1
TheU10: posts big blind $3
*** HOLE CARDS ***
liza3008: raises $3 to $6
TheU10: raises $3 to $9
liza3008: calls $3
*** FLOP *** [3s 4h 2c]
TheU10: bets $3
liza3008: calls $3
*** TURN *** [3s 4h 2c] [Kd]
TheU10: bets $6
liza3008: folds
Uncalled bet ($6) returned to TheU10
TheU10 collected $23.52 from pot
TheU10: doesn't show hand
*** SUMMARY ***
Total pot $24 | Rake $0.48
Board [3s 4h 2c Kd]
Seat 1: TheU10 (big blind) collected ($23.52)
Seat 2: liza3008 (button) (small blind) folded on the Turn


PokerStars Hand #146727065130:  Hold'em Limit ($3/$6 USD) - 2016/01/09 5:28:40 ET
Table 'Resi' 2-max Seat #2 is the button
Seat 1: TheU10 ($119.44 in chips)
Seat 2: liza3008 ($193.58 in chips)
liza3008: posts small blind $1
TheU10: posts big blind $3
*** HOLE CARDS ***
liza3008: raises $3 to $6
TheU10: calls $3
*** FLOP *** [9s 7d Jc]
TheU10: checks
liza3008: checks
*** TURN *** [9s 7d Jc] [8h]
TheU10: checks
liza3008: checks
*** RIVER *** [9s 7d Jc 8h] [4d]
TheU10: checks
liza3008: checks
*** SHOW DOWN ***
TheU10: shows [7c Qs] (a pair of Sevens)
liza3008: mucks hand
TheU10 collected $11.76 from pot
*** SUMMARY ***
Total pot $12 | Rake $0.24
Board [9s 7d Jc 8h 4d]
Seat 1: TheU10 (big blind) showed [7c Qs] and won ($11.76) with a pair of Sevens
Seat 2: liza3008 (button) (small blind) mucked


PokerStars Hand #146727083611:  Hold'em Limit ($3/$6 USD) - 2016/01/09 5:29:16 ET
Table 'Resi' 2-max Seat #1 is the button
Seat 1: TheU10 ($107.20 in chips)
Seat 2: liza3008 ($204.86 in chips)
TheU10: posts small blind $1
liza3008: posts big blind $3
*** HOLE CARDS ***
TheU10: raises $3 to $6
liza3008: folds
Uncalled bet ($3) returned to TheU10
TheU10 collected $6 from pot
TheU10: doesn't show hand
*** SUMMARY ***
Total pot $6 | Rake $0
Seat 1: TheU10 (button) (small blind) collected ($6)
Seat 2: liza3008 (big blind) folded before Flop


PokerStars Hand #146727077540:  Hold'em Limit ($3/$6 USD) - 2016/01/09 5:29:04 ET
Table 'Resi' 2-max Seat #2 is the button
Seat 1: TheU10 ($119.20 in chips)
Seat 2: liza3008 ($193.34 in chips)
liza3008: posts small blind $1
TheU10: posts big blind $3
*** HOLE CARDS ***
liza3008: raises $3 to $6
TheU10: raises $3 to $9
liza3008: calls $3
*** FLOP *** [5h Jh 4h]
TheU10: bets $3
liza3008: calls $3
*** TURN *** [5h Jh 4h] [Ts]
TheU10: checks
liza3008: bets $6
TheU10: folds
Uncalled bet ($6) returned to liza3008
liza3008 collected $23.52 from pot
liza3008: doesn't show hand
*** SUMMARY ***
Total pot $24 | Rake $0.48
Board [5h Jh 4h Ts]
Seat 1: TheU10 (big blind) folded on the Turn
Seat 2: liza3008 (button) (small blind) collected ($23.52)


PokerStars Hand #146727115245:  Hold'em Limit ($3/$6 USD) - 2016/01/09 5:30:17 ET
Table 'Resi' 2-max Seat #2 is the button
Seat 1: TheU10 ($101.72 in chips)
Seat 2: liza3008 ($209.14 in chips)
liza3008: posts small blind $1
TheU10: posts big blind $3
*** HOLE CARDS ***
liza3008: raises $3 to $6
TheU10: calls $3
*** FLOP *** [As Tc Ad]
TheU10: checks
liza3008: checks
*** TURN *** [As Tc Ad] [2d]
TheU10: bets $6
liza3008: calls $6
*** RIVER *** [As Tc Ad 2d] [4s]
TheU10: bets $6
liza3008: folds
Uncalled bet ($6) returned to TheU10
TheU10 collected $23.52 from pot
TheU10: doesn't show hand
*** SUMMARY ***
Total pot $24 | Rake $0.48
Board [As Tc Ad 2d 4s]
Seat 1: TheU10 (big blind) collected ($23.52)
Seat 2: liza3008 (button) (small blind) folded on the River


PokerStars Hand #146727113163:  Hold'em Limit ($3/$6 USD) - 2016/01/09 5:30:13 ET
Table 'Resi' 2-max Seat #1 is the button
Seat 1: TheU10 ($102.72 in chips)
Seat 2: liza3008 ($208.14 in chips)
TheU10: posts small blind $1
liza3008: posts big blind $3
*** HOLE CARDS ***
TheU10: folds
Uncalled bet ($2) returned to liza3008
liza3008 collected $2 from pot
liza3008: doesn't show hand
*** SUMMARY ***
Total pot $2 | Rake $0
Seat 1: TheU10 (button) (small blind) folded before Flop
Seat 2: liza3008 (big blind) collected ($2)


PokerStars Hand #146727108330:  Hold'em Limit ($3/$6 USD) - 2016/01/09 5:30:04 ET
Table 'Resi' 2-max Seat #2 is the button
Seat 1: TheU10 ($108.72 in chips)
Seat 2: liza3008 ($202.38 in chips)
liza3008: posts small blind $1
TheU10: posts big blind $3
*** HOLE CARDS ***
liza3008: raises $3 to $6
TheU10: calls $3
*** FLOP *** [As 5s 5c]
TheU10: checks
liza3008: checks
*** TURN *** [As 5s 5c] [Jd]
TheU10: checks
liza3008: bets $6
TheU10: folds
Uncalled bet ($6) returned to liza3008
liza3008 collected $11.76 from pot
liza3008: doesn't show hand
*** SUMMARY ***
Total pot $12 | Rake $0.24
Board [As 5s 5c Jd]
Seat 1: TheU10 (big blind) folded on the Turn
Seat 2: liza3008 (button) (small blind) collected ($11.76)


PokerStars Hand #146727125230:  Hold'em Limit ($3/$6 USD) - 2016/01/09 5:30:36 ET
Table 'Resi' 2-max Seat #2 is the button
Seat 1: TheU10 ($119 in chips)
Seat 2: liza3008 ($191.14 in chips)
liza3008: posts small blind $1
TheU10: posts big blind $3
*** HOLE CARDS ***
liza3008: raises $3 to $6
TheU10: calls $3
*** FLOP *** [Td Qd 9h]
TheU10: checks
liza3008: bets $3
TheU10: folds
Uncalled bet ($3) returned to liza3008
liza3008 collected $11.76 from pot
liza3008: doesn't show hand
*** SUMMARY ***
Total pot $12 | Rake $0.24
Board [Td Qd 9h]
Seat 1: TheU10 (big blind) folded on the Flop
Seat 2: liza3008 (button) (small blind) collected ($11.76)


PokerStars Hand #146727103197:  Hold'em Limit ($3/$6 USD) - 2016/01/09 5:29:54 ET
Table 'Resi' 2-max Seat #1 is the button
Seat 1: TheU10 ($114.72 in chips)
Seat 2: liza3008 ($196.62 in chips)
TheU10: posts small blind $1
liza3008: posts big blind $3
*** HOLE CARDS ***
TheU10: raises $3 to $6
liza3008: calls $3
*** FLOP *** [6c Ts 7d]
liza3008: checks
TheU10: checks
*** TURN *** [6c Ts 7d] [Qs]
liza3008: bets $6
TheU10: folds
Uncalled bet ($6) returned to liza3008
liza3008 collected $11.76 from pot
liza3008: doesn't show hand
*** SUMMARY ***
Total pot $12 | Rake $0.24
Board [6c Ts 7d Qs]
Seat 1: TheU10 (button) (small blind) folded on the Turn
Seat 2: liza3008 (big blind) collected ($11.76)


PokerStars Hand #146727152948:  Hold'em Limit ($3/$6 USD) - 2016/01/09 5:31:29 ET
Table 'Resi' 2-max Seat #1 is the button
Seat 1: TheU10 ($161.52 in chips)
Seat 2: liza3008 ($146.90 in chips)
TheU10: posts small blind $1
liza3008: posts big blind $3
*** HOLE CARDS ***
TheU10: raises $3 to $6
liza3008: raises $3 to $9
TheU10: calls $3
*** FLOP *** [Js 7c 3d]
liza3008: bets $3
TheU10: raises $3 to $6
liza3008: raises $3 to $9
TheU10: calls $3
*** TURN *** [Js 7c 3d] [2d]
liza3008: checks
TheU10: checks
*** RIVER *** [Js 7c 3d 2d] [7s]
liza3008: bets $6
TheU10: calls $6
*** SHOW DOWN ***
liza3008: shows [7d 8d] (three of a kind, Sevens)
TheU10: mucks hand
liza3008 collected $47.50 from pot
*** SUMMARY ***
Total pot $48 | Rake $0.50
Board [Js 7c 3d 2d 7s]
Seat 1: TheU10 (button) (small blind) mucked
Seat 2: liza3008 (big blind) showed [7d 8d] and won ($47.50) with three of a kind, Sevens


PokerStars Hand #146727138018:  Hold'em Limit ($3/$6 USD) - 2016/01/09 5:31:01 ET
Table 'Resi' 2-max Seat #1 is the button
Seat 1: TheU10 ($123.52 in chips)
Seat 2: liza3008 ($185.90 in chips)
TheU10: posts small blind $1
liza3008: posts big blind $3
*** HOLE CARDS ***
TheU10: raises $3 to $6
liza3008: calls $3
*** FLOP *** [2c 5c Jc]
liza3008: checks
TheU10: bets $3
liza3008: calls $3
*** TURN *** [2c 5c Jc] [Js]
liza3008: checks
TheU10: bets $6
liza3008: calls $6
*** RIVER *** [2c 5c Jc Js] [Jd]
liza3008: checks
TheU10: bets $6
liza3008: folds
Uncalled bet ($6) returned to TheU10
TheU10 collected $29.50 from pot
TheU10: doesn't show hand
*** SUMMARY ***
Total pot $30 | Rake $0.50
Board [2c 5c Jc Js Jd]
Seat 1: TheU10 (button) (small blind) collected ($29.50)
Seat 2: liza3008 (big blind) folded on the River


PokerStars Hand #146727145073:  Hold'em Limit ($3/$6 USD) - 2016/01/09 5:31:15 ET
Table 'Resi' 2-max Seat #2 is the button
Seat 1: TheU10 ($138.02 in chips)
Seat 2: liza3008 ($170.90 in chips)
liza3008: posts small blind $1
TheU10: posts big blind $3
*** HOLE CARDS ***
liza3008: raises $3 to $6
TheU10: raises $3 to $9
liza3008: raises $3 to $12
Betting is capped
TheU10: calls $3
*** FLOP *** [Ah Ks 5d]
TheU10: checks
liza3008: checks
*** TURN *** [Ah Ks 5d] [3c]
TheU10: bets $6
liza3008: calls $6
*** RIVER *** [Ah Ks 5d 3c] [Ac]
TheU10: bets $6
liza3008: calls $6
*** SHOW DOWN ***
TheU10: shows [Kh 7h] (two pair, Aces and Kings)
liza3008: mucks hand
TheU10 collected $47.50 from pot
*** SUMMARY ***
Total pot $48 | Rake $0.50
Board [Ah Ks 5d 3c Ac]
Seat 1: TheU10 (big blind) showed [Kh 7h] and won ($47.50) with two pair, Aces and Kings
Seat 2: liza3008 (button) (small blind) mucked


PokerStars Hand #146727165293:  Hold'em Limit ($3/$6 USD) - 2016/01/09 5:31:53 ET
Table 'Resi' 2-max Seat #1 is the button
Seat 1: TheU10 ($131.52 in chips)
Seat 2: liza3008 ($176.16 in chips)
TheU10: posts small blind $1
liza3008: posts big blind $3
*** HOLE CARDS ***
TheU10: raises $3 to $6
liza3008: folds
Uncalled bet ($3) returned to TheU10
TheU10 collected $6 from pot
TheU10: doesn't show hand
*** SUMMARY ***
Total pot $6 | Rake $0
Seat 1: TheU10 (button) (small blind) collected ($6)
Seat 2: liza3008 (big blind) folded before Flop


PokerStars Hand #146727167863:  Hold'em Limit ($3/$6 USD) - 2016/01/09 5:31:58 ET
Table 'Resi' 2-max Seat #2 is the button
Seat 1: TheU10 ($134.52 in chips)
Seat 2: liza3008 ($173.16 in chips)
liza3008: posts small blind $1
TheU10: posts big blind $3
*** HOLE CARDS ***
liza3008: raises $3 to $6
TheU10: calls $3
*** FLOP *** [Kh As 9c]
TheU10: checks
liza3008: bets $3
TheU10: calls $3
*** TURN *** [Kh As 9c] [4s]
TheU10: checks
liza3008: bets $6
TheU10: calls $6
*** RIVER *** [Kh As 9c 4s] [7c]
TheU10: checks
liza3008: bets $6
TheU10: folds
Uncalled bet ($6) returned to liza3008
liza3008 collected $29.50 from pot
liza3008: doesn't show hand
*** SUMMARY ***
Total pot $30 | Rake $0.50
Board [Kh As 9c 4s 7c]
Seat 1: TheU10 (big blind) folded on the River
Seat 2: liza3008 (button) (small blind) collected ($29.50)


PokerStars Hand #146727161227:  Hold'em Limit ($3/$6 USD) - 2016/01/09 5:31:45 ET
Table 'Resi' 2-max Seat #2 is the button
Seat 1: TheU10 ($137.52 in chips)
Seat 2: liza3008 ($170.40 in chips)
liza3008: posts small blind $1
TheU10: posts big blind $3
*** HOLE CARDS ***
liza3008: raises $3 to $6
TheU10: calls $3
*** FLOP *** [4h Qd 6c]
TheU10: checks
liza3008: bets $3
TheU10: folds
Uncalled bet ($3) returned to liza3008
liza3008 collected $11.76 from pot
liza3008: doesn't show hand
*** SUMMARY ***
Total pot $12 | Rake $0.24
Board [4h Qd 6c]
Seat 1: TheU10 (big blind) folded on the Flop
Seat 2: liza3008 (button) (small blind) collected ($11.76)


PokerStars Hand #146727201902:  Hold'em Limit ($3/$6 USD) - 2016/01/09 5:33:04 ET
Table 'Resi' 2-max Seat #2 is the button
Seat 1: TheU10 ($114.80 in chips)
Seat 2: liza3008 ($190.92 in chips)
liza3008: posts small blind $1
TheU10: posts big blind $3
*** HOLE CARDS ***
liza3008: raises $3 to $6
TheU10: calls $3
*** FLOP *** [6c Jc 2c]
TheU10: checks
liza3008: checks
*** TURN *** [6c Jc 2c] [7s]
TheU10: bets $6
liza3008: folds
Uncalled bet ($6) returned to TheU10
TheU10 collected $11.76 from pot
TheU10: doesn't show hand
*** SUMMARY ***
Total pot $12 | Rake $0.24
Board [6c Jc 2c 7s]
Seat 1: TheU10 (big blind) collected ($11.76)
Seat 2: liza3008 (button) (small blind) folded on the Turn


PokerStars Hand #146727189023:  Hold'em Limit ($3/$6 USD) - 2016/01/09 5:32:39 ET
Table 'Resi' 2-max Seat #1 is the button
Seat 1: TheU10 ($98.52 in chips)
Seat 2: liza3008 ($207.92 in chips)
TheU10: posts small blind $1
liza3008: posts big blind $3
*** HOLE CARDS ***
TheU10: raises $3 to $6
liza3008: calls $3
*** FLOP *** [4d Kh Ac]
liza3008: checks
TheU10: bets $3
liza3008: folds
Uncalled bet ($3) returned to TheU10
TheU10 collected $11.76 from pot
TheU10: doesn't show hand
*** SUMMARY ***
Total pot $12 | Rake $0.24
Board [4d Kh Ac]
Seat 1: TheU10 (button) (small blind) collected ($11.76)
Seat 2: liza3008 (big blind) folded on the Flop


PokerStars Hand #146727206512:  Hold'em Limit ($3/$6 USD) - 2016/01/09 5:33:13 ET
Table 'Resi' 2-max Seat #1 is the button
Seat 1: TheU10 ($120.56 in chips)
Seat 2: liza3008 ($184.92 in chips)
TheU10: posts small blind $1
liza3008: posts big blind $3
*** HOLE CARDS ***
TheU10: raises $3 to $6
liza3008: calls $3
*** FLOP *** [6s 4c Ad]
liza3008: checks
TheU10: bets $3
liza3008: calls $3
*** TURN *** [6s 4c Ad] [5c]
liza3008: checks
TheU10: bets $6
liza3008: calls $6
*** RIVER *** [6s 4c Ad 5c] [7c]
liza3008: bets $6
TheU10: calls $6
*** SHOW DOWN ***
liza3008: shows [7d 6d] (two pair, Sevens and Sixes)
TheU10: mucks hand
liza3008 collected $41.50 from pot
*** SUMMARY ***
Total pot $42 | Rake $0.50
Board [6s 4c Ad 5c 7c]
Seat 1: TheU10 (button) (small blind) mucked
Seat 2: liza3008 (big blind) showed [7d 6d] and won ($41.50) with two pair, Sevens and Sixes


PokerStars Hand #146727199847:  Hold'em Limit ($3/$6 USD) - 2016/01/09 5:33:00 ET
Table 'Resi' 2-max Seat #1 is the button
Seat 1: TheU10 ($115.80 in chips)
Seat 2: liza3008 ($189.92 in chips)
TheU10: posts small blind $1
liza3008: posts big blind $3
*** HOLE CARDS ***
TheU10: folds
Uncalled bet ($2) returned to liza3008
liza3008 collected $2 from pot
liza3008: doesn't show hand
*** SUMMARY ***
Total pot $2 | Rake $0
Seat 1: TheU10 (button) (small blind) folded before Flop
Seat 2: liza3008 (big blind) collected ($2)


PokerStars Hand #146727193238:  Hold'em Limit ($3/$6 USD) - 2016/01/09 5:32:47 ET
Table 'Resi' 2-max Seat #2 is the button
Seat 1: TheU10 ($104.28 in chips)
Seat 2: liza3008 ($201.92 in chips)
liza3008: posts small blind $1
TheU10: posts big blind $3
*** HOLE CARDS ***
liza3008: raises $3 to $6
TheU10: raises $3 to $9
liza3008: calls $3
*** FLOP *** [Qs 3h Ac]
TheU10: bets $3
liza3008: calls $3
*** TURN *** [Qs 3h Ac] [Tc]
TheU10: checks
liza3008: checks
*** RIVER *** [Qs 3h Ac Tc] [8d]
TheU10: bets $6
liza3008: folds
Uncalled bet ($6) returned to TheU10
TheU10 collected $23.52 from pot
TheU10: doesn't show hand
*** SUMMARY ***
Total pot $24 | Rake $0.48
Board [Qs 3h Ac Tc 8d]
Seat 1: TheU10 (big blind) collected ($23.52)
Seat 2: liza3008 (button) (small blind) folded on the River


PokerStars Hand #146727213247:  Hold'em Limit ($3/$6 USD) - 2016/01/09 5:33:26 ET
Table 'Resi' 2-max Seat #2 is the button
Seat 1: TheU10 ($99.56 in chips)
Seat 2: liza3008 ($205.42 in chips)
liza3008: posts small blind $1
TheU10: posts big blind $3
*** HOLE CARDS ***
liza3008: raises $3 to $6
TheU10: calls $3
*** FLOP *** [5c Ac Th]
TheU10: checks
liza3008: checks
*** TURN *** [5c Ac Th] [8h]
TheU10: checks
liza3008: bets $6
TheU10: folds
Uncalled bet ($6) returned to liza3008
liza3008 collected $11.76 from pot
liza3008: doesn't show hand
*** SUMMARY ***
Total pot $12 | Rake $0.24
Board [5c Ac Th 8h]
Seat 1: TheU10 (big blind) folded on the Turn
Seat 2: liza3008 (button) (small blind) collected ($11.76)


PokerStars Hand #146727218851:  Hold'em Limit ($3/$6 USD) - 2016/01/09 5:33:36 ET
Table 'Resi' 2-max Seat #1 is the button
Seat 1: TheU10 ($93.56 in chips)
Seat 2: liza3008 ($211.18 in chips)
TheU10: posts small blind $1
liza3008: posts big blind $3
*** HOLE CARDS ***
TheU10: raises $3 to $6
liza3008: calls $3
*** FLOP *** [9s 2s Jd]
liza3008: checks
TheU10: bets $3
liza3008: calls $3
*** TURN *** [9s 2s Jd] [4s]
liza3008: checks
TheU10: bets $6
liza3008: calls $6
*** RIVER *** [9s 2s Jd 4s] [7h]
liza3008: checks
TheU10: bets $6
liza3008: folds
Uncalled bet ($6) returned to TheU10
TheU10 collected $29.50 from pot
TheU10: doesn't show hand
*** SUMMARY ***
Total pot $30 | Rake $0.50
Board [9s 2s Jd 4s 7h]
Seat 1: TheU10 (button) (small blind) collected ($29.50)
Seat 2: liza3008 (big blind) folded on the River


PokerStars Hand #146727246332:  Hold'em Limit ($3/$6 USD) - 2016/01/09 5:34:29 ET
Table 'Resi' 2-max Seat #2 is the button
Seat 1: TheU10 ($68.82 in chips)
Seat 2: liza3008 ($234.08 in chips)
liza3008: posts small blind $1
TheU10: posts big blind $3
*** HOLE CARDS ***
liza3008: raises $3 to $6
TheU10: calls $3
*** FLOP *** [Kd 6d Ac]
TheU10: checks
liza3008: checks
*** TURN *** [Kd 6d Ac] [Jc]
TheU10: bets $6
liza3008: calls $6
*** RIVER *** [Kd 6d Ac Jc] [7c]
TheU10: bets $6
liza3008: folds
Uncalled bet ($6) returned to TheU10
TheU10 collected $23.52 from pot
TheU10: doesn't show hand
*** SUMMARY ***
Total pot $24 | Rake $0.48
Board [Kd 6d Ac Jc 7c]
Seat 1: TheU10 (big blind) collected ($23.52)
Seat 2: liza3008 (button) (small blind) folded on the River


PokerStars Hand #146727232520:  Hold'em Limit ($3/$6 USD) - 2016/01/09 5:34:03 ET
Table 'Resi' 2-max Seat #1 is the button
Seat 1: TheU10 ($78.06 in chips)
Seat 2: liza3008 ($225.68 in chips)
TheU10: posts small blind $1
liza3008: posts big blind $3
*** HOLE CARDS ***
TheU10: raises $3 to $6
liza3008: calls $3
*** FLOP *** [Qc 9c 2s]
liza3008: checks
TheU10: bets $3
liza3008: folds
Uncalled bet ($3) returned to TheU10
TheU10 collected $11.76 from pot
TheU10: doesn't show hand
*** SUMMARY ***
Total pot $12 | Rake $0.24
Board [Qc 9c 2s]
Seat 1: TheU10 (button) (small blind) collected ($11.76)
Seat 2: liza3008 (big blind) folded on the Flop


PokerStars Hand #146727236652:  Hold'em Limit ($3/$6 USD) - 2016/01/09 5:34:11 ET
Table 'Resi' 2-max Seat #2 is the button
Seat 1: TheU10 ($83.82 in chips)
Seat 2: liza3008 ($219.68 in chips)
liza3008: posts small blind $1
TheU10: posts big blind $3
*** HOLE CARDS ***
liza3008: raises $3 to $6
TheU10: calls $3
*** FLOP *** [Qh Ac 4s]
TheU10: checks
liza3008: bets $3
TheU10: folds
Uncalled bet ($3) returned to liza3008
liza3008 collected $11.76 from pot
liza3008: doesn't show hand
*** SUMMARY ***
Total pot $12 | Rake $0.24
Board [Qh Ac 4s]
Seat 1: TheU10 (big blind) folded on the Flop
Seat 2: liza3008 (button) (small blind) collected ($11.76)


PokerStars Hand #146727225236:  Hold'em Limit ($3/$6 USD) - 2016/01/09 5:33:49 ET
Table 'Resi' 2-max Seat #2 is the button
Seat 1: TheU10 ($108.06 in chips)
Seat 2: liza3008 ($196.18 in chips)
liza3008: posts small blind $1
TheU10: posts big blind $3
*** HOLE CARDS ***
liza3008: raises $3 to $6
TheU10: raises $3 to $9
liza3008: raises $3 to $12
Betting is capped
TheU10: calls $3
*** FLOP *** [Kd 2s 7c]
TheU10: checks
liza3008: checks
*** TURN *** [Kd 2s 7c] [4d]
TheU10: bets $6
liza3008: raises $6 to $12
TheU10: calls $6
*** RIVER *** [Kd 2s 7c 4d] [Td]
TheU10: checks
liza3008: bets $6
TheU10: calls $6
*** SHOW DOWN ***
liza3008: shows [Kh Ks] (three of a kind, Kings)
TheU10: mucks hand
liza3008 collected $59.50 from pot
*** SUMMARY ***
Total pot $60 | Rake $0.50
Board [Kd 2s 7c 4d Td]
Seat 1: TheU10 (big blind) mucked
Seat 2: liza3008 (button) (small blind) showed [Kh Ks] and won ($59.50) with three of a kind, Kings


PokerStars Hand #146727278659:  Hold'em Limit ($3/$6 USD) - 2016/01/09 5:35:32 ET
Table 'Resi' 2-max Seat #1 is the button
Seat 1: TheU10 ($343.86 in chips)
Seat 2: liza3008 ($257.08 in chips)
TheU10: posts small blind $1
liza3008: posts big blind $3
*** HOLE CARDS ***
TheU10: raises $3 to $6
liza3008: calls $3
*** FLOP *** [4h 9h 6d]
liza3008: checks
TheU10: bets $3
liza3008: calls $3
*** TURN *** [4h 9h 6d] [Jd]
liza3008: checks
TheU10: bets $6
liza3008: folds
Uncalled bet ($6) returned to TheU10
TheU10 collected $17.64 from pot
TheU10: doesn't show hand
*** SUMMARY ***
Total pot $18 | Rake $0.36
Board [4h 9h 6d Jd]
Seat 1: TheU10 (button) (small blind) collected ($17.64)
Seat 2: liza3008 (big blind) folded on the Turn


PokerStars Hand #146727252181:  Hold'em Limit ($3/$6 USD) - 2016/01/09 5:34:41 ET
Table 'Resi' 2-max Seat #1 is the button
Seat 1: TheU10 ($380.34 in chips)
Seat 2: liza3008 ($222.08 in chips)
TheU10: posts small blind $1
liza3008: posts big blind $3
*** HOLE CARDS ***
TheU10: raises $3 to $6
liza3008: calls $3
*** FLOP *** [8s 9s 7s]
liza3008: checks
TheU10: bets $3
liza3008: folds
Uncalled bet ($3) returned to TheU10
TheU10 collected $11.76 from pot
TheU10: doesn't show hand
*** SUMMARY ***
Total pot $12 | Rake $0.24
Board [8s 9s 7s]
Seat 1: TheU10 (button) (small blind) collected ($11.76)
Seat 2: liza3008 (big blind) folded on the Flop


PokerStars Hand #146727271782:  Hold'em Limit ($3/$6 USD) - 2016/01/09 5:35:18 ET
Table 'Resi' 2-max Seat #2 is the button
Seat 1: TheU10 ($338.10 in chips)
Seat 2: liza3008 ($263.08 in chips)
liza3008: posts small blind $1
TheU10: posts big blind $3
*** HOLE CARDS ***
liza3008: raises $3 to $6
TheU10: calls $3
*** FLOP *** [Tc Jc 8c]
TheU10: checks
liza3008: checks
*** TURN *** [Tc Jc 8c] [3s]
TheU10: bets $6
liza3008: folds
Uncalled bet ($6) returned to TheU10
TheU10 collected $11.76 from pot
TheU10: doesn't show hand
*** SUMMARY ***
Total pot $12 | Rake $0.24
Board [Tc Jc 8c 3s]
Seat 1: TheU10 (big blind) collected ($11.76)
Seat 2: liza3008 (button) (small blind) folded on the Turn


PokerStars Hand #146727256108:  Hold'em Limit ($3/$6 USD) - 2016/01/09 5:34:48 ET
Table 'Resi' 2-max Seat #2 is the button
Seat 1: TheU10 ($386.10 in chips)
Seat 2: liza3008 ($216.08 in chips)
liza3008: posts small blind $1
TheU10: posts big blind $3
*** HOLE CARDS ***
liza3008: raises $3 to $6
TheU10: raises $3 to $9
liza3008: calls $3
*** FLOP *** [Jh 2h 4h]
TheU10: bets $3
liza3008: raises $3 to $6
TheU10: raises $3 to $9
liza3008: calls $3
*** TURN *** [Jh 2h 4h] [4s]
TheU10: bets $6
liza3008: calls $6
*** RIVER *** [Jh 2h 4h 4s] [Js]
TheU10: bets $6
liza3008: raises $6 to $12
TheU10: folds
Uncalled bet ($6) returned to liza3008
liza3008 collected $59.50 from pot
liza3008: doesn't show hand
*** SUMMARY ***
Total pot $60 | Rake $0.50
Board [Jh 2h 4h 4s Js]
Seat 1: TheU10 (big blind) folded on the River
Seat 2: liza3008 (button) (small blind) collected ($59.50)


PokerStars Hand #146727305512:  Hold'em Limit ($3/$6 USD) - 2016/01/09 5:36:23 ET
Table 'Resi' 2-max Seat #1 is the button
Seat 1: TheU10 ($366.75 in chips)
Seat 2: liza3008 ($232.35 in chips)
TheU10: posts small blind $1
liza3008: posts big blind $3
*** HOLE CARDS ***
TheU10: raises $3 to $6
liza3008: calls $3
*** FLOP *** [2c 3s 4s]
liza3008: checks
TheU10: bets $3
liza3008: calls $3
*** TURN *** [2c 3s 4s] [9c]
liza3008: checks
TheU10: checks
*** RIVER *** [2c 3s 4s 9c] [2h]
liza3008: bets $6
TheU10: calls $6
*** SHOW DOWN ***
liza3008: shows [9d 2s] (a full house, Deuces full of Nines)
TheU10: mucks hand
liza3008 collected $29.50 from pot
*** SUMMARY ***
Total pot $30 | Rake $0.50
Board [2c 3s 4s 9c 2h]
Seat 1: TheU10 (button) (small blind) mucked
Seat 2: liza3008 (big blind) showed [9d 2s] and won ($29.50) with a full house, Deuces full of Nines


PokerStars Hand #146727298626:  Hold'em Limit ($3/$6 USD) - 2016/01/09 5:36:10 ET
Table 'Resi' 2-max Seat #2 is the button
Seat 1: TheU10 ($340.25 in chips)
Seat 2: liza3008 ($259.35 in chips)
liza3008: posts small blind $1
TheU10: posts big blind $3
*** HOLE CARDS ***
liza3008: raises $3 to $6
TheU10: calls $3
*** FLOP *** [Ts 7h 2d]
TheU10: checks
liza3008: bets $3
TheU10: calls $3
*** TURN *** [Ts 7h 2d] [2h]
TheU10: checks
liza3008: bets $6
TheU10: raises $6 to $12
liza3008: calls $6
*** RIVER *** [Ts 7h 2d 2h] [6c]
TheU10: bets $6
liza3008: calls $6
*** SHOW DOWN ***
TheU10: shows [2s Ks] (three of a kind, Deuces)
liza3008: mucks hand
TheU10 collected $53.50 from pot
*** SUMMARY ***
Total pot $54 | Rake $0.50
Board [Ts 7h 2d 2h 6c]
Seat 1: TheU10 (big blind) showed [2s Ks] and won ($53.50) with three of a kind, Deuces
Seat 2: liza3008 (button) (small blind) mucked


PokerStars Hand #146727285311:  Hold'em Limit ($3/$6 USD) - 2016/01/09 5:35:44 ET
Table 'Resi' 2-max Seat #2 is the button
Seat 1: TheU10 ($352.50 in chips)
Seat 2: liza3008 ($248.08 in chips)
liza3008: posts small blind $1
TheU10: posts big blind $3
*** HOLE CARDS ***
liza3008: raises $3 to $6
TheU10: calls $3
*** FLOP *** [Td 9c 8h]
TheU10: checks
liza3008: bets $3
TheU10: raises $3 to $6
liza3008: calls $3
*** TURN *** [Td 9c 8h] [Ks]
TheU10: checks
liza3008: checks
*** RIVER *** [Td 9c 8h Ks] [7s]
TheU10: checks
liza3008: bets $6
TheU10: folds
Uncalled bet ($6) returned to liza3008
liza3008 collected $23.52 from pot
liza3008: doesn't show hand
*** SUMMARY ***
Total pot $24 | Rake $0.48
Board [Td 9c 8h Ks 7s]
Seat 1: TheU10 (big blind) folded on the River
Seat 2: liza3008 (button) (small blind) collected ($23.52)


PokerStars Hand #146727291805:  Hold'em Limit ($3/$6 USD) - 2016/01/09 5:35:57 ET
Table 'Resi' 2-max Seat #1 is the button
Seat 1: TheU10 ($340.50 in chips)
Seat 2: liza3008 ($259.60 in chips)
TheU10: posts small blind $1
liza3008: posts big blind $3
*** HOLE CARDS ***
TheU10: raises $3 to $6
liza3008: calls $3
*** FLOP *** [7h Tc As]
liza3008: checks
TheU10: bets $3
liza3008: calls $3
*** TURN *** [7h Tc As] [3s]
liza3008: checks
TheU10: bets $6
liza3008: calls $6
*** RIVER *** [7h Tc As 3s] [9c]
liza3008: checks
TheU10: bets $6
liza3008: calls $6
*** SHOW DOWN ***
TheU10: shows [Ad 4d] (a pair of Aces)
liza3008: shows [2h Ah] (a pair of Aces)
liza3008 collected $20.75 from pot
TheU10 collected $20.75 from pot
*** SUMMARY ***
Total pot $42 | Rake $0.50
Board [7h Tc As 3s 9c]
Seat 1: TheU10 (button) (small blind) showed [Ad 4d] and won ($20.75) with a pair of Aces
Seat 2: liza3008 (big blind) showed [2h Ah] and won ($20.75) with a pair of Aces


PokerStars Hand #146727336381:  Hold'em Limit ($3/$6 USD) - 2016/01/09 5:37:21 ET
Table 'Resi' 2-max Seat #1 is the button
Seat 1: TheU10 ($345.25 in chips)
Seat 2: liza3008 ($251.99 in chips)
TheU10: posts small blind $1
liza3008: posts big blind $3
*** HOLE CARDS ***
TheU10: raises $3 to $6
liza3008: calls $3
*** FLOP *** [Js 7h 6d]
liza3008: checks
TheU10: checks
*** TURN *** [Js 7h 6d] [7d]
liza3008: checks
TheU10: checks
*** RIVER *** [Js 7h 6d 7d] [4c]
liza3008: checks
TheU10: bets $6
liza3008: calls $6
*** SHOW DOWN ***
TheU10: shows [Ks 4d] (two pair, Sevens and Fours)
liza3008: mucks hand
TheU10 collected $23.52 from pot
*** SUMMARY ***
Total pot $24 | Rake $0.48
Board [Js 7h 6d 7d 4c]
Seat 1: TheU10 (button) (small blind) showed [Ks 4d] and won ($23.52) with two pair, Sevens and Fours
Seat 2: liza3008 (big blind) mucked


PokerStars Hand #146727328616:  Hold'em Limit ($3/$6 USD) - 2016/01/09 5:37:07 ET
Table 'Resi' 2-max Seat #2 is the button
Seat 1: TheU10 ($318.75 in chips)
Seat 2: liza3008 ($278.99 in chips)
liza3008: posts small blind $1
TheU10: posts big blind $3
*** HOLE CARDS ***
liza3008: raises $3 to $6
TheU10: calls $3
*** FLOP *** [3c 2c Td]
TheU10: checks
liza3008: bets $3
TheU10: calls $3
*** TURN *** [3c 2c Td] [Js]
TheU10: checks
liza3008: bets $6
TheU10: calls $6
*** RIVER *** [3c 2c Td Js] [5c]
TheU10: checks
liza3008: bets $6
TheU10: raises $6 to $12
liza3008: calls $6
*** SHOW DOWN ***
TheU10: shows [4h Ac] (a straight, Ace to Five)
liza3008: mucks hand
TheU10 collected $53.50 from pot
*** SUMMARY ***
Total pot $54 | Rake $0.50
Board [3c 2c Td Js 5c]
Seat 1: TheU10 (big blind) showed [4h Ac] and won ($53.50) with a straight, Ace to Five
Seat 2: liza3008 (button) (small blind) mucked


PokerStars Hand #146727320941:  Hold'em Limit ($3/$6 USD) - 2016/01/09 5:36:52 ET
Table 'Resi' 2-max Seat #1 is the button
Seat 1: TheU10 ($327.75 in chips)
Seat 2: liza3008 ($270.35 in chips)
TheU10: posts small blind $1
liza3008: posts big blind $3
*** HOLE CARDS ***
TheU10: raises $3 to $6
liza3008: calls $3
*** FLOP *** [2h 8h 7h]
liza3008: checks
TheU10: bets $3
liza3008: raises $3 to $6
TheU10: folds
Uncalled bet ($3) returned to liza3008
liza3008 collected $17.64 from pot
liza3008: doesn't show hand
*** SUMMARY ***
Total pot $18 | Rake $0.36
Board [2h 8h 7h]
Seat 1: TheU10 (button) (small blind) folded on the Flop
Seat 2: liza3008 (big blind) collected ($17.64)


PokerStars Hand #146727344224:  Hold'em Limit ($3/$6 USD) - 2016/01/09 5:37:37 ET
Table 'Resi' 2-max Seat #2 is the button
Seat 1: TheU10 ($356.77 in chips)
Seat 2: liza3008 ($239.99 in chips)
liza3008: posts small blind $1
TheU10: posts big blind $3
*** HOLE CARDS ***
liza3008: raises $3 to $6
TheU10: calls $3
*** FLOP *** [Qd 9h 3h]
TheU10: checks
liza3008: checks
*** TURN *** [Qd 9h 3h] [Js]
TheU10: checks
liza3008: checks
*** RIVER *** [Qd 9h 3h Js] [9c]
TheU10: bets $6
liza3008: calls $6
*** SHOW DOWN ***
TheU10: shows [4d Qs] (two pair, Queens and Nines)
liza3008: mucks hand
TheU10 collected $23.52 from pot
*** SUMMARY ***
Total pot $24 | Rake $0.48
Board [Qd 9h 3h Js 9c]
Seat 1: TheU10 (big blind) showed [4d Qs] and won ($23.52) with two pair, Queens and Nines
Seat 2: liza3008 (button) (small blind) mucked


PokerStars Hand #146727359169:  Hold'em Limit ($3/$6 USD) - 2016/01/09 5:38:05 ET
Table 'Resi' 2-max Seat #2 is the button
Seat 1: TheU10 ($382.79 in chips)
Seat 2: liza3008 ($212.99 in chips)
liza3008: posts small blind $1
TheU10: posts big blind $3
*** HOLE CARDS ***
liza3008: raises $3 to $6
TheU10: calls $3
*** FLOP *** [6s 9h 9s]
TheU10: checks
liza3008: checks
*** TURN *** [6s 9h 9s] [8d]
TheU10: checks
liza3008: bets $6
TheU10: folds
Uncalled bet ($6) returned to liza3008
liza3008 collected $11.76 from pot
liza3008: doesn't show hand
*** SUMMARY ***
Total pot $12 | Rake $0.24
Board [6s 9h 9s 8d]
Seat 1: TheU10 (big blind) folded on the Turn
Seat 2: liza3008 (button) (small blind) collected ($11.76)


PokerStars Hand #146727364196:  Hold'em Limit ($3/$6 USD) - 2016/01/09 5:38:14 ET
Table 'Resi' 2-max Seat #1 is the button
Seat 1: TheU10 ($376.79 in chips)
Seat 2: liza3008 ($218.75 in chips)
TheU10: posts small blind $1
liza3008: posts big blind $3
*** HOLE CARDS ***
TheU10: raises $3 to $6
liza3008: calls $3
*** FLOP *** [6s Jc Qd]
liza3008: checks
TheU10: bets $3
liza3008: calls $3
*** TURN *** [6s Jc Qd] [As]
liza3008: checks
TheU10: bets $6
liza3008: calls $6
*** RIVER *** [6s Jc Qd As] [9s]
liza3008: checks
TheU10: bets $6
liza3008: calls $6
*** SHOW DOWN ***
TheU10: shows [Ah 2d] (a pair of Aces)
liza3008: mucks hand
TheU10 collected $41.50 from pot
*** SUMMARY ***
Total pot $42 | Rake $0.50
Board [6s Jc Qd As 9s]
Seat 1: TheU10 (button) (small blind) showed [Ah 2d] and won ($41.50) with a pair of Aces
Seat 2: liza3008 (big blind) mucked


PokerStars Hand #146727377633:  Hold'em Limit ($3/$6 USD) - 2016/01/09 5:38:40 ET
Table 'Resi' 2-max Seat #1 is the button
Seat 1: TheU10 ($403.05 in chips)
Seat 2: liza3008 ($191.75 in chips)
TheU10: posts small blind $1
liza3008: posts big blind $3
*** HOLE CARDS ***
TheU10: raises $3 to $6
liza3008: calls $3
*** FLOP *** [9c Ac 2c]
liza3008: checks
TheU10: bets $3
liza3008: raises $3 to $6
TheU10: folds
Uncalled bet ($3) returned to liza3008
liza3008 collected $17.64 from pot
liza3008: doesn't show hand
*** SUMMARY ***
Total pot $18 | Rake $0.36
Board [9c Ac 2c]
Seat 1: TheU10 (button) (small blind) folded on the Flop
Seat 2: liza3008 (big blind) collected ($17.64)


PokerStars Hand #146727392458:  Hold'em Limit ($3/$6 USD) - 2016/01/09 5:39:08 ET
Table 'Resi' 2-max Seat #2 is the button
Seat 1: TheU10 ($370.05 in chips)
Seat 2: liza3008 ($223.65 in chips)
liza3008: posts small blind $1
TheU10: posts big blind $3
*** HOLE CARDS ***
liza3008: raises $3 to $6
TheU10: calls $3
*** FLOP *** [Jh 2d Qd]
TheU10: checks
liza3008: checks
*** TURN *** [Jh 2d Qd] [6d]
TheU10: checks
liza3008: bets $6
TheU10: folds
Uncalled bet ($6) returned to liza3008
liza3008 collected $11.76 from pot
liza3008: doesn't show hand
*** SUMMARY ***
Total pot $12 | Rake $0.24
Board [Jh 2d Qd 6d]
Seat 1: TheU10 (big blind) folded on the Turn
Seat 2: liza3008 (button) (small blind) collected ($11.76)


PokerStars Hand #146727387684:  Hold'em Limit ($3/$6 USD) - 2016/01/09 5:38:59 ET
Table 'Resi' 2-max Seat #1 is the button
Seat 1: TheU10 ($376.05 in chips)
Seat 2: liza3008 ($217.89 in chips)
TheU10: posts small blind $1
liza3008: posts big blind $3
*** HOLE CARDS ***
TheU10: raises $3 to $6
liza3008: calls $3
*** FLOP *** [Tc 4c 6s]
liza3008: checks
TheU10: checks
*** TURN *** [Tc 4c 6s] [5h]
liza3008: bets $6
TheU10: folds
Uncalled bet ($6) returned to liza3008
liza3008 collected $11.76 from pot
liza3008: doesn't show hand
*** SUMMARY ***
Total pot $12 | Rake $0.24
Board [Tc 4c 6s 5h]
Seat 1: TheU10 (button) (small blind) folded on the Turn
Seat 2: liza3008 (big blind) collected ($11.76)


PokerStars Hand #146727382144:  Hold'em Limit ($3/$6 USD) - 2016/01/09 5:38:49 ET
Table 'Resi' 2-max Seat #2 is the button
Seat 1: TheU10 ($394.05 in chips)
Seat 2: liza3008 ($200.39 in chips)
liza3008: posts small blind $1
TheU10: posts big blind $3
*** HOLE CARDS ***
liza3008: raises $3 to $6
TheU10: raises $3 to $9
liza3008: calls $3
*** FLOP *** [Td 5d Jh]
TheU10: bets $3
liza3008: calls $3
*** TURN *** [Td 5d Jh] [3c]
TheU10: bets $6
liza3008: calls $6
*** RIVER *** [Td 5d Jh 3c] [7s]
TheU10: checks
liza3008: checks
*** SHOW DOWN ***
TheU10: shows [3h Ah] (a pair of Threes)
liza3008: shows [2c 5s] (a pair of Fives)
liza3008 collected $35.50 from pot
*** SUMMARY ***
Total pot $36 | Rake $0.50
Board [Td 5d Jh 3c 7s]
Seat 1: TheU10 (big blind) showed [3h Ah] and lost with a pair of Threes
Seat 2: liza3008 (button) (small blind) showed [2c 5s] and won ($35.50) with a pair of Fives


PokerStars Hand #146727404213:  Hold'em Limit ($3/$6 USD) - 2016/01/09 5:39:31 ET
Table 'Resi' 2-max Seat #2 is the button
Seat 1: TheU10 ($343.05 in chips)
Seat 2: liza3008 ($249.91 in chips)
liza3008: posts small blind $1
TheU10: posts big blind $3
*** HOLE CARDS ***
liza3008: raises $3 to $6
TheU10: raises $3 to $9
liza3008: calls $3
*** FLOP *** [3c Td 3h]
TheU10: bets $3
liza3008: folds
Uncalled bet ($3) returned to TheU10
TheU10 collected $17.64 from pot
TheU10: doesn't show hand
*** SUMMARY ***
Total pot $18 | Rake $0.36
Board [3c Td 3h]
Seat 1: TheU10 (big blind) collected ($17.64)
Seat 2: liza3008 (button) (small blind) folded on the Flop


PokerStars Hand #146727397447:  Hold'em Limit ($3/$6 USD) - 2016/01/09 5:39:18 ET
Table 'Resi' 2-max Seat #1 is the button
Seat 1: TheU10 ($364.05 in chips)
Seat 2: liza3008 ($229.41 in chips)
TheU10: posts small blind $1
liza3008: posts big blind $3
*** HOLE CARDS ***
TheU10: raises $3 to $6
liza3008: calls $3
*** FLOP *** [Kd 8d 2c]
liza3008: checks
TheU10: bets $3
liza3008: calls $3
*** TURN *** [Kd 8d 2c] [8c]
liza3008: checks
TheU10: bets $6
liza3008: calls $6
*** RIVER *** [Kd 8d 2c 8c] [Tc]
liza3008: checks
TheU10: bets $6
liza3008: calls $6
*** SHOW DOWN ***
TheU10: shows [9h Js] (a pair of Eights)
liza3008: shows [Ks 5d] (two pair, Kings and Eights)
liza3008 collected $41.50 from pot
*** SUMMARY ***
Total pot $42 | Rake $0.50
Board [Kd 8d 2c 8c Tc]
Seat 1: TheU10 (button) (small blind) showed [9h Js] and lost with a pair of Eights
Seat 2: liza3008 (big blind) showed [Ks 5d] and won ($41.50) with two pair, Kings and Eights


PokerStars Hand #146727408632:  Hold'em Limit ($3/$6 USD) - 2016/01/09 5:39:39 ET
Table 'Resi' 2-max Seat #1 is the button
Seat 1: TheU10 ($351.69 in chips)
Seat 2: liza3008 ($240.91 in chips)
TheU10: posts small blind $1
liza3008: posts big blind $3
*** HOLE CARDS ***
TheU10: raises $3 to $6
liza3008: calls $3
*** FLOP *** [2h Th 5s]
liza3008: checks
TheU10: bets $3
liza3008: calls $3
*** TURN *** [2h Th 5s] [4d]
liza3008: checks
TheU10: bets $6
liza3008: folds
Uncalled bet ($6) returned to TheU10
TheU10 collected $17.64 from pot
TheU10: doesn't show hand
*** SUMMARY ***
Total pot $18 | Rake $0.36
Board [2h Th 5s 4d]
Seat 1: TheU10 (button) (small blind) collected ($17.64)
Seat 2: liza3008 (big blind) folded on the Turn


PokerStars Hand #146727419134:  Hold'em Limit ($3/$6 USD) - 2016/01/09 5:39:59 ET
Table 'Resi' 2-max Seat #1 is the button
Seat 1: TheU10 ($371.85 in chips)
Seat 2: liza3008 ($219.91 in chips)
TheU10: posts small blind $1
liza3008: posts big blind $3
*** HOLE CARDS ***
TheU10: raises $3 to $6
liza3008: calls $3
*** FLOP *** [Jc 9d 5d]
liza3008: checks
TheU10: bets $3
liza3008: calls $3
*** TURN *** [Jc 9d 5d] [9s]
liza3008: checks
TheU10: bets $6
liza3008: folds
Uncalled bet ($6) returned to TheU10
TheU10 collected $17.64 from pot
TheU10: doesn't show hand
*** SUMMARY ***
Total pot $18 | Rake $0.36
Board [Jc 9d 5d 9s]
Seat 1: TheU10 (button) (small blind) collected ($17.64)
Seat 2: liza3008 (big blind) folded on the Turn


PokerStars Hand #146727423578:  Hold'em Limit ($3/$6 USD) - 2016/01/09 5:40:08 ET
Table 'Resi' 2-max Seat #2 is the button
Seat 1: TheU10 ($380.49 in chips)
Seat 2: liza3008 ($210.91 in chips)
liza3008: posts small blind $1
TheU10: posts big blind $3
*** HOLE CARDS ***
liza3008: raises $3 to $6
TheU10: raises $3 to $9
liza3008: calls $3
*** FLOP *** [4h 6h 9s]
TheU10: bets $3
liza3008: raises $3 to $6
TheU10: calls $3
*** TURN *** [4h 6h 9s] [Ad]
TheU10: checks
liza3008: checks
*** RIVER *** [4h 6h 9s Ad] [5h]
TheU10: checks
liza3008: checks
*** SHOW DOWN ***
TheU10: shows [5d Kd] (a pair of Fives)
liza3008: shows [Jc 9c] (a pair of Nines)
liza3008 collected $29.50 from pot
*** SUMMARY ***
Total pot $30 | Rake $0.50
Board [4h 6h 9s Ad 5h]
Seat 1: TheU10 (big blind) showed [5d Kd] and lost with a pair of Fives
Seat 2: liza3008 (button) (small blind) showed [Jc 9c] and won ($29.50) with a pair of Nines


PokerStars Hand #146727429994:  Hold'em Limit ($3/$6 USD) - 2016/01/09 5:40:20 ET
Table 'Resi' 2-max Seat #1 is the button
Seat 1: TheU10 ($365.49 in chips)
Seat 2: liza3008 ($225.41 in chips)
TheU10: posts small blind $1
liza3008: posts big blind $3
*** HOLE CARDS ***
TheU10: raises $3 to $6
liza3008: calls $3
*** FLOP *** [Td 8s 2d]
liza3008: checks
TheU10: bets $3
liza3008: calls $3
*** TURN *** [Td 8s 2d] [7d]
liza3008: checks
TheU10: bets $6
liza3008: raises $6 to $12
TheU10: calls $6
*** RIVER *** [Td 8s 2d 7d] [4h]
liza3008: bets $6
TheU10: calls $6
*** SHOW DOWN ***
liza3008: shows [4d 6d] (a flush, Ten high)
TheU10: mucks hand
liza3008 collected $53.50 from pot
*** SUMMARY ***
Total pot $54 | Rake $0.50
Board [Td 8s 2d 7d 4h]
Seat 1: TheU10 (button) (small blind) mucked
Seat 2: liza3008 (big blind) showed [4d 6d] and won ($53.50) with a flush, Ten high


PokerStars Hand #146727413420:  Hold'em Limit ($3/$6 USD) - 2016/01/09 5:39:48 ET
Table 'Resi' 2-max Seat #2 is the button
Seat 1: TheU10 ($360.33 in chips)
Seat 2: liza3008 ($231.91 in chips)
liza3008: posts small blind $1
TheU10: posts big blind $3
*** HOLE CARDS ***
liza3008: raises $3 to $6
TheU10: calls $3
*** FLOP *** [Kc As 2c]
TheU10: checks
liza3008: bets $3
TheU10: raises $3 to $6
liza3008: calls $3
*** TURN *** [Kc As 2c] [Jd]
TheU10: bets $6
liza3008: folds
Uncalled bet ($6) returned to TheU10
TheU10 collected $23.52 from pot
TheU10: doesn't show hand
*** SUMMARY ***
Total pot $24 | Rake $0.48
Board [Kc As 2c Jd]
Seat 1: TheU10 (big blind) collected ($23.52)
Seat 2: liza3008 (button) (small blind) folded on the Turn


PokerStars Hand #146727437047:  Hold'em Limit ($3/$6 USD) - 2016/01/09 5:40:33 ET
Table 'Resi' 2-max Seat #2 is the button
Seat 1: TheU10 ($338.49 in chips)
Seat 2: liza3008 ($251.91 in chips)
liza3008: posts small blind $1
TheU10: posts big blind $3
*** HOLE CARDS ***
liza3008: raises $3 to $6
TheU10: raises $3 to $9
liza3008: calls $3
*** FLOP *** [3s 5s Th]
TheU10: bets $3
liza3008: calls $3
*** TURN *** [3s 5s Th] [7d]
TheU10: bets $6
liza3008: calls $6
*** RIVER *** [3s 5s Th 7d] [Js]
TheU10: bets $6
liza3008: calls $6
*** SHOW DOWN ***
TheU10: shows [Ad Tc] (a pair of Tens)
liza3008: mucks hand
TheU10 collected $47.50 from pot
*** SUMMARY ***
Total pot $48 | Rake $0.50
Board [3s 5s Th 7d Js]
Seat 1: TheU10 (big blind) showed [Ad Tc] and won ($47.50) with a pair of Tens
Seat 2: liza3008 (button) (small blind) mucked


PokerStars Hand #146727442698:  Hold'em Limit ($3/$6 USD) - 2016/01/09 5:40:44 ET
Table 'Resi' 2-max Seat #1 is the button
Seat 1: TheU10 ($361.99 in chips)
Seat 2: liza3008 ($227.91 in chips)
TheU10: posts small blind $1
liza3008: posts big blind $3
*** HOLE CARDS ***
TheU10: raises $3 to $6
liza3008: calls $3
*** FLOP *** [5h 9c 5c]
liza3008: checks
TheU10: checks
*** TURN *** [5h 9c 5c] [Qc]
liza3008: bets $6
TheU10: folds
Uncalled bet ($6) returned to liza3008
liza3008 collected $11.76 from pot
liza3008: doesn't show hand
*** SUMMARY ***
Total pot $12 | Rake $0.24
Board [5h 9c 5c Qc]
Seat 1: TheU10 (button) (small blind) folded on the Turn
Seat 2: liza3008 (big blind) collected ($11.76)


PokerStars Hand #146727465684:  Hold'em Limit ($3/$6 USD) - 2016/01/09 5:41:27 ET
Table 'Resi' 2-max Seat #1 is the button
Seat 1: TheU10 ($394.01 in chips)
Seat 2: liza3008 ($194.67 in chips)
TheU10: posts small blind $1
liza3008: posts big blind $3
*** HOLE CARDS ***
TheU10: raises $3 to $6
liza3008: calls $3
*** FLOP *** [2h 6c 2c]
liza3008: checks
TheU10: checks
*** TURN *** [2h 6c 2c] [Jc]
liza3008: bets $6
TheU10: folds
Uncalled bet ($6) returned to liza3008
liza3008 collected $11.76 from pot
liza3008: doesn't show hand
*** SUMMARY ***
Total pot $12 | Rake $0.24
Board [2h 6c 2c Jc]
Seat 1: TheU10 (button) (small blind) folded on the Turn
Seat 2: liza3008 (big blind) collected ($11.76)


PokerStars Hand #146727457467:  Hold'em Limit ($3/$6 USD) - 2016/01/09 5:41:12 ET
Table 'Resi' 2-max Seat #1 is the button
Seat 1: TheU10 ($379.49 in chips)
Seat 2: liza3008 ($209.67 in chips)
TheU10: posts small blind $1
liza3008: posts big blind $3
*** HOLE CARDS ***
TheU10: raises $3 to $6
liza3008: folds
Uncalled bet ($3) returned to TheU10
TheU10 collected $6 from pot
TheU10: doesn't show hand
*** SUMMARY ***
Total pot $6 | Rake $0
Seat 1: TheU10 (button) (small blind) collected ($6)
Seat 2: liza3008 (big blind) folded before Flop


PokerStars Hand #146727451334:  Hold'em Limit ($3/$6 USD) - 2016/01/09 5:41:00 ET
Table 'Resi' 2-max Seat #2 is the button
Seat 1: TheU10 ($355.99 in chips)
Seat 2: liza3008 ($233.67 in chips)
liza3008: posts small blind $1
TheU10: posts big blind $3
*** HOLE CARDS ***
liza3008: raises $3 to $6
TheU10: calls $3
*** FLOP *** [7c Th 2c]
TheU10: checks
liza3008: bets $3
TheU10: raises $3 to $6
liza3008: calls $3
*** TURN *** [7c Th 2c] [3d]
TheU10: bets $6
liza3008: calls $6
*** RIVER *** [7c Th 2c 3d] [8h]
TheU10: bets $6
liza3008: calls $6
*** SHOW DOWN ***
TheU10: shows [7h 6s] (a pair of Sevens)
liza3008: mucks hand
TheU10 collected $47.50 from pot
*** SUMMARY ***
Total pot $48 | Rake $0.50
Board [7c Th 2c 3d 8h]
Seat 1: TheU10 (big blind) showed [7h 6s] and won ($47.50) with a pair of Sevens
Seat 2: liza3008 (button) (small blind) mucked


PokerStars Hand #146727470422:  Hold'em Limit ($3/$6 USD) - 2016/01/09 5:41:36 ET
Table 'Resi' 2-max Seat #2 is the button
Seat 1: TheU10 ($388.01 in chips)
Seat 2: liza3008 ($200.43 in chips)
liza3008: posts small blind $1
TheU10: posts big blind $3
*** HOLE CARDS ***
liza3008: raises $3 to $6
TheU10: calls $3
*** FLOP *** [Jd Tc 2d]
TheU10: checks
liza3008: checks
*** TURN *** [Jd Tc 2d] [Th]
TheU10: checks
liza3008: checks
*** RIVER *** [Jd Tc 2d Th] [5d]
TheU10: checks
liza3008: bets $6
TheU10: folds
Uncalled bet ($6) returned to liza3008
liza3008 collected $11.76 from pot
liza3008: doesn't show hand
*** SUMMARY ***
Total pot $12 | Rake $0.24
Board [Jd Tc 2d Th 5d]
Seat 1: TheU10 (big blind) folded on the River
Seat 2: liza3008 (button) (small blind) collected ($11.76)


PokerStars Hand #146727476956:  Hold'em Limit ($3/$6 USD) - 2016/01/09 5:41:48 ET
Table 'Resi' 2-max Seat #1 is the button
Seat 1: TheU10 ($382.01 in chips)
Seat 2: liza3008 ($206.19 in chips)
TheU10: posts small blind $1
liza3008: posts big blind $3
*** HOLE CARDS ***
TheU10: raises $3 to $6
liza3008: calls $3
*** FLOP *** [Ah 3c Ts]
liza3008: checks
TheU10: bets $3
liza3008: folds
Uncalled bet ($3) returned to TheU10
TheU10 collected $11.76 from pot
TheU10: doesn't show hand
*** SUMMARY ***
Total pot $12 | Rake $0.24
Board [Ah 3c Ts]
Seat 1: TheU10 (button) (small blind) collected ($11.76)
Seat 2: liza3008 (big blind) folded on the Flop


PokerStars Hand #146727497697:  Hold'em Limit ($3/$6 USD) - 2016/01/09 5:42:27 ET
Table 'Resi' 2-max Seat #1 is the button
Seat 1: TheU10 ($422.79 in chips)
Seat 2: liza3008 ($164.19 in chips)
TheU10: posts small blind $1
liza3008: posts big blind $3
*** HOLE CARDS ***
TheU10: raises $3 to $6
liza3008: calls $3
*** FLOP *** [Ts Qc Jd]
liza3008: checks
TheU10: bets $3
liza3008: folds
Uncalled bet ($3) returned to TheU10
TheU10 collected $11.76 from pot
TheU10: doesn't show hand
*** SUMMARY ***
Total pot $12 | Rake $0.24
Board [Ts Qc Jd]
Seat 1: TheU10 (button) (small blind) collected ($11.76)
Seat 2: liza3008 (big blind) folded on the Flop


PokerStars Hand #146727505747:  Hold'em Limit ($3/$6 USD) - 2016/01/09 5:42:42 ET
Table 'Resi' 2-max Seat #1 is the button
Seat 1: TheU10 ($437.19 in chips)
Seat 2: liza3008 ($149.19 in chips)
TheU10: posts small blind $1
liza3008: posts big blind $3
*** HOLE CARDS ***
TheU10: folds
Uncalled bet ($2) returned to liza3008
liza3008 collected $2 from pot
liza3008: doesn't show hand
*** SUMMARY ***
Total pot $2 | Rake $0
Seat 1: TheU10 (button) (small blind) folded before Flop
Seat 2: liza3008 (big blind) collected ($2)


PokerStars Hand #146727501505:  Hold'em Limit ($3/$6 USD) - 2016/01/09 5:42:34 ET
Table 'Resi' 2-max Seat #2 is the button
Seat 1: TheU10 ($428.55 in chips)
Seat 2: liza3008 ($158.19 in chips)
liza3008: posts small blind $1
TheU10: posts big blind $3
*** HOLE CARDS ***
liza3008: raises $3 to $6
TheU10: raises $3 to $9
liza3008: calls $3
*** FLOP *** [4c Kc 9c]
TheU10: bets $3
liza3008: folds
Uncalled bet ($3) returned to TheU10
TheU10 collected $17.64 from pot
TheU10: doesn't show hand
*** SUMMARY ***
Total pot $18 | Rake $0.36
Board [4c Kc 9c]
Seat 1: TheU10 (big blind) collected ($17.64)
Seat 2: liza3008 (button) (small blind) folded on the Flop


PokerStars Hand #146727485833:  Hold'em Limit ($3/$6 USD) - 2016/01/09 5:42:05 ET
Table 'Resi' 2-max Seat #1 is the button
Seat 1: TheU10 ($393.53 in chips)
Seat 2: liza3008 ($194.19 in chips)
TheU10: posts small blind $1
liza3008: posts big blind $3
*** HOLE CARDS ***
TheU10: raises $3 to $6
liza3008: calls $3
*** FLOP *** [4h Ah 7d]
liza3008: checks
TheU10: bets $3
liza3008: folds
Uncalled bet ($3) returned to TheU10
TheU10 collected $11.76 from pot
TheU10: doesn't show hand
*** SUMMARY ***
Total pot $12 | Rake $0.24
Board [4h Ah 7d]
Seat 1: TheU10 (button) (small blind) collected ($11.76)
Seat 2: liza3008 (big blind) folded on the Flop


PokerStars Hand #146727507922:  Hold'em Limit ($3/$6 USD) - 2016/01/09 5:42:46 ET
Table 'Resi' 2-max Seat #2 is the button
Seat 1: TheU10 ($436.19 in chips)
Seat 2: liza3008 ($150.19 in chips)
liza3008: posts small blind $1
TheU10: posts big blind $3
*** HOLE CARDS ***
liza3008: raises $3 to $6
TheU10: calls $3
*** FLOP *** [6c 9s 2h]
TheU10: checks
liza3008: checks
*** TURN *** [6c 9s 2h] [7s]
TheU10: checks
liza3008: checks
*** RIVER *** [6c 9s 2h 7s] [Js]
TheU10: bets $6
liza3008: raises $6 to $12
TheU10: folds
Uncalled bet ($6) returned to liza3008
liza3008 collected $23.52 from pot
liza3008: doesn't show hand
*** SUMMARY ***
Total pot $24 | Rake $0.48
Board [6c 9s 2h 7s Js]
Seat 1: TheU10 (big blind) folded on the River
Seat 2: liza3008 (button) (small blind) collected ($23.52)


PokerStars Hand #146727528970:  Hold'em Limit ($3/$6 USD) - 2016/01/09 5:43:25 ET
Table 'Resi' 2-max Seat #2 is the button
Seat 1: TheU10 ($432.83 in chips)
Seat 2: liza3008 ($152.71 in chips)
liza3008: posts small blind $1
TheU10: posts big blind $3
*** HOLE CARDS ***
liza3008: raises $3 to $6
TheU10: folds
Uncalled bet ($3) returned to liza3008
liza3008 collected $6 from pot
liza3008: doesn't show hand
*** SUMMARY ***
Total pot $6 | Rake $0
Seat 1: TheU10 (big blind) folded before Flop
Seat 2: liza3008 (button) (small blind) collected ($6)


PokerStars Hand #146727531663:  Hold'em Limit ($3/$6 USD) - 2016/01/09 5:43:30 ET
Table 'Resi' 2-max Seat #1 is the button
Seat 1: TheU10 ($429.83 in chips)
Seat 2: liza3008 ($155.71 in chips)
TheU10: posts small blind $1
liza3008: posts big blind $3
*** HOLE CARDS ***
TheU10: raises $3 to $6
liza3008: calls $3
*** FLOP *** [Js 3s 4s]
liza3008: checks
TheU10: checks
*** TURN *** [Js 3s 4s] [5c]
liza3008: bets $6
TheU10: folds
Uncalled bet ($6) returned to liza3008
liza3008 collected $11.76 from pot
liza3008: doesn't show hand
*** SUMMARY ***
Total pot $12 | Rake $0.24
Board [Js 3s 4s 5c]
Seat 1: TheU10 (button) (small blind) folded on the Turn
Seat 2: liza3008 (big blind) collected ($11.76)


PokerStars Hand #146727537239:  Hold'em Limit ($3/$6 USD) - 2016/01/09 5:43:41 ET
Table 'Resi' 2-max Seat #2 is the button
Seat 1: TheU10 ($423.83 in chips)
Seat 2: liza3008 ($161.47 in chips)
liza3008: posts small blind $1
TheU10: posts big blind $3
*** HOLE CARDS ***
liza3008: raises $3 to $6
TheU10: calls $3
*** FLOP *** [Td Tc 5c]
TheU10: checks
liza3008: checks
*** TURN *** [Td Tc 5c] [Kc]
TheU10: checks
liza3008: checks
*** RIVER *** [Td Tc 5c Kc] [2h]
TheU10: bets $6
liza3008: calls $6
*** SHOW DOWN ***
TheU10: shows [8s Ah] (a pair of Tens)
liza3008: mucks hand
TheU10 collected $23.52 from pot
*** SUMMARY ***
Total pot $24 | Rake $0.48
Board [Td Tc 5c Kc 2h]
Seat 1: TheU10 (big blind) showed [8s Ah] and won ($23.52) with a pair of Tens
Seat 2: liza3008 (button) (small blind) mucked


PokerStars Hand #146727543597:  Hold'em Limit ($3/$6 USD) - 2016/01/09 5:43:52 ET
Table 'Resi' 2-max Seat #1 is the button
Seat 1: TheU10 ($435.35 in chips)
Seat 2: liza3008 ($149.47 in chips)
TheU10: posts small blind $1
liza3008: posts big blind $3
*** HOLE CARDS ***
TheU10: raises $3 to $6
liza3008: calls $3
*** FLOP *** [8s Js 9h]
liza3008: checks
TheU10: checks
*** TURN *** [8s Js 9h] [Jc]
liza3008: bets $6
TheU10: folds
Uncalled bet ($6) returned to liza3008
liza3008 collected $11.76 from pot
liza3008: doesn't show hand
*** SUMMARY ***
Total pot $12 | Rake $0.24
Board [8s Js 9h Jc]
Seat 1: TheU10 (button) (small blind) folded on the Turn
Seat 2: liza3008 (big blind) collected ($11.76)


PokerStars Hand #146727571210:  Hold'em Limit ($3/$6 USD) - 2016/01/09 5:44:44 ET
Table 'Resi' 2-max Seat #1 is the button
Seat 1: TheU10 ($419.85 in chips)
Seat 2: liza3008 ($163.23 in chips)
TheU10: posts small blind $1
liza3008: posts big blind $3
*** HOLE CARDS ***
TheU10: folds
Uncalled bet ($2) returned to liza3008
liza3008 collected $2 from pot
liza3008: doesn't show hand
*** SUMMARY ***
Total pot $2 | Rake $0
Seat 1: TheU10 (button) (small blind) folded before Flop
Seat 2: liza3008 (big blind) collected ($2)


PokerStars Hand #146727564975:  Hold'em Limit ($3/$6 USD) - 2016/01/09 5:44:32 ET
Table 'Resi' 2-max Seat #2 is the button
Seat 1: TheU10 ($396.35 in chips)
Seat 2: liza3008 ($187.23 in chips)
liza3008: posts small blind $1
TheU10: posts big blind $3
*** HOLE CARDS ***
liza3008: raises $3 to $6
TheU10: raises $3 to $9
liza3008: calls $3
*** FLOP *** [Ts 3h Kh]
TheU10: bets $3
liza3008: calls $3
*** TURN *** [Ts 3h Kh] [4d]
TheU10: bets $6
liza3008: calls $6
*** RIVER *** [Ts 3h Kh 4d] [9c]
TheU10: bets $6
liza3008: calls $6
*** SHOW DOWN ***
TheU10: shows [Jd Qd] (a straight, Nine to King)
liza3008: mucks hand
TheU10 collected $47.50 from pot
*** SUMMARY ***
Total pot $48 | Rake $0.50
Board [Ts 3h Kh 4d 9c]
Seat 1: TheU10 (big blind) showed [Jd Qd] and won ($47.50) with a straight, Nine to King
Seat 2: liza3008 (button) (small blind) mucked


PokerStars Hand #146727549801:  Hold'em Limit ($3/$6 USD) - 2016/01/09 5:44:04 ET
Table 'Resi' 2-max Seat #2 is the button
Seat 1: TheU10 ($429.35 in chips)
Seat 2: liza3008 ($155.23 in chips)
liza3008: posts small blind $1
TheU10: posts big blind $3
*** HOLE CARDS ***
liza3008: raises $3 to $6
TheU10: calls $3
*** FLOP *** [Qd 7d Th]
TheU10: checks
liza3008: bets $3
TheU10: calls $3
*** TURN *** [Qd 7d Th] [4h]
TheU10: checks
liza3008: checks
*** RIVER *** [Qd 7d Th 4h] [6d]
TheU10: bets $6
liza3008: calls $6
*** SHOW DOWN ***
TheU10: shows [9d 6c] (a pair of Sixes)
liza3008: shows [7c Kd] (a pair of Sevens)
liza3008 collected $29.50 from pot
*** SUMMARY ***
Total pot $30 | Rake $0.50
Board [Qd 7d Th 4h 6d]
Seat 1: TheU10 (big blind) showed [9d 6c] and lost with a pair of Sixes
Seat 2: liza3008 (button) (small blind) showed [7c Kd] and won ($29.50) with a pair of Sevens


PokerStars Hand #146727556666:  Hold'em Limit ($3/$6 USD) - 2016/01/09 5:44:17 ET
Table 'Resi' 2-max Seat #1 is the button
Seat 1: TheU10 ($414.35 in chips)
Seat 2: liza3008 ($169.73 in chips)
TheU10: posts small blind $1
liza3008: posts big blind $3
*** HOLE CARDS ***
TheU10: raises $3 to $6
liza3008: calls $3
*** FLOP *** [3h 8c 2c]
liza3008: checks
TheU10: checks
*** TURN *** [3h 8c 2c] [9c]
liza3008: bets $6
TheU10: raises $6 to $12
liza3008: calls $6
*** RIVER *** [3h 8c 2c 9c] [6c]
liza3008: checks
TheU10: checks
*** SHOW DOWN ***
liza3008: shows [9d 7d] (a pair of Nines)
TheU10: mucks hand
liza3008 collected $35.50 from pot
*** SUMMARY ***
Total pot $36 | Rake $0.50
Board [3h 8c 2c 9c 6c]
Seat 1: TheU10 (button) (small blind) mucked
Seat 2: liza3008 (big blind) showed [9d 7d] and won ($35.50) with a pair of Nines


PokerStars Hand #146727573633:  Hold'em Limit ($3/$6 USD) - 2016/01/09 5:44:48 ET
Table 'Resi' 2-max Seat #2 is the button
Seat 1: TheU10 ($418.85 in chips)
Seat 2: liza3008 ($164.23 in chips)
liza3008: posts small blind $1
TheU10: posts big blind $3
*** HOLE CARDS ***
liza3008: raises $3 to $6
TheU10: calls $3
*** FLOP *** [Ts 7c 5h]
TheU10: checks
liza3008: bets $3
TheU10: folds
Uncalled bet ($3) returned to liza3008
liza3008 collected $11.76 from pot
liza3008: doesn't show hand
*** SUMMARY ***
Total pot $12 | Rake $0.24
Board [Ts 7c 5h]
Seat 1: TheU10 (big blind) folded on the Flop
Seat 2: liza3008 (button) (small blind) collected ($11.76)


PokerStars Hand #146727584766:  Hold'em Limit ($3/$6 USD) - 2016/01/09 5:45:09 ET
Table 'Resi' 2-max Seat #2 is the button
Seat 1: TheU10 ($436.35 in chips)
Seat 2: liza3008 ($145.99 in chips)
liza3008: posts small blind $1
TheU10: posts big blind $3
*** HOLE CARDS ***
liza3008: raises $3 to $6
TheU10: raises $3 to $9
liza3008: calls $3
*** FLOP *** [5c 8c 5h]
TheU10: checks
liza3008: checks
*** TURN *** [5c 8c 5h] [Ah]
TheU10: bets $6
liza3008: folds
Uncalled bet ($6) returned to TheU10
TheU10 collected $17.64 from pot
TheU10: doesn't show hand
*** SUMMARY ***
Total pot $18 | Rake $0.36
Board [5c 8c 5h Ah]
Seat 1: TheU10 (big blind) collected ($17.64)
Seat 2: liza3008 (button) (small blind) folded on the Turn


PokerStars Hand #146727591401:  Hold'em Limit ($3/$6 USD) - 2016/01/09 5:45:22 ET
Table 'Resi' 2-max Seat #1 is the button
Seat 1: TheU10 ($444.99 in chips)
Seat 2: liza3008 ($136.99 in chips)
TheU10: posts small blind $1
liza3008: posts big blind $3
*** HOLE CARDS ***
TheU10: raises $3 to $6
liza3008: calls $3
*** FLOP *** [9h 9s 8d]
liza3008: checks
TheU10: bets $3
liza3008: raises $3 to $6
TheU10: raises $3 to $9
liza3008: calls $3
*** TURN *** [9h 9s 8d] [Ah]
liza3008: checks
TheU10: bets $6
liza3008: calls $6
*** RIVER *** [9h 9s 8d Ah] [Jd]
liza3008: checks
TheU10: checks
*** SHOW DOWN ***
liza3008: shows [5h 5s] (two pair, Nines and Fives)
TheU10: shows [7h 8h] (two pair, Nines and Eights)
TheU10 collected $41.50 from pot
*** SUMMARY ***
Total pot $42 | Rake $0.50
Board [9h 9s 8d Ah Jd]
Seat 1: TheU10 (button) (small blind) showed [7h 8h] and won ($41.50) with two pair, Nines and Eights
Seat 2: liza3008 (big blind) showed [5h 5s] and lost with two pair, Nines and Fives


PokerStars Hand #146727577431:  Hold'em Limit ($3/$6 USD) - 2016/01/09 5:44:56 ET
Table 'Resi' 2-max Seat #1 is the button
Seat 1: TheU10 ($412.85 in chips)
Seat 2: liza3008 ($169.99 in chips)
TheU10: posts small blind $1
liza3008: posts big blind $3
*** HOLE CARDS ***
TheU10: raises $3 to $6
liza3008: calls $3
*** FLOP *** [Qd 8s 2c]
liza3008: checks
TheU10: checks
*** TURN *** [Qd 8s 2c] [5s]
liza3008: bets $6
TheU10: raises $6 to $12
liza3008: calls $6
*** RIVER *** [Qd 8s 2c 5s] [4c]
liza3008: checks
TheU10: bets $6
liza3008: calls $6
*** SHOW DOWN ***
TheU10: shows [Ks Kh] (a pair of Kings)
liza3008: mucks hand
TheU10 collected $47.50 from pot
*** SUMMARY ***
Total pot $48 | Rake $0.50
Board [Qd 8s 2c 5s 4c]
Seat 1: TheU10 (button) (small blind) showed [Ks Kh] and won ($47.50) with a pair of Kings
Seat 2: liza3008 (big blind) mucked


PokerStars Hand #146727628293:  Hold'em Limit ($3/$6 USD) - 2016/01/09 5:46:31 ET
Table 'Resi' 2-max Seat #2 is the button
Seat 1: TheU10 ($497.39 in chips)
Seat 2: liza3008 ($82.51 in chips)
liza3008: posts small blind $1
TheU10: posts big blind $3
*** HOLE CARDS ***
liza3008: raises $3 to $6
TheU10: raises $3 to $9
liza3008: raises $3 to $12
Betting is capped
TheU10: calls $3
*** FLOP *** [4d 6s As]
TheU10: checks
liza3008: bets $3
TheU10: calls $3
*** TURN *** [4d 6s As] [Qh]
TheU10: checks
liza3008: checks
*** RIVER *** [4d 6s As Qh] [9d]
TheU10: checks
liza3008: checks
*** SHOW DOWN ***
TheU10: shows [Jd Kd] (high card Ace)
liza3008: shows [8c 8h] (a pair of Eights)
liza3008 collected $29.50 from pot
*** SUMMARY ***
Total pot $30 | Rake $0.50
Board [4d 6s As Qh 9d]
Seat 1: TheU10 (big blind) showed [Jd Kd] and lost with high card Ace
Seat 2: liza3008 (button) (small blind) showed [8c 8h] and won ($29.50) with a pair of Eights


PokerStars Hand #146727614147:  Hold'em Limit ($3/$6 USD) - 2016/01/09 5:46:05 ET
Table 'Resi' 2-max Seat #2 is the button
Seat 1: TheU10 ($459.25 in chips)
Seat 2: liza3008 ($121.51 in chips)
liza3008: posts small blind $1
TheU10: posts big blind $3
*** HOLE CARDS ***
liza3008: raises $3 to $6
TheU10: raises $3 to $9
liza3008: calls $3
*** FLOP *** [5h 4h Ks]
TheU10: bets $3
liza3008: folds
Uncalled bet ($3) returned to TheU10
TheU10 collected $17.64 from pot
TheU10: doesn't show hand
*** SUMMARY ***
Total pot $18 | Rake $0.36
Board [5h 4h Ks]
Seat 1: TheU10 (big blind) collected ($17.64)
Seat 2: liza3008 (button) (small blind) folded on the Flop


PokerStars Hand #146727668498:  Hold'em Limit ($3/$6 USD) - 2016/01/09 5:47:27 ET
Table 'Resi' 2-max Seat #1 is the button
Seat 1: TheU10 ($496.89 in chips)
Seat 2: liza3008 ($81.77 in chips)
TheU10: posts small blind $1
liza3008: posts big blind $3
*** HOLE CARDS ***
TheU10: raises $3 to $6
liza3008: calls $3
*** FLOP *** [8d Kd 9h]
liza3008: checks
TheU10: checks
*** TURN *** [8d Kd 9h] [Ah]
liza3008: bets $6
TheU10: calls $6
*** RIVER *** [8d Kd 9h Ah] [6s]
liza3008: checks
TheU10: checks
*** SHOW DOWN ***
liza3008: shows [6c Tc] (a pair of Sixes)
TheU10: shows [6h Jh] (a pair of Sixes - Ace+King+Jack kicker)
TheU10 collected $23.52 from pot
*** SUMMARY ***
Total pot $24 | Rake $0.48
Board [8d Kd 9h Ah 6s]
Seat 1: TheU10 (button) (small blind) showed [6h Jh] and won ($23.52) with a pair of Sixes
Seat 2: liza3008 (big blind) showed [6c Tc] and lost with a pair of Sixes


PokerStars Hand #146727637333:  Hold'em Limit ($3/$6 USD) - 2016/01/09 5:46:49 ET
Table 'Resi' 2-max Seat #1 is the button
Seat 1: TheU10 ($482.39 in chips)
Seat 2: liza3008 ($97.01 in chips)
TheU10: posts small blind $1
liza3008: posts big blind $3
*** HOLE CARDS ***
TheU10: raises $3 to $6
liza3008: calls $3
*** FLOP *** [Qd 5h 9h]
liza3008: checks
TheU10: bets $3
liza3008: calls $3
*** TURN *** [Qd 5h 9h] [Ah]
liza3008: checks
TheU10: bets $6
liza3008: calls $6
*** RIVER *** [Qd 5h 9h Ah] [9s]
liza3008: checks
TheU10: bets $6
liza3008: calls $6
*** SHOW DOWN ***
TheU10: shows [Jh As] (two pair, Aces and Nines)
liza3008: mucks hand
TheU10 collected $41.50 from pot
*** SUMMARY ***
Total pot $42 | Rake $0.50
Board [Qd 5h 9h Ah 9s]
Seat 1: TheU10 (button) (small blind) showed [Jh As] and won ($41.50) with two pair, Aces and Nines
Seat 2: liza3008 (big blind) mucked


PokerStars Hand #146727704694:  Hold'em Limit ($3/$6 USD) - 2016/01/09 5:48:28 ET
Table 'Resi' 2-max Seat #2 is the button
Seat 1: TheU10 ($509.67 in chips)
Seat 2: liza3008 ($67.27 in chips)
liza3008: posts small blind $1
TheU10: posts big blind $3
*** HOLE CARDS ***
liza3008: raises $3 to $6
TheU10: calls $3
*** FLOP *** [5d Jc 2c]
TheU10: checks
liza3008: checks
*** TURN *** [5d Jc 2c] [2d]
TheU10: checks
liza3008: checks
*** RIVER *** [5d Jc 2c 2d] [2h]
TheU10: checks
liza3008: checks
*** SHOW DOWN ***
TheU10: shows [8h Qd] (three of a kind, Deuces)
liza3008: shows [Td Qc] (three of a kind, Deuces)
TheU10 collected $5.88 from pot
liza3008 collected $5.88 from pot
*** SUMMARY ***
Total pot $12 | Rake $0.24
Board [5d Jc 2c 2d 2h]
Seat 1: TheU10 (big blind) showed [8h Qd] and won ($5.88) with three of a kind, Deuces
Seat 2: liza3008 (button) (small blind) showed [Td Qc] and won ($5.88) with three of a kind, Deuces


PokerStars Hand #146727678557:  Hold'em Limit ($3/$6 USD) - 2016/01/09 5:47:43 ET
Table 'Resi' 2-max Seat #2 is the button
Seat 1: TheU10 ($508.41 in chips)
Seat 2: liza3008 ($69.77 in chips)
liza3008: posts small blind $1
TheU10: posts big blind $3
*** HOLE CARDS ***
liza3008: raises $3 to $6
TheU10: calls $3
*** FLOP *** [Th 5c 8h]
TheU10: checks
liza3008: checks
*** TURN *** [Th 5c 8h] [2s]
TheU10: bets $6
liza3008: folds
Uncalled bet ($6) returned to TheU10
TheU10 collected $11.76 from pot
TheU10: doesn't show hand
*** SUMMARY ***
Total pot $12 | Rake $0.24
Board [Th 5c 8h 2s]
Seat 1: TheU10 (big blind) collected ($11.76)
Seat 2: liza3008 (button) (small blind) folded on the Turn


PokerStars Hand #146727693210:  Hold'em Limit ($3/$6 USD) - 2016/01/09 5:48:07 ET
Table 'Resi' 2-max Seat #2 is the button
Seat 1: TheU10 ($537.67 in chips)
Seat 2: liza3008 ($39.77 in chips)
liza3008: posts small blind $1
TheU10: posts big blind $3
*** HOLE CARDS ***
liza3008: raises $3 to $6
TheU10: raises $3 to $9
liza3008: raises $3 to $12
Betting is capped
TheU10: calls $3
*** FLOP *** [7d Ks Jc]
TheU10: checks
liza3008: bets $3
TheU10: calls $3
*** TURN *** [7d Ks Jc] [2s]
TheU10: checks
liza3008: bets $6
TheU10: calls $6
*** RIVER *** [7d Ks Jc 2s] [3s]
TheU10: checks
liza3008: bets $6
TheU10: calls $6
*** SHOW DOWN ***
liza3008: shows [Kc Kd] (three of a kind, Kings)
TheU10: mucks hand
liza3008 collected $53.50 from pot
*** SUMMARY ***
Total pot $54 | Rake $0.50
Board [7d Ks Jc 2s 3s]
Seat 1: TheU10 (big blind) mucked
Seat 2: liza3008 (button) (small blind) showed [Kc Kd] and won ($53.50) with three of a kind, Kings


PokerStars Hand #146727710090:  Hold'em Limit ($3/$6 USD) - 2016/01/09 5:48:39 ET
Table 'Resi' 2-max Seat #1 is the button
Seat 1: TheU10 ($509.55 in chips)
Seat 2: liza3008 ($67.15 in chips)
TheU10: posts small blind $1
liza3008: posts big blind $3
*** HOLE CARDS ***
TheU10: folds
Uncalled bet ($2) returned to liza3008
liza3008 collected $2 from pot
liza3008: doesn't show hand
*** SUMMARY ***
Total pot $2 | Rake $0
Seat 1: TheU10 (button) (small blind) folded before Flop
Seat 2: liza3008 (big blind) collected ($2)


PokerStars Hand #146727729743:  Hold'em Limit ($3/$6 USD) - 2016/01/09 5:49:16 ET
Table 'Resi' 2-max Seat #1 is the button
Seat 1: TheU10 ($490.55 in chips)
Seat 2: liza3008 ($85.43 in chips)
TheU10: posts small blind $1
liza3008: posts big blind $3
*** HOLE CARDS ***
TheU10: folds
Uncalled bet ($2) returned to liza3008
liza3008 collected $2 from pot
liza3008: doesn't show hand
*** SUMMARY ***
Total pot $2 | Rake $0
Seat 1: TheU10 (button) (small blind) folded before Flop
Seat 2: liza3008 (big blind) collected ($2)


PokerStars Hand #146727726074:  Hold'em Limit ($3/$6 USD) - 2016/01/09 5:49:09 ET
Table 'Resi' 2-max Seat #2 is the button
Seat 1: TheU10 ($496.55 in chips)
Seat 2: liza3008 ($79.67 in chips)
liza3008: posts small blind $1
TheU10: posts big blind $3
*** HOLE CARDS ***
liza3008: raises $3 to $6
TheU10: calls $3
*** FLOP *** [3d Ad Ac]
TheU10: checks
liza3008: bets $3
TheU10: folds
Uncalled bet ($3) returned to liza3008
liza3008 collected $11.76 from pot
liza3008: doesn't show hand
*** SUMMARY ***
Total pot $12 | Rake $0.24
Board [3d Ad Ac]
Seat 1: TheU10 (big blind) folded on the Flop
Seat 2: liza3008 (button) (small blind) collected ($11.76)


PokerStars Hand #146727716748:  Hold'em Limit ($3/$6 USD) - 2016/01/09 5:48:51 ET
Table 'Resi' 2-max Seat #2 is the button
Seat 1: TheU10 ($508.55 in chips)
Seat 2: liza3008 ($68.15 in chips)
liza3008: posts small blind $1
TheU10: posts big blind $3
*** HOLE CARDS ***
liza3008: raises $3 to $6
TheU10: calls $3
*** FLOP *** [Qc 7s Ts]
TheU10: checks
liza3008: bets $3
TheU10: folds
Uncalled bet ($3) returned to liza3008
liza3008 collected $11.76 from pot
liza3008: doesn't show hand
*** SUMMARY ***
Total pot $12 | Rake $0.24
Board [Qc 7s Ts]
Seat 1: TheU10 (big blind) folded on the Flop
Seat 2: liza3008 (button) (small blind) collected ($11.76)


PokerStars Hand #146727721245:  Hold'em Limit ($3/$6 USD) - 2016/01/09 5:49:00 ET
Table 'Resi' 2-max Seat #1 is the button
Seat 1: TheU10 ($502.55 in chips)
Seat 2: liza3008 ($73.91 in chips)
TheU10: posts small blind $1
liza3008: posts big blind $3
*** HOLE CARDS ***
TheU10: raises $3 to $6
liza3008: calls $3
*** FLOP *** [8d Kd 2d]
liza3008: checks
TheU10: checks
*** TURN *** [8d Kd 2d] [4h]
liza3008: bets $6
TheU10: folds
Uncalled bet ($6) returned to liza3008
liza3008 collected $11.76 from pot
liza3008: doesn't show hand
*** SUMMARY ***
Total pot $12 | Rake $0.24
Board [8d Kd 2d 4h]
Seat 1: TheU10 (button) (small blind) folded on the Turn
Seat 2: liza3008 (big blind) collected ($11.76)


PokerStars Hand #146727736503:  Hold'em Limit ($3/$6 USD) - 2016/01/09 5:49:29 ET
Table 'Resi' 2-max Seat #1 is the button
Seat 1: TheU10 ($495.31 in chips)
Seat 2: liza3008 ($80.43 in chips)
TheU10: posts small blind $1
liza3008: posts big blind $3
*** HOLE CARDS ***
TheU10: raises $3 to $6
liza3008: calls $3
*** FLOP *** [Jh As 9s]
liza3008: checks
TheU10: bets $3
liza3008: calls $3
*** TURN *** [Jh As 9s] [Qd]
liza3008: checks
TheU10: bets $6
liza3008: calls $6
*** RIVER *** [Jh As 9s Qd] [3d]
liza3008: checks
TheU10: bets $6
liza3008: calls $6
*** SHOW DOWN ***
TheU10: shows [Ac Kd] (a pair of Aces)
liza3008: mucks hand
TheU10 collected $41.50 from pot
*** SUMMARY ***
Total pot $42 | Rake $0.50
Board [Jh As 9s Qd 3d]
Seat 1: TheU10 (button) (small blind) showed [Ac Kd] and won ($41.50) with a pair of Aces
Seat 2: liza3008 (big blind) mucked


PokerStars Hand #146727732043:  Hold'em Limit ($3/$6 USD) - 2016/01/09 5:49:20 ET
Table 'Resi' 2-max Seat #2 is the button
Seat 1: TheU10 ($489.55 in chips)
Seat 2: liza3008 ($86.43 in chips)
liza3008: posts small blind $1
TheU10: posts big blind $3
*** HOLE CARDS ***
liza3008: raises $3 to $6
TheU10: calls $3
*** FLOP *** [4h 8s Qd]
TheU10: checks
liza3008: checks
*** TURN *** [4h 8s Qd] [Jh]
TheU10: bets $6
liza3008: folds
Uncalled bet ($6) returned to TheU10
TheU10 collected $11.76 from pot
TheU10: doesn't show hand
*** SUMMARY ***
Total pot $12 | Rake $0.24
Board [4h 8s Qd Jh]
Seat 1: TheU10 (big blind) collected ($11.76)
Seat 2: liza3008 (button) (small blind) folded on the Turn


PokerStars Hand #146727753446:  Hold'em Limit ($3/$6 USD) - 2016/01/09 5:50:01 ET
Table 'Resi' 2-max Seat #1 is the button
Seat 1: TheU10 ($536.31 in chips)
Seat 2: liza3008 ($38.43 in chips)
TheU10: posts small blind $1
liza3008: posts big blind $3
*** HOLE CARDS ***
TheU10: raises $3 to $6
liza3008: calls $3
*** FLOP *** [8s Qc 2d]
liza3008: bets $3
TheU10: calls $3
*** TURN *** [8s Qc 2d] [Th]
liza3008: bets $6
TheU10: calls $6
*** RIVER *** [8s Qc 2d Th] [Jd]
liza3008: checks
TheU10: bets $6
liza3008: folds
Uncalled bet ($6) returned to TheU10
TheU10 collected $29.50 from pot
TheU10: doesn't show hand
*** SUMMARY ***
Total pot $30 | Rake $0.50
Board [8s Qc 2d Th Jd]
Seat 1: TheU10 (button) (small blind) collected ($29.50)
Seat 2: liza3008 (big blind) folded on the River


PokerStars Hand #146727762417:  Hold'em Limit ($3/$6 USD) - 2016/01/09 5:50:18 ET
Table 'Resi' 2-max Seat #2 is the button
Seat 1: TheU10 ($550.81 in chips)
Seat 2: liza3008 ($23.43 in chips)
liza3008: posts small blind $1
TheU10: posts big blind $3
*** HOLE CARDS ***
liza3008: raises $3 to $6
TheU10: calls $3
*** FLOP *** [5s Qs Ac]
TheU10: checks
liza3008: bets $3
TheU10: folds
Uncalled bet ($3) returned to liza3008
liza3008 collected $11.76 from pot
liza3008: doesn't show hand
*** SUMMARY ***
Total pot $12 | Rake $0.24
Board [5s Qs Ac]
Seat 1: TheU10 (big blind) folded on the Flop
Seat 2: liza3008 (button) (small blind) collected ($11.76)


PokerStars Hand #146727768165:  Hold'em Limit ($3/$6 USD) - 2016/01/09 5:50:29 ET
Table 'Resi' 2-max Seat #1 is the button
Seat 1: TheU10 ($544.81 in chips)
Seat 2: liza3008 ($29.19 in chips)
TheU10: posts small blind $1
liza3008: posts big blind $3
*** HOLE CARDS ***
TheU10: raises $3 to $6
liza3008: calls $3
*** FLOP *** [8h Ah 7c]
liza3008: checks
TheU10: bets $3
liza3008: calls $3
*** TURN *** [8h Ah 7c] [8c]
liza3008: checks
TheU10: bets $6
liza3008: folds
Uncalled bet ($6) returned to TheU10
TheU10 collected $17.64 from pot
TheU10: doesn't show hand
*** SUMMARY ***
Total pot $18 | Rake $0.36
Board [8h Ah 7c 8c]
Seat 1: TheU10 (button) (small blind) collected ($17.64)
Seat 2: liza3008 (big blind) folded on the Turn


PokerStars Hand #146727744181:  Hold'em Limit ($3/$6 USD) - 2016/01/09 5:49:43 ET
Table 'Resi' 2-max Seat #2 is the button
Seat 1: TheU10 ($515.81 in chips)
Seat 2: liza3008 ($59.43 in chips)
liza3008: posts small blind $1
TheU10: posts big blind $3
*** HOLE CARDS ***
liza3008: raises $3 to $6
TheU10: calls $3
*** FLOP *** [9h Jh 7s]
TheU10: checks
liza3008: bets $3
TheU10: calls $3
*** TURN *** [9h Jh 7s] [5s]
TheU10: bets $6
liza3008: calls $6
*** RIVER *** [9h Jh 7s 5s] [Tc]
TheU10: bets $6
liza3008: calls $6
*** SHOW DOWN ***
TheU10: shows [Jc 2h] (a pair of Jacks)
liza3008: mucks hand
TheU10 collected $41.50 from pot
*** SUMMARY ***
Total pot $42 | Rake $0.50
Board [9h Jh 7s 5s Tc]
Seat 1: TheU10 (big blind) showed [Jc 2h] and won ($41.50) with a pair of Jacks
Seat 2: liza3008 (button) (small blind) mucked


PokerStars Hand #146727788867:  Hold'em Limit ($3/$6 USD) - 2016/01/09 5:51:08 ET
Table 'Resi' 2-max Seat #1 is the button
Seat 1: TheU10 ($540.45 in chips)
Seat 2: liza3008 ($32.71 in chips)
TheU10: posts small blind $1
liza3008: posts big blind $3
*** HOLE CARDS ***
TheU10: raises $3 to $6
liza3008: raises $3 to $9
TheU10: calls $3
*** FLOP *** [Kc 4c 9c]
liza3008: bets $3
TheU10: calls $3
*** TURN *** [Kc 4c 9c] [Ad]
liza3008: bets $6
TheU10: folds
Uncalled bet ($6) returned to liza3008
liza3008 collected $23.52 from pot
liza3008: doesn't show hand
*** SUMMARY ***
Total pot $24 | Rake $0.48
Board [Kc 4c 9c Ad]
Seat 1: TheU10 (button) (small blind) folded on the Turn
Seat 2: liza3008 (big blind) collected ($23.52)


PokerStars Hand #146727783858:  Hold'em Limit ($3/$6 USD) - 2016/01/09 5:50:59 ET
Table 'Resi' 2-max Seat #2 is the button
Seat 1: TheU10 ($546.45 in chips)
Seat 2: liza3008 ($26.95 in chips)
liza3008: posts small blind $1
TheU10: posts big blind $3
*** HOLE CARDS ***
liza3008: raises $3 to $6
TheU10: calls $3
*** FLOP *** [9s 7s 3d]
TheU10: checks
liza3008: bets $3
TheU10: folds
Uncalled bet ($3) returned to liza3008
liza3008 collected $11.76 from pot
liza3008: doesn't show hand
*** SUMMARY ***
Total pot $12 | Rake $0.24
Board [9s 7s 3d]
Seat 1: TheU10 (big blind) folded on the Flop
Seat 2: liza3008 (button) (small blind) collected ($11.76)


PokerStars Hand #146727781693:  Hold'em Limit ($3/$6 USD) - 2016/01/09 5:50:55 ET
Table 'Resi' 2-max Seat #1 is the button
Seat 1: TheU10 ($547.45 in chips)
Seat 2: liza3008 ($25.95 in chips)
TheU10: posts small blind $1
liza3008: posts big blind $3
*** HOLE CARDS ***
TheU10: folds
Uncalled bet ($2) returned to liza3008
liza3008 collected $2 from pot
liza3008: doesn't show hand
*** SUMMARY ***
Total pot $2 | Rake $0
Seat 1: TheU10 (button) (small blind) folded before Flop
Seat 2: liza3008 (big blind) collected ($2)


PokerStars Hand #146727805573:  Hold'em Limit ($3/$6 USD) - 2016/01/09 5:51:39 ET
Table 'Resi' 2-max Seat #1 is the button
Seat 1: TheU10 ($534.21 in chips)
Seat 2: liza3008 ($38.23 in chips)
TheU10: posts small blind $1
liza3008: posts big blind $3
*** HOLE CARDS ***
TheU10: raises $3 to $6
liza3008: calls $3
*** FLOP *** [3c 4d Td]
liza3008: checks
TheU10: bets $3
liza3008: calls $3
*** TURN *** [3c 4d Td] [Th]
liza3008: checks
TheU10: bets $6
liza3008: raises $6 to $12
TheU10: calls $6
*** RIVER *** [3c 4d Td Th] [Qd]
liza3008: checks
TheU10: bets $6
liza3008: calls $6
*** SHOW DOWN ***
TheU10: shows [Qc 4c] (two pair, Queens and Tens)
liza3008: mucks hand
TheU10 collected $53.50 from pot
*** SUMMARY ***
Total pot $54 | Rake $0.50
Board [3c 4d Td Th Qd]
Seat 1: TheU10 (button) (small blind) showed [Qc 4c] and won ($53.50) with two pair, Queens and Tens
Seat 2: liza3008 (big blind) mucked


PokerStars Hand #146727834428:  Hold'em Limit ($3/$6 USD) - 2016/01/09 5:52:33 ET
Table 'Resi' 2-max Seat #2 is the button
Seat 1: TheU10 ($534.48 in chips)
Seat 2: liza3008 ($36.51 in chips)
liza3008: posts small blind $1
TheU10: posts big blind $3
*** HOLE CARDS ***
liza3008: raises $3 to $6
TheU10: calls $3
*** FLOP *** [9c 3d 7s]
TheU10: checks
liza3008: checks
*** TURN *** [9c 3d 7s] [2h]
TheU10: bets $6
liza3008: folds
Uncalled bet ($6) returned to TheU10
TheU10 collected $11.76 from pot
TheU10: doesn't show hand
*** SUMMARY ***
Total pot $12 | Rake $0.24
Board [9c 3d 7s 2h]
Seat 1: TheU10 (big blind) collected ($11.76)
Seat 2: liza3008 (button) (small blind) folded on the Turn


PokerStars Hand #146727826626:  Hold'em Limit ($3/$6 USD) - 2016/01/09 5:52:19 ET
Table 'Resi' 2-max Seat #1 is the button
Seat 1: TheU10 ($549.48 in chips)
Seat 2: liza3008 ($22.01 in chips)
TheU10: posts small blind $1
TheU10 said, "nh"
liza3008: posts big blind $3
*** HOLE CARDS ***
TheU10: raises $3 to $6
liza3008: calls $3
*** FLOP *** [2s 6c 5c]
liza3008: bets $3
TheU10: calls $3
*** TURN *** [2s 6c 5c] [3h]
liza3008: bets $6
TheU10: calls $6
*** RIVER *** [2s 6c 5c 3h] [9s]
liza3008: bets $6
TheU10: folds
Uncalled bet ($6) returned to liza3008
liza3008 collected $29.50 from pot
liza3008: doesn't show hand
*** SUMMARY ***
Total pot $30 | Rake $0.50
Board [2s 6c 5c 3h 9s]
Seat 1: TheU10 (button) (small blind) folded on the River
Seat 2: liza3008 (big blind) collected ($29.50)


PokerStars Hand #146727863981:  Hold'em Limit ($3/$6 USD) - 2016/01/09 5:53:29 ET
Table 'Resi' 2-max Seat #2 is the button
Seat 1: TheU10 ($536.76 in chips)
Seat 2: liza3008 ($33.03 in chips)
liza3008: posts small blind $1
TheU10: posts big blind $3
*** HOLE CARDS ***
liza3008: raises $3 to $6
TheU10: calls $3
*** FLOP *** [Jh 7h 8s]
TheU10: checks
liza3008: checks
*** TURN *** [Jh 7h 8s] [Kc]
TheU10: checks
liza3008: bets $6
TheU10: folds
Uncalled bet ($6) returned to liza3008
liza3008 collected $11.76 from pot
liza3008: doesn't show hand
*** SUMMARY ***
Total pot $12 | Rake $0.24
Board [Jh 7h 8s Kc]
Seat 1: TheU10 (big blind) folded on the Turn
Seat 2: liza3008 (button) (small blind) collected ($11.76)


PokerStars Hand #146727851784:  Hold'em Limit ($3/$6 USD) - 2016/01/09 5:53:06 ET
Table 'Resi' 2-max Seat #1 is the button
Seat 1: TheU10 ($548.76 in chips)
Seat 2: liza3008 ($21.51 in chips)
TheU10: posts small blind $1
liza3008: posts big blind $3
*** HOLE CARDS ***
TheU10: raises $3 to $6
liza3008: raises $3 to $9
TheU10: calls $3
*** FLOP *** [3h 7h 3d]
liza3008: bets $3
TheU10: calls $3
*** TURN *** [3h 7h 3d] [Jc]
liza3008: bets $6
TheU10: folds
Uncalled bet ($6) returned to liza3008
liza3008 collected $23.52 from pot
liza3008: doesn't show hand
*** SUMMARY ***
Total pot $24 | Rake $0.48
Board [3h 7h 3d Jc]
Seat 1: TheU10 (button) (small blind) folded on the Turn
Seat 2: liza3008 (big blind) collected ($23.52)


PokerStars Hand #146727840969:  Hold'em Limit ($3/$6 USD) - 2016/01/09 5:52:46 ET
Table 'Resi' 2-max Seat #1 is the button
Seat 1: TheU10 ($540.24 in chips)
Seat 2: liza3008 ($30.51 in chips)
TheU10: posts small blind $1
liza3008: posts big blind $3
*** HOLE CARDS ***
TheU10: raises $3 to $6
liza3008: calls $3
*** FLOP *** [2s 7s As]
liza3008: checks
TheU10: checks
*** TURN *** [2s 7s As] [5c]
liza3008: checks
TheU10: checks
*** RIVER *** [2s 7s As 5c] [Js]
liza3008: bets $6
TheU10: calls $6
*** SHOW DOWN ***
liza3008: shows [6d 4c] (high card Ace)
TheU10: shows [6s Jh] (a flush, Ace high)
TheU10 collected $23.52 from pot
*** SUMMARY ***
Total pot $24 | Rake $0.48
Board [2s 7s As 5c Js]
Seat 1: TheU10 (button) (small blind) showed [6s Jh] and won ($23.52) with a flush, Ace high
Seat 2: liza3008 (big blind) showed [6d 4c] and lost with high card Ace


PokerStars Hand #146727887035:  Hold'em Limit ($3/$6 USD) - 2016/01/09 5:54:11 ET
Table 'Resi' 2-max Seat #1 is the button
Seat 1: TheU10 ($557.02 in chips)
Seat 2: liza3008 ($11.79 in chips)
TheU10: posts small blind $1
liza3008: posts big blind $3
*** HOLE CARDS ***
TheU10: raises $3 to $6
liza3008: raises $3 to $9
TheU10: calls $3
*** FLOP *** [5h Qd Ks]
liza3008: bets $2.79 and is all-in
TheU10: calls $2.79
*** TURN *** [5h Qd Ks] [6c]
*** RIVER *** [5h Qd Ks 6c] [Ah]
*** SHOW DOWN ***
liza3008: shows [Th 6h] (a pair of Sixes)
TheU10: shows [Ts 6s] (a pair of Sixes)
liza3008 collected $11.56 from pot
TheU10 collected $11.55 from pot
*** SUMMARY ***
Total pot $23.58 | Rake $0.47
Board [5h Qd Ks 6c Ah]
Seat 1: TheU10 (button) (small blind) showed [Ts 6s] and won ($11.55) with a pair of Sixes
Seat 2: liza3008 (big blind) showed [Th 6h] and won ($11.56) with a pair of Sixes


PokerStars Hand #146727879492:  Hold'em Limit ($3/$6 USD) - 2016/01/09 5:53:57 ET
Table 'Resi' 2-max Seat #2 is the button
Seat 1: TheU10 ($536.52 in chips)
Seat 2: liza3008 ($32.79 in chips)
liza3008: posts small blind $1
TheU10: posts big blind $3
*** HOLE CARDS ***
liza3008: raises $3 to $6
TheU10: calls $3
*** FLOP *** [4h 5c 3d]
TheU10: checks
liza3008: bets $3
TheU10: calls $3
*** TURN *** [4h 5c 3d] [8c]
TheU10: bets $6
liza3008: calls $6
*** RIVER *** [4h 5c 3d 8c] [9c]
TheU10: bets $6
liza3008: calls $6
*** SHOW DOWN ***
TheU10: shows [8h Ad] (a pair of Eights)
liza3008: mucks hand
TheU10 collected $41.50 from pot
*** SUMMARY ***
Total pot $42 | Rake $0.50
Board [4h 5c 3d 8c 9c]
Seat 1: TheU10 (big blind) showed [8h Ad] and won ($41.50) with a pair of Eights
Seat 2: liza3008 (button) (small blind) mucked


