PokerStars Hand #155101557068:  Hold'em Limit ($3/$6 USD) - 2016/06/23 12:03:36 ET
Table 'Reticulum' 6-max Seat #1 is the button
Seat 1: }{iRuRg-S ($52.30 in chips)
Seat 4: Great_Kang ($120 in chips)
}{iRuRg-S: posts small blind $1
Great_Kang: posts big blind $3
*** HOLE CARDS ***
}{iRuRg-S: raises $3 to $6
Great_Kang: calls $3
*** FLOP *** [6d Kc 5d]
Great_Kang: checks
}{iRuRg-S: bets $3
Great_Kang: folds
Uncalled bet ($3) returned to }{iRuRg-S
}{iRuRg-S collected $11.76 from pot
}{iRuRg-S: shows [7h 7c] (a pair of Sevens)
*** SUMMARY ***
Total pot $12 | Rake $0.24
Board [6d Kc 5d]
Seat 1: }{iRuRg-S (button) (small blind) collected ($11.76)
Seat 4: Great_Kang (big blind) folded on the Flop


PokerStars Hand #155101566127:  Hold'em Limit ($3/$6 USD) - 2016/06/23 12:03:51 ET
Table 'Reticulum' 6-max Seat #4 is the button
Seat 1: }{iRuRg-S ($58.06 in chips)
Seat 4: Great_Kang ($120 in chips)
Great_Kang: posts small blind $1
}{iRuRg-S: posts big blind $3
*** HOLE CARDS ***
Great_Kang: raises $3 to $6
}{iRuRg-S: folds
Uncalled bet ($3) returned to Great_Kang
Great_Kang collected $6 from pot
Great_Kang: doesn't show hand
*** SUMMARY ***
Total pot $6 | Rake $0
Seat 1: }{iRuRg-S (big blind) folded before Flop
Seat 4: Great_Kang (button) (small blind) collected ($6)


PokerStars Hand #155101535949:  Hold'em Limit ($3/$6 USD) - 2016/06/23 12:02:59 ET
Table 'Reticulum' 6-max Seat #3 is the button
Seat 1: }{iRuRg-S ($28.80 in chips)
Seat 3: skilledyou ($84 in chips)
skilledyou: posts small blind $1
BrownieSpy: is sitting out
BrownieSpy leaves the table
HAL9QQQ: is sitting out
}{iRuRg-S: posts big blind $3
*** HOLE CARDS ***
skilledyou: raises $3 to $6
}{iRuRg-S: calls $3
*** FLOP *** [9c 7s 6s]
}{iRuRg-S: checks
TinaTurner72 joins the table at seat #4
skilledyou: bets $3
}{iRuRg-S: raises $3 to $6
TinaTurner72 leaves the table
skilledyou: calls $3
*** TURN *** [9c 7s 6s] [7c]
}{iRuRg-S: bets $6
Great_Kang joins the table at seat #4
skilledyou: raises $6 to $12
}{iRuRg-S: calls $6
*** RIVER *** [9c 7s 6s 7c] [5d]
}{iRuRg-S: checks
skilledyou: checks
*** SHOW DOWN ***
}{iRuRg-S: shows [Tc 9s] (two pair, Nines and Sevens)
skilledyou: mucks hand
}{iRuRg-S collected $47.50 from pot
*** SUMMARY ***
Total pot $48 | Rake $0.50
Board [9c 7s 6s 7c 5d]
Seat 1: }{iRuRg-S (big blind) showed [Tc 9s] and won ($47.50) with two pair, Nines and Sevens
Seat 3: skilledyou (button) (small blind) mucked


PokerStars Hand #155101603696:  Hold'em Limit ($3/$6 USD) - 2016/06/23 12:04:55 ET
Table 'Reticulum' 6-max Seat #4 is the button
Seat 1: }{iRuRg-S ($76.44 in chips)
Seat 4: Great_Kang ($124.88 in chips)
Great_Kang: posts small blind $1
}{iRuRg-S: posts big blind $3
*** HOLE CARDS ***
Great_Kang: raises $3 to $6
}{iRuRg-S: calls $3
*** FLOP *** [Js Ah 8s]
}{iRuRg-S: checks
skilledyou joins the table at seat #3
Great_Kang: bets $3
}{iRuRg-S: folds
Uncalled bet ($3) returned to Great_Kang
Great_Kang collected $11.76 from pot
Great_Kang: doesn't show hand
*** SUMMARY ***
Total pot $12 | Rake $0.24
Board [Js Ah 8s]
Seat 1: }{iRuRg-S (big blind) folded on the Flop
Seat 4: Great_Kang (button) (small blind) collected ($11.76)


PokerStars Hand #155101584504:  Hold'em Limit ($3/$6 USD) - 2016/06/23 12:04:23 ET
Table 'Reticulum' 6-max Seat #1 is the button
Seat 1: }{iRuRg-S ($78.56 in chips)
Seat 4: Great_Kang ($123 in chips)
}{iRuRg-S: posts small blind $1
Great_Kang: posts big blind $3
*** HOLE CARDS ***
}{iRuRg-S: folds
Uncalled bet ($2) returned to Great_Kang
Great_Kang collected $2 from pot
Great_Kang: doesn't show hand
*** SUMMARY ***
Total pot $2 | Rake $0
Seat 1: }{iRuRg-S (button) (small blind) folded before Flop
Seat 4: Great_Kang (big blind) collected ($2)


PokerStars Hand #155101581314:  Hold'em Limit ($3/$6 USD) - 2016/06/23 12:04:17 ET
Table 'Reticulum' 6-max Seat #4 is the button
Seat 1: }{iRuRg-S ($81.56 in chips)
Seat 4: Great_Kang ($120 in chips)
Great_Kang: posts small blind $1
}{iRuRg-S: posts big blind $3
*** HOLE CARDS ***
Great_Kang: raises $3 to $6
}{iRuRg-S: folds
Uncalled bet ($3) returned to Great_Kang
Great_Kang collected $6 from pot
Great_Kang: doesn't show hand
*** SUMMARY ***
Total pot $6 | Rake $0
Seat 1: }{iRuRg-S (big blind) folded before Flop
Seat 4: Great_Kang (button) (small blind) collected ($6)


PokerStars Hand #155101569579:  Hold'em Limit ($3/$6 USD) - 2016/06/23 12:03:57 ET
Table 'Reticulum' 6-max Seat #1 is the button
Seat 1: }{iRuRg-S ($55.06 in chips)
Seat 4: Great_Kang ($123 in chips)
}{iRuRg-S: posts small blind $1
Great_Kang: posts big blind $3
*** HOLE CARDS ***
}{iRuRg-S: calls $2
Great_Kang: raises $3 to $6
}{iRuRg-S: calls $3
*** FLOP *** [Qh 6c Qd]
Great_Kang: bets $3
}{iRuRg-S: calls $3
*** TURN *** [Qh 6c Qd] [3h]
Great_Kang: bets $6
}{iRuRg-S: calls $6
*** RIVER *** [Qh 6c Qd 3h] [3s]
Great_Kang: bets $6
}{iRuRg-S: raises $6 to $12
Great_Kang: calls $6
*** SHOW DOWN ***
}{iRuRg-S: shows [3c 8c] (a full house, Threes full of Queens)
Great_Kang: mucks hand
}{iRuRg-S collected $53.50 from pot
*** SUMMARY ***
Total pot $54 | Rake $0.50
Board [Qh 6c Qd 3h 3s]
Seat 1: }{iRuRg-S (button) (small blind) showed [3c 8c] and won ($53.50) with a full house, Threes full of Queens
Seat 4: Great_Kang (big blind) mucked


PokerStars Hand #155101600869:  Hold'em Limit ($3/$6 USD) - 2016/06/23 12:04:50 ET
Table 'Reticulum' 6-max Seat #1 is the button
Seat 1: }{iRuRg-S ($77.44 in chips)
Seat 4: Great_Kang ($123.88 in chips)
}{iRuRg-S: posts small blind $1
Great_Kang: posts big blind $3
*** HOLE CARDS ***
}{iRuRg-S: folds
Uncalled bet ($2) returned to Great_Kang
Great_Kang collected $2 from pot
Great_Kang: doesn't show hand
*** SUMMARY ***
Total pot $2 | Rake $0
Seat 1: }{iRuRg-S (button) (small blind) folded before Flop
Seat 4: Great_Kang (big blind) collected ($2)


PokerStars Hand #155101587304:  Hold'em Limit ($3/$6 USD) - 2016/06/23 12:04:27 ET
Table 'Reticulum' 6-max Seat #4 is the button
Seat 1: }{iRuRg-S ($77.56 in chips)
Seat 4: Great_Kang ($124 in chips)
Great_Kang: posts small blind $1
}{iRuRg-S: posts big blind $3
*** HOLE CARDS ***
Great_Kang: raises $3 to $6
}{iRuRg-S: calls $3
*** FLOP *** [Tc Qd 6c]
}{iRuRg-S: checks
Great_Kang: checks
*** TURN *** [Tc Qd 6c] [8h]
}{iRuRg-S: checks
Yarra56 leaves the table
Great_Kang: checks
*** RIVER *** [Tc Qd 6c 8h] [Qs]
}{iRuRg-S: checks
Great_Kang: checks
*** SHOW DOWN ***
}{iRuRg-S: shows [5d Jc] (a pair of Queens)
Great_Kang: shows [Jd 3d] (a pair of Queens)
}{iRuRg-S collected $5.88 from pot
Great_Kang collected $5.88 from pot
*** SUMMARY ***
Total pot $12 | Rake $0.24
Board [Tc Qd 6c 8h Qs]
Seat 1: }{iRuRg-S (big blind) showed [5d Jc] and won ($5.88) with a pair of Queens
Seat 4: Great_Kang (button) (small blind) showed [Jd 3d] and won ($5.88) with a pair of Queens


PokerStars Hand #155103620192:  Hold'em Limit ($3/$6 USD) - 2016/06/23 13:00:29 ET
Table 'Reticulum' 6-max Seat #2 is the button
Seat 2: BrownieSpy ($125.46 in chips)
Seat 6: sokol-max-PS ($22.56 in chips)
BrownieSpy: posts small blind $1
sokol-max-PS: posts big blind $3
*** HOLE CARDS ***
BrownieSpy: folds
Uncalled bet ($2) returned to sokol-max-PS
sokol-max-PS collected $2 from pot
*** SUMMARY ***
Total pot $2 | Rake $0
Seat 2: BrownieSpy (button) (small blind) folded before Flop
Seat 6: sokol-max-PS (big blind) collected ($2)


