PokerStars Hand #149799049769:  Hold'em Limit ($3/$6 USD) - 2016/03/03 19:16:30 ET
Table 'Reticulum' 6-max Seat #4 is the button
Seat 1: phrantsuz ($49.97 in chips)
Seat 4: AzureCaper ($80.64 in chips)
AzureCaper: posts small blind $1
phrantsuz: posts big blind $3
*** HOLE CARDS ***
AzureCaper: raises $3 to $6
phrantsuz: calls $3
*** FLOP *** [7h Jd 4d]
phrantsuz: checks
AzureCaper: bets $3
phrantsuz: calls $3
*** TURN *** [7h Jd 4d] [8s]
phrantsuz: checks
AzureCaper: checks
*** RIVER *** [7h Jd 4d 8s] [5d]
phrantsuz: bets $6
AzureCaper: folds
Uncalled bet ($6) returned to phrantsuz
phrantsuz collected $17.64 from pot
phrantsuz: doesn't show hand
*** SUMMARY ***
Total pot $18 | Rake $0.36
Board [7h Jd 4d 8s 5d]
Seat 1: phrantsuz (big blind) collected ($17.64)
Seat 4: AzureCaper (button) (small blind) folded on the River


PokerStars Hand #149799036044:  Hold'em Limit ($3/$6 USD) - 2016/03/03 19:16:09 ET
Table 'Reticulum' 6-max Seat #1 is the button
Seat 1: phrantsuz ($58.97 in chips)
Seat 4: AzureCaper ($72 in chips)
phrantsuz: posts small blind $1
Necromadx joins the table at seat #2
AzureCaper: posts big blind $3
*** HOLE CARDS ***
phrantsuz: calls $2
AzureCaper: raises $3 to $6
phrantsuz: calls $3
*** FLOP *** [3d 9s 9c]
AzureCaper: bets $3
phrantsuz: calls $3
*** TURN *** [3d 9s 9c] [8h]
AzureCaper: bets $6
phrantsuz: folds
Uncalled bet ($6) returned to AzureCaper
AzureCaper collected $17.64 from pot
AzureCaper: doesn't show hand
*** SUMMARY ***
Total pot $18 | Rake $0.36
Board [3d 9s 9c 8h]
Seat 1: phrantsuz (button) (small blind) folded on the Turn
Seat 4: AzureCaper (big blind) collected ($17.64)


PokerStars Hand #149800204519:  Hold'em Limit ($3/$6 USD) - 2016/03/03 19:48:11 ET
Table 'Reticulum' 6-max Seat #2 is the button
Seat 2: Necromadx ($255.75 in chips)
Seat 5: JayEm82 ($235.89 in chips)
gazzzzzza will be allowed to play after the button
Necromadx: posts small blind $1
markusfriebe: is sitting out
JayEm82: posts big blind $3
*** HOLE CARDS ***
Necromadx: raises $3 to $6
JayEm82: folds
Uncalled bet ($3) returned to Necromadx
Necromadx collected $6 from pot
Necromadx: doesn't show hand
*** SUMMARY ***
Total pot $6 | Rake $0
Seat 2: Necromadx (button) (small blind) collected ($6)
Seat 5: JayEm82 (big blind) folded before Flop


PokerStars Hand #149800212948:  Hold'em Limit ($3/$6 USD) - 2016/03/03 19:48:25 ET
Table 'Reticulum' 6-max Seat #1 is the button
Seat 1: gazzzzzza ($55 in chips)
Seat 5: JayEm82 ($231.89 in chips)
gazzzzzza: posts small blind $1
Necromadx: is sitting out
JayEm82: posts big blind $3
*** HOLE CARDS ***
Necromadx leaves the table
markusfriebe leaves the table
gazzzzzza: folds
Uncalled bet ($2) returned to JayEm82
JayEm82 collected $2 from pot
JayEm82: doesn't show hand
*** SUMMARY ***
Total pot $2 | Rake $0
Seat 1: gazzzzzza (button) (small blind) folded before Flop
Seat 5: JayEm82 (big blind) collected ($2)


PokerStars Hand #149802615123:  Hold'em Limit ($3/$6 USD) - 2016/03/03 21:09:54 ET
Table 'Reticulum' 6-max Seat #2 is the button
Seat 2: 7 Huligan 7 ($30 in chips)
Seat 3: Snuffymo ($120 in chips)
7 Huligan 7: posts small blind $1
Snuffymo: posts big blind $3
*** HOLE CARDS ***
7 Huligan 7: calls $2
Snuffymo: checks
*** FLOP *** [6d 4d 3h]
Snuffymo: checks
7 Huligan 7: checks
*** TURN *** [6d 4d 3h] [7s]
Snuffymo: bets $6
7 Huligan 7: folds
Uncalled bet ($6) returned to Snuffymo
Snuffymo collected $5.88 from pot
Snuffymo: doesn't show hand
*** SUMMARY ***
Total pot $6 | Rake $0.12
Board [6d 4d 3h 7s]
Seat 2: 7 Huligan 7 (button) (small blind) folded on the Turn
Seat 3: Snuffymo (big blind) collected ($5.88)


PokerStars Hand #149802622723:  Hold'em Limit ($3/$6 USD) - 2016/03/03 21:10:11 ET
Table 'Reticulum' 6-max Seat #3 is the button
Seat 2: 7 Huligan 7 ($27 in chips)
Seat 3: Snuffymo ($122.88 in chips)
Snuffymo: posts small blind $1
7 Huligan 7: posts big blind $3
*** HOLE CARDS ***
Snuffymo: folds
Uncalled bet ($2) returned to 7 Huligan 7
7 Huligan 7 collected $2 from pot
7 Huligan 7: doesn't show hand
*** SUMMARY ***
Total pot $2 | Rake $0
Seat 2: 7 Huligan 7 (big blind) collected ($2)
Seat 3: Snuffymo (button) (small blind) folded before Flop


PokerStars Hand #149802642677:  Hold'em Limit ($3/$6 USD) - 2016/03/03 21:10:56 ET
Table 'Reticulum' 6-max Seat #3 is the button
Seat 2: 7 Huligan 7 ($4 in chips)
Seat 3: Snuffymo ($145.14 in chips)
Snuffymo: posts small blind $1
7 Huligan 7: posts big blind $3
*** HOLE CARDS ***
Snuffymo: raises $3 to $6
7 Huligan 7: calls $1 and is all-in
Uncalled bet ($2) returned to Snuffymo
*** FLOP *** [Qh 8h Qc]
*** TURN *** [Qh 8h Qc] [Td]
*** RIVER *** [Qh 8h Qc Td] [Qs]
*** SHOW DOWN ***
7 Huligan 7: shows [5s 7s] (three of a kind, Queens)
Snuffymo: shows [9h 8c] (a full house, Queens full of Eights)
Snuffymo collected $7.84 from pot
*** SUMMARY ***
Total pot $8 | Rake $0.16
Board [Qh 8h Qc Td Qs]
Seat 2: 7 Huligan 7 (big blind) showed [5s 7s] and lost with three of a kind, Queens
Seat 3: Snuffymo (button) (small blind) showed [9h 8c] and won ($7.84) with a full house, Queens full of Eights


PokerStars Hand #149802633943:  Hold'em Limit ($3/$6 USD) - 2016/03/03 21:10:37 ET
Table 'Reticulum' 6-max Seat #2 is the button
Seat 2: 7 Huligan 7 ($25 in chips)
Seat 3: Snuffymo ($124.64 in chips)
7 Huligan 7: posts small blind $1
Snuffymo: posts big blind $3
*** HOLE CARDS ***
7 Huligan 7: calls $2
Snuffymo: raises $3 to $6
7 Huligan 7: calls $3
*** FLOP *** [Ts 3c 7s]
Snuffymo: bets $3
7 Huligan 7: calls $3
*** TURN *** [Ts 3c 7s] [4d]
Snuffymo: bets $6
7 Huligan 7: calls $6
*** RIVER *** [Ts 3c 7s 4d] [8d]
Snuffymo: bets $6
7 Huligan 7: calls $6
*** SHOW DOWN ***
Snuffymo: shows [5c 8c] (a pair of Eights)
7 Huligan 7: mucks hand
Snuffymo collected $41.50 from pot
*** SUMMARY ***
Total pot $42 | Rake $0.50
Board [Ts 3c 7s 4d 8d]
Seat 2: 7 Huligan 7 (button) (small blind) mucked
Seat 3: Snuffymo (big blind) showed [5c 8c] and won ($41.50) with a pair of Eights


PokerStars Hand #149802628402:  Hold'em Limit ($3/$6 USD) - 2016/03/03 21:10:24 ET
Table 'Reticulum' 6-max Seat #3 is the button
Seat 2: 7 Huligan 7 ($31 in chips)
Seat 3: Snuffymo ($118.88 in chips)
Snuffymo: posts small blind $1
7 Huligan 7: posts big blind $3
*** HOLE CARDS ***
Snuffymo: raises $3 to $6
7 Huligan 7: calls $3
*** FLOP *** [Ad 8h 9h]
7 Huligan 7: checks
Snuffymo: bets $3
7 Huligan 7: folds
Uncalled bet ($3) returned to Snuffymo
Snuffymo collected $11.76 from pot
Snuffymo: doesn't show hand
*** SUMMARY ***
Total pot $12 | Rake $0.24
Board [Ad 8h 9h]
Seat 2: 7 Huligan 7 (big blind) folded on the Flop
Seat 3: Snuffymo (button) (small blind) collected ($11.76)


PokerStars Hand #149802624972:  Hold'em Limit ($3/$6 USD) - 2016/03/03 21:10:16 ET
Table 'Reticulum' 6-max Seat #2 is the button
Seat 2: 7 Huligan 7 ($28 in chips)
Seat 3: Snuffymo ($121.88 in chips)
7 Huligan 7: posts small blind $1
Snuffymo: posts big blind $3
*** HOLE CARDS ***
7 Huligan 7: raises $3 to $6
Snuffymo: folds
Uncalled bet ($3) returned to 7 Huligan 7
7 Huligan 7 collected $6 from pot
7 Huligan 7: doesn't show hand
*** SUMMARY ***
Total pot $6 | Rake $0
Seat 2: 7 Huligan 7 (button) (small blind) collected ($6)
Seat 3: Snuffymo (big blind) folded before Flop


PokerStars Hand #149802653385:  Hold'em Limit ($3/$6 USD) - 2016/03/03 21:11:21 ET
Table 'Reticulum' 6-max Seat #2 is the button
Seat 2: 7 Huligan 7 ($30 in chips)
Seat 3: Snuffymo ($148.98 in chips)
7 Huligan 7: posts small blind $1
Snuffymo: posts big blind $3
*** HOLE CARDS ***
7 Huligan 7: calls $2
Snuffymo: checks
*** FLOP *** [Ad Kd 7s]
Snuffymo: checks
7 Huligan 7: bets $3
Snuffymo: folds
Uncalled bet ($3) returned to 7 Huligan 7
7 Huligan 7 collected $5.88 from pot
7 Huligan 7: doesn't show hand
*** SUMMARY ***
Total pot $6 | Rake $0.12
Board [Ad Kd 7s]
Seat 2: 7 Huligan 7 (button) (small blind) collected ($5.88)
Seat 3: Snuffymo (big blind) folded on the Flop


PokerStars Hand #149802673546:  Hold'em Limit ($3/$6 USD) - 2016/03/03 21:12:07 ET
Table 'Reticulum' 6-max Seat #2 is the button
Seat 2: 7 Huligan 7 ($17.88 in chips)
Seat 3: Snuffymo ($160.48 in chips)
7 Huligan 7: posts small blind $1
Snuffymo: posts big blind $3
*** HOLE CARDS ***
7 Huligan 7: folds
Uncalled bet ($2) returned to Snuffymo
Snuffymo collected $2 from pot
Snuffymo: doesn't show hand
*** SUMMARY ***
Total pot $2 | Rake $0
Seat 2: 7 Huligan 7 (button) (small blind) folded before Flop
Seat 3: Snuffymo (big blind) collected ($2)


PokerStars Hand #149802659366:  Hold'em Limit ($3/$6 USD) - 2016/03/03 21:11:34 ET
Table 'Reticulum' 6-max Seat #3 is the button
Seat 2: 7 Huligan 7 ($32.88 in chips)
Seat 3: Snuffymo ($145.98 in chips)
Snuffymo: posts small blind $1
7 Huligan 7: posts big blind $3
*** HOLE CARDS ***
Snuffymo: raises $3 to $6
7 Huligan 7: calls $3
*** FLOP *** [2s Qd Js]
7 Huligan 7: checks
Snuffymo: bets $3
7 Huligan 7: calls $3
*** TURN *** [2s Qd Js] [6d]
7 Huligan 7: checks
Snuffymo: bets $6
7 Huligan 7: calls $6
*** RIVER *** [2s Qd Js 6d] [Th]
7 Huligan 7: checks
Snuffymo: bets $6
7 Huligan 7: folds
Uncalled bet ($6) returned to Snuffymo
Snuffymo collected $29.50 from pot
Snuffymo: doesn't show hand
*** SUMMARY ***
Total pot $30 | Rake $0.50
Board [2s Qd Js 6d Th]
Seat 2: 7 Huligan 7 (big blind) folded on the River
Seat 3: Snuffymo (button) (small blind) collected ($29.50)


PokerStars Hand #149802684451:  Hold'em Limit ($3/$6 USD) - 2016/03/03 21:12:31 ET
Table 'Reticulum' 6-max Seat #2 is the button
Seat 2: 7 Huligan 7 ($33.26 in chips)
Seat 3: Snuffymo ($144.60 in chips)
7 Huligan 7: posts small blind $1
Snuffymo: posts big blind $3
*** HOLE CARDS ***
7 Huligan 7: folds
Uncalled bet ($2) returned to Snuffymo
Snuffymo collected $2 from pot
Snuffymo: doesn't show hand
*** SUMMARY ***
Total pot $2 | Rake $0
Seat 2: 7 Huligan 7 (button) (small blind) folded before Flop
Seat 3: Snuffymo (big blind) collected ($2)


PokerStars Hand #149802676324:  Hold'em Limit ($3/$6 USD) - 2016/03/03 21:12:13 ET
Table 'Reticulum' 6-max Seat #3 is the button
Seat 2: 7 Huligan 7 ($16.88 in chips)
Seat 3: Snuffymo ($161.48 in chips)
Snuffymo: posts small blind $1
7 Huligan 7: posts big blind $3
*** HOLE CARDS ***
Snuffymo: raises $3 to $6
7 Huligan 7: calls $3
*** FLOP *** [4h 6s 5d]
7 Huligan 7: checks
Snuffymo: bets $3
7 Huligan 7: raises $3 to $6
Snuffymo: calls $3
*** TURN *** [4h 6s 5d] [3h]
7 Huligan 7: bets $4.88 and is all-in
Snuffymo: calls $4.88
*** RIVER *** [4h 6s 5d 3h] [6h]
*** SHOW DOWN ***
7 Huligan 7: shows [4d 7d] (a straight, Three to Seven)
Snuffymo: mucks hand
7 Huligan 7 collected $33.26 from pot
*** SUMMARY ***
Total pot $33.76 | Rake $0.50
Board [4h 6s 5d 3h 6h]
Seat 2: 7 Huligan 7 (big blind) showed [4d 7d] and won ($33.26) with a straight, Three to Seven
Seat 3: Snuffymo (button) (small blind) mucked


PokerStars Hand #149802694982:  Hold'em Limit ($3/$6 USD) - 2016/03/03 21:12:55 ET
Table 'Reticulum' 6-max Seat #2 is the button
Seat 2: 7 Huligan 7 ($11.26 in chips)
Seat 3: Snuffymo ($166.10 in chips)
7 Huligan 7: posts small blind $1
Snuffymo: posts big blind $3
*** HOLE CARDS ***
7 Huligan 7: raises $3 to $6
Snuffymo: calls $3
*** FLOP *** [4s Qh 3s]
Snuffymo: checks
7 Huligan 7: bets $3
Snuffymo: raises $3 to $6
7 Huligan 7: calls $2.26 and is all-in
Uncalled bet ($0.74) returned to Snuffymo
*** TURN *** [4s Qh 3s] [6h]
*** RIVER *** [4s Qh 3s 6h] [Kh]
*** SHOW DOWN ***
Snuffymo: shows [Jc 3c] (a pair of Threes)
7 Huligan 7: mucks hand
Snuffymo collected $22.07 from pot
*** SUMMARY ***
Total pot $22.52 | Rake $0.45
Board [4s Qh 3s 6h Kh]
Seat 2: 7 Huligan 7 (button) (small blind) mucked
Seat 3: Snuffymo (big blind) showed [Jc 3c] and won ($22.07) with a pair of Threes


PokerStars Hand #149802686644:  Hold'em Limit ($3/$6 USD) - 2016/03/03 21:12:36 ET
Table 'Reticulum' 6-max Seat #3 is the button
Seat 2: 7 Huligan 7 ($32.26 in chips)
Seat 3: Snuffymo ($145.60 in chips)
Snuffymo: posts small blind $1
7 Huligan 7: posts big blind $3
*** HOLE CARDS ***
Snuffymo: raises $3 to $6
7 Huligan 7: calls $3
*** FLOP *** [Js 2h 7s]
7 Huligan 7: checks
Snuffymo: bets $3
7 Huligan 7: calls $3
*** TURN *** [Js 2h 7s] [3h]
7 Huligan 7: checks
Snuffymo: bets $6
7 Huligan 7: calls $6
*** RIVER *** [Js 2h 7s 3h] [5s]
7 Huligan 7: checks
Snuffymo: bets $6
7 Huligan 7: calls $6
*** SHOW DOWN ***
Snuffymo: shows [7h 4h] (a pair of Sevens)
7 Huligan 7: mucks hand
Snuffymo collected $41.50 from pot
*** SUMMARY ***
Total pot $42 | Rake $0.50
Board [Js 2h 7s 3h 5s]
Seat 2: 7 Huligan 7 (big blind) mucked
Seat 3: Snuffymo (button) (small blind) showed [7h 4h] and won ($41.50) with a pair of Sevens


PokerStars Hand #149802709112:  Hold'em Limit ($3/$6 USD) - 2016/03/03 21:13:28 ET
Table 'Reticulum' 6-max Seat #2 is the button
Seat 2: 7 Huligan 7 ($31 in chips)
Seat 3: Snuffymo ($175.91 in chips)
7 Huligan 7: posts small blind $1
Snuffymo: posts big blind $3
*** HOLE CARDS ***
7 Huligan 7: folds
Uncalled bet ($2) returned to Snuffymo
Snuffymo collected $2 from pot
Snuffymo: doesn't show hand
*** SUMMARY ***
Total pot $2 | Rake $0
Seat 2: 7 Huligan 7 (button) (small blind) folded before Flop
Seat 3: Snuffymo (big blind) collected ($2)


PokerStars Hand #149802706901:  Hold'em Limit ($3/$6 USD) - 2016/03/03 21:13:23 ET
Table 'Reticulum' 6-max Seat #3 is the button
Seat 2: 7 Huligan 7 ($30 in chips)
Seat 3: Snuffymo ($176.91 in chips)
Snuffymo: posts small blind $1
7 Huligan 7: posts big blind $3
*** HOLE CARDS ***
Snuffymo: folds
Uncalled bet ($2) returned to 7 Huligan 7
7 Huligan 7 collected $2 from pot
7 Huligan 7: doesn't show hand
*** SUMMARY ***
Total pot $2 | Rake $0
Seat 2: 7 Huligan 7 (big blind) collected ($2)
Seat 3: Snuffymo (button) (small blind) folded before Flop


PokerStars Hand #149802711444:  Hold'em Limit ($3/$6 USD) - 2016/03/03 21:13:33 ET
Table 'Reticulum' 6-max Seat #3 is the button
Seat 2: 7 Huligan 7 ($30 in chips)
Seat 3: Snuffymo ($176.91 in chips)
Snuffymo: posts small blind $1
7 Huligan 7: posts big blind $3
*** HOLE CARDS ***
Snuffymo: folds
Uncalled bet ($2) returned to 7 Huligan 7
7 Huligan 7 collected $2 from pot
7 Huligan 7: doesn't show hand
*** SUMMARY ***
Total pot $2 | Rake $0
Seat 2: 7 Huligan 7 (big blind) collected ($2)
Seat 3: Snuffymo (button) (small blind) folded before Flop


PokerStars Hand #149802713660:  Hold'em Limit ($3/$6 USD) - 2016/03/03 21:13:38 ET
Table 'Reticulum' 6-max Seat #2 is the button
Seat 2: 7 Huligan 7 ($31 in chips)
Seat 3: Snuffymo ($175.91 in chips)
7 Huligan 7: posts small blind $1
Snuffymo: posts big blind $3
*** HOLE CARDS ***
7 Huligan 7: raises $3 to $6
Snuffymo: calls $3
*** FLOP *** [Jd Th Td]
Snuffymo: checks
7 Huligan 7: bets $3
Snuffymo: calls $3
*** TURN *** [Jd Th Td] [5h]
Snuffymo: checks
7 Huligan 7: bets $6
Snuffymo: calls $6
*** RIVER *** [Jd Th Td 5h] [Qd]
Snuffymo: checks
7 Huligan 7: checks
*** SHOW DOWN ***
Snuffymo: shows [9h Kh] (a straight, Nine to King)
7 Huligan 7: mucks hand
Snuffymo collected $29.50 from pot
*** SUMMARY ***
Total pot $30 | Rake $0.50
Board [Jd Th Td 5h Qd]
Seat 2: 7 Huligan 7 (button) (small blind) mucked
Seat 3: Snuffymo (big blind) showed [9h Kh] and won ($29.50) with a straight, Nine to King


PokerStars Hand #149802726294:  Hold'em Limit ($3/$6 USD) - 2016/03/03 21:14:07 ET
Table 'Reticulum' 6-max Seat #2 is the button
Seat 2: 7 Huligan 7 ($10 in chips)
Seat 3: Snuffymo ($196.17 in chips)
7 Huligan 7: posts small blind $1
Snuffymo: posts big blind $3
*** HOLE CARDS ***
7 Huligan 7: folds
Uncalled bet ($2) returned to Snuffymo
Snuffymo collected $2 from pot
Snuffymo: doesn't show hand
*** SUMMARY ***
Total pot $2 | Rake $0
Seat 2: 7 Huligan 7 (button) (small blind) folded before Flop
Seat 3: Snuffymo (big blind) collected ($2)


PokerStars Hand #149802721811:  Hold'em Limit ($3/$6 USD) - 2016/03/03 21:13:56 ET
Table 'Reticulum' 6-max Seat #3 is the button
Seat 2: 7 Huligan 7 ($16 in chips)
Seat 3: Snuffymo ($190.41 in chips)
Snuffymo: posts small blind $1
7 Huligan 7: posts big blind $3
*** HOLE CARDS ***
Snuffymo: raises $3 to $6
7 Huligan 7: calls $3
*** FLOP *** [As Tc 6s]
7 Huligan 7: checks
Snuffymo: bets $3
7 Huligan 7: folds
Uncalled bet ($3) returned to Snuffymo
Snuffymo collected $11.76 from pot
Snuffymo: doesn't show hand
*** SUMMARY ***
Total pot $12 | Rake $0.24
Board [As Tc 6s]
Seat 2: 7 Huligan 7 (big blind) folded on the Flop
Seat 3: Snuffymo (button) (small blind) collected ($11.76)


PokerStars Hand #149802730571:  Hold'em Limit ($3/$6 USD) - 2016/03/03 21:14:16 ET
Table 'Reticulum' 6-max Seat #2 is the button
Seat 2: 7 Huligan 7 ($10 in chips)
Seat 3: Snuffymo ($196.17 in chips)
7 Huligan 7: posts small blind $1
Snuffymo: posts big blind $3
*** HOLE CARDS ***
7 Huligan 7: folds
Uncalled bet ($2) returned to Snuffymo
Snuffymo collected $2 from pot
Snuffymo: doesn't show hand
*** SUMMARY ***
Total pot $2 | Rake $0
Seat 2: 7 Huligan 7 (button) (small blind) folded before Flop
Seat 3: Snuffymo (big blind) collected ($2)


PokerStars Hand #149802728355:  Hold'em Limit ($3/$6 USD) - 2016/03/03 21:14:11 ET
Table 'Reticulum' 6-max Seat #3 is the button
Seat 2: 7 Huligan 7 ($9 in chips)
Seat 3: Snuffymo ($197.17 in chips)
Snuffymo: posts small blind $1
7 Huligan 7: posts big blind $3
*** HOLE CARDS ***
Snuffymo: folds
Uncalled bet ($2) returned to 7 Huligan 7
7 Huligan 7 collected $2 from pot
7 Huligan 7: doesn't show hand
*** SUMMARY ***
Total pot $2 | Rake $0
Seat 2: 7 Huligan 7 (big blind) collected ($2)
Seat 3: Snuffymo (button) (small blind) folded before Flop


PokerStars Hand #149802732846:  Hold'em Limit ($3/$6 USD) - 2016/03/03 21:14:21 ET
Table 'Reticulum' 6-max Seat #3 is the button
Seat 2: 7 Huligan 7 ($9 in chips)
Seat 3: Snuffymo ($197.17 in chips)
Snuffymo: posts small blind $1
7 Huligan 7: posts big blind $3
*** HOLE CARDS ***
Snuffymo: folds
Uncalled bet ($2) returned to 7 Huligan 7
7 Huligan 7 collected $2 from pot
7 Huligan 7: doesn't show hand
*** SUMMARY ***
Total pot $2 | Rake $0
Seat 2: 7 Huligan 7 (big blind) collected ($2)
Seat 3: Snuffymo (button) (small blind) folded before Flop


PokerStars Hand #149802734995:  Hold'em Limit ($3/$6 USD) - 2016/03/03 21:14:26 ET
Table 'Reticulum' 6-max Seat #2 is the button
Seat 2: 7 Huligan 7 ($10 in chips)
Seat 3: Snuffymo ($196.17 in chips)
7 Huligan 7: posts small blind $1
Snuffymo: posts big blind $3
*** HOLE CARDS ***
7 Huligan 7: raises $3 to $6
Snuffymo: raises $3 to $9
7 Huligan 7: raises $1 to $10 and is all-in
Betting is capped
Snuffymo: calls $1
*** FLOP *** [As Ad 6s]
*** TURN *** [As Ad 6s] [Ts]
*** RIVER *** [As Ad 6s Ts] [2h]
*** SHOW DOWN ***
Snuffymo: shows [Kc 8c] (a pair of Aces)
7 Huligan 7: mucks hand
Snuffymo collected $19.60 from pot
*** SUMMARY ***
Total pot $20 | Rake $0.40
Board [As Ad 6s Ts 2h]
Seat 2: 7 Huligan 7 (button) (small blind) mucked
Seat 3: Snuffymo (big blind) showed [Kc 8c] and won ($19.60) with a pair of Aces


PokerStars Hand #149806019077:  Hold'em Limit ($3/$6 USD) - 2016/03/03 23:52:05 ET
Table 'Reticulum' 6-max Seat #2 is the button
Seat 2: Snuffymo ($149.50 in chips)
Seat 4: Agrotait ($72 in chips)
Snuffymo: posts small blind $1
Agrotait: posts big blind $3
*** HOLE CARDS ***
Snuffymo: folds
Uncalled bet ($2) returned to Agrotait
Agrotait collected $2 from pot
*** SUMMARY ***
Total pot $2 | Rake $0
Seat 2: Snuffymo (button) (small blind) folded before Flop
Seat 4: Agrotait (big blind) collected ($2)


PokerStars Hand #149806006741:  Hold'em Limit ($3/$6 USD) - 2016/03/03 23:51:21 ET
Table 'Reticulum' 6-max Seat #4 is the button
Seat 2: Snuffymo ($120 in chips)
Seat 4: Agrotait ($72 in chips)
Agrotait: posts small blind $1
Snuffymo: posts big blind $3
*** HOLE CARDS ***
Agrotait: raises $3 to $6
Snuffymo: raises $3 to $9
Agrotait: calls $3
*** FLOP *** [6d 3s Qh]
Snuffymo: bets $3
Agrotait: calls $3
*** TURN *** [6d 3s Qh] [6h]
Snuffymo: bets $6
Agrotait: raises $6 to $12
Snuffymo: raises $6 to $18
lanford joins the table at seat #5
Agrotait: calls $6
*** RIVER *** [6d 3s Qh 6h] [Ac]
Snuffymo: bets $6
Agrotait: folds
Uncalled bet ($6) returned to Snuffymo
Snuffymo collected $59.50 from pot
Snuffymo: doesn't show hand
*** SUMMARY ***
Total pot $60 | Rake $0.50
Board [6d 3s Qh 6h Ac]
Seat 2: Snuffymo (big blind) collected ($59.50)
Seat 4: Agrotait (button) (small blind) folded on the River


PokerStars Hand #149806020798:  Hold'em Limit ($3/$6 USD) - 2016/03/03 23:52:11 ET
Table 'Reticulum' 6-max Seat #4 is the button
Seat 2: Snuffymo ($148.50 in chips)
Seat 4: Agrotait ($73 in chips)
Agrotait: posts small blind $1
Snuffymo: posts big blind $3
*** HOLE CARDS ***
Agrotait: raises $3 to $6
Snuffymo: calls $3
*** FLOP *** [Qc 6d 2s]
Snuffymo: checks
Agrotait: bets $3
Snuffymo: folds
Uncalled bet ($3) returned to Agrotait
Agrotait collected $11.76 from pot
Agrotait: doesn't show hand
*** SUMMARY ***
Total pot $12 | Rake $0.24
Board [Qc 6d 2s]
Seat 2: Snuffymo (big blind) folded on the Flop
Seat 4: Agrotait (button) (small blind) collected ($11.76)


PokerStars Hand #149806027616:  Hold'em Limit ($3/$6 USD) - 2016/03/03 23:52:35 ET
Table 'Reticulum' 6-max Seat #4 is the button
Seat 2: Snuffymo ($148.26 in chips)
Seat 4: Agrotait ($72.76 in chips)
Agrotait: posts small blind $1
Snuffymo: posts big blind $3
*** HOLE CARDS ***
Agrotait: folds
Uncalled bet ($2) returned to Snuffymo
Snuffymo collected $2 from pot
Snuffymo: doesn't show hand
*** SUMMARY ***
Total pot $2 | Rake $0
Seat 2: Snuffymo (big blind) collected ($2)
Seat 4: Agrotait (button) (small blind) folded before Flop


PokerStars Hand #149806024360:  Hold'em Limit ($3/$6 USD) - 2016/03/03 23:52:23 ET
Table 'Reticulum' 6-max Seat #2 is the button
Seat 2: Snuffymo ($142.50 in chips)
Seat 4: Agrotait ($78.76 in chips)
Snuffymo: posts small blind $1
Agrotait: posts big blind $3
*** HOLE CARDS ***
Snuffymo: raises $3 to $6
Agrotait: calls $3
*** FLOP *** [Js 3c 2c]
Agrotait: checks
Snuffymo: bets $3
Agrotait: folds
Uncalled bet ($3) returned to Snuffymo
Snuffymo collected $11.76 from pot
Snuffymo: doesn't show hand
*** SUMMARY ***
Total pot $12 | Rake $0.24
Board [Js 3c 2c]
Seat 2: Snuffymo (button) (small blind) collected ($11.76)
Seat 4: Agrotait (big blind) folded on the Flop


PokerStars Hand #149806029230:  Hold'em Limit ($3/$6 USD) - 2016/03/03 23:52:40 ET
Table 'Reticulum' 6-max Seat #2 is the button
Seat 2: Snuffymo ($149.26 in chips)
Seat 4: Agrotait ($71.76 in chips)
Snuffymo: posts small blind $1
Agrotait: posts big blind $3
*** HOLE CARDS ***
Snuffymo: raises $3 to $6
Agrotait: calls $3
*** FLOP *** [Qs 5d 2c]
Agrotait: checks
Snuffymo: checks
*** TURN *** [Qs 5d 2c] [Jc]
Agrotait: bets $6
Snuffymo: calls $6
*** RIVER *** [Qs 5d 2c Jc] [7s]
Agrotait: bets $6
Snuffymo: calls $6
*** SHOW DOWN ***
Agrotait: shows [Th 9s] (high card Queen)
Snuffymo: shows [Tc Ad] (high card Ace)
Snuffymo collected $35.50 from pot
*** SUMMARY ***
Total pot $36 | Rake $0.50
Board [Qs 5d 2c Jc 7s]
Seat 2: Snuffymo (button) (small blind) showed [Tc Ad] and won ($35.50) with high card Ace
Seat 4: Agrotait (big blind) showed [Th 9s] and lost with high card Queen


PokerStars Hand #149806034201:  Hold'em Limit ($3/$6 USD) - 2016/03/03 23:52:58 ET
Table 'Reticulum' 6-max Seat #4 is the button
Seat 2: Snuffymo ($166.76 in chips)
Seat 4: Agrotait ($72 in chips)
Agrotait: posts small blind $1
Snuffymo: posts big blind $3
*** HOLE CARDS ***
Agrotait: raises $3 to $6
Snuffymo: folds
Uncalled bet ($3) returned to Agrotait
Agrotait collected $6 from pot
Agrotait: doesn't show hand
*** SUMMARY ***
Total pot $6 | Rake $0
Seat 2: Snuffymo (big blind) folded before Flop
Seat 4: Agrotait (button) (small blind) collected ($6)


PokerStars Hand #149806037182:  Hold'em Limit ($3/$6 USD) - 2016/03/03 23:53:08 ET
Table 'Reticulum' 6-max Seat #2 is the button
Seat 2: Snuffymo ($163.76 in chips)
Seat 4: Agrotait ($75 in chips)
Snuffymo: posts small blind $1
Agrotait: posts big blind $3
*** HOLE CARDS ***
Snuffymo: folds
Uncalled bet ($2) returned to Agrotait
Snuffymo leaves the table
Agrotait collected $2 from pot
Agrotait: doesn't show hand
*** SUMMARY ***
Total pot $2 | Rake $0
Seat 2: Snuffymo (button) (small blind) folded before Flop
Seat 4: Agrotait (big blind) collected ($2)


