PokerStars Hand #174153711570:  Hold'em Limit ($3/$6 USD) - 2017/08/10 8:56:29 ET
Table 'Reunerta' 6-max Seat #4 is the button
Seat 1: Lauriston72 ($124.64 in chips)
Seat 4: VolkovDmitri ($124 in chips)
VolkovDmitri: posts small blind $1
Lauriston72: posts big blind $3
*** HOLE CARDS ***
VolkovDmitri: folds
Uncalled bet ($2) returned to Lauriston72
Lauriston72 collected $2 from pot
Lauriston72: doesn't show hand
*** SUMMARY ***
Total pot $2 | Rake $0
Seat 1: Lauriston72 (big blind) collected ($2)
Seat 4: VolkovDmitri (button) (small blind) folded before Flop


PokerStars Hand #174153709458:  Hold'em Limit ($3/$6 USD) - 2017/08/10 8:56:24 ET
Table 'Reunerta' 6-max Seat #1 is the button
Seat 1: Lauriston72 ($125.64 in chips)
Seat 4: VolkovDmitri ($123 in chips)
Lauriston72: posts small blind $1
VolkovDmitri: posts big blind $3
*** HOLE CARDS ***
Lauriston72: folds
Uncalled bet ($2) returned to VolkovDmitri
VolkovDmitri collected $2 from pot
VolkovDmitri: doesn't show hand
*** SUMMARY ***
Total pot $2 | Rake $0
Seat 1: Lauriston72 (button) (small blind) folded before Flop
Seat 4: VolkovDmitri (big blind) collected ($2)


PokerStars Hand #174153704923:  Hold'em Limit ($3/$6 USD) - 2017/08/10 8:56:13 ET
Table 'Reunerta' 6-max Seat #4 is the button
Seat 1: Lauriston72 ($128.64 in chips)
Seat 4: VolkovDmitri ($120 in chips)
VolkovDmitri: posts small blind $1
Lauriston72: posts big blind $3
*** HOLE CARDS ***
VolkovDmitri: raises $3 to $6
Lauriston72: folds
Uncalled bet ($3) returned to VolkovDmitri
VolkovDmitri collected $6 from pot
VolkovDmitri: doesn't show hand
*** SUMMARY ***
Total pot $6 | Rake $0
Seat 1: Lauriston72 (big blind) folded before Flop
Seat 4: VolkovDmitri (button) (small blind) collected ($6)


PokerStars Hand #174153686129:  Hold'em Limit ($3/$6 USD) - 2017/08/10 8:55:30 ET
Table 'Reunerta' 6-max Seat #1 is the button
Seat 1: Lauriston72 ($120 in chips)
Seat 4: VolkovDmitri ($120 in chips)
Lauriston72: posts small blind $1
VolkovDmitri: posts big blind $3
*** HOLE CARDS ***
Lauriston72: calls $2
VolkovDmitri: raises $3 to $6
Lauriston72: calls $3
*** FLOP *** [5s 7s 2d]
VolkovDmitri: bets $3
Lauriston72: calls $3
*** TURN *** [5s 7s 2d] [2s]
VolkovDmitri: checks
Lauriston72: bets $6
VolkovDmitri: folds
Uncalled bet ($6) returned to Lauriston72
Lauriston72 collected $17.64 from pot
Lauriston72: doesn't show hand
*** SUMMARY ***
Total pot $18 | Rake $0.36
Board [5s 7s 2d 2s]
Seat 1: Lauriston72 (button) (small blind) collected ($17.64)
Seat 4: VolkovDmitri (big blind) folded on the Turn


PokerStars Hand #174153737387:  Hold'em Limit ($3/$6 USD) - 2017/08/10 8:57:29 ET
Table 'Reunerta' 6-max Seat #4 is the button
Seat 1: Lauriston72 ($111.64 in chips)
Seat 4: VolkovDmitri ($136.76 in chips)
VolkovDmitri: posts small blind $1
Lauriston72: posts big blind $3
*** HOLE CARDS ***
VolkovDmitri: raises $3 to $6
Lauriston72: folds
Uncalled bet ($3) returned to VolkovDmitri
VolkovDmitri collected $6 from pot
VolkovDmitri: doesn't show hand
*** SUMMARY ***
Total pot $6 | Rake $0
Seat 1: Lauriston72 (big blind) folded before Flop
Seat 4: VolkovDmitri (button) (small blind) collected ($6)


PokerStars Hand #174153735341:  Hold'em Limit ($3/$6 USD) - 2017/08/10 8:57:24 ET
Table 'Reunerta' 6-max Seat #1 is the button
Seat 1: Lauriston72 ($112.64 in chips)
Seat 4: VolkovDmitri ($135.76 in chips)
Lauriston72: posts small blind $1
VolkovDmitri: posts big blind $3
*** HOLE CARDS ***
Lauriston72: folds
Uncalled bet ($2) returned to VolkovDmitri
VolkovDmitri collected $2 from pot
VolkovDmitri: doesn't show hand
*** SUMMARY ***
Total pot $2 | Rake $0
Seat 1: Lauriston72 (button) (small blind) folded before Flop
Seat 4: VolkovDmitri (big blind) collected ($2)


PokerStars Hand #174153732641:  Hold'em Limit ($3/$6 USD) - 2017/08/10 8:57:17 ET
Table 'Reunerta' 6-max Seat #4 is the button
Seat 1: Lauriston72 ($115.64 in chips)
Seat 4: VolkovDmitri ($132.76 in chips)
VolkovDmitri: posts small blind $1
Lauriston72: posts big blind $3
*** HOLE CARDS ***
VolkovDmitri: raises $3 to $6
Lauriston72: folds
Uncalled bet ($3) returned to VolkovDmitri
VolkovDmitri collected $6 from pot
VolkovDmitri: doesn't show hand
*** SUMMARY ***
Total pot $6 | Rake $0
Seat 1: Lauriston72 (big blind) folded before Flop
Seat 4: VolkovDmitri (button) (small blind) collected ($6)


PokerStars Hand #174153730636:  Hold'em Limit ($3/$6 USD) - 2017/08/10 8:57:13 ET
Table 'Reunerta' 6-max Seat #1 is the button
Seat 1: Lauriston72 ($116.64 in chips)
Seat 4: VolkovDmitri ($131.76 in chips)
Lauriston72: posts small blind $1
VolkovDmitri: posts big blind $3
*** HOLE CARDS ***
Lauriston72: folds
Uncalled bet ($2) returned to VolkovDmitri
VolkovDmitri collected $2 from pot
VolkovDmitri: doesn't show hand
*** SUMMARY ***
Total pot $2 | Rake $0
Seat 1: Lauriston72 (button) (small blind) folded before Flop
Seat 4: VolkovDmitri (big blind) collected ($2)


PokerStars Hand #174153726550:  Hold'em Limit ($3/$6 USD) - 2017/08/10 8:57:03 ET
Table 'Reunerta' 6-max Seat #4 is the button
Seat 1: Lauriston72 ($119.64 in chips)
Seat 4: VolkovDmitri ($128.76 in chips)
VolkovDmitri: posts small blind $1
Lauriston72: posts big blind $3
*** HOLE CARDS ***
VolkovDmitri: raises $3 to $6
Lauriston72: folds
Uncalled bet ($3) returned to VolkovDmitri
VolkovDmitri collected $6 from pot
VolkovDmitri: doesn't show hand
*** SUMMARY ***
Total pot $6 | Rake $0
Seat 1: Lauriston72 (big blind) folded before Flop
Seat 4: VolkovDmitri (button) (small blind) collected ($6)


PokerStars Hand #174153713709:  Hold'em Limit ($3/$6 USD) - 2017/08/10 8:56:33 ET
Table 'Reunerta' 6-max Seat #1 is the button
Seat 1: Lauriston72 ($125.64 in chips)
Seat 4: VolkovDmitri ($123 in chips)
Lauriston72: posts small blind $1
VolkovDmitri: posts big blind $3
*** HOLE CARDS ***
zimin10 joins the table at seat #2
Lauriston72: calls $2
VolkovDmitri: raises $3 to $6
Lauriston72: calls $3
*** FLOP *** [Ah 4s Jh]
VolkovDmitri: bets $3
Lauriston72: folds
Uncalled bet ($3) returned to VolkovDmitri
VolkovDmitri collected $11.76 from pot
VolkovDmitri: doesn't show hand
*** SUMMARY ***
Total pot $12 | Rake $0.24
Board [Ah 4s Jh]
Seat 1: Lauriston72 (button) (small blind) folded on the Flop
Seat 4: VolkovDmitri (big blind) collected ($11.76)


PokerStars Hand #174153761338:  Hold'em Limit ($3/$6 USD) - 2017/08/10 8:58:07 ET
Table 'Reunerta' 6-max Seat #4 is the button
Seat 1: Lauriston72 ($99.64 in chips)
Seat 4: VolkovDmitri ($148.40 in chips)
VolkovDmitri: posts small blind $1
Lauriston72: posts big blind $3
*** HOLE CARDS ***
VolkovDmitri: raises $3 to $6
Lauriston72: calls $3
*** FLOP *** [6h 9c 7h]
Lauriston72: checks
VolkovDmitri: bets $3
Freund54 joins the table at seat #3
Lauriston72: calls $3
*** TURN *** [6h 9c 7h] [3c]
Lauriston72: checks
VolkovDmitri: checks
*** RIVER *** [6h 9c 7h 3c] [Ah]
Lauriston72: checks
VolkovDmitri: bets $6
Lauriston72: folds
Uncalled bet ($6) returned to VolkovDmitri
VolkovDmitri collected $17.64 from pot
VolkovDmitri: doesn't show hand
Psynto joins the table at seat #6
*** SUMMARY ***
Total pot $18 | Rake $0.36
Board [6h 9c 7h 3c Ah]
Seat 1: Lauriston72 (big blind) folded on the River
Seat 4: VolkovDmitri (button) (small blind) collected ($17.64)


PokerStars Hand #174153742305:  Hold'em Limit ($3/$6 USD) - 2017/08/10 8:57:40 ET
Table 'Reunerta' 6-max Seat #1 is the button
Seat 1: Lauriston72 ($108.64 in chips)
Seat 4: VolkovDmitri ($139.76 in chips)
Lauriston72: posts small blind $1
VolkovDmitri: posts big blind $3
*** HOLE CARDS ***
Lauriston72: raises $3 to $6
VolkovDmitri: raises $3 to $9
Lauriston72: calls $3
*** FLOP *** [5d 5c 9d]
VolkovDmitri: bets $3
Lauriston72: folds
Uncalled bet ($3) returned to VolkovDmitri
VolkovDmitri collected $17.64 from pot
VolkovDmitri: doesn't show hand
*** SUMMARY ***
Total pot $18 | Rake $0.36
Board [5d 5c 9d]
Seat 1: Lauriston72 (button) (small blind) folded on the Flop
Seat 4: VolkovDmitri (big blind) collected ($17.64)


PokerStars Hand #174155214371:  Hold'em Limit ($3/$6 USD) - 2017/08/10 9:45:00 ET
Table 'Reunerta' 6-max Seat #5 is the button
Seat 1: Lauriston72 ($152.90 in chips)
Seat 5: zimin10 ($176.13 in chips)
zimin10: posts small blind $1
kiwi/mike: is sitting out
Lauriston72: posts big blind $3
*** HOLE CARDS ***
zimin10: raises $3 to $6
kiwi/mike leaves the table
Lauriston72: calls $3
*** FLOP *** [Kh Kc 2c]
Lauriston72: checks
zimin10: bets $3
Lauriston72: folds
Uncalled bet ($3) returned to zimin10
zimin10 collected $11.76 from pot
*** SUMMARY ***
Total pot $12 | Rake $0.24
Board [Kh Kc 2c]
Seat 1: Lauriston72 (big blind) folded on the Flop
Seat 5: zimin10 (button) (small blind) collected ($11.76)


PokerStars Hand #174155222291:  Hold'em Limit ($3/$6 USD) - 2017/08/10 9:45:15 ET
Table 'Reunerta' 6-max Seat #1 is the button
Seat 1: Lauriston72 ($146.90 in chips)
Seat 5: zimin10 ($181.89 in chips)
Lauriston72: posts small blind $1
zimin10: posts big blind $3
*** HOLE CARDS ***
Lauriston72: calls $2
zimin10: raises $3 to $6
Lauriston72: calls $3
*** FLOP *** [9d 7c Kh]
zimin10: bets $3
Lauriston72: calls $3
*** TURN *** [9d 7c Kh] [8s]
zimin10: checks
Lauriston72: bets $6
zimin10: folds
Uncalled bet ($6) returned to Lauriston72
Lauriston72 collected $17.64 from pot
Lauriston72: doesn't show hand
*** SUMMARY ***
Total pot $18 | Rake $0.36
Board [9d 7c Kh 8s]
Seat 1: Lauriston72 (button) (small blind) collected ($17.64)
Seat 5: zimin10 (big blind) folded on the Turn


PokerStars Hand #174155234471:  Hold'em Limit ($3/$6 USD) - 2017/08/10 9:45:38 ET
Table 'Reunerta' 6-max Seat #5 is the button
Seat 1: Lauriston72 ($155.54 in chips)
Seat 5: zimin10 ($172.89 in chips)
zimin10: posts small blind $1
Lauriston72: posts big blind $3
*** HOLE CARDS ***
zimin10: raises $3 to $6
Lauriston72: calls $3
*** FLOP *** [Qh Kd 7h]
Lauriston72: bets $3
zimin10: folds
Uncalled bet ($3) returned to Lauriston72
Lauriston72 collected $11.76 from pot
Lauriston72: doesn't show hand
*** SUMMARY ***
Total pot $12 | Rake $0.24
Board [Qh Kd 7h]
Seat 1: Lauriston72 (big blind) collected ($11.76)
Seat 5: zimin10 (button) (small blind) folded on the Flop


PokerStars Hand #174155249125:  Hold'em Limit ($3/$6 USD) - 2017/08/10 9:46:06 ET
Table 'Reunerta' 6-max Seat #5 is the button
Seat 1: Lauriston72 ($160.30 in chips)
Seat 5: zimin10 ($167.89 in chips)
zimin10: posts small blind $1
Lauriston72: posts big blind $3
*** HOLE CARDS ***
zimin10: raises $3 to $6
Lauriston72: folds
Uncalled bet ($3) returned to zimin10
zimin10 collected $6 from pot
*** SUMMARY ***
Total pot $6 | Rake $0
Seat 1: Lauriston72 (big blind) folded before Flop
Seat 5: zimin10 (button) (small blind) collected ($6)


PokerStars Hand #174155246326:  Hold'em Limit ($3/$6 USD) - 2017/08/10 9:46:01 ET
Table 'Reunerta' 6-max Seat #1 is the button
Seat 1: Lauriston72 ($161.30 in chips)
Seat 5: zimin10 ($166.89 in chips)
Lauriston72: posts small blind $1
zimin10: posts big blind $3
*** HOLE CARDS ***
Lauriston72: folds
Uncalled bet ($2) returned to zimin10
zimin10 collected $2 from pot
*** SUMMARY ***
Total pot $2 | Rake $0
Seat 1: Lauriston72 (button) (small blind) folded before Flop
Seat 5: zimin10 (big blind) collected ($2)


PokerStars Hand #174155251472:  Hold'em Limit ($3/$6 USD) - 2017/08/10 9:46:11 ET
Table 'Reunerta' 6-max Seat #1 is the button
Seat 1: Lauriston72 ($157.30 in chips)
Seat 5: zimin10 ($170.89 in chips)
Lauriston72: posts small blind $1
zimin10: posts big blind $3
*** HOLE CARDS ***
Lauriston72: raises $3 to $6
zimin10: calls $3
*** FLOP *** [Kh 6d 8d]
zimin10: checks
Lauriston72: bets $3
zimin10: raises $3 to $6
Lauriston72: calls $3
*** TURN *** [Kh 6d 8d] [3s]
zimin10: bets $6
Lauriston72: calls $6
*** RIVER *** [Kh 6d 8d 3s] [2c]
zimin10: bets $6
Lauriston72: calls $6
*** SHOW DOWN ***
zimin10: shows [5d 6s] (a pair of Sixes)
Lauriston72: shows [Ac 8c] (a pair of Eights)
Lauriston72 collected $47.50 from pot
*** SUMMARY ***
Total pot $48 | Rake $0.50
Board [Kh 6d 8d 3s 2c]
Seat 1: Lauriston72 (button) (small blind) showed [Ac 8c] and won ($47.50) with a pair of Eights
Seat 5: zimin10 (big blind) showed [5d 6s] and lost with a pair of Sixes


PokerStars Hand #174155264549:  Hold'em Limit ($3/$6 USD) - 2017/08/10 9:46:35 ET
Table 'Reunerta' 6-max Seat #5 is the button
Seat 1: Lauriston72 ($180.80 in chips)
Seat 5: zimin10 ($146.89 in chips)
zimin10: posts small blind $1
Lauriston72: posts big blind $3
*** HOLE CARDS ***
zimin10: raises $3 to $6
Lauriston72: calls $3
*** FLOP *** [Ac 2c 9s]
Lauriston72: checks
zimin10: bets $3
Lauriston72: folds
Uncalled bet ($3) returned to zimin10
zimin10 collected $11.76 from pot
*** SUMMARY ***
Total pot $12 | Rake $0.24
Board [Ac 2c 9s]
Seat 1: Lauriston72 (big blind) folded on the Flop
Seat 5: zimin10 (button) (small blind) collected ($11.76)


PokerStars Hand #174155271355:  Hold'em Limit ($3/$6 USD) - 2017/08/10 9:46:48 ET
Table 'Reunerta' 6-max Seat #1 is the button
Seat 1: Lauriston72 ($174.80 in chips)
Seat 5: zimin10 ($152.65 in chips)
Lauriston72: posts small blind $1
zimin10: posts big blind $3
*** HOLE CARDS ***
Lauriston72: calls $2
zimin10: raises $3 to $6
Lauriston72: calls $3
*** FLOP *** [4d Jc Tc]
zimin10: bets $3
Lauriston72: calls $3
*** TURN *** [4d Jc Tc] [As]
zimin10: bets $6
Lauriston72: calls $6
*** RIVER *** [4d Jc Tc As] [9d]
zimin10: bets $6
Lauriston72: folds
Uncalled bet ($6) returned to zimin10
zimin10 collected $29.50 from pot
*** SUMMARY ***
Total pot $30 | Rake $0.50
Board [4d Jc Tc As 9d]
Seat 1: Lauriston72 (button) (small blind) folded on the River
Seat 5: zimin10 (big blind) collected ($29.50)


PokerStars Hand #174155283592:  Hold'em Limit ($3/$6 USD) - 2017/08/10 9:47:12 ET
Table 'Reunerta' 6-max Seat #5 is the button
Seat 1: Lauriston72 ($159.80 in chips)
Seat 5: zimin10 ($167.15 in chips)
zimin10: posts small blind $1
Lauriston72: posts big blind $3
*** HOLE CARDS ***
zimin10: folds
Uncalled bet ($2) returned to Lauriston72
Lauriston72 collected $2 from pot
Lauriston72: doesn't show hand
*** SUMMARY ***
Total pot $2 | Rake $0
Seat 1: Lauriston72 (big blind) collected ($2)
Seat 5: zimin10 (button) (small blind) folded before Flop


PokerStars Hand #174155287012:  Hold'em Limit ($3/$6 USD) - 2017/08/10 9:47:18 ET
Table 'Reunerta' 6-max Seat #1 is the button
Seat 1: Lauriston72 ($160.80 in chips)
Seat 5: zimin10 ($166.15 in chips)
Lauriston72: posts small blind $1
zimin10: posts big blind $3
*** HOLE CARDS ***
Lauriston72: calls $2
zimin10: raises $3 to $6
Lauriston72: calls $3
*** FLOP *** [4s Jd 3d]
zimin10: bets $3
Lauriston72: calls $3
*** TURN *** [4s Jd 3d] [9h]
zimin10: bets $6
Lauriston72: calls $6
*** RIVER *** [4s Jd 3d 9h] [Ad]
zimin10: bets $6
Lauriston72: raises $6 to $12
zimin10: raises $6 to $18
Lauriston72: calls $6
*** SHOW DOWN ***
zimin10: shows [Ts 6d] (high card Ace)
Lauriston72: shows [5c 2d] (a straight, Ace to Five)
Lauriston72 collected $65.50 from pot
*** SUMMARY ***
Total pot $66 | Rake $0.50
Board [4s Jd 3d 9h Ad]
Seat 1: Lauriston72 (button) (small blind) showed [5c 2d] and won ($65.50) with a straight, Ace to Five
Seat 5: zimin10 (big blind) showed [Ts 6d] and lost with high card Ace


PokerStars Hand #174155313677:  Hold'em Limit ($3/$6 USD) - 2017/08/10 9:48:09 ET
Table 'Reunerta' 6-max Seat #5 is the button
Seat 1: Lauriston72 ($193.30 in chips)
Seat 5: zimin10 ($133.15 in chips)
zimin10: posts small blind $1
Lauriston72: posts big blind $3
*** HOLE CARDS ***
zimin10: raises $3 to $6
Lauriston72: folds
Uncalled bet ($3) returned to zimin10
zimin10 collected $6 from pot
*** SUMMARY ***
Total pot $6 | Rake $0
Seat 1: Lauriston72 (big blind) folded before Flop
Seat 5: zimin10 (button) (small blind) collected ($6)


PokerStars Hand #174155320185:  Hold'em Limit ($3/$6 USD) - 2017/08/10 9:48:22 ET
Table 'Reunerta' 6-max Seat #1 is the button
Seat 1: Lauriston72 ($190.30 in chips)
Seat 5: zimin10 ($136.15 in chips)
Lauriston72: posts small blind $1
zimin10: posts big blind $3
*** HOLE CARDS ***
Lauriston72: folds
Uncalled bet ($2) returned to zimin10
zimin10 collected $2 from pot
*** SUMMARY ***
Total pot $2 | Rake $0
Seat 1: Lauriston72 (button) (small blind) folded before Flop
Seat 5: zimin10 (big blind) collected ($2)


PokerStars Hand #174155322534:  Hold'em Limit ($3/$6 USD) - 2017/08/10 9:48:26 ET
Table 'Reunerta' 6-max Seat #5 is the button
Seat 1: Lauriston72 ($189.30 in chips)
Seat 5: zimin10 ($137.15 in chips)
zimin10: posts small blind $1
Lauriston72: posts big blind $3
*** HOLE CARDS ***
zimin10: raises $3 to $6
Lauriston72: calls $3
*** FLOP *** [2h 3c 3d]
Lauriston72: checks
zimin10: bets $3
Lauriston72: calls $3
*** TURN *** [2h 3c 3d] [6c]
Lauriston72: checks
zimin10: bets $6
Lauriston72: raises $6 to $12
zimin10: calls $6
*** RIVER *** [2h 3c 3d 6c] [9h]
Lauriston72: bets $6
zimin10: folds
Uncalled bet ($6) returned to Lauriston72
Lauriston72 collected $41.50 from pot
Lauriston72: doesn't show hand
*** SUMMARY ***
Total pot $42 | Rake $0.50
Board [2h 3c 3d 6c 9h]
Seat 1: Lauriston72 (big blind) collected ($41.50)
Seat 5: zimin10 (button) (small blind) folded on the River


PokerStars Hand #174155331898:  Hold'em Limit ($3/$6 USD) - 2017/08/10 9:48:44 ET
Table 'Reunerta' 6-max Seat #1 is the button
Seat 1: Lauriston72 ($209.80 in chips)
Seat 5: zimin10 ($116.15 in chips)
Lauriston72: posts small blind $1
zimin10: posts big blind $3
*** HOLE CARDS ***
Lauriston72: raises $3 to $6
zimin10: calls $3
*** FLOP *** [7s Js Jh]
zimin10: checks
Lauriston72: bets $3
zimin10: raises $3 to $6
Lauriston72: calls $3
*** TURN *** [7s Js Jh] [Jd]
zimin10: bets $6
Lauriston72: calls $6
*** RIVER *** [7s Js Jh Jd] [2d]
zimin10: bets $6
Lauriston72: calls $6
*** SHOW DOWN ***
zimin10: shows [7h 5d] (a full house, Jacks full of Sevens)
Lauriston72: mucks hand
zimin10 collected $47.50 from pot
*** SUMMARY ***
Total pot $48 | Rake $0.50
Board [7s Js Jh Jd 2d]
Seat 1: Lauriston72 (button) (small blind) mucked
Seat 5: zimin10 (big blind) showed [7h 5d] and won ($47.50) with a full house, Jacks full of Sevens


PokerStars Hand #174155346217:  Hold'em Limit ($3/$6 USD) - 2017/08/10 9:49:12 ET
Table 'Reunerta' 6-max Seat #5 is the button
Seat 1: Lauriston72 ($185.80 in chips)
Seat 5: zimin10 ($139.65 in chips)
zimin10: posts small blind $1
Lauriston72: posts big blind $3
*** HOLE CARDS ***
zimin10: folds
Uncalled bet ($2) returned to Lauriston72
Lauriston72 collected $2 from pot
Lauriston72: doesn't show hand
*** SUMMARY ***
Total pot $2 | Rake $0
Seat 1: Lauriston72 (big blind) collected ($2)
Seat 5: zimin10 (button) (small blind) folded before Flop


PokerStars Hand #174155350023:  Hold'em Limit ($3/$6 USD) - 2017/08/10 9:49:19 ET
Table 'Reunerta' 6-max Seat #1 is the button
Seat 1: Lauriston72 ($186.80 in chips)
Seat 5: zimin10 ($138.65 in chips)
Lauriston72: posts small blind $1
zimin10: posts big blind $3
*** HOLE CARDS ***
Lauriston72: raises $3 to $6
zimin10: calls $3
*** FLOP *** [7s 7h Ah]
zimin10: checks
Lauriston72: bets $3
zimin10: calls $3
*** TURN *** [7s 7h Ah] [6c]
zimin10: checks
Lauriston72: bets $6
zimin10: raises $6 to $12
Lauriston72: raises $6 to $18
zimin10: calls $6
*** RIVER *** [7s 7h Ah 6c] [3h]
zimin10: checks
Lauriston72: bets $6
zimin10: folds
Uncalled bet ($6) returned to Lauriston72
Lauriston72 collected $53.50 from pot
Lauriston72: doesn't show hand
*** SUMMARY ***
Total pot $54 | Rake $0.50
Board [7s 7h Ah 6c 3h]
Seat 1: Lauriston72 (button) (small blind) collected ($53.50)
Seat 5: zimin10 (big blind) folded on the River


PokerStars Hand #174155378736:  Hold'em Limit ($3/$6 USD) - 2017/08/10 9:50:13 ET
Table 'Reunerta' 6-max Seat #5 is the button
Seat 1: Lauriston72 ($213.30 in chips)
Seat 5: zimin10 ($111.65 in chips)
zimin10: posts small blind $1
Lauriston72: posts big blind $3
*** HOLE CARDS ***
zimin10: raises $3 to $6
Lauriston72: calls $3
*** FLOP *** [5d Qd 6c]
Lauriston72: checks
zimin10: bets $3
Lauriston72: calls $3
*** TURN *** [5d Qd 6c] [2c]
Lauriston72: checks
zimin10: checks
*** RIVER *** [5d Qd 6c 2c] [9h]
Lauriston72: bets $6
zimin10: calls $6
*** SHOW DOWN ***
Lauriston72: shows [Qs 9c] (two pair, Queens and Nines)
zimin10: mucks hand
xxPSRxx joins the table at seat #2
Lauriston72 collected $29.50 from pot
*** SUMMARY ***
Total pot $30 | Rake $0.50
Board [5d Qd 6c 2c 9h]
Seat 1: Lauriston72 (big blind) showed [Qs 9c] and won ($29.50) with two pair, Queens and Nines
Seat 5: zimin10 (button) (small blind) mucked


PokerStars Hand #174157553858:  Hold'em Limit ($3/$6 USD) - 2017/08/10 10:56:23 ET
Table 'Reunerta' 6-max Seat #4 is the button
Seat 2: xxPSRxx ($314.08 in chips)
Seat 4: Kasperla ($155.32 in chips)
Kasperla: posts small blind $1
Luanto 14: is sitting out
xxPSRxx: posts big blind $3
*** HOLE CARDS ***
Kasperla: raises $3 to $6
xxPSRxx: calls $3
*** FLOP *** [Jd 2h 7h]
xxPSRxx: checks
Kasperla: bets $3
xxPSRxx: folds
Uncalled bet ($3) returned to Kasperla
Kasperla collected $11.76 from pot
Kasperla: doesn't show hand
*** SUMMARY ***
Total pot $12 | Rake $0.24
Board [Jd 2h 7h]
Seat 2: xxPSRxx (big blind) folded on the Flop
Seat 4: Kasperla (button) (small blind) collected ($11.76)


