PokerStars Hand #175620685411:  Hold'em Limit ($3/$6 USD) - 2017/09/14 3:19:29 ET
Table 'Rezia' 6-max Seat #4 is the button
Seat 3: samba68 ($97.50 in chips)
Seat 4: Agrotait ($45 in chips)
Agrotait: posts small blind $1
samba68: posts big blind $3
*** HOLE CARDS ***
Agrotait: raises $3 to $6
samba68: raises $3 to $9
xcgxcg2005 joins the table at seat #2
Agrotait: calls $3
*** FLOP *** [8d Ac 7s]
samba68: bets $3
Agrotait: folds
Uncalled bet ($3) returned to samba68
samba68 collected $17.64 from pot
samba68: doesn't show hand
*** SUMMARY ***
Total pot $18 | Rake $0.36
Board [8d Ac 7s]
Seat 3: samba68 (big blind) collected ($17.64)
Seat 4: Agrotait (button) (small blind) folded on the Flop


PokerStars Hand #175620668796:  Hold'em Limit ($3/$6 USD) - 2017/09/14 3:18:23 ET
Table 'Rezia' 6-max Seat #3 is the button
Seat 3: samba68 ($77 in chips)
Seat 4: Agrotait ($66 in chips)
samba68: posts small blind $1
Agrotait: posts big blind $3
*** HOLE CARDS ***
samba68: raises $3 to $6
Agrotait: calls $3
*** FLOP *** [8d 9h 9d]
Agrotait: bets $3
samba68: calls $3
*** TURN *** [8d 9h 9d] [5h]
Agrotait: checks
samba68: bets $6
Agrotait: calls $6
*** RIVER *** [8d 9h 9d 5h] [Jd]
Agrotait: checks
samba68: bets $6
Agrotait: calls $6
*** SHOW DOWN ***
samba68: shows [8s 8c] (a full house, Eights full of Nines)
Agrotait: mucks hand
samba68 collected $41.50 from pot
*** SUMMARY ***
Total pot $42 | Rake $0.50
Board [8d 9h 9d 5h Jd]
Seat 3: samba68 (button) (small blind) showed [8s 8c] and won ($41.50) with a full house, Eights full of Nines
Seat 4: Agrotait (big blind) mucked


PokerStars Hand #175620691382:  Hold'em Limit ($3/$6 USD) - 2017/09/14 3:19:52 ET
Table 'Rezia' 6-max Seat #3 is the button
Seat 3: samba68 ($106.14 in chips)
Seat 4: Agrotait ($36 in chips)
samba68: posts small blind $1
Agrotait: posts big blind $3
*** HOLE CARDS ***
samba68: raises $3 to $6
Agrotait: calls $3
*** FLOP *** [Qd Ts 4d]
Agrotait: checks
samba68: bets $3
Agrotait: calls $3
*** TURN *** [Qd Ts 4d] [Qs]
Agrotait: checks
samba68: bets $6
Agrotait: calls $6
*** RIVER *** [Qd Ts 4d Qs] [Jc]
Agrotait: checks
samba68: bets $6
Agrotait: calls $6
*** SHOW DOWN ***
samba68: shows [5d 9d] (a pair of Queens)
Agrotait: shows [Ac 7d] (a pair of Queens - Ace kicker)
Agrotait collected $41.50 from pot
*** SUMMARY ***
Total pot $42 | Rake $0.50
Board [Qd Ts 4d Qs Jc]
Seat 3: samba68 (button) (small blind) showed [5d 9d] and lost with a pair of Queens
Seat 4: Agrotait (big blind) showed [Ac 7d] and won ($41.50) with a pair of Queens


PokerStars Hand #175622596158:  Hold'em Limit ($3/$6 USD) - 2017/09/14 5:10:49 ET
Table 'Rezia' 6-max Seat #4 is the button
Seat 3: CrotchSnifer ($260.16 in chips)
Seat 4: Rus29APX ($155.39 in chips)
Rus29APX: posts small blind $1
CrongCrong: is sitting out
CrotchSnifer: posts big blind $3
*** HOLE CARDS ***
Rus29APX: raises $3 to $6
CrotchSnifer: folds
Uncalled bet ($3) returned to Rus29APX
Rus29APX collected $6 from pot
Rus29APX: doesn't show hand
*** SUMMARY ***
Total pot $6 | Rake $0
Seat 3: CrotchSnifer (big blind) folded before Flop
Seat 4: Rus29APX (button) (small blind) collected ($6)


PokerStars Hand #175622599410:  Hold'em Limit ($3/$6 USD) - 2017/09/14 5:10:59 ET
Table 'Rezia' 6-max Seat #3 is the button
Seat 3: CrotchSnifer ($257.16 in chips)
Seat 4: Rus29APX ($158.39 in chips)
CrotchSnifer: posts small blind $1
Rus29APX: posts big blind $3
*** HOLE CARDS ***
CrotchSnifer: calls $2
Rus29APX: raises $3 to $6
CrotchSnifer: calls $3
*** FLOP *** [Jc 8c 6s]
Rus29APX: bets $3
CrotchSnifer: calls $3
*** TURN *** [Jc 8c 6s] [Kh]
Rus29APX: bets $6
CrotchSnifer: raises $6 to $12
Rus29APX: calls $6
*** RIVER *** [Jc 8c 6s Kh] [4c]
Rus29APX: checks
CrotchSnifer: checks
*** SHOW DOWN ***
Rus29APX: shows [As 7c] (high card Ace)
CrotchSnifer: shows [7h Js] (a pair of Jacks)
CrotchSnifer collected $41.50 from pot
*** SUMMARY ***
Total pot $42 | Rake $0.50
Board [Jc 8c 6s Kh 4c]
Seat 3: CrotchSnifer (button) (small blind) showed [7h Js] and won ($41.50) with a pair of Jacks
Seat 4: Rus29APX (big blind) showed [As 7c] and lost with high card Ace


