PokerStars Hand #146010202007:  Hold'em Limit ($3/$6 USD) - 2015/12/27 12:51:43 ET
Table 'Rezia II' 2-max Seat #2 is the button
Seat 1: echsecution ($72 in chips)
Seat 2: kaz2y5 ($120 in chips)
kaz2y5: posts small blind $1
echsecution: posts big blind $3
*** HOLE CARDS ***
kaz2y5: raises $3 to $6
echsecution: raises $3 to $9
kaz2y5: calls $3
*** FLOP *** [4c 3d As]
echsecution: bets $3
kaz2y5: folds
Uncalled bet ($3) returned to echsecution
echsecution collected $17.64 from pot
*** SUMMARY ***
Total pot $18 | Rake $0.36
Board [4c 3d As]
Seat 1: echsecution (big blind) collected ($17.64)
Seat 2: kaz2y5 (button) (small blind) folded on the Flop


PokerStars Hand #146010260526:  Hold'em Limit ($3/$6 USD) - 2015/12/27 12:52:35 ET
Table 'Rezia II' 2-max Seat #1 is the button
Seat 1: echsecution ($84.64 in chips)
Seat 2: kaz2y5 ($107 in chips)
echsecution: posts small blind $1
kaz2y5: posts big blind $3
*** HOLE CARDS ***
echsecution: raises $3 to $6
kaz2y5: calls $3
*** FLOP *** [3s 8d 7s]
kaz2y5: bets $3
echsecution: calls $3
*** TURN *** [3s 8d 7s] [Td]
kaz2y5: bets $6
echsecution: calls $6
*** RIVER *** [3s 8d 7s Td] [9s]
kaz2y5: bets $6
echsecution: folds
Uncalled bet ($6) returned to kaz2y5
kaz2y5 collected $29.50 from pot
kaz2y5: doesn't show hand
*** SUMMARY ***
Total pot $30 | Rake $0.50
Board [3s 8d 7s Td 9s]
Seat 1: echsecution (button) (small blind) folded on the River
Seat 2: kaz2y5 (big blind) collected ($29.50)


PokerStars Hand #146010283667:  Hold'em Limit ($3/$6 USD) - 2015/12/27 12:52:56 ET
Table 'Rezia II' 2-max Seat #2 is the button
Seat 1: echsecution ($72 in chips)
Seat 2: kaz2y5 ($121.50 in chips)
kaz2y5: posts small blind $1
echsecution: posts big blind $3
*** HOLE CARDS ***
kaz2y5: raises $3 to $6
echsecution: calls $3
*** FLOP *** [Ah 5h 6d]
echsecution: checks
kaz2y5: bets $3
echsecution: folds
Uncalled bet ($3) returned to kaz2y5
kaz2y5 collected $11.76 from pot
*** SUMMARY ***
Total pot $12 | Rake $0.24
Board [Ah 5h 6d]
Seat 1: echsecution (big blind) folded on the Flop
Seat 2: kaz2y5 (button) (small blind) collected ($11.76)


PokerStars Hand #146010245597:  Hold'em Limit ($3/$6 USD) - 2015/12/27 12:52:22 ET
Table 'Rezia II' 2-max Seat #1 is the button
Seat 1: echsecution ($80.64 in chips)
Seat 2: kaz2y5 ($111 in chips)
echsecution: posts small blind $1
kaz2y5: posts big blind $3
*** HOLE CARDS ***
echsecution: raises $3 to $6
kaz2y5: folds
Uncalled bet ($3) returned to echsecution
echsecution collected $6 from pot
echsecution: doesn't show hand
*** SUMMARY ***
Total pot $6 | Rake $0
Seat 1: echsecution (button) (small blind) collected ($6)
Seat 2: kaz2y5 (big blind) folded before Flop


PokerStars Hand #146010254468:  Hold'em Limit ($3/$6 USD) - 2015/12/27 12:52:30 ET
Table 'Rezia II' 2-max Seat #2 is the button
Seat 1: echsecution ($83.64 in chips)
Seat 2: kaz2y5 ($108 in chips)
kaz2y5: posts small blind $1
echsecution: posts big blind $3
*** HOLE CARDS ***
kaz2y5: folds
Uncalled bet ($2) returned to echsecution
echsecution collected $2 from pot
echsecution: doesn't show hand
*** SUMMARY ***
Total pot $2 | Rake $0
Seat 1: echsecution (big blind) collected ($2)
Seat 2: kaz2y5 (button) (small blind) folded before Flop


PokerStars Hand #146010293773:  Hold'em Limit ($3/$6 USD) - 2015/12/27 12:53:05 ET
Table 'Rezia II' 2-max Seat #1 is the button
Seat 1: echsecution ($72 in chips)
Seat 2: kaz2y5 ($127.26 in chips)
echsecution: posts small blind $1
kaz2y5: posts big blind $3
*** HOLE CARDS ***
echsecution: raises $3 to $6
kaz2y5: raises $3 to $9
echsecution: calls $3
*** FLOP *** [2h 7h Qs]
kaz2y5: bets $3
echsecution: calls $3
*** TURN *** [2h 7h Qs] [6d]
kaz2y5: bets $6
echsecution: calls $6
*** RIVER *** [2h 7h Qs 6d] [Ad]
kaz2y5: bets $6
echsecution: folds
Uncalled bet ($6) returned to kaz2y5
kaz2y5 collected $35.50 from pot
kaz2y5: doesn't show hand
*** SUMMARY ***
Total pot $36 | Rake $0.50
Board [2h 7h Qs 6d Ad]
Seat 1: echsecution (button) (small blind) folded on the River
Seat 2: kaz2y5 (big blind) collected ($35.50)


PokerStars Hand #146010342630:  Hold'em Limit ($3/$6 USD) - 2015/12/27 12:53:48 ET
Table 'Rezia II' 2-max Seat #2 is the button
Seat 1: echsecution ($89.50 in chips)
Seat 2: kaz2y5 ($126.76 in chips)
kaz2y5: posts small blind $1
echsecution: posts big blind $3
*** HOLE CARDS ***
kaz2y5: raises $3 to $6
echsecution: calls $3
*** FLOP *** [6h Ah 3c]
echsecution: checks
kaz2y5: bets $3
echsecution: raises $3 to $6
kaz2y5: folds
Uncalled bet ($3) returned to echsecution
echsecution collected $17.64 from pot
echsecution: doesn't show hand
*** SUMMARY ***
Total pot $18 | Rake $0.36
Board [6h Ah 3c]
Seat 1: echsecution (big blind) collected ($17.64)
Seat 2: kaz2y5 (button) (small blind) folded on the Flop


PokerStars Hand #146010313001:  Hold'em Limit ($3/$6 USD) - 2015/12/27 12:53:22 ET
Table 'Rezia II' 2-max Seat #2 is the button
Seat 1: echsecution ($72 in chips)
Seat 2: kaz2y5 ($144.76 in chips)
kaz2y5: posts small blind $1
echsecution: posts big blind $3
*** HOLE CARDS ***
kaz2y5: raises $3 to $6
echsecution: calls $3
*** FLOP *** [4s Ts 2d]
echsecution: checks
kaz2y5: bets $3
echsecution: calls $3
*** TURN *** [4s Ts 2d] [8h]
echsecution: checks
kaz2y5: checks
*** RIVER *** [4s Ts 2d 8h] [9d]
echsecution: checks
kaz2y5: bets $6
echsecution: calls $6
*** SHOW DOWN ***
kaz2y5: shows [3c 6c] (high card Ten)
echsecution: shows [Ad 6s] (high card Ace)
echsecution collected $29.50 from pot
*** SUMMARY ***
Total pot $30 | Rake $0.50
Board [4s Ts 2d 8h 9d]
Seat 1: echsecution (big blind) showed [Ad 6s] and won ($29.50) with high card Ace
Seat 2: kaz2y5 (button) (small blind) showed [3c 6c] and lost with high card Ten


PokerStars Hand #146010335336:  Hold'em Limit ($3/$6 USD) - 2015/12/27 12:53:41 ET
Table 'Rezia II' 2-max Seat #1 is the button
Seat 1: echsecution ($86.50 in chips)
Seat 2: kaz2y5 ($129.76 in chips)
echsecution: posts small blind $1
kaz2y5: posts big blind $3
*** HOLE CARDS ***
echsecution: raises $3 to $6
kaz2y5: folds
Uncalled bet ($3) returned to echsecution
echsecution collected $6 from pot
echsecution: doesn't show hand
*** SUMMARY ***
Total pot $6 | Rake $0
Seat 1: echsecution (button) (small blind) collected ($6)
Seat 2: kaz2y5 (big blind) folded before Flop


PokerStars Hand #146010374438:  Hold'em Limit ($3/$6 USD) - 2015/12/27 12:54:16 ET
Table 'Rezia II' 2-max Seat #2 is the button
Seat 1: echsecution ($86.14 in chips)
Seat 2: kaz2y5 ($129.28 in chips)
kaz2y5: posts small blind $1
echsecution: posts big blind $3
*** HOLE CARDS ***
kaz2y5: raises $3 to $6
echsecution: folds
Uncalled bet ($3) returned to kaz2y5
kaz2y5 collected $6 from pot
kaz2y5: doesn't show hand
*** SUMMARY ***
Total pot $6 | Rake $0
Seat 1: echsecution (big blind) folded before Flop
Seat 2: kaz2y5 (button) (small blind) collected ($6)


PokerStars Hand #146010357803:  Hold'em Limit ($3/$6 USD) - 2015/12/27 12:54:01 ET
Table 'Rezia II' 2-max Seat #1 is the button
Seat 1: echsecution ($98.14 in chips)
Seat 2: kaz2y5 ($117.76 in chips)
echsecution: posts small blind $1
kaz2y5: posts big blind $3
*** HOLE CARDS ***
echsecution: raises $3 to $6
kaz2y5: raises $3 to $9
echsecution: calls $3
*** FLOP *** [Qh Kd Ts]
kaz2y5: bets $3
echsecution: calls $3
*** TURN *** [Qh Kd Ts] [Jc]
kaz2y5: bets $6
echsecution: folds
Uncalled bet ($6) returned to kaz2y5
kaz2y5 collected $23.52 from pot
*** SUMMARY ***
Total pot $24 | Rake $0.48
Board [Qh Kd Ts Jc]
Seat 1: echsecution (button) (small blind) folded on the Turn
Seat 2: kaz2y5 (big blind) collected ($23.52)


PokerStars Hand #146010429738:  Hold'em Limit ($3/$6 USD) - 2015/12/27 12:55:06 ET
Table 'Rezia II' 2-max Seat #2 is the button
Seat 1: echsecution ($72 in chips)
Seat 2: kaz2y5 ($156.42 in chips)
kaz2y5: posts small blind $1
echsecution: posts big blind $3
*** HOLE CARDS ***
kaz2y5: raises $3 to $6
echsecution: calls $3
*** FLOP *** [8s Th 4s]
echsecution: checks
kaz2y5: bets $3
echsecution: calls $3
*** TURN *** [8s Th 4s] [3d]
echsecution: checks
kaz2y5: checks
*** RIVER *** [8s Th 4s 3d] [5s]
echsecution: bets $6
kaz2y5: calls $6
*** SHOW DOWN ***
echsecution: shows [Qc 4c] (a pair of Fours)
kaz2y5: shows [5h Ks] (a pair of Fives)
kaz2y5 collected $29.50 from pot
*** SUMMARY ***
Total pot $30 | Rake $0.50
Board [8s Th 4s 3d 5s]
Seat 1: echsecution (big blind) showed [Qc 4c] and lost with a pair of Fours
Seat 2: kaz2y5 (button) (small blind) showed [5h Ks] and won ($29.50) with a pair of Fives


PokerStars Hand #146010423385:  Hold'em Limit ($3/$6 USD) - 2015/12/27 12:54:59 ET
Table 'Rezia II' 2-max Seat #1 is the button
Seat 1: echsecution ($72 in chips)
Seat 2: kaz2y5 ($155.42 in chips)
echsecution: posts small blind $1
kaz2y5: posts big blind $3
*** HOLE CARDS ***
echsecution: folds
Uncalled bet ($2) returned to kaz2y5
kaz2y5 collected $2 from pot
kaz2y5: doesn't show hand
*** SUMMARY ***
Total pot $2 | Rake $0
Seat 1: echsecution (button) (small blind) folded before Flop
Seat 2: kaz2y5 (big blind) collected ($2)


PokerStars Hand #146010393457:  Hold'em Limit ($3/$6 USD) - 2015/12/27 12:54:33 ET
Table 'Rezia II' 2-max Seat #2 is the button
Seat 1: echsecution ($74.14 in chips)
Seat 2: kaz2y5 ($140.92 in chips)
kaz2y5: posts small blind $1
echsecution: posts big blind $3
*** HOLE CARDS ***
kaz2y5: raises $3 to $6
echsecution: calls $3
*** FLOP *** [Kc 3c Qc]
echsecution: checks
kaz2y5: bets $3
echsecution: calls $3
*** TURN *** [Kc 3c Qc] [6h]
echsecution: checks
kaz2y5: bets $6
echsecution: calls $6
*** RIVER *** [Kc 3c Qc 6h] [5c]
echsecution: checks
kaz2y5: bets $6
echsecution: folds
Uncalled bet ($6) returned to kaz2y5
kaz2y5 collected $29.50 from pot
*** SUMMARY ***
Total pot $30 | Rake $0.50
Board [Kc 3c Qc 6h 5c]
Seat 1: echsecution (big blind) folded on the River
Seat 2: kaz2y5 (button) (small blind) collected ($29.50)


PokerStars Hand #146010381582:  Hold'em Limit ($3/$6 USD) - 2015/12/27 12:54:22 ET
Table 'Rezia II' 2-max Seat #1 is the button
Seat 1: echsecution ($83.14 in chips)
Seat 2: kaz2y5 ($132.28 in chips)
echsecution: posts small blind $1
kaz2y5: posts big blind $3
*** HOLE CARDS ***
echsecution: raises $3 to $6
kaz2y5: raises $3 to $9
echsecution: calls $3
*** FLOP *** [Ts 7s 6h]
kaz2y5: bets $3
echsecution: folds
Uncalled bet ($3) returned to kaz2y5
kaz2y5 collected $17.64 from pot
*** SUMMARY ***
Total pot $18 | Rake $0.36
Board [Ts 7s 6h]
Seat 1: echsecution (button) (small blind) folded on the Flop
Seat 2: kaz2y5 (big blind) collected ($17.64)


PokerStars Hand #146010488439:  Hold'em Limit ($3/$6 USD) - 2015/12/27 12:56:14 ET
Table 'Rezia II' 2-max Seat #2 is the button
Seat 1: echsecution ($86.52 in chips)
Seat 2: kaz2y5 ($179.42 in chips)
kaz2y5: posts small blind $1
echsecution: posts big blind $3
*** HOLE CARDS ***
kaz2y5: folds
Uncalled bet ($2) returned to echsecution
echsecution collected $2 from pot
echsecution: doesn't show hand
*** SUMMARY ***
Total pot $2 | Rake $0
Seat 1: echsecution (big blind) collected ($2)
Seat 2: kaz2y5 (button) (small blind) folded before Flop


PokerStars Hand #146010478410:  Hold'em Limit ($3/$6 USD) - 2015/12/27 12:56:02 ET
Table 'Rezia II' 2-max Seat #1 is the button
Seat 1: echsecution ($83.52 in chips)
Seat 2: kaz2y5 ($182.42 in chips)
echsecution: posts small blind $1
kaz2y5: posts big blind $3
*** HOLE CARDS ***
echsecution: raises $3 to $6
kaz2y5: folds
Uncalled bet ($3) returned to echsecution
echsecution collected $6 from pot
echsecution: doesn't show hand
*** SUMMARY ***
Total pot $6 | Rake $0
Seat 1: echsecution (button) (small blind) collected ($6)
Seat 2: kaz2y5 (big blind) folded before Flop


PokerStars Hand #146010445387:  Hold'em Limit ($3/$6 USD) - 2015/12/27 12:55:24 ET
Table 'Rezia II' 2-max Seat #1 is the button
Seat 1: echsecution ($72 in chips)
Seat 2: kaz2y5 ($170.92 in chips)
echsecution: posts small blind $1
kaz2y5: posts big blind $3
*** HOLE CARDS ***
echsecution: raises $3 to $6
kaz2y5: calls $3
*** FLOP *** [9h 3c 7h]
kaz2y5: checks
echsecution: bets $3
kaz2y5: raises $3 to $6
echsecution: calls $3
*** TURN *** [9h 3c 7h] [Qc]
kaz2y5: bets $6
echsecution: calls $6
*** RIVER *** [9h 3c 7h Qc] [8c]
kaz2y5: bets $6
echsecution: calls $6
*** SHOW DOWN ***
kaz2y5: shows [9c 8h] (two pair, Nines and Eights)
echsecution: mucks hand
kaz2y5 collected $47.50 from pot
*** SUMMARY ***
Total pot $48 | Rake $0.50
Board [9h 3c 7h Qc 8c]
Seat 1: echsecution (button) (small blind) mucked
Seat 2: kaz2y5 (big blind) showed [9c 8h] and won ($47.50) with two pair, Nines and Eights


PokerStars Hand #146010494334:  Hold'em Limit ($3/$6 USD) - 2015/12/27 12:56:21 ET
Table 'Rezia II' 2-max Seat #1 is the button
Seat 1: echsecution ($87.52 in chips)
Seat 2: kaz2y5 ($178.42 in chips)
echsecution: posts small blind $1
kaz2y5: posts big blind $3
*** HOLE CARDS ***
echsecution: raises $3 to $6
kaz2y5: folds
Uncalled bet ($3) returned to echsecution
echsecution collected $6 from pot
echsecution: doesn't show hand
*** SUMMARY ***
Total pot $6 | Rake $0
Seat 1: echsecution (button) (small blind) collected ($6)
Seat 2: kaz2y5 (big blind) folded before Flop


PokerStars Hand #146010528662:  Hold'em Limit ($3/$6 USD) - 2015/12/27 12:57:00 ET
Table 'Rezia II' 2-max Seat #1 is the button
Seat 1: echsecution ($72 in chips)
Seat 2: kaz2y5 ($204.92 in chips)
echsecution: posts small blind $1
kaz2y5: posts big blind $3
*** HOLE CARDS ***
echsecution: raises $3 to $6
kaz2y5: raises $3 to $9
echsecution: calls $3
*** FLOP *** [Jh Ad 2d]
kaz2y5: bets $3
echsecution: folds
Uncalled bet ($3) returned to kaz2y5
kaz2y5 collected $17.64 from pot
kaz2y5: doesn't show hand
*** SUMMARY ***
Total pot $18 | Rake $0.36
Board [Jh Ad 2d]
Seat 1: echsecution (button) (small blind) folded on the Flop
Seat 2: kaz2y5 (big blind) collected ($17.64)


PokerStars Hand #146010499574:  Hold'em Limit ($3/$6 USD) - 2015/12/27 12:56:27 ET
Table 'Rezia II' 2-max Seat #2 is the button
Seat 1: echsecution ($90.52 in chips)
Seat 2: kaz2y5 ($175.42 in chips)
kaz2y5: posts small blind $1
echsecution: posts big blind $3
*** HOLE CARDS ***
kaz2y5: raises $3 to $6
echsecution: raises $3 to $9
kaz2y5: calls $3
*** FLOP *** [9d Tc Qs]
echsecution: bets $3
kaz2y5: raises $3 to $6
echsecution: raises $3 to $9
kaz2y5: calls $3
*** TURN *** [9d Tc Qs] [4c]
echsecution: bets $6
kaz2y5: calls $6
*** RIVER *** [9d Tc Qs 4c] [Jd]
echsecution: bets $6
kaz2y5: calls $6
*** SHOW DOWN ***
echsecution: shows [Qd Ac] (a pair of Queens)
kaz2y5: shows [Td Js] (two pair, Jacks and Tens)
kaz2y5 collected $59.50 from pot
*** SUMMARY ***
Total pot $60 | Rake $0.50
Board [9d Tc Qs 4c Jd]
Seat 1: echsecution (big blind) showed [Qd Ac] and lost with a pair of Queens
Seat 2: kaz2y5 (button) (small blind) showed [Td Js] and won ($59.50) with two pair, Jacks and Tens


PokerStars Hand #146010537370:  Hold'em Limit ($3/$6 USD) - 2015/12/27 12:57:11 ET
Table 'Rezia II' 2-max Seat #2 is the button
Seat 1: echsecution ($72 in chips)
Seat 2: kaz2y5 ($213.56 in chips)
kaz2y5: posts small blind $1
echsecution: posts big blind $3
*** HOLE CARDS ***
kaz2y5: folds
Uncalled bet ($2) returned to echsecution
echsecution collected $2 from pot
echsecution: doesn't show hand
*** SUMMARY ***
Total pot $2 | Rake $0
Seat 1: echsecution (big blind) collected ($2)
Seat 2: kaz2y5 (button) (small blind) folded before Flop


PokerStars Hand #146010584778:  Hold'em Limit ($3/$6 USD) - 2015/12/27 12:58:05 ET
Table 'Rezia II' 2-max Seat #1 is the button
Seat 1: echsecution ($87.52 in chips)
Seat 2: kaz2y5 ($202.32 in chips)
echsecution: posts small blind $1
kaz2y5: posts big blind $3
*** HOLE CARDS ***
echsecution: raises $3 to $6
kaz2y5: folds
Uncalled bet ($3) returned to echsecution
echsecution collected $6 from pot
echsecution: doesn't show hand
*** SUMMARY ***
Total pot $6 | Rake $0
Seat 1: echsecution (button) (small blind) collected ($6)
Seat 2: kaz2y5 (big blind) folded before Flop


PokerStars Hand #146010559636:  Hold'em Limit ($3/$6 USD) - 2015/12/27 12:57:36 ET
Table 'Rezia II' 2-max Seat #1 is the button
Seat 1: echsecution ($73 in chips)
Seat 2: kaz2y5 ($217.32 in chips)
echsecution: posts small blind $1
kaz2y5: posts big blind $3
*** HOLE CARDS ***
echsecution: raises $3 to $6
kaz2y5: folds
Uncalled bet ($3) returned to echsecution
echsecution collected $6 from pot
echsecution: doesn't show hand
*** SUMMARY ***
Total pot $6 | Rake $0
Seat 1: echsecution (button) (small blind) collected ($6)
Seat 2: kaz2y5 (big blind) folded before Flop


PokerStars Hand #146010553712:  Hold'em Limit ($3/$6 USD) - 2015/12/27 12:57:29 ET
Table 'Rezia II' 2-max Seat #2 is the button
Seat 1: echsecution ($72 in chips)
Seat 2: kaz2y5 ($218.32 in chips)
kaz2y5: posts small blind $1
echsecution: posts big blind $3
*** HOLE CARDS ***
kaz2y5: folds
Uncalled bet ($2) returned to echsecution
echsecution collected $2 from pot
echsecution: doesn't show hand
*** SUMMARY ***
Total pot $2 | Rake $0
Seat 1: echsecution (big blind) collected ($2)
Seat 2: kaz2y5 (button) (small blind) folded before Flop


PokerStars Hand #146010543624:  Hold'em Limit ($3/$6 USD) - 2015/12/27 12:57:18 ET
Table 'Rezia II' 2-max Seat #1 is the button
Seat 1: echsecution ($73 in chips)
Seat 2: kaz2y5 ($212.56 in chips)
echsecution: posts small blind $1
kaz2y5: posts big blind $3
*** HOLE CARDS ***
echsecution: raises $3 to $6
kaz2y5: calls $3
*** FLOP *** [5d Kh 2s]
kaz2y5: bets $3
echsecution: folds
Uncalled bet ($3) returned to kaz2y5
kaz2y5 collected $11.76 from pot
kaz2y5: doesn't show hand
*** SUMMARY ***
Total pot $12 | Rake $0.24
Board [5d Kh 2s]
Seat 1: echsecution (button) (small blind) folded on the Flop
Seat 2: kaz2y5 (big blind) collected ($11.76)


PokerStars Hand #146010590097:  Hold'em Limit ($3/$6 USD) - 2015/12/27 12:58:11 ET
Table 'Rezia II' 2-max Seat #2 is the button
Seat 1: echsecution ($90.52 in chips)
Seat 2: kaz2y5 ($199.32 in chips)
kaz2y5: posts small blind $1
echsecution: posts big blind $3
*** HOLE CARDS ***
kaz2y5: raises $3 to $6
echsecution: calls $3
*** FLOP *** [Jd As Ad]
echsecution: checks
kaz2y5: bets $3
echsecution: folds
Uncalled bet ($3) returned to kaz2y5
kaz2y5 collected $11.76 from pot
*** SUMMARY ***
Total pot $12 | Rake $0.24
Board [Jd As Ad]
Seat 1: echsecution (big blind) folded on the Flop
Seat 2: kaz2y5 (button) (small blind) collected ($11.76)


PokerStars Hand #146010629624:  Hold'em Limit ($3/$6 USD) - 2015/12/27 12:58:57 ET
Table 'Rezia II' 2-max Seat #2 is the button
Seat 1: echsecution ($76 in chips)
Seat 2: kaz2y5 ($215.58 in chips)
kaz2y5: posts small blind $1
echsecution: posts big blind $3
*** HOLE CARDS ***
kaz2y5: raises $3 to $6
echsecution: folds
Uncalled bet ($3) returned to kaz2y5
kaz2y5 collected $6 from pot
kaz2y5: doesn't show hand
*** SUMMARY ***
Total pot $6 | Rake $0
Seat 1: echsecution (big blind) folded before Flop
Seat 2: kaz2y5 (button) (small blind) collected ($6)


PokerStars Hand #146010624147:  Hold'em Limit ($3/$6 USD) - 2015/12/27 12:58:50 ET
Table 'Rezia II' 2-max Seat #1 is the button
Seat 1: echsecution ($73 in chips)
Seat 2: kaz2y5 ($218.58 in chips)
echsecution: posts small blind $1
kaz2y5: posts big blind $3
*** HOLE CARDS ***
echsecution: raises $3 to $6
kaz2y5: folds
Uncalled bet ($3) returned to echsecution
echsecution collected $6 from pot
echsecution: doesn't show hand
*** SUMMARY ***
Total pot $6 | Rake $0
Seat 1: echsecution (button) (small blind) collected ($6)
Seat 2: kaz2y5 (big blind) folded before Flop


PokerStars Hand #146010618579:  Hold'em Limit ($3/$6 USD) - 2015/12/27 12:58:44 ET
Table 'Rezia II' 2-max Seat #2 is the button
Seat 1: echsecution ($72 in chips)
Seat 2: kaz2y5 ($219.58 in chips)
kaz2y5: posts small blind $1
echsecution: posts big blind $3
*** HOLE CARDS ***
kaz2y5: folds
Uncalled bet ($2) returned to echsecution
echsecution collected $2 from pot
echsecution: doesn't show hand
*** SUMMARY ***
Total pot $2 | Rake $0
Seat 1: echsecution (big blind) collected ($2)
Seat 2: kaz2y5 (button) (small blind) folded before Flop


PokerStars Hand #146010598481:  Hold'em Limit ($3/$6 USD) - 2015/12/27 12:58:21 ET
Table 'Rezia II' 2-max Seat #1 is the button
Seat 1: echsecution ($84.52 in chips)
Seat 2: kaz2y5 ($205.08 in chips)
echsecution: posts small blind $1
kaz2y5: posts big blind $3
*** HOLE CARDS ***
echsecution: raises $3 to $6
kaz2y5: calls $3
*** FLOP *** [Kd 7d Th]
kaz2y5: bets $3
echsecution: calls $3
*** TURN *** [Kd 7d Th] [Tc]
kaz2y5: bets $6
echsecution: calls $6
*** RIVER *** [Kd 7d Th Tc] [8c]
kaz2y5: bets $6
echsecution: folds
Uncalled bet ($6) returned to kaz2y5
kaz2y5 collected $29.50 from pot
*** SUMMARY ***
Total pot $30 | Rake $0.50
Board [Kd 7d Th Tc 8c]
Seat 1: echsecution (button) (small blind) folded on the River
Seat 2: kaz2y5 (big blind) collected ($29.50)


PokerStars Hand #146010634775:  Hold'em Limit ($3/$6 USD) - 2015/12/27 12:59:03 ET
Table 'Rezia II' 2-max Seat #1 is the button
Seat 1: echsecution ($73 in chips)
Seat 2: kaz2y5 ($218.58 in chips)
echsecution: posts small blind $1
kaz2y5: posts big blind $3
*** HOLE CARDS ***
echsecution: raises $3 to $6
kaz2y5: calls $3
*** FLOP *** [6c 3c Js]
kaz2y5: checks
echsecution: bets $3
kaz2y5: calls $3
*** TURN *** [6c 3c Js] [9c]
kaz2y5: checks
echsecution: bets $6
kaz2y5: folds
Uncalled bet ($6) returned to echsecution
echsecution collected $17.64 from pot
echsecution: doesn't show hand
*** SUMMARY ***
Total pot $18 | Rake $0.36
Board [6c 3c Js 9c]
Seat 1: echsecution (button) (small blind) collected ($17.64)
Seat 2: kaz2y5 (big blind) folded on the Turn


PokerStars Hand #146010675867:  Hold'em Limit ($3/$6 USD) - 2015/12/27 12:59:50 ET
Table 'Rezia II' 2-max Seat #2 is the button
Seat 1: echsecution ($72 in chips)
Seat 2: kaz2y5 ($229.84 in chips)
kaz2y5: posts small blind $1
echsecution: posts big blind $3
*** HOLE CARDS ***
kaz2y5: raises $3 to $6
echsecution: calls $3
*** FLOP *** [6d 7s 9d]
echsecution: checks
kaz2y5: bets $3
echsecution: raises $3 to $6
kaz2y5: calls $3
*** TURN *** [6d 7s 9d] [2c]
echsecution: bets $6
kaz2y5: calls $6
*** RIVER *** [6d 7s 9d 2c] [6c]
echsecution: bets $6
kaz2y5: raises $6 to $12
echsecution: calls $6
*** SHOW DOWN ***
kaz2y5: shows [Kc 6s] (three of a kind, Sixes)
echsecution: mucks hand
kaz2y5 collected $59.50 from pot
*** SUMMARY ***
Total pot $60 | Rake $0.50
Board [6d 7s 9d 2c 6c]
Seat 1: echsecution (big blind) mucked
Seat 2: kaz2y5 (button) (small blind) showed [Kc 6s] and won ($59.50) with three of a kind, Sixes


PokerStars Hand #146010658699:  Hold'em Limit ($3/$6 USD) - 2015/12/27 12:59:30 ET
Table 'Rezia II' 2-max Seat #1 is the button
Seat 1: echsecution ($75.64 in chips)
Seat 2: kaz2y5 ($215.34 in chips)
echsecution: posts small blind $1
kaz2y5: posts big blind $3
*** HOLE CARDS ***
echsecution: raises $3 to $6
kaz2y5: calls $3
*** FLOP *** [6h Kh Tc]
kaz2y5: bets $3
echsecution: calls $3
*** TURN *** [6h Kh Tc] [Jc]
kaz2y5: bets $6
echsecution: calls $6
*** RIVER *** [6h Kh Tc Jc] [8h]
kaz2y5: checks
echsecution: checks
*** SHOW DOWN ***
kaz2y5: shows [4s Jh] (a pair of Jacks)
echsecution: mucks hand
kaz2y5 collected $29.50 from pot
*** SUMMARY ***
Total pot $30 | Rake $0.50
Board [6h Kh Tc Jc 8h]
Seat 1: echsecution (button) (small blind) mucked
Seat 2: kaz2y5 (big blind) showed [4s Jh] and won ($29.50) with a pair of Jacks


PokerStars Hand #146010696012:  Hold'em Limit ($3/$6 USD) - 2015/12/27 13:00:12 ET
Table 'Rezia II' 2-max Seat #1 is the button
Seat 1: echsecution ($72 in chips)
Seat 2: kaz2y5 ($259.34 in chips)
echsecution: posts small blind $1
kaz2y5: posts big blind $3
*** HOLE CARDS ***
echsecution: raises $3 to $6
kaz2y5: folds
Uncalled bet ($3) returned to echsecution
echsecution collected $6 from pot
echsecution: doesn't show hand
*** SUMMARY ***
Total pot $6 | Rake $0
Seat 1: echsecution (button) (small blind) collected ($6)
Seat 2: kaz2y5 (big blind) folded before Flop


PokerStars Hand #146010650132:  Hold'em Limit ($3/$6 USD) - 2015/12/27 12:59:21 ET
Table 'Rezia II' 2-max Seat #2 is the button
Seat 1: echsecution ($81.64 in chips)
Seat 2: kaz2y5 ($209.58 in chips)
kaz2y5: posts small blind $1
echsecution: posts big blind $3
*** HOLE CARDS ***
kaz2y5: raises $3 to $6
echsecution: calls $3
*** FLOP *** [9c 7d 7h]
echsecution: checks
kaz2y5: bets $3
echsecution: folds
Uncalled bet ($3) returned to kaz2y5
kaz2y5 collected $11.76 from pot
kaz2y5: doesn't show hand
*** SUMMARY ***
Total pot $12 | Rake $0.24
Board [9c 7d 7h]
Seat 1: echsecution (big blind) folded on the Flop
Seat 2: kaz2y5 (button) (small blind) collected ($11.76)


PokerStars Hand #146010739576:  Hold'em Limit ($3/$6 USD) - 2015/12/27 13:00:58 ET
Table 'Rezia II' 2-max Seat #2 is the button
Seat 1: echsecution ($77.52 in chips)
Seat 2: kaz2y5 ($252.98 in chips)
kaz2y5: posts small blind $1
echsecution: posts big blind $3
*** HOLE CARDS ***
kaz2y5: folds
Uncalled bet ($2) returned to echsecution
echsecution collected $2 from pot
echsecution: doesn't show hand
*** SUMMARY ***
Total pot $2 | Rake $0
Seat 1: echsecution (big blind) collected ($2)
Seat 2: kaz2y5 (button) (small blind) folded before Flop


PokerStars Hand #146010728388:  Hold'em Limit ($3/$6 USD) - 2015/12/27 13:00:46 ET
Table 'Rezia II' 2-max Seat #1 is the button
Seat 1: echsecution ($86.52 in chips)
Seat 2: kaz2y5 ($244.34 in chips)
echsecution: posts small blind $1
kaz2y5: posts big blind $3
*** HOLE CARDS ***
echsecution: raises $3 to $6
kaz2y5: raises $3 to $9
echsecution: calls $3
*** FLOP *** [5d Kc 2s]
kaz2y5: bets $3
echsecution: folds
Uncalled bet ($3) returned to kaz2y5
kaz2y5 collected $17.64 from pot
*** SUMMARY ***
Total pot $18 | Rake $0.36
Board [5d Kc 2s]
Seat 1: echsecution (button) (small blind) folded on the Flop
Seat 2: kaz2y5 (big blind) collected ($17.64)


PokerStars Hand #146010702711:  Hold'em Limit ($3/$6 USD) - 2015/12/27 13:00:19 ET
Table 'Rezia II' 2-max Seat #2 is the button
Seat 1: echsecution ($75 in chips)
Seat 2: kaz2y5 ($256.34 in chips)
kaz2y5: posts small blind $1
echsecution: posts big blind $3
*** HOLE CARDS ***
kaz2y5: raises $3 to $6
echsecution: raises $3 to $9
kaz2y5: calls $3
*** FLOP *** [Jh 7h Jd]
echsecution: bets $3
kaz2y5: calls $3
*** TURN *** [Jh 7h Jd] [Ad]
echsecution: bets $6
kaz2y5: folds
Uncalled bet ($6) returned to echsecution
echsecution collected $23.52 from pot
echsecution: doesn't show hand
*** SUMMARY ***
Total pot $24 | Rake $0.48
Board [Jh 7h Jd Ad]
Seat 1: echsecution (big blind) collected ($23.52)
Seat 2: kaz2y5 (button) (small blind) folded on the Turn


PokerStars Hand #146010752966:  Hold'em Limit ($3/$6 USD) - 2015/12/27 13:01:12 ET
Table 'Rezia II' 2-max Seat #2 is the button
Seat 1: echsecution ($77.52 in chips)
Seat 2: kaz2y5 ($252.98 in chips)
kaz2y5: posts small blind $1
echsecution: posts big blind $3
*** HOLE CARDS ***
kaz2y5: raises $3 to $6
echsecution: calls $3
*** FLOP *** [Kd 3s Qh]
echsecution: checks
kaz2y5: bets $3
echsecution: raises $3 to $6
kaz2y5: folds
Uncalled bet ($3) returned to echsecution
echsecution collected $17.64 from pot
echsecution: doesn't show hand
*** SUMMARY ***
Total pot $18 | Rake $0.36
Board [Kd 3s Qh]
Seat 1: echsecution (big blind) collected ($17.64)
Seat 2: kaz2y5 (button) (small blind) folded on the Flop


PokerStars Hand #146010745521:  Hold'em Limit ($3/$6 USD) - 2015/12/27 13:01:05 ET
Table 'Rezia II' 2-max Seat #1 is the button
Seat 1: echsecution ($78.52 in chips)
Seat 2: kaz2y5 ($251.98 in chips)
echsecution: posts small blind $1
kaz2y5: posts big blind $3
*** HOLE CARDS ***
echsecution: folds
Uncalled bet ($2) returned to kaz2y5
kaz2y5 collected $2 from pot
kaz2y5: doesn't show hand
*** SUMMARY ***
Total pot $2 | Rake $0
Seat 1: echsecution (button) (small blind) folded before Flop
Seat 2: kaz2y5 (big blind) collected ($2)


PokerStars Hand #146010779436:  Hold'em Limit ($3/$6 USD) - 2015/12/27 13:01:37 ET
Table 'Rezia II' 2-max Seat #1 is the button
Seat 1: echsecution ($90.16 in chips)
Seat 2: kaz2y5 ($239.98 in chips)
echsecution: posts small blind $1
kaz2y5: posts big blind $3
*** HOLE CARDS ***
echsecution: raises $3 to $6
kaz2y5: folds
Uncalled bet ($3) returned to echsecution
echsecution collected $6 from pot
echsecution: doesn't show hand
*** SUMMARY ***
Total pot $6 | Rake $0
Seat 1: echsecution (button) (small blind) collected ($6)
Seat 2: kaz2y5 (big blind) folded before Flop


PokerStars Hand #146010773007:  Hold'em Limit ($3/$6 USD) - 2015/12/27 13:01:31 ET
Table 'Rezia II' 2-max Seat #2 is the button
Seat 1: echsecution ($89.16 in chips)
Seat 2: kaz2y5 ($240.98 in chips)
kaz2y5: posts small blind $1
echsecution: posts big blind $3
*** HOLE CARDS ***
kaz2y5: folds
Uncalled bet ($2) returned to echsecution
echsecution collected $2 from pot
echsecution: doesn't show hand
*** SUMMARY ***
Total pot $2 | Rake $0
Seat 1: echsecution (big blind) collected ($2)
Seat 2: kaz2y5 (button) (small blind) folded before Flop


PokerStars Hand #146010766351:  Hold'em Limit ($3/$6 USD) - 2015/12/27 13:01:25 ET
Table 'Rezia II' 2-max Seat #1 is the button
Seat 1: echsecution ($86.16 in chips)
Seat 2: kaz2y5 ($243.98 in chips)
echsecution: posts small blind $1
kaz2y5: posts big blind $3
*** HOLE CARDS ***
echsecution: raises $3 to $6
kaz2y5: folds
Uncalled bet ($3) returned to echsecution
echsecution collected $6 from pot
echsecution: doesn't show hand
*** SUMMARY ***
Total pot $6 | Rake $0
Seat 1: echsecution (button) (small blind) collected ($6)
Seat 2: kaz2y5 (big blind) folded before Flop


