PokerStars Hand #148158269092:  Hold'em Limit ($3/$6 USD) - 2016/02/03 7:06:19 ET
Table 'Rhea' 6-max Seat #1 is the button
Seat 1: bryan00nl ($109.52 in chips)
Seat 4: AzureCaper ($81.26 in chips)
bryan00nl: posts small blind $1
AzureCaper: posts big blind $3
*** HOLE CARDS ***
bryan00nl: folds
Uncalled bet ($2) returned to AzureCaper
AzureCaper collected $2 from pot
AzureCaper: doesn't show hand
*** SUMMARY ***
Total pot $2 | Rake $0
Seat 1: bryan00nl (button) (small blind) folded before Flop
Seat 4: AzureCaper (big blind) collected ($2)


PokerStars Hand #148158262363:  Hold'em Limit ($3/$6 USD) - 2016/02/03 7:06:08 ET
Table 'Rhea' 6-max Seat #4 is the button
Seat 1: bryan00nl ($98 in chips)
Seat 4: AzureCaper ($93.26 in chips)
AzureCaper: posts small blind $1
bryan00nl: posts big blind $3
*** HOLE CARDS ***
AzureCaper: raises $3 to $6
bryan00nl: calls $3
*** FLOP *** [Qh As 8d]
bryan00nl: checks
AzureCaper: bets $3
bryan00nl: raises $3 to $6
AzureCaper: calls $3
*** TURN *** [Qh As 8d] [4h]
bryan00nl: bets $6
AzureCaper: folds
Uncalled bet ($6) returned to bryan00nl
bryan00nl collected $23.52 from pot
bryan00nl: doesn't show hand
*** SUMMARY ***
Total pot $24 | Rake $0.48
Board [Qh As 8d 4h]
Seat 1: bryan00nl (big blind) collected ($23.52)
Seat 4: AzureCaper (button) (small blind) folded on the Turn


PokerStars Hand #148158260203:  Hold'em Limit ($3/$6 USD) - 2016/02/03 7:06:04 ET
Table 'Rhea' 6-max Seat #1 is the button
Seat 1: bryan00nl ($99 in chips)
Seat 4: AzureCaper ($92.26 in chips)
bryan00nl: posts small blind $1
AzureCaper: posts big blind $3
*** HOLE CARDS ***
bryan00nl: folds
Uncalled bet ($2) returned to AzureCaper
AzureCaper collected $2 from pot
AzureCaper: doesn't show hand
*** SUMMARY ***
Total pot $2 | Rake $0
Seat 1: bryan00nl (button) (small blind) folded before Flop
Seat 4: AzureCaper (big blind) collected ($2)


PokerStars Hand #148158257313:  Hold'em Limit ($3/$6 USD) - 2016/02/03 7:05:59 ET
Table 'Rhea' 6-max Seat #4 is the button
Seat 1: bryan00nl ($98 in chips)
Seat 4: AzureCaper ($93.26 in chips)
AzureCaper: posts small blind $1
bryan00nl: posts big blind $3
*** HOLE CARDS ***
AzureCaper: folds
Uncalled bet ($2) returned to bryan00nl
bryan00nl collected $2 from pot
bryan00nl: doesn't show hand
*** SUMMARY ***
Total pot $2 | Rake $0
Seat 1: bryan00nl (big blind) collected ($2)
Seat 4: AzureCaper (button) (small blind) folded before Flop


PokerStars Hand #148158254970:  Hold'em Limit ($3/$6 USD) - 2016/02/03 7:05:55 ET
Table 'Rhea' 6-max Seat #1 is the button
Seat 1: bryan00nl ($99 in chips)
Seat 4: AzureCaper ($92.26 in chips)
bryan00nl: posts small blind $1
AzureCaper: posts big blind $3
*** HOLE CARDS ***
bryan00nl: folds
Uncalled bet ($2) returned to AzureCaper
AzureCaper collected $2 from pot
AzureCaper: doesn't show hand
*** SUMMARY ***
Total pot $2 | Rake $0
Seat 1: bryan00nl (button) (small blind) folded before Flop
Seat 4: AzureCaper (big blind) collected ($2)


PokerStars Hand #148158246717:  Hold'em Limit ($3/$6 USD) - 2016/02/03 7:05:40 ET
Table 'Rhea' 6-max Seat #4 is the button
Seat 1: bryan00nl ($105 in chips)
Seat 4: AzureCaper ($86.50 in chips)
AzureCaper: posts small blind $1
bryan00nl: posts big blind $3
*** HOLE CARDS ***
AzureCaper: raises $3 to $6
bryan00nl: calls $3
*** FLOP *** [Ts 8d Ad]
bryan00nl: checks
AzureCaper: bets $3
bryan00nl: folds
Uncalled bet ($3) returned to AzureCaper
AzureCaper collected $11.76 from pot
AzureCaper: doesn't show hand
*** SUMMARY ***
Total pot $12 | Rake $0.24
Board [Ts 8d Ad]
Seat 1: bryan00nl (big blind) folded on the Flop
Seat 4: AzureCaper (button) (small blind) collected ($11.76)


PokerStars Hand #148158305440:  Hold'em Limit ($3/$6 USD) - 2016/02/03 7:07:23 ET
Table 'Rhea' 6-max Seat #1 is the button
Seat 1: bryan00nl ($42.52 in chips)
Seat 4: AzureCaper ($146.78 in chips)
bryan00nl: posts small blind $1
AzureCaper: posts big blind $3
*** HOLE CARDS ***
bryan00nl: raises $3 to $6
AzureCaper: folds
Uncalled bet ($3) returned to bryan00nl
bryan00nl collected $6 from pot
bryan00nl: doesn't show hand
*** SUMMARY ***
Total pot $6 | Rake $0
Seat 1: bryan00nl (button) (small blind) collected ($6)
Seat 4: AzureCaper (big blind) folded before Flop


PokerStars Hand #148158294770:  Hold'em Limit ($3/$6 USD) - 2016/02/03 7:07:04 ET
Table 'Rhea' 6-max Seat #4 is the button
Seat 1: bryan00nl ($66.52 in chips)
Seat 4: AzureCaper ($123.28 in chips)
AzureCaper: posts small blind $1
bryan00nl: posts big blind $3
*** HOLE CARDS ***
AzureCaper: raises $3 to $6
bryan00nl: calls $3
*** FLOP *** [Ts 9c 3c]
bryan00nl: checks
AzureCaper: bets $3
bryan00nl: raises $3 to $6
AzureCaper: calls $3
*** TURN *** [Ts 9c 3c] [Td]
bryan00nl: bets $6
AzureCaper: calls $6
*** RIVER *** [Ts 9c 3c Td] [4d]
bryan00nl: bets $6
AzureCaper: calls $6
*** SHOW DOWN ***
bryan00nl: shows [7h 9s] (two pair, Tens and Nines)
AzureCaper: shows [Ad Ac] (two pair, Aces and Tens)
AzureCaper collected $47.50 from pot
*** SUMMARY ***
Total pot $48 | Rake $0.50
Board [Ts 9c 3c Td 4d]
Seat 1: bryan00nl (big blind) showed [7h 9s] and lost with two pair, Tens and Nines
Seat 4: AzureCaper (button) (small blind) showed [Ad Ac] and won ($47.50) with two pair, Aces and Tens


PokerStars Hand #148158282777:  Hold'em Limit ($3/$6 USD) - 2016/02/03 7:06:44 ET
Table 'Rhea' 6-max Seat #1 is the button
Seat 1: bryan00nl ($78.52 in chips)
Seat 4: AzureCaper ($111.76 in chips)
bryan00nl: posts small blind $1
AzureCaper: posts big blind $3
*** HOLE CARDS ***
bryan00nl: raises $3 to $6
AzureCaper: calls $3
*** FLOP *** [Jh 2d 7d]
AzureCaper: checks
bryan00nl: bets $3
AzureCaper: raises $3 to $6
bryan00nl: calls $3
*** TURN *** [Jh 2d 7d] [6h]
AzureCaper: bets $6
bryan00nl: folds
Uncalled bet ($6) returned to AzureCaper
AzureCaper collected $23.52 from pot
AzureCaper: doesn't show hand
*** SUMMARY ***
Total pot $24 | Rake $0.48
Board [Jh 2d 7d 6h]
Seat 1: bryan00nl (button) (small blind) folded on the Turn
Seat 4: AzureCaper (big blind) collected ($23.52)


PokerStars Hand #148158271337:  Hold'em Limit ($3/$6 USD) - 2016/02/03 7:06:23 ET
Table 'Rhea' 6-max Seat #4 is the button
Seat 1: bryan00nl ($108.52 in chips)
Seat 4: AzureCaper ($82.26 in chips)
AzureCaper: posts small blind $1
bryan00nl: posts big blind $3
*** HOLE CARDS ***
AzureCaper: raises $3 to $6
bryan00nl: calls $3
*** FLOP *** [7s 7h 8s]
bryan00nl: checks
AzureCaper: bets $3
bryan00nl: raises $3 to $6
AzureCaper: calls $3
*** TURN *** [7s 7h 8s] [5d]
bryan00nl: bets $6
AzureCaper: calls $6
*** RIVER *** [7s 7h 8s 5d] [3d]
bryan00nl: bets $6
AzureCaper: raises $6 to $12
bryan00nl: calls $6
*** SHOW DOWN ***
AzureCaper: shows [7c 5s] (a full house, Sevens full of Fives)
bryan00nl: mucks hand
AzureCaper collected $59.50 from pot
*** SUMMARY ***
Total pot $60 | Rake $0.50
Board [7s 7h 8s 5d 3d]
Seat 1: bryan00nl (big blind) mucked
Seat 4: AzureCaper (button) (small blind) showed [7c 5s] and won ($59.50) with a full house, Sevens full of Fives


PokerStars Hand #148158327846:  Hold'em Limit ($3/$6 USD) - 2016/02/03 7:08:03 ET
Table 'Rhea' 6-max Seat #4 is the button
Seat 1: bryan00nl ($28.52 in chips)
Seat 4: AzureCaper ($160.28 in chips)
AzureCaper: posts small blind $1
bryan00nl: posts big blind $3
*** HOLE CARDS ***
AzureCaper: raises $3 to $6
bryan00nl: calls $3
*** FLOP *** [Qc 2d 7d]
bryan00nl: checks
AzureCaper: bets $3
bryan00nl: folds
Uncalled bet ($3) returned to AzureCaper
AzureCaper collected $11.76 from pot
AzureCaper: doesn't show hand
*** SUMMARY ***
Total pot $12 | Rake $0.24
Board [Qc 2d 7d]
Seat 1: bryan00nl (big blind) folded on the Flop
Seat 4: AzureCaper (button) (small blind) collected ($11.76)


PokerStars Hand #148158311886:  Hold'em Limit ($3/$6 USD) - 2016/02/03 7:07:34 ET
Table 'Rhea' 6-max Seat #1 is the button
Seat 1: bryan00nl ($46.52 in chips)
Seat 4: AzureCaper ($142.78 in chips)
bryan00nl: posts small blind $1
AzureCaper: posts big blind $3
*** HOLE CARDS ***
bryan00nl: raises $3 to $6
AzureCaper: calls $3
*** FLOP *** [2c 3h 8h]
AzureCaper: checks
bryan00nl: bets $3
AzureCaper: raises $3 to $6
bryan00nl: calls $3
*** TURN *** [2c 3h 8h] [Ah]
AzureCaper: checks
bryan00nl: bets $6
AzureCaper: calls $6
*** RIVER *** [2c 3h 8h Ah] [3c]
AzureCaper: checks
bryan00nl: checks
*** SHOW DOWN ***
AzureCaper: shows [3d 7c] (three of a kind, Threes)
bryan00nl: mucks hand
AzureCaper collected $35.50 from pot
*** SUMMARY ***
Total pot $36 | Rake $0.50
Board [2c 3h 8h Ah 3c]
Seat 1: bryan00nl (button) (small blind) mucked
Seat 4: AzureCaper (big blind) showed [3d 7c] and won ($35.50) with three of a kind, Threes


PokerStars Hand #148158309439:  Hold'em Limit ($3/$6 USD) - 2016/02/03 7:07:30 ET
Table 'Rhea' 6-max Seat #4 is the button
Seat 1: bryan00nl ($45.52 in chips)
Seat 4: AzureCaper ($143.78 in chips)
AzureCaper: posts small blind $1
bryan00nl: posts big blind $3
*** HOLE CARDS ***
AzureCaper: folds
Uncalled bet ($2) returned to bryan00nl
bryan00nl collected $2 from pot
bryan00nl: doesn't show hand
*** SUMMARY ***
Total pot $2 | Rake $0
Seat 1: bryan00nl (big blind) collected ($2)
Seat 4: AzureCaper (button) (small blind) folded before Flop


PokerStars Hand #148158376126:  Hold'em Limit ($3/$6 USD) - 2016/02/03 7:09:28 ET
Table 'Rhea' 6-max Seat #1 is the button
Seat 1: bryan00nl ($36.54 in chips)
Seat 4: AzureCaper ($150.92 in chips)
bryan00nl: posts small blind $1
AzureCaper: posts big blind $3
*** HOLE CARDS ***
bryan00nl: raises $3 to $6
AzureCaper: folds
Uncalled bet ($3) returned to bryan00nl
bryan00nl collected $6 from pot
bryan00nl: doesn't show hand
*** SUMMARY ***
Total pot $6 | Rake $0
Seat 1: bryan00nl (button) (small blind) collected ($6)
Seat 4: AzureCaper (big blind) folded before Flop


PokerStars Hand #148158368096:  Hold'em Limit ($3/$6 USD) - 2016/02/03 7:09:14 ET
Table 'Rhea' 6-max Seat #4 is the button
Seat 1: bryan00nl ($42.54 in chips)
Seat 4: AzureCaper ($145.16 in chips)
AzureCaper: posts small blind $1
bryan00nl: posts big blind $3
*** HOLE CARDS ***
AzureCaper: raises $3 to $6
bryan00nl: calls $3
*** FLOP *** [8s Jd 3s]
bryan00nl: checks
AzureCaper: bets $3
bryan00nl: folds
Uncalled bet ($3) returned to AzureCaper
AzureCaper collected $11.76 from pot
AzureCaper: doesn't show hand
*** SUMMARY ***
Total pot $12 | Rake $0.24
Board [8s Jd 3s]
Seat 1: bryan00nl (big blind) folded on the Flop
Seat 4: AzureCaper (button) (small blind) collected ($11.76)


PokerStars Hand #148158363922:  Hold'em Limit ($3/$6 USD) - 2016/02/03 7:09:06 ET
Table 'Rhea' 6-max Seat #1 is the button
Seat 1: bryan00nl ($39.54 in chips)
Seat 4: AzureCaper ($148.16 in chips)
bryan00nl: posts small blind $1
AzureCaper: posts big blind $3
*** HOLE CARDS ***
bryan00nl: raises $3 to $6
AzureCaper: folds
Uncalled bet ($3) returned to bryan00nl
bryan00nl collected $6 from pot
bryan00nl: doesn't show hand
*** SUMMARY ***
Total pot $6 | Rake $0
Seat 1: bryan00nl (button) (small blind) collected ($6)
Seat 4: AzureCaper (big blind) folded before Flop


PokerStars Hand #148158361492:  Hold'em Limit ($3/$6 USD) - 2016/02/03 7:09:02 ET
Table 'Rhea' 6-max Seat #4 is the button
Seat 1: bryan00nl ($38.54 in chips)
Seat 4: AzureCaper ($149.16 in chips)
AzureCaper: posts small blind $1
bryan00nl: posts big blind $3
*** HOLE CARDS ***
AzureCaper: folds
Uncalled bet ($2) returned to bryan00nl
bryan00nl collected $2 from pot
bryan00nl: doesn't show hand
*** SUMMARY ***
Total pot $2 | Rake $0
Seat 1: bryan00nl (big blind) collected ($2)
Seat 4: AzureCaper (button) (small blind) folded before Flop


PokerStars Hand #148158358554:  Hold'em Limit ($3/$6 USD) - 2016/02/03 7:08:57 ET
Table 'Rhea' 6-max Seat #1 is the button
Seat 1: bryan00nl ($35.54 in chips)
Seat 4: AzureCaper ($152.16 in chips)
bryan00nl: posts small blind $1
AzureCaper: posts big blind $3
*** HOLE CARDS ***
bryan00nl: raises $3 to $6
AzureCaper: folds
Uncalled bet ($3) returned to bryan00nl
bryan00nl collected $6 from pot
bryan00nl: doesn't show hand
*** SUMMARY ***
Total pot $6 | Rake $0
Seat 1: bryan00nl (button) (small blind) collected ($6)
Seat 4: AzureCaper (big blind) folded before Flop


PokerStars Hand #148158350588:  Hold'em Limit ($3/$6 USD) - 2016/02/03 7:08:43 ET
Table 'Rhea' 6-max Seat #4 is the button
Seat 1: bryan00nl ($44.54 in chips)
Seat 4: AzureCaper ($143.52 in chips)
AzureCaper: posts small blind $1
bryan00nl: posts big blind $3
*** HOLE CARDS ***
AzureCaper: raises $3 to $6
bryan00nl: calls $3
*** FLOP *** [Td 4d Tc]
bryan00nl: checks
AzureCaper: bets $3
bryan00nl: calls $3
*** TURN *** [Td 4d Tc] [9c]
bryan00nl: checks
AzureCaper: bets $6
bryan00nl: folds
Uncalled bet ($6) returned to AzureCaper
AzureCaper collected $17.64 from pot
AzureCaper: doesn't show hand
*** SUMMARY ***
Total pot $18 | Rake $0.36
Board [Td 4d Tc 9c]
Seat 1: bryan00nl (big blind) folded on the Turn
Seat 4: AzureCaper (button) (small blind) collected ($17.64)


PokerStars Hand #148158335894:  Hold'em Limit ($3/$6 USD) - 2016/02/03 7:08:17 ET
Table 'Rhea' 6-max Seat #1 is the button
Seat 1: bryan00nl ($22.52 in chips)
Seat 4: AzureCaper ($166.04 in chips)
bryan00nl: posts small blind $1
AzureCaper: posts big blind $3
*** HOLE CARDS ***
bryan00nl: raises $3 to $6
AzureCaper: calls $3
*** FLOP *** [9s 9c 7d]
AzureCaper: checks
bryan00nl: bets $3
AzureCaper: raises $3 to $6
bryan00nl: calls $3
*** TURN *** [9s 9c 7d] [3h]
AzureCaper: bets $6
bryan00nl: calls $6
*** RIVER *** [9s 9c 7d 3h] [6c]
AzureCaper: checks
bryan00nl: bets $4.52 and is all-in
AzureCaper: calls $4.52
*** SHOW DOWN ***
bryan00nl: shows [8c 5h] (a straight, Five to Nine)
AzureCaper: shows [2s Ah] (a pair of Nines)
bryan00nl collected $44.54 from pot
*** SUMMARY ***
Total pot $45.04 | Rake $0.50
Board [9s 9c 7d 3h 6c]
Seat 1: bryan00nl (button) (small blind) showed [8c 5h] and won ($44.54) with a straight, Five to Nine
Seat 4: AzureCaper (big blind) showed [2s Ah] and lost with a pair of Nines


PokerStars Hand #148158399928:  Hold'em Limit ($3/$6 USD) - 2016/02/03 7:10:10 ET
Table 'Rhea' 6-max Seat #1 is the button
Seat 1: bryan00nl ($19.54 in chips)
Seat 4: AzureCaper ($167.42 in chips)
bryan00nl: posts small blind $1
AzureCaper: posts big blind $3
*** HOLE CARDS ***
bryan00nl: raises $3 to $6
AzureCaper: calls $3
*** FLOP *** [7h 3h Qh]
AzureCaper: checks
bryan00nl: bets $3
AzureCaper: raises $3 to $6
bryan00nl: calls $3
*** TURN *** [7h 3h Qh] [Js]
AzureCaper: bets $6
bryan00nl: calls $6
*** RIVER *** [7h 3h Qh Js] [5s]
AzureCaper: bets $6
bryan00nl: calls $1.54 and is all-in
Uncalled bet ($4.46) returned to AzureCaper
*** SHOW DOWN ***
AzureCaper: shows [Ah 7s] (a pair of Sevens)
bryan00nl: shows [Ks 5h] (a pair of Fives)
AzureCaper collected $38.58 from pot
*** SUMMARY ***
Total pot $39.08 | Rake $0.50
Board [7h 3h Qh Js 5s]
Seat 1: bryan00nl (button) (small blind) showed [Ks 5h] and lost with a pair of Fives
Seat 4: AzureCaper (big blind) showed [Ah 7s] and won ($38.58) with a pair of Sevens


PokerStars Hand #148158397609:  Hold'em Limit ($3/$6 USD) - 2016/02/03 7:10:06 ET
Table 'Rhea' 6-max Seat #4 is the button
Seat 1: bryan00nl ($18.54 in chips)
Seat 4: AzureCaper ($168.42 in chips)
AzureCaper: posts small blind $1
bryan00nl: posts big blind $3
*** HOLE CARDS ***
AzureCaper: folds
Uncalled bet ($2) returned to bryan00nl
bryan00nl collected $2 from pot
bryan00nl: doesn't show hand
*** SUMMARY ***
Total pot $2 | Rake $0
Seat 1: bryan00nl (big blind) collected ($2)
Seat 4: AzureCaper (button) (small blind) folded before Flop


PokerStars Hand #148158384169:  Hold'em Limit ($3/$6 USD) - 2016/02/03 7:09:42 ET
Table 'Rhea' 6-max Seat #1 is the button
Seat 1: bryan00nl ($36.54 in chips)
Seat 4: AzureCaper ($150.92 in chips)
bryan00nl: posts small blind $1
AzureCaper: posts big blind $3
*** HOLE CARDS ***
bryan00nl: raises $3 to $6
AzureCaper: calls $3
*** FLOP *** [6h 7s 3s]
AzureCaper: checks
bryan00nl: bets $3
AzureCaper: raises $3 to $6
bryan00nl: calls $3
*** TURN *** [6h 7s 3s] [5h]
AzureCaper: bets $6
bryan00nl: calls $6
*** RIVER *** [6h 7s 3s 5h] [Qs]
AzureCaper: bets $6
bryan00nl: folds
Uncalled bet ($6) returned to AzureCaper
AzureCaper collected $35.50 from pot
AzureCaper: doesn't show hand
*** SUMMARY ***
Total pot $36 | Rake $0.50
Board [6h 7s 3s 5h Qs]
Seat 1: bryan00nl (button) (small blind) folded on the River
Seat 4: AzureCaper (big blind) collected ($35.50)


PokerStars Hand #148158379253:  Hold'em Limit ($3/$6 USD) - 2016/02/03 7:09:33 ET
Table 'Rhea' 6-max Seat #4 is the button
Seat 1: bryan00nl ($39.54 in chips)
Seat 4: AzureCaper ($147.92 in chips)
AzureCaper: posts small blind $1
bryan00nl: posts big blind $3
*** HOLE CARDS ***
AzureCaper: raises $3 to $6
bryan00nl: folds
Uncalled bet ($3) returned to AzureCaper
AzureCaper collected $6 from pot
AzureCaper: doesn't show hand
*** SUMMARY ***
Total pot $6 | Rake $0
Seat 1: bryan00nl (big blind) folded before Flop
Seat 4: AzureCaper (button) (small blind) collected ($6)


PokerStars Hand #148158440207:  Hold'em Limit ($3/$6 USD) - 2016/02/03 7:11:21 ET
Table 'Rhea' 6-max Seat #4 is the button
Seat 1: bryan00nl ($44 in chips)
Seat 4: AzureCaper ($202.10 in chips)
AzureCaper: posts small blind $1
bryan00nl: posts big blind $3
*** HOLE CARDS ***
AzureCaper: raises $3 to $6
bryan00nl: calls $3
*** FLOP *** [Ts 3c 2h]
bryan00nl: checks
AzureCaper: bets $3
bryan00nl: raises $3 to $6
AzureCaper: folds
Uncalled bet ($3) returned to bryan00nl
bryan00nl collected $17.64 from pot
bryan00nl: doesn't show hand
*** SUMMARY ***
Total pot $18 | Rake $0.36
Board [Ts 3c 2h]
Seat 1: bryan00nl (big blind) collected ($17.64)
Seat 4: AzureCaper (button) (small blind) folded on the Flop


PokerStars Hand #148158438010:  Hold'em Limit ($3/$6 USD) - 2016/02/03 7:11:17 ET
Table 'Rhea' 6-max Seat #1 is the button
Seat 1: bryan00nl ($45 in chips)
Seat 4: AzureCaper ($201.10 in chips)
bryan00nl: posts small blind $1
AzureCaper: posts big blind $3
*** HOLE CARDS ***
bryan00nl: folds
Uncalled bet ($2) returned to AzureCaper
AzureCaper collected $2 from pot
AzureCaper: doesn't show hand
*** SUMMARY ***
Total pot $2 | Rake $0
Seat 1: bryan00nl (button) (small blind) folded before Flop
Seat 4: AzureCaper (big blind) collected ($2)


PokerStars Hand #148158433531:  Hold'em Limit ($3/$6 USD) - 2016/02/03 7:11:09 ET
Table 'Rhea' 6-max Seat #4 is the button
Seat 1: bryan00nl ($44 in chips)
Seat 4: AzureCaper ($202.10 in chips)
AzureCaper: posts small blind $1
bryan00nl: posts big blind $3
*** HOLE CARDS ***
AzureCaper: folds
Uncalled bet ($2) returned to bryan00nl
bryan00nl collected $2 from pot
bryan00nl: doesn't show hand
*** SUMMARY ***
Total pot $2 | Rake $0
Seat 1: bryan00nl (big blind) collected ($2)
Seat 4: AzureCaper (button) (small blind) folded before Flop


PokerStars Hand #148158426466:  Hold'em Limit ($3/$6 USD) - 2016/02/03 7:10:57 ET
Table 'Rhea' 6-max Seat #1 is the button
Seat 1: bryan00nl ($53 in chips)
Seat 4: AzureCaper ($193.46 in chips)
bryan00nl: posts small blind $1
AzureCaper: posts big blind $3
*** HOLE CARDS ***
bryan00nl: raises $3 to $6
AzureCaper: calls $3
*** FLOP *** [3s Ks As]
AzureCaper: checks
bryan00nl: bets $3
AzureCaper: raises $3 to $6
bryan00nl: folds
Uncalled bet ($3) returned to AzureCaper
AzureCaper collected $17.64 from pot
AzureCaper: doesn't show hand
*** SUMMARY ***
Total pot $18 | Rake $0.36
Board [3s Ks As]
Seat 1: bryan00nl (button) (small blind) folded on the Flop
Seat 4: AzureCaper (big blind) collected ($17.64)


PokerStars Hand #148158423328:  Hold'em Limit ($3/$6 USD) - 2016/02/03 7:10:51 ET
Table 'Rhea' 6-max Seat #4 is the button
Seat 1: bryan00nl ($56 in chips)
Seat 4: AzureCaper ($190.46 in chips)
AzureCaper: posts small blind $1
bryan00nl: posts big blind $3
*** HOLE CARDS ***
AzureCaper: raises $3 to $6
bryan00nl: folds
Uncalled bet ($3) returned to AzureCaper
AzureCaper collected $6 from pot
AzureCaper: doesn't show hand
*** SUMMARY ***
Total pot $6 | Rake $0
Seat 1: bryan00nl (big blind) folded before Flop
Seat 4: AzureCaper (button) (small blind) collected ($6)


PokerStars Hand #148158420239:  Hold'em Limit ($3/$6 USD) - 2016/02/03 7:10:46 ET
Table 'Rhea' 6-max Seat #1 is the button
Seat 1: bryan00nl ($53 in chips)
Seat 4: AzureCaper ($193.46 in chips)
bryan00nl: posts small blind $1
AzureCaper: posts big blind $3
*** HOLE CARDS ***
bryan00nl: raises $3 to $6
AzureCaper: folds
Uncalled bet ($3) returned to bryan00nl
bryan00nl collected $6 from pot
bryan00nl: doesn't show hand
*** SUMMARY ***
Total pot $6 | Rake $0
Seat 1: bryan00nl (button) (small blind) collected ($6)
Seat 4: AzureCaper (big blind) folded before Flop


PokerStars Hand #148158417389:  Hold'em Limit ($3/$6 USD) - 2016/02/03 7:10:41 ET
Table 'Rhea' 6-max Seat #4 is the button
Seat 1: bryan00nl ($56 in chips)
Seat 4: AzureCaper ($190.46 in chips)
AzureCaper: posts small blind $1
bryan00nl: posts big blind $3
*** HOLE CARDS ***
AzureCaper: raises $3 to $6
bryan00nl: folds
Uncalled bet ($3) returned to AzureCaper
AzureCaper collected $6 from pot
AzureCaper: doesn't show hand
*** SUMMARY ***
Total pot $6 | Rake $0
Seat 1: bryan00nl (big blind) folded before Flop
Seat 4: AzureCaper (button) (small blind) collected ($6)


PokerStars Hand #148158415303:  Hold'em Limit ($3/$6 USD) - 2016/02/03 7:10:37 ET
Table 'Rhea' 6-max Seat #1 is the button
Seat 1: bryan00nl ($57 in chips)
Seat 4: AzureCaper ($189.46 in chips)
bryan00nl: posts small blind $1
AzureCaper: posts big blind $3
*** HOLE CARDS ***
bryan00nl: folds
Uncalled bet ($2) returned to AzureCaper
AzureCaper collected $2 from pot
AzureCaper: doesn't show hand
*** SUMMARY ***
Total pot $2 | Rake $0
Seat 1: bryan00nl (button) (small blind) folded before Flop
Seat 4: AzureCaper (big blind) collected ($2)


PokerStars Hand #148158412152:  Hold'em Limit ($3/$6 USD) - 2016/02/03 7:10:31 ET
Table 'Rhea' 6-max Seat #4 is the button
Seat 1: bryan00nl ($60 in chips)
Seat 4: AzureCaper ($186.46 in chips)
AzureCaper: posts small blind $1
bryan00nl: posts big blind $3
*** HOLE CARDS ***
AzureCaper: raises $3 to $6
bryan00nl: folds
Uncalled bet ($3) returned to AzureCaper
AzureCaper collected $6 from pot
AzureCaper: doesn't show hand
*** SUMMARY ***
Total pot $6 | Rake $0
Seat 1: bryan00nl (big blind) folded before Flop
Seat 4: AzureCaper (button) (small blind) collected ($6)


PokerStars Hand #148158468468:  Hold'em Limit ($3/$6 USD) - 2016/02/03 7:12:11 ET
Table 'Rhea' 6-max Seat #4 is the button
Seat 1: bryan00nl ($19.40 in chips)
Seat 4: AzureCaper ($225.10 in chips)
AzureCaper: posts small blind $1
bryan00nl: posts big blind $3
*** HOLE CARDS ***
AzureCaper: folds
Uncalled bet ($2) returned to bryan00nl
bryan00nl collected $2 from pot
bryan00nl: doesn't show hand
*** SUMMARY ***
Total pot $2 | Rake $0
Seat 1: bryan00nl (big blind) collected ($2)
Seat 4: AzureCaper (button) (small blind) folded before Flop


PokerStars Hand #148158463807:  Hold'em Limit ($3/$6 USD) - 2016/02/03 7:12:03 ET
Table 'Rhea' 6-max Seat #1 is the button
Seat 1: bryan00nl ($13.64 in chips)
Seat 4: AzureCaper ($231.10 in chips)
bryan00nl: posts small blind $1
AzureCaper: posts big blind $3
*** HOLE CARDS ***
bryan00nl: raises $3 to $6
AzureCaper: calls $3
*** FLOP *** [7s 6s Js]
AzureCaper: checks
bryan00nl: bets $3
AzureCaper: folds
Uncalled bet ($3) returned to bryan00nl
bryan00nl collected $11.76 from pot
bryan00nl: doesn't show hand
*** SUMMARY ***
Total pot $12 | Rake $0.24
Board [7s 6s Js]
Seat 1: bryan00nl (button) (small blind) collected ($11.76)
Seat 4: AzureCaper (big blind) folded on the Flop


PokerStars Hand #148158445863:  Hold'em Limit ($3/$6 USD) - 2016/02/03 7:11:31 ET
Table 'Rhea' 6-max Seat #1 is the button
Seat 1: bryan00nl ($52.64 in chips)
Seat 4: AzureCaper ($193.10 in chips)
bryan00nl: posts small blind $1
AzureCaper: posts big blind $3
*** HOLE CARDS ***
bryan00nl: raises $3 to $6
AzureCaper: calls $3
*** FLOP *** [3c Qs Qc]
AzureCaper: bets $3
bryan00nl: calls $3
*** TURN *** [3c Qs Qc] [7c]
AzureCaper: bets $6
bryan00nl: calls $6
*** RIVER *** [3c Qs Qc 7c] [Ts]
AzureCaper: bets $6
bryan00nl: calls $6
*** SHOW DOWN ***
AzureCaper: shows [Kc Kd] (two pair, Kings and Queens)
bryan00nl: mucks hand
AzureCaper collected $41.50 from pot
*** SUMMARY ***
Total pot $42 | Rake $0.50
Board [3c Qs Qc 7c Ts]
Seat 1: bryan00nl (button) (small blind) mucked
Seat 4: AzureCaper (big blind) showed [Kc Kd] and won ($41.50) with two pair, Kings and Queens


PokerStars Hand #148158456336:  Hold'em Limit ($3/$6 USD) - 2016/02/03 7:11:50 ET
Table 'Rhea' 6-max Seat #4 is the button
Seat 1: bryan00nl ($31.64 in chips)
Seat 4: AzureCaper ($213.60 in chips)
AzureCaper: posts small blind $1
bryan00nl: posts big blind $3
*** HOLE CARDS ***
AzureCaper: raises $3 to $6
bryan00nl: raises $3 to $9
AzureCaper: calls $3
*** FLOP *** [Td 4c 7h]
bryan00nl: bets $3
AzureCaper: calls $3
*** TURN *** [Td 4c 7h] [9c]
bryan00nl: bets $6
AzureCaper: calls $6
*** RIVER *** [Td 4c 7h 9c] [4s]
bryan00nl: checks
AzureCaper: checks
*** SHOW DOWN ***
bryan00nl: shows [Jd Qh] (a pair of Fours)
AzureCaper: shows [Kc Jh] (a pair of Fours - King kicker)
AzureCaper collected $35.50 from pot
*** SUMMARY ***
Total pot $36 | Rake $0.50
Board [Td 4c 7h 9c 4s]
Seat 1: bryan00nl (big blind) showed [Jd Qh] and lost with a pair of Fours
Seat 4: AzureCaper (button) (small blind) showed [Kc Jh] and won ($35.50) with a pair of Fours


PokerStars Hand #148158470884:  Hold'em Limit ($3/$6 USD) - 2016/02/03 7:12:15 ET
Table 'Rhea' 6-max Seat #1 is the button
Seat 1: bryan00nl ($20.40 in chips)
Seat 4: AzureCaper ($224.10 in chips)
bryan00nl: posts small blind $1
AzureCaper: posts big blind $3
*** HOLE CARDS ***
bryan00nl: raises $3 to $6
AzureCaper: calls $3
*** FLOP *** [8s 2h 8c]
AzureCaper: checks
bryan00nl: checks
*** TURN *** [8s 2h 8c] [4c]
AzureCaper: checks
bryan00nl: checks
*** RIVER *** [8s 2h 8c 4c] [Js]
AzureCaper: checks
bryan00nl: checks
*** SHOW DOWN ***
AzureCaper: shows [9h Qc] (a pair of Eights)
bryan00nl: mucks hand
AzureCaper collected $11.76 from pot
*** SUMMARY ***
Total pot $12 | Rake $0.24
Board [8s 2h 8c 4c Js]
Seat 1: bryan00nl (button) (small blind) mucked
Seat 4: AzureCaper (big blind) showed [9h Qc] and won ($11.76) with a pair of Eights


PokerStars Hand #148158494079:  Hold'em Limit ($3/$6 USD) - 2016/02/03 7:12:56 ET
Table 'Rhea' 6-max Seat #1 is the button
Seat 1: bryan00nl ($15.40 in chips)
Seat 4: AzureCaper ($228.86 in chips)
bryan00nl: posts small blind $1
AzureCaper: posts big blind $3
*** HOLE CARDS ***
bryan00nl: raises $3 to $6
AzureCaper: folds
Uncalled bet ($3) returned to bryan00nl
bryan00nl collected $6 from pot
bryan00nl: doesn't show hand
*** SUMMARY ***
Total pot $6 | Rake $0
Seat 1: bryan00nl (button) (small blind) collected ($6)
Seat 4: AzureCaper (big blind) folded before Flop


PokerStars Hand #148158491041:  Hold'em Limit ($3/$6 USD) - 2016/02/03 7:12:51 ET
Table 'Rhea' 6-max Seat #4 is the button
Seat 1: bryan00nl ($14.40 in chips)
Seat 4: AzureCaper ($229.86 in chips)
AzureCaper: posts small blind $1
bryan00nl: posts big blind $3
*** HOLE CARDS ***
AzureCaper: folds
Uncalled bet ($2) returned to bryan00nl
bryan00nl collected $2 from pot
bryan00nl: doesn't show hand
*** SUMMARY ***
Total pot $2 | Rake $0
Seat 1: bryan00nl (big blind) collected ($2)
Seat 4: AzureCaper (button) (small blind) folded before Flop


PokerStars Hand #148158498368:  Hold'em Limit ($3/$6 USD) - 2016/02/03 7:13:04 ET
Table 'Rhea' 6-max Seat #4 is the button
Seat 1: bryan00nl ($18.40 in chips)
Seat 4: AzureCaper ($225.86 in chips)
AzureCaper: posts small blind $1
bryan00nl: posts big blind $3
*** HOLE CARDS ***
AzureCaper: raises $3 to $6
bryan00nl: raises $3 to $9
AzureCaper: calls $3
*** FLOP *** [Td 8d 5s]
bryan00nl: bets $3
AzureCaper: calls $3
*** TURN *** [Td 8d 5s] [6s]
bryan00nl: bets $6
AzureCaper: raises $6 to $12
bryan00nl: calls $0.40 and is all-in
Uncalled bet ($5.60) returned to AzureCaper
*** RIVER *** [Td 8d 5s 6s] [2s]
*** SHOW DOWN ***
bryan00nl: shows [Js Qh] (high card Queen)
AzureCaper: shows [Ts 7s] (a flush, Ten high)
AzureCaper collected $36.30 from pot
*** SUMMARY ***
Total pot $36.80 | Rake $0.50
Board [Td 8d 5s 6s 2s]
Seat 1: bryan00nl (big blind) showed [Js Qh] and lost with high card Queen
Seat 4: AzureCaper (button) (small blind) showed [Ts 7s] and won ($36.30) with a flush, Ten high


PokerStars Hand #148158528857:  Hold'em Limit ($3/$6 USD) - 2016/02/03 7:13:57 ET
Table 'Rhea' 6-max Seat #4 is the button
Seat 1: bryan00nl ($77.50 in chips)
Seat 4: AzureCaper ($225.76 in chips)
AzureCaper: posts small blind $1
bryan00nl: posts big blind $3
*** HOLE CARDS ***
AzureCaper: folds
Uncalled bet ($2) returned to bryan00nl
bryan00nl collected $2 from pot
bryan00nl: doesn't show hand
*** SUMMARY ***
Total pot $2 | Rake $0
Seat 1: bryan00nl (big blind) collected ($2)
Seat 4: AzureCaper (button) (small blind) folded before Flop


PokerStars Hand #148158506054:  Hold'em Limit ($3/$6 USD) - 2016/02/03 7:13:17 ET
Table 'Rhea' 6-max Seat #1 is the button
Seat 1: bryan00nl ($60 in chips)
Seat 4: AzureCaper ($243.76 in chips)
bryan00nl: posts small blind $1
AzureCaper: posts big blind $3
*** HOLE CARDS ***
bryan00nl: raises $3 to $6
AzureCaper: calls $3
*** FLOP *** [7h Tc 3d]
AzureCaper: checks
bryan00nl: bets $3
AzureCaper: raises $3 to $6
bryan00nl: calls $3
*** TURN *** [7h Tc 3d] [6c]
AzureCaper: bets $6
bryan00nl: calls $6
*** RIVER *** [7h Tc 3d 6c] [Kc]
AzureCaper: checks
bryan00nl: bets $6
AzureCaper: folds
Uncalled bet ($6) returned to bryan00nl
bryan00nl collected $35.50 from pot
bryan00nl: doesn't show hand
*** SUMMARY ***
Total pot $36 | Rake $0.50
Board [7h Tc 3d 6c Kc]
Seat 1: bryan00nl (button) (small blind) collected ($35.50)
Seat 4: AzureCaper (big blind) folded on the River


PokerStars Hand #148158541821:  Hold'em Limit ($3/$6 USD) - 2016/02/03 7:14:20 ET
Table 'Rhea' 6-max Seat #4 is the button
Seat 1: bryan00nl ($48.50 in chips)
Seat 4: AzureCaper ($254.26 in chips)
AzureCaper: posts small blind $1
bryan00nl: posts big blind $3
*** HOLE CARDS ***
AzureCaper: folds
Uncalled bet ($2) returned to bryan00nl
bryan00nl collected $2 from pot
bryan00nl: doesn't show hand
*** SUMMARY ***
Total pot $2 | Rake $0
Seat 1: bryan00nl (big blind) collected ($2)
Seat 4: AzureCaper (button) (small blind) folded before Flop


PokerStars Hand #148158531196:  Hold'em Limit ($3/$6 USD) - 2016/02/03 7:14:01 ET
Table 'Rhea' 6-max Seat #1 is the button
Seat 1: bryan00nl ($78.50 in chips)
Seat 4: AzureCaper ($224.76 in chips)
bryan00nl: posts small blind $1
AzureCaper: posts big blind $3
*** HOLE CARDS ***
bryan00nl: raises $3 to $6
AzureCaper: calls $3
*** FLOP *** [4c 3s Ks]
AzureCaper: checks
bryan00nl: bets $3
AzureCaper: raises $3 to $6
bryan00nl: calls $3
*** TURN *** [4c 3s Ks] [8h]
AzureCaper: bets $6
bryan00nl: raises $6 to $12
AzureCaper: calls $6
*** RIVER *** [4c 3s Ks 8h] [9h]
AzureCaper: checks
bryan00nl: bets $6
AzureCaper: calls $6
*** SHOW DOWN ***
bryan00nl: shows [5h 6s] (high card King)
AzureCaper: shows [Kd Qs] (a pair of Kings)
AzureCaper collected $59.50 from pot
*** SUMMARY ***
Total pot $60 | Rake $0.50
Board [4c 3s Ks 8h 9h]
Seat 1: bryan00nl (button) (small blind) showed [5h 6s] and lost with high card King
Seat 4: AzureCaper (big blind) showed [Kd Qs] and won ($59.50) with a pair of Kings


PokerStars Hand #148158548079:  Hold'em Limit ($3/$6 USD) - 2016/02/03 7:14:31 ET
Table 'Rhea' 6-max Seat #4 is the button
Seat 1: bryan00nl ($52.50 in chips)
Seat 4: AzureCaper ($250.26 in chips)
AzureCaper: posts small blind $1
bryan00nl: posts big blind $3
*** HOLE CARDS ***
AzureCaper: folds
Uncalled bet ($2) returned to bryan00nl
bryan00nl collected $2 from pot
bryan00nl: doesn't show hand
*** SUMMARY ***
Total pot $2 | Rake $0
Seat 1: bryan00nl (big blind) collected ($2)
Seat 4: AzureCaper (button) (small blind) folded before Flop


PokerStars Hand #148158544210:  Hold'em Limit ($3/$6 USD) - 2016/02/03 7:14:24 ET
Table 'Rhea' 6-max Seat #1 is the button
Seat 1: bryan00nl ($49.50 in chips)
Seat 4: AzureCaper ($253.26 in chips)
bryan00nl: posts small blind $1
AzureCaper: posts big blind $3
*** HOLE CARDS ***
bryan00nl: raises $3 to $6
AzureCaper: folds
Uncalled bet ($3) returned to bryan00nl
bryan00nl collected $6 from pot
bryan00nl: doesn't show hand
*** SUMMARY ***
Total pot $6 | Rake $0
Seat 1: bryan00nl (button) (small blind) collected ($6)
Seat 4: AzureCaper (big blind) folded before Flop


PokerStars Hand #148158552591:  Hold'em Limit ($3/$6 USD) - 2016/02/03 7:14:38 ET
Table 'Rhea' 6-max Seat #4 is the button
Seat 1: bryan00nl ($52.50 in chips)
Seat 4: AzureCaper ($250.26 in chips)
AzureCaper: posts small blind $1
bryan00nl: posts big blind $3
*** HOLE CARDS ***
AzureCaper: raises $3 to $6
bryan00nl: folds
Uncalled bet ($3) returned to AzureCaper
AzureCaper collected $6 from pot
AzureCaper: doesn't show hand
*** SUMMARY ***
Total pot $6 | Rake $0
Seat 1: bryan00nl (big blind) folded before Flop
Seat 4: AzureCaper (button) (small blind) collected ($6)


PokerStars Hand #148158569531:  Hold'em Limit ($3/$6 USD) - 2016/02/03 7:15:08 ET
Table 'Rhea' 6-max Seat #4 is the button
Seat 1: bryan00nl ($37.50 in chips)
Seat 4: AzureCaper ($264.78 in chips)
AzureCaper: posts small blind $1
bryan00nl: posts big blind $3
*** HOLE CARDS ***
AzureCaper: raises $3 to $6
bryan00nl: folds
Uncalled bet ($3) returned to AzureCaper
AzureCaper collected $6 from pot
AzureCaper: doesn't show hand
*** SUMMARY ***
Total pot $6 | Rake $0
Seat 1: bryan00nl (big blind) folded before Flop
Seat 4: AzureCaper (button) (small blind) collected ($6)


PokerStars Hand #148158559270:  Hold'em Limit ($3/$6 USD) - 2016/02/03 7:14:50 ET
Table 'Rhea' 6-max Seat #1 is the button
Seat 1: bryan00nl ($49.50 in chips)
Seat 4: AzureCaper ($253.26 in chips)
bryan00nl: posts small blind $1
AzureCaper: posts big blind $3
*** HOLE CARDS ***
bryan00nl: raises $3 to $6
AzureCaper: calls $3
*** FLOP *** [4s Jh 7c]
AzureCaper: checks
bryan00nl: bets $3
AzureCaper: raises $3 to $6
bryan00nl: calls $3
*** TURN *** [4s Jh 7c] [7h]
AzureCaper: bets $6
bryan00nl: folds
Uncalled bet ($6) returned to AzureCaper
AzureCaper collected $23.52 from pot
AzureCaper: doesn't show hand
*** SUMMARY ***
Total pot $24 | Rake $0.48
Board [4s Jh 7c 7h]
Seat 1: bryan00nl (button) (small blind) folded on the Turn
Seat 4: AzureCaper (big blind) collected ($23.52)


PokerStars Hand #148158579938:  Hold'em Limit ($3/$6 USD) - 2016/02/03 7:15:26 ET
Table 'Rhea' 6-max Seat #4 is the button
Seat 1: bryan00nl ($33.50 in chips)
Seat 4: AzureCaper ($268.78 in chips)
AzureCaper: posts small blind $1
bryan00nl: posts big blind $3
*** HOLE CARDS ***
AzureCaper: raises $3 to $6
bryan00nl: folds
Uncalled bet ($3) returned to AzureCaper
AzureCaper collected $6 from pot
AzureCaper: doesn't show hand
*** SUMMARY ***
Total pot $6 | Rake $0
Seat 1: bryan00nl (big blind) folded before Flop
Seat 4: AzureCaper (button) (small blind) collected ($6)


PokerStars Hand #148158572716:  Hold'em Limit ($3/$6 USD) - 2016/02/03 7:15:14 ET
Table 'Rhea' 6-max Seat #1 is the button
Seat 1: bryan00nl ($34.50 in chips)
Seat 4: AzureCaper ($267.78 in chips)
bryan00nl: posts small blind $1
AzureCaper: posts big blind $3
*** HOLE CARDS ***
bryan00nl: folds
Uncalled bet ($2) returned to AzureCaper
AzureCaper collected $2 from pot
AzureCaper: doesn't show hand
*** SUMMARY ***
Total pot $2 | Rake $0
Seat 1: bryan00nl (button) (small blind) folded before Flop
Seat 4: AzureCaper (big blind) collected ($2)


PokerStars Hand #148158550393:  Hold'em Limit ($3/$6 USD) - 2016/02/03 7:14:35 ET
Table 'Rhea' 6-max Seat #1 is the button
Seat 1: bryan00nl ($53.50 in chips)
Seat 4: AzureCaper ($249.26 in chips)
bryan00nl: posts small blind $1
AzureCaper: posts big blind $3
*** HOLE CARDS ***
bryan00nl: folds
Uncalled bet ($2) returned to AzureCaper
AzureCaper collected $2 from pot
AzureCaper: doesn't show hand
*** SUMMARY ***
Total pot $2 | Rake $0
Seat 1: bryan00nl (button) (small blind) folded before Flop
Seat 4: AzureCaper (big blind) collected ($2)


PokerStars Hand #148158591014:  Hold'em Limit ($3/$6 USD) - 2016/02/03 7:15:45 ET
Table 'Rhea' 6-max Seat #1 is the button
Seat 1: bryan00nl ($34.50 in chips)
Seat 4: AzureCaper ($267.78 in chips)
bryan00nl: posts small blind $1
AzureCaper: posts big blind $3
*** HOLE CARDS ***
bryan00nl: raises $3 to $6
AzureCaper: calls $3
*** FLOP *** [7c Qd As]
AzureCaper: checks
bryan00nl: bets $3
AzureCaper: raises $3 to $6
bryan00nl: calls $3
*** TURN *** [7c Qd As] [Th]
AzureCaper: bets $6
bryan00nl: folds
Uncalled bet ($6) returned to AzureCaper
AzureCaper collected $23.52 from pot
AzureCaper: doesn't show hand
*** SUMMARY ***
Total pot $24 | Rake $0.48
Board [7c Qd As Th]
Seat 1: bryan00nl (button) (small blind) folded on the Turn
Seat 4: AzureCaper (big blind) collected ($23.52)


PokerStars Hand #148158604655:  Hold'em Limit ($3/$6 USD) - 2016/02/03 7:16:09 ET
Table 'Rhea' 6-max Seat #1 is the button
Seat 1: bryan00nl ($23.50 in chips)
Seat 4: AzureCaper ($278.30 in chips)
bryan00nl: posts small blind $1
AzureCaper: posts big blind $3
*** HOLE CARDS ***
bryan00nl: folds
Uncalled bet ($2) returned to AzureCaper
AzureCaper collected $2 from pot
AzureCaper: doesn't show hand
*** SUMMARY ***
Total pot $2 | Rake $0
Seat 1: bryan00nl (button) (small blind) folded before Flop
Seat 4: AzureCaper (big blind) collected ($2)


PokerStars Hand #148158602178:  Hold'em Limit ($3/$6 USD) - 2016/02/03 7:16:05 ET
Table 'Rhea' 6-max Seat #4 is the button
Seat 1: bryan00nl ($22.50 in chips)
Seat 4: AzureCaper ($279.30 in chips)
AzureCaper: posts small blind $1
bryan00nl: posts big blind $3
*** HOLE CARDS ***
AzureCaper: folds
Uncalled bet ($2) returned to bryan00nl
bryan00nl collected $2 from pot
bryan00nl: doesn't show hand
*** SUMMARY ***
Total pot $2 | Rake $0
Seat 1: bryan00nl (big blind) collected ($2)
Seat 4: AzureCaper (button) (small blind) folded before Flop


PokerStars Hand #148158608235:  Hold'em Limit ($3/$6 USD) - 2016/02/03 7:16:15 ET
Table 'Rhea' 6-max Seat #4 is the button
Seat 1: bryan00nl ($22.50 in chips)
Seat 4: AzureCaper ($279.30 in chips)
AzureCaper: posts small blind $1
bryan00nl: posts big blind $3
*** HOLE CARDS ***
AzureCaper: folds
Uncalled bet ($2) returned to bryan00nl
bryan00nl collected $2 from pot
bryan00nl: doesn't show hand
*** SUMMARY ***
Total pot $2 | Rake $0
Seat 1: bryan00nl (big blind) collected ($2)
Seat 4: AzureCaper (button) (small blind) folded before Flop


PokerStars Hand #148158611047:  Hold'em Limit ($3/$6 USD) - 2016/02/03 7:16:20 ET
Table 'Rhea' 6-max Seat #1 is the button
Seat 1: bryan00nl ($23.50 in chips)
Seat 4: AzureCaper ($278.30 in chips)
bryan00nl: posts small blind $1
AzureCaper: posts big blind $3
*** HOLE CARDS ***
bryan00nl: raises $3 to $6
AzureCaper: calls $3
*** FLOP *** [8h 4c Kh]
AzureCaper: checks
bryan00nl: bets $3
AzureCaper: folds
Uncalled bet ($3) returned to bryan00nl
bryan00nl collected $11.76 from pot
bryan00nl: doesn't show hand
*** SUMMARY ***
Total pot $12 | Rake $0.24
Board [8h 4c Kh]
Seat 1: bryan00nl (button) (small blind) collected ($11.76)
Seat 4: AzureCaper (big blind) folded on the Flop


PokerStars Hand #148158587741:  Hold'em Limit ($3/$6 USD) - 2016/02/03 7:15:40 ET
Table 'Rhea' 6-max Seat #4 is the button
Seat 1: bryan00nl ($33.50 in chips)
Seat 4: AzureCaper ($268.78 in chips)
AzureCaper: posts small blind $1
bryan00nl: posts big blind $3
*** HOLE CARDS ***
AzureCaper: folds
Uncalled bet ($2) returned to bryan00nl
bryan00nl collected $2 from pot
bryan00nl: doesn't show hand
*** SUMMARY ***
Total pot $2 | Rake $0
Seat 1: bryan00nl (big blind) collected ($2)
Seat 4: AzureCaper (button) (small blind) folded before Flop


PokerStars Hand #148158583298:  Hold'em Limit ($3/$6 USD) - 2016/02/03 7:15:32 ET
Table 'Rhea' 6-max Seat #1 is the button
Seat 1: bryan00nl ($30.50 in chips)
Seat 4: AzureCaper ($271.78 in chips)
bryan00nl: posts small blind $1
AzureCaper: posts big blind $3
*** HOLE CARDS ***
bryan00nl: raises $3 to $6
AzureCaper: folds
Uncalled bet ($3) returned to bryan00nl
bryan00nl collected $6 from pot
bryan00nl: doesn't show hand
*** SUMMARY ***
Total pot $6 | Rake $0
Seat 1: bryan00nl (button) (small blind) collected ($6)
Seat 4: AzureCaper (big blind) folded before Flop


PokerStars Hand #148158616924:  Hold'em Limit ($3/$6 USD) - 2016/02/03 7:16:30 ET
Table 'Rhea' 6-max Seat #4 is the button
Seat 1: bryan00nl ($29.26 in chips)
Seat 4: AzureCaper ($272.30 in chips)
AzureCaper: posts small blind $1
bryan00nl: posts big blind $3
*** HOLE CARDS ***
AzureCaper: raises $3 to $6
bryan00nl: calls $3
*** FLOP *** [9h 6s 8h]
bryan00nl: checks
AzureCaper: bets $3
bryan00nl: folds
Uncalled bet ($3) returned to AzureCaper
AzureCaper collected $11.76 from pot
AzureCaper: doesn't show hand
*** SUMMARY ***
Total pot $12 | Rake $0.24
Board [9h 6s 8h]
Seat 1: bryan00nl (big blind) folded on the Flop
Seat 4: AzureCaper (button) (small blind) collected ($11.76)


PokerStars Hand #148158624240:  Hold'em Limit ($3/$6 USD) - 2016/02/03 7:16:43 ET
Table 'Rhea' 6-max Seat #1 is the button
Seat 1: bryan00nl ($23.26 in chips)
Seat 4: AzureCaper ($278.06 in chips)
bryan00nl: posts small blind $1
AzureCaper: posts big blind $3
*** HOLE CARDS ***
bryan00nl: raises $3 to $6
AzureCaper: calls $3
*** FLOP *** [Js 3h 5c]
AzureCaper: checks
bryan00nl: bets $3
AzureCaper: raises $3 to $6
bryan00nl: calls $3
*** TURN *** [Js 3h 5c] [5h]
AzureCaper: bets $6
bryan00nl: raises $5.26 to $11.26 and is all-in
AzureCaper: calls $5.26
*** RIVER *** [Js 3h 5c 5h] [Kh]
*** SHOW DOWN ***
AzureCaper: shows [Qs Jc] (two pair, Jacks and Fives)
bryan00nl: shows [4s 6s] (a pair of Fives)
bryan00nl leaves the table
AzureCaper collected $46.02 from pot
*** SUMMARY ***
Total pot $46.52 | Rake $0.50
Board [Js 3h 5c 5h Kh]
Seat 1: bryan00nl (button) (small blind) showed [4s 6s] and lost with a pair of Fives
Seat 4: AzureCaper (big blind) showed [Qs Jc] and won ($46.02) with two pair, Jacks and Fives


