PokerStars Hand #160074293805:  Hold'em Limit ($3/$6 USD) - 2016/10/17 16:37:35 ET
Table 'Rhea II' 6-max Seat #1 is the button
Seat 1: Rooman7 ($105 in chips)
Seat 2: vestimokrec ($134.50 in chips)
Rooman7: posts small blind $1
vestimokrec: posts big blind $3
*** HOLE CARDS ***
Rooman7: raises $3 to $6
FHstyles joins the table at seat #6
ToDaFelt joins the table at seat #4
FHstyles leaves the table
vestimokrec: calls $3
*** FLOP *** [5c Jh 2c]
vestimokrec: checks
Rooman7: checks
*** TURN *** [5c Jh 2c] [4h]
vestimokrec: bets $6
Rooman7: folds
Uncalled bet ($6) returned to vestimokrec
vestimokrec collected $11.76 from pot
vestimokrec: doesn't show hand
*** SUMMARY ***
Total pot $12 | Rake $0.24
Board [5c Jh 2c 4h]
Seat 1: Rooman7 (button) (small blind) folded on the Turn
Seat 2: vestimokrec (big blind) collected ($11.76)


PokerStars Hand #160074245879:  Hold'em Limit ($3/$6 USD) - 2016/10/17 16:36:41 ET
Table 'Rhea II' 6-max Seat #2 is the button
Seat 1: Rooman7 ($120 in chips)
Seat 2: vestimokrec ($120 in chips)
vestimokrec: posts small blind $1
GoliafUa: is sitting out
Rooman7: posts big blind $3
*** HOLE CARDS ***
vestimokrec: raises $3 to $6
Rooman7: calls $3
*** FLOP *** [Jc Qd 8c]
AzureCaper joins the table at seat #3
Rooman7: checks
vestimokrec: bets $3
Rooman7: calls $3
*** TURN *** [Jc Qd 8c] [4c]
Rooman7: checks
vestimokrec: checks
*** RIVER *** [Jc Qd 8c 4c] [3c]
Rooman7: checks
vestimokrec: bets $6
Rooman7: calls $6
*** SHOW DOWN ***
vestimokrec: shows [5c 9h] (a flush, Jack high)
Rooman7: mucks hand
vestimokrec collected $29.50 from pot
*** SUMMARY ***
Total pot $30 | Rake $0.50
Board [Jc Qd 8c 4c 3c]
Seat 1: Rooman7 (big blind) mucked
Seat 2: vestimokrec (button) (small blind) showed [5c 9h] and won ($29.50) with a flush, Jack high


PokerStars Hand #160075321996:  Hold'em Limit ($3/$6 USD) - 2016/10/17 16:57:29 ET
Table 'Rhea II' 6-max Seat #1 is the button
Seat 1: crash19867 ($67 in chips)
Seat 5: carmello774 ($135.64 in chips)
crash19867: posts small blind $1
vestimokrec: is sitting out
AzureCaper: is sitting out
ToDaFelt: is sitting out
carmello774: posts big blind $3
*** HOLE CARDS ***
ToDaFelt leaves the table
gargamel155 joins the table at seat #6
crash19867: raises $3 to $6
carmello774: calls $3
*** FLOP *** [6d 4d 8d]
carmello774: checks
vestimokrec leaves the table
crash19867: bets $3
carmello774: raises $3 to $6
crash19867: raises $3 to $9
carmello774: raises $3 to $12
Betting is capped
crash19867: calls $3
*** TURN *** [6d 4d 8d] [3d]
carmello774: bets $6
crash19867: folds
Uncalled bet ($6) returned to carmello774
carmello774 collected $35.50 from pot
carmello774: doesn't show hand
*** SUMMARY ***
Total pot $36 | Rake $0.50
Board [6d 4d 8d 3d]
Seat 1: crash19867 (button) (small blind) folded on the Turn
Seat 5: carmello774 (big blind) collected ($35.50)


PokerStars Hand #160076443175:  Hold'em Limit ($3/$6 USD) - 2016/10/17 17:20:10 ET
Table 'Rhea II' 6-max Seat #2 is the button
Seat 1: crash19867 ($136.92 in chips)
Seat 2: ToDaFelt ($144.35 in chips)
ToDaFelt: posts small blind $1
crash19867: posts big blind $3
*** HOLE CARDS ***
ToDaFelt: raises $3 to $6
gargamel155 leaves the table
crash19867: raises $3 to $9
ToDaFelt: calls $3
*** FLOP *** [Th 2h Qs]
crash19867: bets $3
ToDaFelt: calls $3
*** TURN *** [Th 2h Qs] [Ts]
crash19867: bets $6
ToDaFelt: folds
Uncalled bet ($6) returned to crash19867
crash19867 collected $23.52 from pot
crash19867: doesn't show hand
*** SUMMARY ***
Total pot $24 | Rake $0.48
Board [Th 2h Qs Ts]
Seat 1: crash19867 (big blind) collected ($23.52)
Seat 2: ToDaFelt (button) (small blind) folded on the Turn


