PokerStars Hand #176461298722:  Hold'em Limit ($3/$6 USD) - 2017/10/03 19:59:30 ET
Table 'Rhea' 6-max Seat #1 is the button
Seat 1: ToDaFelt ($120 in chips)
Seat 3: RJF1943 ($80.05 in chips)
ToDaFelt: posts small blind $1
RJF1943: posts big blind $3
*** HOLE CARDS ***
ToDaFelt: raises $3 to $6
RJF1943: calls $3
*** FLOP *** [Td 6c 6d]
RJF1943: checks
ToDaFelt: bets $3
RJF1943: folds
Uncalled bet ($3) returned to ToDaFelt
ToDaFelt collected $11.76 from pot
ToDaFelt: doesn't show hand
*** SUMMARY ***
Total pot $12 | Rake $0.24
Board [Td 6c 6d]
Seat 1: ToDaFelt (button) (small blind) collected ($11.76)
Seat 3: RJF1943 (big blind) folded on the Flop


PokerStars Hand #176461320598:  Hold'em Limit ($3/$6 USD) - 2017/10/03 20:00:22 ET
Table 'Rhea' 6-max Seat #1 is the button
Seat 1: ToDaFelt ($104.76 in chips)
Seat 3: RJF1943 ($94.55 in chips)
ToDaFelt: posts small blind $1
RJF1943: posts big blind $3
*** HOLE CARDS ***
ToDaFelt: folds
Uncalled bet ($2) returned to RJF1943
RJF1943 collected $2 from pot
RJF1943: doesn't show hand
*** SUMMARY ***
Total pot $2 | Rake $0
Seat 1: ToDaFelt (button) (small blind) folded before Flop
Seat 3: RJF1943 (big blind) collected ($2)


PokerStars Hand #176461327894:  Hold'em Limit ($3/$6 USD) - 2017/10/03 20:00:38 ET
Table 'Rhea' 6-max Seat #1 is the button
Seat 1: ToDaFelt ($104.76 in chips)
Seat 3: RJF1943 ($94.55 in chips)
ToDaFelt: posts small blind $1
RJF1943: posts big blind $3
*** HOLE CARDS ***
ToDaFelt: raises $3 to $6
RJF1943: calls $3
*** FLOP *** [8h 5h 9d]
RJF1943: bets $3
ToDaFelt: raises $3 to $6
RJF1943: calls $3
*** TURN *** [8h 5h 9d] [2s]
RJF1943: checks
ToDaFelt: bets $6
RJF1943: calls $6
*** RIVER *** [8h 5h 9d 2s] [8s]
pianopoker joins the table at seat #5
RJF1943: bets $6
ToDaFelt: calls $6
*** SHOW DOWN ***
RJF1943: shows [4d 8d] (three of a kind, Eights)
ToDaFelt: mucks hand
RJF1943 collected $47.50 from pot
*** SUMMARY ***
Total pot $48 | Rake $0.50
Board [8h 5h 9d 2s 8s]
Seat 1: ToDaFelt (button) (small blind) mucked
Seat 3: RJF1943 (big blind) showed [4d 8d] and won ($47.50) with three of a kind, Eights


PokerStars Hand #176461325496:  Hold'em Limit ($3/$6 USD) - 2017/10/03 20:00:33 ET
Table 'Rhea' 6-max Seat #3 is the button
Seat 1: ToDaFelt ($103.76 in chips)
Seat 3: RJF1943 ($95.55 in chips)
tranduc joins the table at seat #4
RJF1943: posts small blind $1
ToDaFelt: posts big blind $3
*** HOLE CARDS ***
RJF1943: folds
Uncalled bet ($2) returned to ToDaFelt
ToDaFelt collected $2 from pot
ToDaFelt: doesn't show hand
*** SUMMARY ***
Total pot $2 | Rake $0
Seat 1: ToDaFelt (big blind) collected ($2)
Seat 3: RJF1943 (button) (small blind) folded before Flop


PokerStars Hand #176462637580:  Hold'em Limit ($3/$6 USD) - 2017/10/03 20:48:21 ET
Table 'Rhea' 6-max Seat #1 is the button
Seat 1: ToDaFelt ($315.50 in chips)
Seat 6: cmoiici ($107.22 in chips)
ToDaFelt: posts small blind $1
cmoiici: posts big blind $3
bubsski joins the table at seat #3
*** HOLE CARDS ***
ToDaFelt: raises $3 to $6
cmoiici: calls $3
*** FLOP *** [6c 4s Js]
cmoiici: checks
ToDaFelt: bets $3
cmoiici: calls $3
*** TURN *** [6c 4s Js] [Jh]
cmoiici: bets $6
ToDaFelt: raises $6 to $12
cmoiici: raises $6 to $18
ToDaFelt: calls $6
*** RIVER *** [6c 4s Js Jh] [9c]
cmoiici: bets $6
ToDaFelt: calls $6
*** SHOW DOWN ***
cmoiici: shows [8s Qs] (a pair of Jacks)
ToDaFelt: shows [7c 6h] (two pair, Jacks and Sixes)
ToDaFelt collected $65.50 from pot
*** SUMMARY ***
Total pot $66 | Rake $0.50
Board [6c 4s Js Jh 9c]
Seat 1: ToDaFelt (button) (small blind) showed [7c 6h] and won ($65.50) with two pair, Jacks and Sixes
Seat 6: cmoiici (big blind) showed [8s Qs] and lost with a pair of Jacks


PokerStars Hand #176462644933:  Hold'em Limit ($3/$6 USD) - 2017/10/03 20:48:39 ET
Table 'Rhea' 6-max Seat #6 is the button
Seat 1: ToDaFelt ($348 in chips)
Seat 6: cmoiici ($74.22 in chips)
cmoiici: posts small blind $1
ToDaFelt: posts big blind $3
*** HOLE CARDS ***
cmoiici: raises $3 to $6
ToDaFelt: calls $3
*** FLOP *** [4d 6c Th]
ToDaFelt: checks
cmoiici: bets $3
ToDaFelt: calls $3
*** TURN *** [4d 6c Th] [6s]
ToDaFelt: checks
cmoiici: bets $6
ToDaFelt: raises $6 to $12
cmoiici: raises $6 to $18
ToDaFelt: folds
Uncalled bet ($6) returned to cmoiici
cmoiici collected $41.50 from pot
cmoiici: doesn't show hand
*** SUMMARY ***
Total pot $42 | Rake $0.50
Board [4d 6c Th 6s]
Seat 1: ToDaFelt (big blind) folded on the Turn
Seat 6: cmoiici (button) (small blind) collected ($41.50)


PokerStars Hand #176464198967:  Hold'em Limit ($3/$6 USD) - 2017/10/03 21:54:35 ET
Table 'Rhea' 6-max Seat #3 is the button
Seat 3: UnderGr00ve ($113.66 in chips)
Seat 6: LouisB ($120 in chips)
UnderGr00ve: posts small blind $1
LouisB: posts big blind $3
*** HOLE CARDS ***
UnderGr00ve: calls $2
LouisB: checks
*** FLOP *** [4c 3h 7d]
LouisB: checks
UnderGr00ve: checks
*** TURN *** [4c 3h 7d] [Ts]
LouisB: checks
UnderGr00ve: bets $6
LouisB: folds
Uncalled bet ($6) returned to UnderGr00ve
UnderGr00ve collected $5.88 from pot
UnderGr00ve: doesn't show hand
*** SUMMARY ***
Total pot $6 | Rake $0.12
Board [4c 3h 7d Ts]
Seat 3: UnderGr00ve (button) (small blind) collected ($5.88)
Seat 6: LouisB (big blind) folded on the Turn


PokerStars Hand #176464217384:  Hold'em Limit ($3/$6 USD) - 2017/10/03 21:55:29 ET
Table 'Rhea' 6-max Seat #3 is the button
Seat 3: UnderGr00ve ($95.54 in chips)
Seat 6: LouisB ($137.50 in chips)
UnderGr00ve: posts small blind $1
LouisB: posts big blind $3
*** HOLE CARDS ***
UnderGr00ve: folds
Uncalled bet ($2) returned to LouisB
LouisB collected $2 from pot
LouisB: doesn't show hand
*** SUMMARY ***
Total pot $2 | Rake $0
Seat 3: UnderGr00ve (button) (small blind) folded before Flop
Seat 6: LouisB (big blind) collected ($2)


PokerStars Hand #176464206849:  Hold'em Limit ($3/$6 USD) - 2017/10/03 21:54:57 ET
Table 'Rhea' 6-max Seat #3 is the button
Seat 3: UnderGr00ve ($117.54 in chips)
Seat 6: LouisB ($116 in chips)
UnderGr00ve: posts small blind $1
LouisB: posts big blind $3
*** HOLE CARDS ***
UnderGr00ve: folds
Uncalled bet ($2) returned to LouisB
LouisB collected $2 from pot
LouisB: doesn't show hand
*** SUMMARY ***
Total pot $2 | Rake $0
Seat 3: UnderGr00ve (button) (small blind) folded before Flop
Seat 6: LouisB (big blind) collected ($2)


PokerStars Hand #176464205043:  Hold'em Limit ($3/$6 USD) - 2017/10/03 21:54:52 ET
Table 'Rhea' 6-max Seat #6 is the button
Seat 3: UnderGr00ve ($116.54 in chips)
Seat 6: LouisB ($117 in chips)
LouisB: posts small blind $1
UnderGr00ve: posts big blind $3
*** HOLE CARDS ***
LouisB: folds
Uncalled bet ($2) returned to UnderGr00ve
UnderGr00ve collected $2 from pot
UnderGr00ve: doesn't show hand
*** SUMMARY ***
Total pot $2 | Rake $0
Seat 3: UnderGr00ve (big blind) collected ($2)
Seat 6: LouisB (button) (small blind) folded before Flop


PokerStars Hand #176464208855:  Hold'em Limit ($3/$6 USD) - 2017/10/03 21:55:02 ET
Table 'Rhea' 6-max Seat #6 is the button
Seat 3: UnderGr00ve ($116.54 in chips)
Seat 6: LouisB ($117 in chips)
LouisB: posts small blind $1
UnderGr00ve: posts big blind $3
*** HOLE CARDS ***
LouisB: raises $3 to $6
UnderGr00ve: calls $3
*** FLOP *** [3d 6s Qc]
UnderGr00ve: checks
LouisB: bets $3
UnderGr00ve: calls $3
*** TURN *** [3d 6s Qc] [7s]
UnderGr00ve: checks
LouisB: bets $6
UnderGr00ve: calls $6
*** RIVER *** [3d 6s Qc 7s] [7h]
UnderGr00ve: checks
LouisB: bets $6
UnderGr00ve: calls $6
*** SHOW DOWN ***
LouisB: shows [Qs 9c] (two pair, Queens and Sevens)
UnderGr00ve: mucks hand
LouisB collected $41.50 from pot
*** SUMMARY ***
Total pot $42 | Rake $0.50
Board [3d 6s Qc 7s 7h]
Seat 3: UnderGr00ve (big blind) mucked
Seat 6: LouisB (button) (small blind) showed [Qs 9c] and won ($41.50) with two pair, Queens and Sevens


PokerStars Hand #176464219470:  Hold'em Limit ($3/$6 USD) - 2017/10/03 21:55:36 ET
Table 'Rhea' 6-max Seat #6 is the button
Seat 3: UnderGr00ve ($94.54 in chips)
Seat 6: LouisB ($138.50 in chips)
LouisB: posts small blind $1
UnderGr00ve: posts big blind $3
*** HOLE CARDS ***
LouisB: folds
Uncalled bet ($2) returned to UnderGr00ve
UnderGr00ve collected $2 from pot
UnderGr00ve: doesn't show hand
*** SUMMARY ***
Total pot $2 | Rake $0
Seat 3: UnderGr00ve (big blind) collected ($2)
Seat 6: LouisB (button) (small blind) folded before Flop


PokerStars Hand #176464233335:  Hold'em Limit ($3/$6 USD) - 2017/10/03 21:56:21 ET
Table 'Rhea' 6-max Seat #3 is the button
Seat 3: UnderGr00ve ($77.54 in chips)
Seat 6: LouisB ($155 in chips)
UnderGr00ve: posts small blind $1
LouisB: posts big blind $3
*** HOLE CARDS ***
UnderGr00ve: raises $3 to $6
LouisB: raises $3 to $9
UnderGr00ve: calls $3
*** FLOP *** [4s 5c 3s]
LouisB: bets $3
UnderGr00ve: calls $3
*** TURN *** [4s 5c 3s] [8c]
LouisB: bets $6
UnderGr00ve: calls $6
*** RIVER *** [4s 5c 3s 8c] [2h]
LouisB: bets $6
UnderGr00ve: folds
Uncalled bet ($6) returned to LouisB
LouisB collected $35.50 from pot
LouisB: doesn't show hand
*** SUMMARY ***
Total pot $36 | Rake $0.50
Board [4s 5c 3s 8c 2h]
Seat 3: UnderGr00ve (button) (small blind) folded on the River
Seat 6: LouisB (big blind) collected ($35.50)


PokerStars Hand #176464224566:  Hold'em Limit ($3/$6 USD) - 2017/10/03 21:55:52 ET
Table 'Rhea' 6-max Seat #6 is the button
Seat 3: UnderGr00ve ($98.54 in chips)
Seat 6: LouisB ($134.50 in chips)
LouisB: posts small blind $1
UnderGr00ve: posts big blind $3
*** HOLE CARDS ***
LouisB: raises $3 to $6
UnderGr00ve: calls $3
*** FLOP *** [3c 5c 3d]
UnderGr00ve: checks
LouisB: bets $3
UnderGr00ve: calls $3
*** TURN *** [3c 5c 3d] [2h]
UnderGr00ve: checks
LouisB: bets $6
UnderGr00ve: calls $6
*** RIVER *** [3c 5c 3d 2h] [Jd]
UnderGr00ve: bets $6
LouisB: calls $6
*** SHOW DOWN ***
UnderGr00ve: shows [6s 7s] (a pair of Threes)
LouisB: shows [7d Ac] (a pair of Threes - Ace kicker)
LouisB collected $41.50 from pot
*** SUMMARY ***
Total pot $42 | Rake $0.50
Board [3c 5c 3d 2h Jd]
Seat 3: UnderGr00ve (big blind) showed [6s 7s] and lost with a pair of Threes
Seat 6: LouisB (button) (small blind) showed [7d Ac] and won ($41.50) with a pair of Threes


PokerStars Hand #176464222718:  Hold'em Limit ($3/$6 USD) - 2017/10/03 21:55:46 ET
Table 'Rhea' 6-max Seat #3 is the button
Seat 3: UnderGr00ve ($95.54 in chips)
Seat 6: LouisB ($137.50 in chips)
UnderGr00ve: posts small blind $1
LouisB: posts big blind $3
*** HOLE CARDS ***
UnderGr00ve: raises $3 to $6
LouisB: folds
Uncalled bet ($3) returned to UnderGr00ve
UnderGr00ve collected $6 from pot
UnderGr00ve: doesn't show hand
*** SUMMARY ***
Total pot $6 | Rake $0
Seat 3: UnderGr00ve (button) (small blind) collected ($6)
Seat 6: LouisB (big blind) folded before Flop


PokerStars Hand #176464253670:  Hold'em Limit ($3/$6 USD) - 2017/10/03 21:57:26 ET
Table 'Rhea' 6-max Seat #3 is the button
Seat 3: UnderGr00ve ($46.54 in chips)
Seat 6: LouisB ($185.14 in chips)
UnderGr00ve: posts small blind $1
LouisB: posts big blind $3
*** HOLE CARDS ***
UnderGr00ve: folds
Uncalled bet ($2) returned to LouisB
LouisB collected $2 from pot
LouisB: doesn't show hand
*** SUMMARY ***
Total pot $2 | Rake $0
Seat 3: UnderGr00ve (button) (small blind) folded before Flop
Seat 6: LouisB (big blind) collected ($2)


PokerStars Hand #176464247311:  Hold'em Limit ($3/$6 USD) - 2017/10/03 21:57:06 ET
Table 'Rhea' 6-max Seat #6 is the button
Seat 3: UnderGr00ve ($55.54 in chips)
Seat 6: LouisB ($176.50 in chips)
LouisB: posts small blind $1
UnderGr00ve: posts big blind $3
*** HOLE CARDS ***
LouisB: raises $3 to $6
UnderGr00ve: calls $3
*** FLOP *** [3d 5c Qs]
UnderGr00ve: checks
LouisB: bets $3
UnderGr00ve: calls $3
*** TURN *** [3d 5c Qs] [3s]
UnderGr00ve: checks
LouisB: bets $6
UnderGr00ve: folds
Uncalled bet ($6) returned to LouisB
LouisB collected $17.64 from pot
LouisB: doesn't show hand
*** SUMMARY ***
Total pot $18 | Rake $0.36
Board [3d 5c Qs 3s]
Seat 3: UnderGr00ve (big blind) folded on the Turn
Seat 6: LouisB (button) (small blind) collected ($17.64)


PokerStars Hand #176464260420:  Hold'em Limit ($3/$6 USD) - 2017/10/03 21:57:47 ET
Table 'Rhea' 6-max Seat #6 is the button
Seat 3: UnderGr00ve ($52.30 in chips)
Seat 6: LouisB ($179.14 in chips)
LouisB: posts small blind $1
UnderGr00ve: posts big blind $3
*** HOLE CARDS ***
LouisB: folds
Uncalled bet ($2) returned to UnderGr00ve
UnderGr00ve collected $2 from pot
UnderGr00ve: doesn't show hand
*** SUMMARY ***
Total pot $2 | Rake $0
Seat 3: UnderGr00ve (big blind) collected ($2)
Seat 6: LouisB (button) (small blind) folded before Flop


PokerStars Hand #176464257160:  Hold'em Limit ($3/$6 USD) - 2017/10/03 21:57:37 ET
Table 'Rhea' 6-max Seat #3 is the button
Seat 3: UnderGr00ve ($46.54 in chips)
Seat 6: LouisB ($185.14 in chips)
UnderGr00ve: posts small blind $1
LouisB: posts big blind $3
*** HOLE CARDS ***
UnderGr00ve: raises $3 to $6
LouisB: calls $3
*** FLOP *** [4d Th 7c]
LouisB: checks
UnderGr00ve: bets $3
LouisB: folds
Uncalled bet ($3) returned to UnderGr00ve
UnderGr00ve collected $11.76 from pot
UnderGr00ve: doesn't show hand
*** SUMMARY ***
Total pot $12 | Rake $0.24
Board [4d Th 7c]
Seat 3: UnderGr00ve (button) (small blind) collected ($11.76)
Seat 6: LouisB (big blind) folded on the Flop


PokerStars Hand #176464245569:  Hold'em Limit ($3/$6 USD) - 2017/10/03 21:57:00 ET
Table 'Rhea' 6-max Seat #3 is the button
Seat 3: UnderGr00ve ($56.54 in chips)
Seat 6: LouisB ($175.50 in chips)
UnderGr00ve: posts small blind $1
LouisB: posts big blind $3
*** HOLE CARDS ***
UnderGr00ve: folds
Uncalled bet ($2) returned to LouisB
LouisB collected $2 from pot
LouisB: doesn't show hand
*** SUMMARY ***
Total pot $2 | Rake $0
Seat 3: UnderGr00ve (button) (small blind) folded before Flop
Seat 6: LouisB (big blind) collected ($2)


PokerStars Hand #176464241894:  Hold'em Limit ($3/$6 USD) - 2017/10/03 21:56:48 ET
Table 'Rhea' 6-max Seat #6 is the button
Seat 3: UnderGr00ve ($59.54 in chips)
Seat 6: LouisB ($172.50 in chips)
LouisB: posts small blind $1
UnderGr00ve: posts big blind $3
*** HOLE CARDS ***
LouisB: raises $3 to $6
UnderGr00ve: folds
Uncalled bet ($3) returned to LouisB
LouisB collected $6 from pot
LouisB: doesn't show hand
*** SUMMARY ***
Total pot $6 | Rake $0
Seat 3: UnderGr00ve (big blind) folded before Flop
Seat 6: LouisB (button) (small blind) collected ($6)


PokerStars Hand #176464255568:  Hold'em Limit ($3/$6 USD) - 2017/10/03 21:57:32 ET
Table 'Rhea' 6-max Seat #6 is the button
Seat 3: UnderGr00ve ($45.54 in chips)
Seat 6: LouisB ($186.14 in chips)
LouisB: posts small blind $1
UnderGr00ve: posts big blind $3
*** HOLE CARDS ***
LouisB: folds
Uncalled bet ($2) returned to UnderGr00ve
UnderGr00ve collected $2 from pot
UnderGr00ve: doesn't show hand
*** SUMMARY ***
Total pot $2 | Rake $0
Seat 3: UnderGr00ve (big blind) collected ($2)
Seat 6: LouisB (button) (small blind) folded before Flop


PokerStars Hand #176464267879:  Hold'em Limit ($3/$6 USD) - 2017/10/03 21:58:11 ET
Table 'Rhea' 6-max Seat #6 is the button
Seat 3: UnderGr00ve ($48.30 in chips)
Seat 6: LouisB ($183.14 in chips)
LouisB: posts small blind $1
UnderGr00ve: posts big blind $3
*** HOLE CARDS ***
LouisB: raises $3 to $6
UnderGr00ve: calls $3
*** FLOP *** [4h Th Kd]
UnderGr00ve: bets $3
LouisB: folds
Uncalled bet ($3) returned to UnderGr00ve
UnderGr00ve collected $11.76 from pot
UnderGr00ve: doesn't show hand
*** SUMMARY ***
Total pot $12 | Rake $0.24
Board [4h Th Kd]
Seat 3: UnderGr00ve (big blind) collected ($11.76)
Seat 6: LouisB (button) (small blind) folded on the Flop


PokerStars Hand #176464266141:  Hold'em Limit ($3/$6 USD) - 2017/10/03 21:58:05 ET
Table 'Rhea' 6-max Seat #3 is the button
Seat 3: UnderGr00ve ($49.30 in chips)
Seat 6: LouisB ($182.14 in chips)
UnderGr00ve: posts small blind $1
LouisB: posts big blind $3
*** HOLE CARDS ***
UnderGr00ve: folds
Uncalled bet ($2) returned to LouisB
LouisB collected $2 from pot
LouisB: doesn't show hand
*** SUMMARY ***
Total pot $2 | Rake $0
Seat 3: UnderGr00ve (button) (small blind) folded before Flop
Seat 6: LouisB (big blind) collected ($2)


PokerStars Hand #176464264020:  Hold'em Limit ($3/$6 USD) - 2017/10/03 21:57:59 ET
Table 'Rhea' 6-max Seat #6 is the button
Seat 3: UnderGr00ve ($52.30 in chips)
Seat 6: LouisB ($179.14 in chips)
LouisB: posts small blind $1
UnderGr00ve: posts big blind $3
*** HOLE CARDS ***
LouisB: raises $3 to $6
UnderGr00ve: folds
Uncalled bet ($3) returned to LouisB
LouisB collected $6 from pot
LouisB: doesn't show hand
*** SUMMARY ***
Total pot $6 | Rake $0
Seat 3: UnderGr00ve (big blind) folded before Flop
Seat 6: LouisB (button) (small blind) collected ($6)


PokerStars Hand #176464271399:  Hold'em Limit ($3/$6 USD) - 2017/10/03 21:58:22 ET
Table 'Rhea' 6-max Seat #3 is the button
Seat 3: UnderGr00ve ($54.06 in chips)
Seat 6: LouisB ($177.14 in chips)
UnderGr00ve: posts small blind $1
LouisB: posts big blind $3
*** HOLE CARDS ***
UnderGr00ve: raises $3 to $6
LouisB: calls $3
*** FLOP *** [3h 8h 8c]
LouisB: checks
UnderGr00ve: bets $3
LouisB: calls $3
*** TURN *** [3h 8h 8c] [6h]
LouisB: checks
UnderGr00ve: bets $6
LouisB: raises $6 to $12
UnderGr00ve: raises $6 to $18
LouisB: raises $6 to $24
Betting is capped
UnderGr00ve: calls $6
*** RIVER *** [3h 8h 8c 6h] [5d]
LouisB: checks
UnderGr00ve: checks
*** SHOW DOWN ***
LouisB: shows [Qh 7h] (a flush, Queen high)
UnderGr00ve: mucks hand
LouisB collected $65.50 from pot
*** SUMMARY ***
Total pot $66 | Rake $0.50
Board [3h 8h 8c 6h 5d]
Seat 3: UnderGr00ve (button) (small blind) mucked
Seat 6: LouisB (big blind) showed [Qh 7h] and won ($65.50) with a flush, Queen high


PokerStars Hand #176464261955:  Hold'em Limit ($3/$6 USD) - 2017/10/03 21:57:52 ET
Table 'Rhea' 6-max Seat #3 is the button
Seat 3: UnderGr00ve ($53.30 in chips)
Seat 6: LouisB ($178.14 in chips)
UnderGr00ve: posts small blind $1
LouisB: posts big blind $3
*** HOLE CARDS ***
UnderGr00ve: folds
Uncalled bet ($2) returned to LouisB
LouisB collected $2 from pot
LouisB: doesn't show hand
*** SUMMARY ***
Total pot $2 | Rake $0
Seat 3: UnderGr00ve (button) (small blind) folded before Flop
Seat 6: LouisB (big blind) collected ($2)


PokerStars Hand #176464288520:  Hold'em Limit ($3/$6 USD) - 2017/10/03 21:59:17 ET
Table 'Rhea' 6-max Seat #6 is the button
Seat 3: UnderGr00ve ($117.72 in chips)
Seat 6: LouisB ($226.14 in chips)
LouisB: posts small blind $1
UnderGr00ve: posts big blind $3
*** HOLE CARDS ***
LouisB: raises $3 to $6
UnderGr00ve: calls $3
*** FLOP *** [6h Js Ad]
UnderGr00ve: checks
LouisB: checks
*** TURN *** [6h Js Ad] [Qs]
UnderGr00ve: checks
LouisB: checks
*** RIVER *** [6h Js Ad Qs] [Kd]
UnderGr00ve: bets $6
LouisB: folds
Uncalled bet ($6) returned to UnderGr00ve
UnderGr00ve collected $11.76 from pot
UnderGr00ve: doesn't show hand
*** SUMMARY ***
Total pot $12 | Rake $0.24
Board [6h Js Ad Qs Kd]
Seat 3: UnderGr00ve (big blind) collected ($11.76)
Seat 6: LouisB (button) (small blind) folded on the River


PokerStars Hand #176464279091:  Hold'em Limit ($3/$6 USD) - 2017/10/03 21:58:47 ET
Table 'Rhea' 6-max Seat #6 is the button
Seat 3: UnderGr00ve ($21.06 in chips)
Seat 6: LouisB ($209.64 in chips)
LouisB: posts small blind $1
UnderGr00ve: posts big blind $3
*** HOLE CARDS ***
LouisB: folds
Uncalled bet ($2) returned to UnderGr00ve
UnderGr00ve collected $2 from pot
UnderGr00ve: doesn't show hand
*** SUMMARY ***
Total pot $2 | Rake $0
Seat 3: UnderGr00ve (big blind) collected ($2)
Seat 6: LouisB (button) (small blind) folded before Flop


PokerStars Hand #176464281530:  Hold'em Limit ($3/$6 USD) - 2017/10/03 21:58:55 ET
Table 'Rhea' 6-max Seat #3 is the button
Seat 3: UnderGr00ve ($22.06 in chips)
Seat 6: LouisB ($208.64 in chips)
UnderGr00ve: posts small blind $1
LouisB: posts big blind $3
*** HOLE CARDS ***
UnderGr00ve: raises $3 to $6
LouisB: calls $3
*** FLOP *** [6s 8c 7h]
LouisB: checks
UnderGr00ve: checks
*** TURN *** [6s 8c 7h] [Jc]
LouisB: checks
UnderGr00ve: bets $6
LouisB: raises $6 to $12
UnderGr00ve: calls $6
*** RIVER *** [6s 8c 7h Jc] [2d]
LouisB: bets $6
UnderGr00ve: folds
Uncalled bet ($6) returned to LouisB
LouisB collected $35.50 from pot
LouisB: doesn't show hand
*** SUMMARY ***
Total pot $36 | Rake $0.50
Board [6s 8c 7h Jc 2d]
Seat 3: UnderGr00ve (button) (small blind) folded on the River
Seat 6: LouisB (big blind) collected ($35.50)


PokerStars Hand #176464292830:  Hold'em Limit ($3/$6 USD) - 2017/10/03 21:59:31 ET
Table 'Rhea' 6-max Seat #3 is the button
Seat 3: UnderGr00ve ($123.48 in chips)
Seat 6: LouisB ($220.14 in chips)
UnderGr00ve: posts small blind $1
LouisB: posts big blind $3
*** HOLE CARDS ***
UnderGr00ve: raises $3 to $6
LouisB: calls $3
*** FLOP *** [7h Js Ks]
LouisB: checks
UnderGr00ve: bets $3
LouisB: raises $3 to $6
UnderGr00ve: raises $3 to $9
LouisB: calls $3
*** TURN *** [7h Js Ks] [4d]
LouisB: checks
UnderGr00ve: bets $6
LouisB: calls $6
*** RIVER *** [7h Js Ks 4d] [Qc]
LouisB: checks
UnderGr00ve: bets $6
LouisB: calls $6
*** SHOW DOWN ***
UnderGr00ve: shows [5c 5s] (a pair of Fives)
LouisB: shows [Jh Tc] (a pair of Jacks)
LouisB collected $53.50 from pot
*** SUMMARY ***
Total pot $54 | Rake $0.50
Board [7h Js Ks 4d Qc]
Seat 3: UnderGr00ve (button) (small blind) showed [5c 5s] and lost with a pair of Fives
Seat 6: LouisB (big blind) showed [Jh Tc] and won ($53.50) with a pair of Jacks


PokerStars Hand #176464310381:  Hold'em Limit ($3/$6 USD) - 2017/10/03 22:00:26 ET
Table 'Rhea' 6-max Seat #3 is the button
Seat 3: UnderGr00ve ($108.98 in chips)
Seat 6: LouisB ($233.28 in chips)
UnderGr00ve: posts small blind $1
LouisB: posts big blind $3
*** HOLE CARDS ***
UnderGr00ve: raises $3 to $6
LouisB: calls $3
*** FLOP *** [4h 8h 6d]
LouisB: checks
UnderGr00ve: bets $3
LouisB: raises $3 to $6
UnderGr00ve: raises $3 to $9
LouisB: raises $3 to $12
Betting is capped
UnderGr00ve: calls $3
*** TURN *** [4h 8h 6d] [3h]
LouisB: checks
UnderGr00ve: checks
*** RIVER *** [4h 8h 6d 3h] [6s]
LouisB: bets $6
UnderGr00ve: calls $6
*** SHOW DOWN ***
LouisB: shows [8c 7s] (two pair, Eights and Sixes)
UnderGr00ve: mucks hand
LouisB collected $47.50 from pot
*** SUMMARY ***
Total pot $48 | Rake $0.50
Board [4h 8h 6d 3h 6s]
Seat 3: UnderGr00ve (button) (small blind) mucked
Seat 6: LouisB (big blind) showed [8c 7s] and won ($47.50) with two pair, Eights and Sixes


PokerStars Hand #176464298550:  Hold'em Limit ($3/$6 USD) - 2017/10/03 21:59:49 ET
Table 'Rhea' 6-max Seat #6 is the button
Seat 3: UnderGr00ve ($96.48 in chips)
Seat 6: LouisB ($246.64 in chips)
LouisB: posts small blind $1
UnderGr00ve: posts big blind $3
*** HOLE CARDS ***
LouisB: folds
Uncalled bet ($2) returned to UnderGr00ve
UnderGr00ve collected $2 from pot
UnderGr00ve: doesn't show hand
*** SUMMARY ***
Total pot $2 | Rake $0
Seat 3: UnderGr00ve (big blind) collected ($2)
Seat 6: LouisB (button) (small blind) folded before Flop


PokerStars Hand #176464305121:  Hold'em Limit ($3/$6 USD) - 2017/10/03 22:00:10 ET
Table 'Rhea' 6-max Seat #6 is the button
Seat 3: UnderGr00ve ($117.98 in chips)
Seat 6: LouisB ($224.64 in chips)
LouisB: posts small blind $1
UnderGr00ve: posts big blind $3
*** HOLE CARDS ***
LouisB: raises $3 to $6
UnderGr00ve: calls $3
*** FLOP *** [Ks 5d 6s]
UnderGr00ve: checks
LouisB: bets $3
UnderGr00ve: calls $3
*** TURN *** [Ks 5d 6s] [6h]
UnderGr00ve: checks
LouisB: bets $6
UnderGr00ve: folds
Uncalled bet ($6) returned to LouisB
LouisB collected $17.64 from pot
LouisB: doesn't show hand
*** SUMMARY ***
Total pot $18 | Rake $0.36
Board [Ks 5d 6s 6h]
Seat 3: UnderGr00ve (big blind) folded on the Turn
Seat 6: LouisB (button) (small blind) collected ($17.64)


PokerStars Hand #176464300126:  Hold'em Limit ($3/$6 USD) - 2017/10/03 21:59:54 ET
Table 'Rhea' 6-max Seat #3 is the button
Seat 3: UnderGr00ve ($97.48 in chips)
Seat 6: LouisB ($245.64 in chips)
UnderGr00ve: posts small blind $1
LouisB: posts big blind $3
*** HOLE CARDS ***
UnderGr00ve: raises $3 to $6
LouisB: calls $3
*** FLOP *** [Ad Qh 3s]
LouisB: checks
UnderGr00ve: bets $3
LouisB: calls $3
*** TURN *** [Ad Qh 3s] [6c]
LouisB: checks
UnderGr00ve: bets $6
LouisB: calls $6
*** RIVER *** [Ad Qh 3s 6c] [5d]
LouisB: checks
UnderGr00ve: bets $6
LouisB: calls $6
*** SHOW DOWN ***
UnderGr00ve: shows [Ac 3d] (two pair, Aces and Threes)
LouisB: mucks hand
UnderGr00ve collected $41.50 from pot
*** SUMMARY ***
Total pot $42 | Rake $0.50
Board [Ad Qh 3s 6c 5d]
Seat 3: UnderGr00ve (button) (small blind) showed [Ac 3d] and won ($41.50) with two pair, Aces and Threes
Seat 6: LouisB (big blind) mucked


PokerStars Hand #176464331910:  Hold'em Limit ($3/$6 USD) - 2017/10/03 22:01:30 ET
Table 'Rhea' 6-max Seat #3 is the button
Seat 3: UnderGr00ve ($106.24 in chips)
Seat 6: LouisB ($234.78 in chips)
UnderGr00ve: posts small blind $1
LouisB: posts big blind $3
*** HOLE CARDS ***
UnderGr00ve: raises $3 to $6
LouisB: calls $3
*** FLOP *** [9d 5h Qd]
LouisB: checks
UnderGr00ve: checks
*** TURN *** [9d 5h Qd] [Jh]
LouisB: bets $6
UnderGr00ve: calls $6
*** RIVER *** [9d 5h Qd Jh] [Jc]
LouisB: bets $6
UnderGr00ve: calls $6
*** SHOW DOWN ***
LouisB: shows [8d 7d] (a pair of Jacks)
UnderGr00ve: shows [Ah 3h] (a pair of Jacks - Ace kicker)
UnderGr00ve collected $35.50 from pot
*** SUMMARY ***
Total pot $36 | Rake $0.50
Board [9d 5h Qd Jh Jc]
Seat 3: UnderGr00ve (button) (small blind) showed [Ah 3h] and won ($35.50) with a pair of Jacks
Seat 6: LouisB (big blind) showed [8d 7d] and lost with a pair of Jacks


PokerStars Hand #176464323029:  Hold'em Limit ($3/$6 USD) - 2017/10/03 22:01:04 ET
Table 'Rhea' 6-max Seat #6 is the button
Seat 3: UnderGr00ve ($91.74 in chips)
Seat 6: LouisB ($249.78 in chips)
LouisB: posts small blind $1
UnderGr00ve: posts big blind $3
*** HOLE CARDS ***
LouisB: raises $3 to $6
UnderGr00ve: calls $3
*** FLOP *** [Ad Kc 9c]
UnderGr00ve: checks
LouisB: bets $3
UnderGr00ve: calls $3
*** TURN *** [Ad Kc 9c] [8s]
UnderGr00ve: checks
LouisB: bets $6
UnderGr00ve: raises $6 to $12
LouisB: folds
Uncalled bet ($6) returned to UnderGr00ve
UnderGr00ve collected $29.50 from pot
UnderGr00ve: doesn't show hand
*** SUMMARY ***
Total pot $30 | Rake $0.50
Board [Ad Kc 9c 8s]
Seat 3: UnderGr00ve (big blind) collected ($29.50)
Seat 6: LouisB (button) (small blind) folded on the Turn


PokerStars Hand #176464328436:  Hold'em Limit ($3/$6 USD) - 2017/10/03 22:01:20 ET
Table 'Rhea' 6-max Seat #3 is the button
Seat 3: UnderGr00ve ($106.24 in chips)
Seat 6: LouisB ($234.78 in chips)
UnderGr00ve: posts small blind $1
LouisB: posts big blind $3
*** HOLE CARDS ***
UnderGr00ve: folds
Uncalled bet ($2) returned to LouisB
LouisB collected $2 from pot
LouisB: doesn't show hand
*** SUMMARY ***
Total pot $2 | Rake $0
Seat 3: UnderGr00ve (button) (small blind) folded before Flop
Seat 6: LouisB (big blind) collected ($2)


PokerStars Hand #176464319123:  Hold'em Limit ($3/$6 USD) - 2017/10/03 22:00:53 ET
Table 'Rhea' 6-max Seat #3 is the button
Seat 3: UnderGr00ve ($85.98 in chips)
Seat 6: LouisB ($255.78 in chips)
UnderGr00ve: posts small blind $1
LouisB: posts big blind $3
*** HOLE CARDS ***
UnderGr00ve: raises $3 to $6
LouisB: calls $3
*** FLOP *** [Ts Qc Th]
LouisB: checks
UnderGr00ve: checks
*** TURN *** [Ts Qc Th] [4h]
LouisB: checks
UnderGr00ve: bets $6
LouisB: folds
Uncalled bet ($6) returned to UnderGr00ve
UnderGr00ve collected $11.76 from pot
UnderGr00ve: doesn't show hand
*** SUMMARY ***
Total pot $12 | Rake $0.24
Board [Ts Qc Th 4h]
Seat 3: UnderGr00ve (button) (small blind) collected ($11.76)
Seat 6: LouisB (big blind) folded on the Turn


PokerStars Hand #176464354903:  Hold'em Limit ($3/$6 USD) - 2017/10/03 22:02:36 ET
Table 'Rhea' 6-max Seat #6 is the button
Seat 3: UnderGr00ve ($84.74 in chips)
Seat 6: LouisB ($254.80 in chips)
LouisB: posts small blind $1
UnderGr00ve: posts big blind $3
*** HOLE CARDS ***
LouisB: folds
Uncalled bet ($2) returned to UnderGr00ve
UnderGr00ve collected $2 from pot
UnderGr00ve: doesn't show hand
*** SUMMARY ***
Total pot $2 | Rake $0
Seat 3: UnderGr00ve (big blind) collected ($2)
Seat 6: LouisB (button) (small blind) folded before Flop


PokerStars Hand #176464346943:  Hold'em Limit ($3/$6 USD) - 2017/10/03 22:02:13 ET
Table 'Rhea' 6-max Seat #3 is the button
Seat 3: UnderGr00ve ($96.74 in chips)
Seat 6: LouisB ($243.28 in chips)
UnderGr00ve: posts small blind $1
LouisB: posts big blind $3
*** HOLE CARDS ***
UnderGr00ve: raises $3 to $6
LouisB: calls $3
*** FLOP *** [Qh Jh 7s]
LouisB: checks
UnderGr00ve: bets $3
LouisB: raises $3 to $6
UnderGr00ve: calls $3
*** TURN *** [Qh Jh 7s] [2d]
LouisB: bets $6
UnderGr00ve: folds
Uncalled bet ($6) returned to LouisB
LouisB collected $23.52 from pot
LouisB: doesn't show hand
*** SUMMARY ***
Total pot $24 | Rake $0.48
Board [Qh Jh 7s 2d]
Seat 3: UnderGr00ve (button) (small blind) folded on the Turn
Seat 6: LouisB (big blind) collected ($23.52)


PokerStars Hand #176464339085:  Hold'em Limit ($3/$6 USD) - 2017/10/03 22:01:51 ET
Table 'Rhea' 6-max Seat #6 is the button
Seat 3: UnderGr00ve ($123.74 in chips)
Seat 6: LouisB ($216.78 in chips)
LouisB: posts small blind $1
UnderGr00ve: posts big blind $3
*** HOLE CARDS ***
LouisB: raises $3 to $6
UnderGr00ve: calls $3
*** FLOP *** [8s 2c Jd]
UnderGr00ve: checks
LouisB: bets $3
UnderGr00ve: calls $3
*** TURN *** [8s 2c Jd] [Jc]
UnderGr00ve: checks
LouisB: bets $6
UnderGr00ve: raises $6 to $12
LouisB: calls $6
*** RIVER *** [8s 2c Jd Jc] [6h]
UnderGr00ve: bets $6
LouisB: calls $6
*** SHOW DOWN ***
UnderGr00ve: shows [Ac 9h] (a pair of Jacks)
LouisB: shows [8h Tc] (two pair, Jacks and Eights)
LouisB collected $53.50 from pot
*** SUMMARY ***
Total pot $54 | Rake $0.50
Board [8s 2c Jd Jc 6h]
Seat 3: UnderGr00ve (big blind) showed [Ac 9h] and lost with a pair of Jacks
Seat 6: LouisB (button) (small blind) showed [8h Tc] and won ($53.50) with two pair, Jacks and Eights


PokerStars Hand #176464356726:  Hold'em Limit ($3/$6 USD) - 2017/10/03 22:02:41 ET
Table 'Rhea' 6-max Seat #3 is the button
Seat 3: UnderGr00ve ($85.74 in chips)
Seat 6: LouisB ($253.80 in chips)
UnderGr00ve: posts small blind $1
LouisB: posts big blind $3
*** HOLE CARDS ***
UnderGr00ve: raises $3 to $6
LouisB: folds
Uncalled bet ($3) returned to UnderGr00ve
UnderGr00ve collected $6 from pot
UnderGr00ve: doesn't show hand
*** SUMMARY ***
Total pot $6 | Rake $0
Seat 3: UnderGr00ve (button) (small blind) collected ($6)
Seat 6: LouisB (big blind) folded before Flop


PokerStars Hand #176464362680:  Hold'em Limit ($3/$6 USD) - 2017/10/03 22:02:58 ET
Table 'Rhea' 6-max Seat #3 is the button
Seat 3: UnderGr00ve ($82.74 in chips)
Seat 6: LouisB ($256.56 in chips)
UnderGr00ve: posts small blind $1
LouisB: posts big blind $3
*** HOLE CARDS ***
UnderGr00ve: folds
Uncalled bet ($2) returned to LouisB
LouisB collected $2 from pot
LouisB: doesn't show hand
*** SUMMARY ***
Total pot $2 | Rake $0
Seat 3: UnderGr00ve (button) (small blind) folded before Flop
Seat 6: LouisB (big blind) collected ($2)


PokerStars Hand #176464358864:  Hold'em Limit ($3/$6 USD) - 2017/10/03 22:02:47 ET
Table 'Rhea' 6-max Seat #6 is the button
Seat 3: UnderGr00ve ($88.74 in chips)
Seat 6: LouisB ($250.80 in chips)
LouisB: posts small blind $1
UnderGr00ve: posts big blind $3
*** HOLE CARDS ***
LouisB: raises $3 to $6
UnderGr00ve: calls $3
*** FLOP *** [7s Td Qd]
UnderGr00ve: checks
LouisB: bets $3
UnderGr00ve: folds
Uncalled bet ($3) returned to LouisB
LouisB collected $11.76 from pot
LouisB: doesn't show hand
*** SUMMARY ***
Total pot $12 | Rake $0.24
Board [7s Td Qd]
Seat 3: UnderGr00ve (big blind) folded on the Flop
Seat 6: LouisB (button) (small blind) collected ($11.76)


PokerStars Hand #176464371096:  Hold'em Limit ($3/$6 USD) - 2017/10/03 22:03:22 ET
Table 'Rhea' 6-max Seat #3 is the button
Seat 3: UnderGr00ve ($96.24 in chips)
Seat 6: LouisB ($242.56 in chips)
UnderGr00ve: posts small blind $1
LouisB: posts big blind $3
*** HOLE CARDS ***
UnderGr00ve: raises $3 to $6
LouisB: calls $3
*** FLOP *** [9c Tc 4d]
LouisB: checks
UnderGr00ve: bets $3
LouisB: calls $3
*** TURN *** [9c Tc 4d] [9h]
LouisB: checks
UnderGr00ve: checks
*** RIVER *** [9c Tc 4d 9h] [6h]
LouisB: bets $6
UnderGr00ve: calls $6
*** SHOW DOWN ***
LouisB: shows [4s Qd] (two pair, Nines and Fours)
UnderGr00ve: mucks hand
LouisB collected $29.50 from pot
*** SUMMARY ***
Total pot $30 | Rake $0.50
Board [9c Tc 4d 9h 6h]
Seat 3: UnderGr00ve (button) (small blind) mucked
Seat 6: LouisB (big blind) showed [4s Qd] and won ($29.50) with two pair, Nines and Fours


PokerStars Hand #176464364629:  Hold'em Limit ($3/$6 USD) - 2017/10/03 22:03:03 ET
Table 'Rhea' 6-max Seat #6 is the button
Seat 3: UnderGr00ve ($81.74 in chips)
Seat 6: LouisB ($257.56 in chips)
LouisB: posts small blind $1
UnderGr00ve: posts big blind $3
*** HOLE CARDS ***
LouisB: raises $3 to $6
UnderGr00ve: calls $3
*** FLOP *** [Js 2d 8d]
UnderGr00ve: checks
LouisB: bets $3
UnderGr00ve: calls $3
*** TURN *** [Js 2d 8d] [2c]
UnderGr00ve: checks
LouisB: checks
*** RIVER *** [Js 2d 8d 2c] [4h]
UnderGr00ve: bets $6
LouisB: calls $6
*** SHOW DOWN ***
UnderGr00ve: shows [8s 8h] (a full house, Eights full of Deuces)
LouisB: mucks hand
UnderGr00ve collected $29.50 from pot
*** SUMMARY ***
Total pot $30 | Rake $0.50
Board [Js 2d 8d 2c 4h]
Seat 3: UnderGr00ve (big blind) showed [8s 8h] and won ($29.50) with a full house, Eights full of Deuces
Seat 6: LouisB (button) (small blind) mucked


PokerStars Hand #176464400007:  Hold'em Limit ($3/$6 USD) - 2017/10/03 22:04:29 ET
Table 'Rhea' 6-max Seat #3 is the button
Seat 3: UnderGr00ve ($71.74 in chips)
Seat 6: LouisB ($265.20 in chips)
UnderGr00ve: posts small blind $1
LouisB: posts big blind $3
*** HOLE CARDS ***
UnderGr00ve: raises $3 to $6
LouisB: calls $3
*** FLOP *** [3c 8h Jc]
LouisB: checks
UnderGr00ve: bets $3
LouisB: folds
Uncalled bet ($3) returned to UnderGr00ve
UnderGr00ve collected $11.76 from pot
UnderGr00ve: doesn't show hand
*** SUMMARY ***
Total pot $12 | Rake $0.24
Board [3c 8h Jc]
Seat 3: UnderGr00ve (button) (small blind) collected ($11.76)
Seat 6: LouisB (big blind) folded on the Flop


PokerStars Hand #176464379622:  Hold'em Limit ($3/$6 USD) - 2017/10/03 22:03:46 ET
Table 'Rhea' 6-max Seat #6 is the button
Seat 3: UnderGr00ve ($81.24 in chips)
Seat 6: LouisB ($257.06 in chips)
LouisB: posts small blind $1
UnderGr00ve: posts big blind $3
*** HOLE CARDS ***
LouisB: raises $3 to $6
UnderGr00ve: calls $3
*** FLOP *** [Kd 2h 6s]
UnderGr00ve: checks
LouisB: bets $3
UnderGr00ve: calls $3
*** TURN *** [Kd 2h 6s] [4h]
UnderGr00ve: checks
LouisB: bets $6
UnderGr00ve: calls $6
*** RIVER *** [Kd 2h 6s 4h] [7d]
UnderGr00ve: checks
LouisB: checks
*** SHOW DOWN ***
UnderGr00ve: shows [Ad 5d] (high card Ace)
LouisB: shows [5c 5h] (a pair of Fives)
LouisB collected $29.50 from pot
*** SUMMARY ***
Total pot $30 | Rake $0.50
Board [Kd 2h 6s 4h 7d]
Seat 3: UnderGr00ve (big blind) showed [Ad 5d] and lost with high card Ace
Seat 6: LouisB (button) (small blind) showed [5c 5h] and won ($29.50) with a pair of Fives


PokerStars Hand #176464389763:  Hold'em Limit ($3/$6 USD) - 2017/10/03 22:04:15 ET
Table 'Rhea' 6-max Seat #6 is the button
Seat 3: UnderGr00ve ($80.74 in chips)
Seat 6: LouisB ($256.56 in chips)
LouisB: posts small blind $1
UnderGr00ve: posts big blind $3
*** HOLE CARDS ***
LouisB: raises $3 to $6
UnderGr00ve: calls $3
*** FLOP *** [2s 7h Qd]
UnderGr00ve: checks
LouisB: bets $3
UnderGr00ve: calls $3
*** TURN *** [2s 7h Qd] [2h]
UnderGr00ve: checks
LouisB: bets $6
UnderGr00ve: folds
Uncalled bet ($6) returned to LouisB
LouisB collected $17.64 from pot
LouisB: doesn't show hand
*** SUMMARY ***
Total pot $18 | Rake $0.36
Board [2s 7h Qd 2h]
Seat 3: UnderGr00ve (big blind) folded on the Turn
Seat 6: LouisB (button) (small blind) collected ($17.64)


PokerStars Hand #176464385030:  Hold'em Limit ($3/$6 USD) - 2017/10/03 22:04:01 ET
Table 'Rhea' 6-max Seat #3 is the button
Seat 3: UnderGr00ve ($66.24 in chips)
Seat 6: LouisB ($271.56 in chips)
UnderGr00ve: posts small blind $1
LouisB: posts big blind $3
*** HOLE CARDS ***
UnderGr00ve: raises $3 to $6
LouisB: raises $3 to $9
UnderGr00ve: calls $3
*** FLOP *** [As 6d 8c]
LouisB: bets $3
UnderGr00ve: raises $3 to $6
LouisB: calls $3
*** TURN *** [As 6d 8c] [6h]
LouisB: checks
UnderGr00ve: bets $6
LouisB: folds
Uncalled bet ($6) returned to UnderGr00ve
UnderGr00ve collected $29.50 from pot
UnderGr00ve: doesn't show hand
*** SUMMARY ***
Total pot $30 | Rake $0.50
Board [As 6d 8c 6h]
Seat 3: UnderGr00ve (button) (small blind) collected ($29.50)
Seat 6: LouisB (big blind) folded on the Turn


PokerStars Hand #176464424417:  Hold'em Limit ($3/$6 USD) - 2017/10/03 22:05:38 ET
Table 'Rhea' 6-max Seat #3 is the button
Seat 3: UnderGr00ve ($66.67 in chips)
Seat 6: LouisB ($297.20 in chips)
UnderGr00ve: posts small blind $1
LouisB: posts big blind $3
*** HOLE CARDS ***
UnderGr00ve: folds
Uncalled bet ($2) returned to LouisB
LouisB collected $2 from pot
LouisB: doesn't show hand
*** SUMMARY ***
Total pot $2 | Rake $0
Seat 3: UnderGr00ve (button) (small blind) folded before Flop
Seat 6: LouisB (big blind) collected ($2)


PokerStars Hand #176464417730:  Hold'em Limit ($3/$6 USD) - 2017/10/03 22:05:19 ET
Table 'Rhea' 6-max Seat #6 is the button
Seat 3: UnderGr00ve ($81.67 in chips)
Seat 6: LouisB ($282.70 in chips)
LouisB: posts small blind $1
UnderGr00ve: posts big blind $3
*** HOLE CARDS ***
LouisB: raises $3 to $6
UnderGr00ve: calls $3
*** FLOP *** [6d Th 2h]
UnderGr00ve: checks
LouisB: bets $3
UnderGr00ve: calls $3
*** TURN *** [6d Th 2h] [Ks]
UnderGr00ve: checks
LouisB: bets $6
UnderGr00ve: calls $6
*** RIVER *** [6d Th 2h Ks] [Jh]
UnderGr00ve: checks
LouisB: checks
*** SHOW DOWN ***
UnderGr00ve: shows [4c 5c] (high card King)
LouisB: shows [Ac 7d] (high card Ace)
LouisB collected $29.50 from pot
*** SUMMARY ***
Total pot $30 | Rake $0.50
Board [6d Th 2h Ks Jh]
Seat 3: UnderGr00ve (big blind) showed [4c 5c] and lost with high card King
Seat 6: LouisB (button) (small blind) showed [Ac 7d] and won ($29.50) with high card Ace


PokerStars Hand #176464411548:  Hold'em Limit ($3/$6 USD) - 2017/10/03 22:05:02 ET
Table 'Rhea' 6-max Seat #3 is the button
Seat 3: UnderGr00ve ($47.50 in chips)
Seat 6: LouisB ($288.70 in chips)
UnderGr00ve: posts small blind $1
LouisB: posts big blind $3
*** HOLE CARDS ***
UnderGr00ve: raises $3 to $6
LouisB: calls $3
*** FLOP *** [9h 5h As]
LouisB: checks
UnderGr00ve: checks
*** TURN *** [9h 5h As] [2s]
LouisB: checks
UnderGr00ve: bets $6
LouisB: folds
Uncalled bet ($6) returned to UnderGr00ve
UnderGr00ve collected $11.76 from pot
UnderGr00ve: doesn't show hand
*** SUMMARY ***
Total pot $12 | Rake $0.24
Board [9h 5h As 2s]
Seat 3: UnderGr00ve (button) (small blind) collected ($11.76)
Seat 6: LouisB (big blind) folded on the Turn


PokerStars Hand #176464403806:  Hold'em Limit ($3/$6 USD) - 2017/10/03 22:04:40 ET
Table 'Rhea' 6-max Seat #6 is the button
Seat 3: UnderGr00ve ($77.50 in chips)
Seat 6: LouisB ($259.20 in chips)
LouisB: posts small blind $1
UnderGr00ve: posts big blind $3
*** HOLE CARDS ***
LouisB: raises $3 to $6
UnderGr00ve: calls $3
*** FLOP *** [8s 3s 9d]
UnderGr00ve: bets $3
LouisB: raises $3 to $6
UnderGr00ve: calls $3
*** TURN *** [8s 3s 9d] [Kd]
UnderGr00ve: bets $6
LouisB: raises $6 to $12
UnderGr00ve: calls $6
*** RIVER *** [8s 3s 9d Kd] [7c]
UnderGr00ve: checks
LouisB: bets $6
UnderGr00ve: calls $6
*** SHOW DOWN ***
LouisB: shows [9c 9h] (three of a kind, Nines)
UnderGr00ve: mucks hand
LouisB collected $59.50 from pot
*** SUMMARY ***
Total pot $60 | Rake $0.50
Board [8s 3s 9d Kd 7c]
Seat 3: UnderGr00ve (big blind) mucked
Seat 6: LouisB (button) (small blind) showed [9c 9h] and won ($59.50) with three of a kind, Nines


PokerStars Hand #176464426298:  Hold'em Limit ($3/$6 USD) - 2017/10/03 22:05:44 ET
Table 'Rhea' 6-max Seat #6 is the button
Seat 3: UnderGr00ve ($65.67 in chips)
Seat 6: LouisB ($298.20 in chips)
LouisB: posts small blind $1
UnderGr00ve: posts big blind $3
*** HOLE CARDS ***
LouisB: folds
Uncalled bet ($2) returned to UnderGr00ve
UnderGr00ve collected $2 from pot
UnderGr00ve: doesn't show hand
*** SUMMARY ***
Total pot $2 | Rake $0
Seat 3: UnderGr00ve (big blind) collected ($2)
Seat 6: LouisB (button) (small blind) folded before Flop


PokerStars Hand #176464428059:  Hold'em Limit ($3/$6 USD) - 2017/10/03 22:05:48 ET
Table 'Rhea' 6-max Seat #3 is the button
Seat 3: UnderGr00ve ($66.67 in chips)
Seat 6: LouisB ($297.20 in chips)
UnderGr00ve: posts small blind $1
LouisB: posts big blind $3
*** HOLE CARDS ***
UnderGr00ve: raises $3 to $6
LouisB: calls $3
*** FLOP *** [6d 6c Td]
LouisB: checks
UnderGr00ve: bets $3
LouisB: folds
Uncalled bet ($3) returned to UnderGr00ve
UnderGr00ve collected $11.76 from pot
UnderGr00ve: doesn't show hand
*** SUMMARY ***
Total pot $12 | Rake $0.24
Board [6d 6c Td]
Seat 3: UnderGr00ve (button) (small blind) collected ($11.76)
Seat 6: LouisB (big blind) folded on the Flop


PokerStars Hand #176464431355:  Hold'em Limit ($3/$6 USD) - 2017/10/03 22:05:58 ET
Table 'Rhea' 6-max Seat #6 is the button
Seat 3: UnderGr00ve ($72.43 in chips)
Seat 6: LouisB ($291.20 in chips)
LouisB: posts small blind $1
UnderGr00ve: posts big blind $3
*** HOLE CARDS ***
LouisB: raises $3 to $6
UnderGr00ve: calls $3
*** FLOP *** [2c Ts 3s]
UnderGr00ve: bets $3
LouisB: raises $3 to $6
UnderGr00ve: raises $3 to $9
LouisB: calls $3
*** TURN *** [2c Ts 3s] [Ks]
UnderGr00ve: bets $6
LouisB: calls $6
*** RIVER *** [2c Ts 3s Ks] [3h]
UnderGr00ve: bets $6
LouisB: raises $6 to $12
play4uron joins the table at seat #5
UnderGr00ve: calls $6
*** SHOW DOWN ***
LouisB: shows [3c Jc] (three of a kind, Threes)
UnderGr00ve: mucks hand
LouisB collected $65.50 from pot
*** SUMMARY ***
Total pot $66 | Rake $0.50
Board [2c Ts 3s Ks 3h]
Seat 3: UnderGr00ve (big blind) mucked
Seat 6: LouisB (button) (small blind) showed [3c Jc] and won ($65.50) with three of a kind, Threes


PokerStars Hand #176464485892:  Hold'em Limit ($3/$6 USD) - 2017/10/03 22:08:33 ET
Table 'Rhea' 6-max Seat #5 is the button
Seat 3: UnderGr00ve ($74.91 in chips)
Seat 5: play4uron ($118.43 in chips)
play4uron: posts small blind $1
LouisB: is sitting out
UnderGr00ve: posts big blind $3
*** HOLE CARDS ***
play4uron: folds
Uncalled bet ($2) returned to UnderGr00ve
UnderGr00ve collected $2 from pot
UnderGr00ve: doesn't show hand
*** SUMMARY ***
Total pot $2 | Rake $0
Seat 3: UnderGr00ve (big blind) collected ($2)
Seat 5: play4uron (button) (small blind) folded before Flop


PokerStars Hand #176470084274:  Hold'em Limit ($3/$6 USD) - 2017/10/04 4:09:28 ET
Table 'Rhea' 6-max Seat #3 is the button
Seat 3: Anchig ($87.54 in chips)
Seat 6: Georges181 ($18 in chips)
Timas57 will be allowed to play after the button
Anchig: posts small blind $1
Agrotait: is sitting out
Georges181: posts big blind $3
*** HOLE CARDS ***
Anchig: raises $3 to $6
Agrotait leaves the table
Georges181: folds
Uncalled bet ($3) returned to Anchig
Anchig collected $6 from pot
Anchig: doesn't show hand
*** SUMMARY ***
Total pot $6 | Rake $0
Seat 3: Anchig (button) (small blind) collected ($6)
Seat 6: Georges181 (big blind) folded before Flop


PokerStars Hand #176471868272:  Hold'em Limit ($3/$6 USD) - 2017/10/04 5:46:36 ET
Table 'Rhea' 6-max Seat #4 is the button
Seat 4: scorpio04 ($222.16 in chips)
Seat 6: Georges181 ($20.78 in chips)
vtiger will be allowed to play after the button
scorpio04: posts small blind $1
Georges181: posts big blind $3
*** HOLE CARDS ***
scorpio04: raises $3 to $6
Georges181: calls $3
*** FLOP *** [Qc Ts Kd]
Georges181: checks
scorpio04: bets $3
Georges181: calls $3
*** TURN *** [Qc Ts Kd] [8s]
Georges181: checks
scorpio04: bets $6
Georges181: folds
Uncalled bet ($6) returned to scorpio04
scorpio04 collected $17.64 from pot
scorpio04: doesn't show hand
*** SUMMARY ***
Total pot $18 | Rake $0.36
Board [Qc Ts Kd 8s]
Seat 4: scorpio04 (button) (small blind) collected ($17.64)
Seat 6: Georges181 (big blind) folded on the Turn


PokerStars Hand #176472053317:  Hold'em Limit ($3/$6 USD) - 2017/10/04 5:55:45 ET
Table 'Rhea' 6-max Seat #2 is the button
Seat 2: vtiger ($202.63 in chips)
Seat 4: scorpio04 ($158.64 in chips)
vtiger: posts small blind $1
scorpio04: posts big blind $3
*** HOLE CARDS ***
vtiger: folds
Uncalled bet ($2) returned to scorpio04
scorpio04 collected $2 from pot
scorpio04: doesn't show hand
*** SUMMARY ***
Total pot $2 | Rake $0
Seat 2: vtiger (button) (small blind) folded before Flop
Seat 4: scorpio04 (big blind) collected ($2)


PokerStars Hand #176472051058:  Hold'em Limit ($3/$6 USD) - 2017/10/04 5:55:37 ET
Table 'Rhea' 6-max Seat #4 is the button
Seat 2: vtiger ($205.63 in chips)
Seat 4: scorpio04 ($155.64 in chips)
scorpio04: posts small blind $1
vtiger: posts big blind $3
*** HOLE CARDS ***
scorpio04: raises $3 to $6
vtiger: folds
Uncalled bet ($3) returned to scorpio04
scorpio04 collected $6 from pot
scorpio04: doesn't show hand
*** SUMMARY ***
Total pot $6 | Rake $0
Seat 2: vtiger (big blind) folded before Flop
Seat 4: scorpio04 (button) (small blind) collected ($6)


PokerStars Hand #176472054865:  Hold'em Limit ($3/$6 USD) - 2017/10/04 5:55:50 ET
Table 'Rhea' 6-max Seat #4 is the button
Seat 2: vtiger ($201.63 in chips)
Seat 4: scorpio04 ($159.64 in chips)
scorpio04: posts small blind $1
vtiger: posts big blind $3
*** HOLE CARDS ***
scorpio04: raises $3 to $6
vtiger: calls $3
*** FLOP *** [5h 5s As]
vtiger: checks
scorpio04: bets $3
vtiger: folds
Uncalled bet ($3) returned to scorpio04
scorpio04 collected $11.76 from pot
scorpio04: doesn't show hand
*** SUMMARY ***
Total pot $12 | Rake $0.24
Board [5h 5s As]
Seat 2: vtiger (big blind) folded on the Flop
Seat 4: scorpio04 (button) (small blind) collected ($11.76)


