PokerStars Hand #146672142314:  Hold'em Limit ($3/$6 USD) - 2016/01/08 6:55:11 ET
Table 'Rhea II' 2-max Seat #2 is the button
Seat 1: knysi ($32.61 in chips)
Seat 2: josch2001 ($147 in chips)
knysi is disconnected
josch2001: posts small blind $1
knysi is connected
knysi: posts big blind $3
*** HOLE CARDS ***
josch2001: raises $3 to $6
knysi: calls $3
*** FLOP *** [Ah 6d 8c]
knysi: checks
josch2001: bets $3
knysi: calls $3
*** TURN *** [Ah 6d 8c] [7s]
knysi: checks
josch2001: bets $6
knysi: calls $6
*** RIVER *** [Ah 6d 8c 7s] [5s]
knysi: checks
josch2001: bets $6
knysi: folds
Uncalled bet ($6) returned to josch2001
josch2001 collected $29.50 from pot
josch2001: doesn't show hand
*** SUMMARY ***
Total pot $30 | Rake $0.50
Board [Ah 6d 8c 7s 5s]
Seat 1: knysi (big blind) folded on the River
Seat 2: josch2001 (button) (small blind) collected ($29.50)


PokerStars Hand #146672172293:  Hold'em Limit ($3/$6 USD) - 2016/01/08 6:56:09 ET
Table 'Rhea II' 2-max Seat #1 is the button
Seat 1: knysi ($34.47 in chips)
Seat 2: josch2001 ($143.64 in chips)
knysi: posts small blind $1
josch2001: posts big blind $3
*** HOLE CARDS ***
knysi: raises $3 to $6
josch2001: raises $3 to $9
knysi: raises $3 to $12
Betting is capped
josch2001: calls $3
*** FLOP *** [2s 4d 7d]
josch2001: checks
knysi: bets $3
josch2001: calls $3
*** TURN *** [2s 4d 7d] [Ah]
josch2001: checks
knysi: bets $6
josch2001: calls $6
*** RIVER *** [2s 4d 7d Ah] [2d]
josch2001: bets $6
knysi: raises $6 to $12
josch2001: calls $6
*** SHOW DOWN ***
knysi: shows [Ac Kd] (two pair, Aces and Deuces)
josch2001: mucks hand
knysi collected $65.50 from pot
*** SUMMARY ***
Total pot $66 | Rake $0.50
Board [2s 4d 7d Ah 2d]
Seat 1: knysi (button) (small blind) showed [Ac Kd] and won ($65.50) with two pair, Aces and Deuces
Seat 2: josch2001 (big blind) mucked


PokerStars Hand #146672164667:  Hold'em Limit ($3/$6 USD) - 2016/01/08 6:55:55 ET
Table 'Rhea II' 2-max Seat #2 is the button
Seat 1: knysi ($34.72 in chips)
Seat 2: josch2001 ($143.89 in chips)
josch2001: posts small blind $1
knysi: posts big blind $3
*** HOLE CARDS ***
josch2001: raises $3 to $6
knysi: calls $3
*** FLOP *** [As Ac Ah]
knysi: checks
josch2001: bets $3
knysi: calls $3
*** TURN *** [As Ac Ah] [Kh]
knysi: checks
josch2001: bets $6
knysi: calls $6
*** RIVER *** [As Ac Ah Kh] [6h]
knysi: checks
josch2001: checks
*** SHOW DOWN ***
knysi: shows [7h Tc] (three of a kind, Aces)
josch2001: shows [9c Td] (three of a kind, Aces)
knysi collected $14.75 from pot
josch2001 collected $14.75 from pot
*** SUMMARY ***
Total pot $30 | Rake $0.50
Board [As Ac Ah Kh 6h]
Seat 1: knysi (big blind) showed [7h Tc] and won ($14.75) with three of a kind, Aces
Seat 2: josch2001 (button) (small blind) showed [9c Td] and won ($14.75) with three of a kind, Aces


PokerStars Hand #146672156846:  Hold'em Limit ($3/$6 USD) - 2016/01/08 6:55:39 ET
Table 'Rhea II' 2-max Seat #1 is the button
Seat 1: knysi ($17.61 in chips)
Seat 2: josch2001 ($161.50 in chips)
knysi: posts small blind $1
josch2001: posts big blind $3
*** HOLE CARDS ***
knysi: raises $3 to $6
josch2001: calls $3
*** FLOP *** [4c 4s Ac]
josch2001: checks
knysi: checks
*** TURN *** [4c 4s Ac] [8c]
josch2001: bets $6
knysi: raises $5.61 to $11.61 and is all-in
josch2001: calls $5.61
*** RIVER *** [4c 4s Ac 8c] [6d]
*** SHOW DOWN ***
josch2001: shows [7s Kd] (a pair of Fours)
knysi: shows [Js As] (two pair, Aces and Fours)
knysi collected $34.72 from pot
*** SUMMARY ***
Total pot $35.22 | Rake $0.50
Board [4c 4s Ac 8c 6d]
Seat 1: knysi (button) (small blind) showed [Js As] and won ($34.72) with two pair, Aces and Fours
Seat 2: josch2001 (big blind) showed [7s Kd] and lost with a pair of Fours


PokerStars Hand #146672190737:  Hold'em Limit ($3/$6 USD) - 2016/01/08 6:56:46 ET
Table 'Rhea II' 2-max Seat #1 is the button
Seat 1: knysi ($75.61 in chips)
Seat 2: josch2001 ($101.64 in chips)
knysi: posts small blind $1
josch2001: posts big blind $3
*** HOLE CARDS ***
knysi: raises $3 to $6
josch2001: calls $3
*** FLOP *** [3d 9c Kd]
josch2001: checks
knysi: bets $3
josch2001: folds
Uncalled bet ($3) returned to knysi
knysi collected $11.76 from pot
knysi: doesn't show hand
*** SUMMARY ***
Total pot $12 | Rake $0.24
Board [3d 9c Kd]
Seat 1: knysi (button) (small blind) collected ($11.76)
Seat 2: josch2001 (big blind) folded on the Flop


PokerStars Hand #146672183824:  Hold'em Limit ($3/$6 USD) - 2016/01/08 6:56:32 ET
Table 'Rhea II' 2-max Seat #2 is the button
Seat 1: knysi ($66.97 in chips)
Seat 2: josch2001 ($110.64 in chips)
josch2001: posts small blind $1
knysi: posts big blind $3
*** HOLE CARDS ***
josch2001: raises $3 to $6
knysi: calls $3
*** FLOP *** [8h Ac 9c]
knysi: checks
josch2001: bets $3
knysi: calls $3
*** TURN *** [8h Ac 9c] [Ah]
knysi: checks
josch2001: checks
*** RIVER *** [8h Ac 9c Ah] [Kc]
knysi: bets $6
josch2001: folds
Uncalled bet ($6) returned to knysi
knysi collected $17.64 from pot
knysi: doesn't show hand
*** SUMMARY ***
Total pot $18 | Rake $0.36
Board [8h Ac 9c Ah Kc]
Seat 1: knysi (big blind) collected ($17.64)
Seat 2: josch2001 (button) (small blind) folded on the River


PokerStars Hand #146672208841:  Hold'em Limit ($3/$6 USD) - 2016/01/08 6:57:21 ET
Table 'Rhea II' 2-max Seat #2 is the button
Seat 1: knysi ($92.87 in chips)
Seat 2: josch2001 ($83.28 in chips)
josch2001: posts small blind $1
knysi: posts big blind $3
*** HOLE CARDS ***
josch2001: raises $3 to $6
knysi: calls $3
*** FLOP *** [9h 7s 3h]
knysi: checks
josch2001: bets $3
knysi: calls $3
*** TURN *** [9h 7s 3h] [Ah]
knysi: checks
josch2001: bets $6
knysi: folds
Uncalled bet ($6) returned to josch2001
josch2001 collected $17.64 from pot
josch2001: doesn't show hand
*** SUMMARY ***
Total pot $18 | Rake $0.36
Board [9h 7s 3h Ah]
Seat 1: knysi (big blind) folded on the Turn
Seat 2: josch2001 (button) (small blind) collected ($17.64)


PokerStars Hand #146672204857:  Hold'em Limit ($3/$6 USD) - 2016/01/08 6:57:13 ET
Table 'Rhea II' 2-max Seat #1 is the button
Seat 1: knysi ($101.87 in chips)
Seat 2: josch2001 ($74.64 in chips)
knysi: posts small blind $1
josch2001: posts big blind $3
*** HOLE CARDS ***
knysi: raises $3 to $6
josch2001: raises $3 to $9
knysi: calls $3
*** FLOP *** [Ad 5c Tc]
josch2001: bets $3
knysi: folds
Uncalled bet ($3) returned to josch2001
josch2001 collected $17.64 from pot
josch2001: doesn't show hand
*** SUMMARY ***
Total pot $18 | Rake $0.36
Board [Ad 5c Tc]
Seat 1: knysi (button) (small blind) folded on the Flop
Seat 2: josch2001 (big blind) collected ($17.64)


PokerStars Hand #146672194521:  Hold'em Limit ($3/$6 USD) - 2016/01/08 6:56:53 ET
Table 'Rhea II' 2-max Seat #2 is the button
Seat 1: knysi ($81.37 in chips)
Seat 2: josch2001 ($95.64 in chips)
josch2001: posts small blind $1
knysi: posts big blind $3
*** HOLE CARDS ***
josch2001: raises $3 to $6
knysi: calls $3
*** FLOP *** [5d 6d 4h]
knysi: checks
josch2001: bets $3
knysi: calls $3
*** TURN *** [5d 6d 4h] [As]
knysi: checks
josch2001: bets $6
knysi: calls $6
*** RIVER *** [5d 6d 4h As] [2s]
knysi: checks
josch2001: bets $6
knysi: raises $6 to $12
josch2001: folds
Uncalled bet ($6) returned to knysi
knysi collected $41.50 from pot
knysi: doesn't show hand
*** SUMMARY ***
Total pot $42 | Rake $0.50
Board [5d 6d 4h As 2s]
Seat 1: knysi (big blind) collected ($41.50)
Seat 2: josch2001 (button) (small blind) folded on the River


PokerStars Hand #146672214696:  Hold'em Limit ($3/$6 USD) - 2016/01/08 6:57:32 ET
Table 'Rhea II' 2-max Seat #1 is the button
Seat 1: knysi ($83.87 in chips)
Seat 2: josch2001 ($91.92 in chips)
knysi: posts small blind $1
josch2001: posts big blind $3
*** HOLE CARDS ***
knysi: raises $3 to $6
josch2001: raises $3 to $9
knysi: calls $3
*** FLOP *** [6h 4c Kd]
josch2001: bets $3
knysi: calls $3
*** TURN *** [6h 4c Kd] [8c]
josch2001: bets $6
knysi: calls $6
*** RIVER *** [6h 4c Kd 8c] [4d]
josch2001: bets $6
knysi: folds
Uncalled bet ($6) returned to josch2001
josch2001 collected $35.50 from pot
josch2001: doesn't show hand
*** SUMMARY ***
Total pot $36 | Rake $0.50
Board [6h 4c Kd 8c 4d]
Seat 1: knysi (button) (small blind) folded on the River
Seat 2: josch2001 (big blind) collected ($35.50)


PokerStars Hand #146672238041:  Hold'em Limit ($3/$6 USD) - 2016/01/08 6:58:18 ET
Table 'Rhea II' 2-max Seat #1 is the button
Seat 1: knysi ($88.01 in chips)
Seat 2: josch2001 ($86.42 in chips)
knysi: posts small blind $1
josch2001: posts big blind $3
*** HOLE CARDS ***
knysi: folds
Uncalled bet ($2) returned to josch2001
josch2001 collected $2 from pot
josch2001: doesn't show hand
*** SUMMARY ***
Total pot $2 | Rake $0
Seat 1: knysi (button) (small blind) folded before Flop
Seat 2: josch2001 (big blind) collected ($2)


PokerStars Hand #146672231420:  Hold'em Limit ($3/$6 USD) - 2016/01/08 6:58:05 ET
Table 'Rhea II' 2-max Seat #2 is the button
Seat 1: knysi ($73.51 in chips)
Seat 2: josch2001 ($101.42 in chips)
josch2001: posts small blind $1
knysi: posts big blind $3
*** HOLE CARDS ***
josch2001: raises $3 to $6
knysi: calls $3
*** FLOP *** [Ad 7h 3s]
knysi: checks
josch2001: bets $3
knysi: calls $3
*** TURN *** [Ad 7h 3s] [6s]
knysi: checks
josch2001: bets $6
knysi: raises $6 to $12
josch2001: folds
Uncalled bet ($6) returned to knysi
knysi collected $29.50 from pot
knysi: doesn't show hand
*** SUMMARY ***
Total pot $30 | Rake $0.50
Board [Ad 7h 3s 6s]
Seat 1: knysi (big blind) collected ($29.50)
Seat 2: josch2001 (button) (small blind) folded on the Turn


PokerStars Hand #146672229196:  Hold'em Limit ($3/$6 USD) - 2016/01/08 6:58:00 ET
Table 'Rhea II' 2-max Seat #1 is the button
Seat 1: knysi ($74.51 in chips)
Seat 2: josch2001 ($100.42 in chips)
knysi: posts small blind $1
josch2001: posts big blind $3
*** HOLE CARDS ***
knysi: folds
Uncalled bet ($2) returned to josch2001
josch2001 collected $2 from pot
josch2001: doesn't show hand
*** SUMMARY ***
Total pot $2 | Rake $0
Seat 1: knysi (button) (small blind) folded before Flop
Seat 2: josch2001 (big blind) collected ($2)


PokerStars Hand #146672221956:  Hold'em Limit ($3/$6 USD) - 2016/01/08 6:57:46 ET
Table 'Rhea II' 2-max Seat #2 is the button
Seat 1: knysi ($65.87 in chips)
Seat 2: josch2001 ($109.42 in chips)
josch2001: posts small blind $1
knysi: posts big blind $3
*** HOLE CARDS ***
josch2001: raises $3 to $6
knysi: calls $3
*** FLOP *** [2c 7d 8s]
knysi: checks
josch2001: bets $3
knysi: calls $3
*** TURN *** [2c 7d 8s] [Ad]
knysi: checks
josch2001: checks
*** RIVER *** [2c 7d 8s Ad] [6s]
knysi: bets $6
josch2001: folds
Uncalled bet ($6) returned to knysi
knysi collected $17.64 from pot
knysi: doesn't show hand
*** SUMMARY ***
Total pot $18 | Rake $0.36
Board [2c 7d 8s Ad 6s]
Seat 1: knysi (big blind) collected ($17.64)
Seat 2: josch2001 (button) (small blind) folded on the River


PokerStars Hand #146672267999:  Hold'em Limit ($3/$6 USD) - 2016/01/08 6:59:16 ET
Table 'Rhea II' 2-max Seat #2 is the button
Seat 1: knysi ($100.51 in chips)
Seat 2: josch2001 ($73.42 in chips)
josch2001: posts small blind $1
knysi: posts big blind $3
*** HOLE CARDS ***
josch2001: raises $3 to $6
knysi: folds
Uncalled bet ($3) returned to josch2001
josch2001 collected $6 from pot
josch2001: doesn't show hand
*** SUMMARY ***
Total pot $6 | Rake $0
Seat 1: knysi (big blind) folded before Flop
Seat 2: josch2001 (button) (small blind) collected ($6)


PokerStars Hand #146672264124:  Hold'em Limit ($3/$6 USD) - 2016/01/08 6:59:08 ET
Table 'Rhea II' 2-max Seat #1 is the button
Seat 1: knysi ($101.51 in chips)
Seat 2: josch2001 ($72.42 in chips)
knysi: posts small blind $1
josch2001: posts big blind $3
*** HOLE CARDS ***
knysi: folds
Uncalled bet ($2) returned to josch2001
josch2001 collected $2 from pot
josch2001: doesn't show hand
*** SUMMARY ***
Total pot $2 | Rake $0
Seat 1: knysi (button) (small blind) folded before Flop
Seat 2: josch2001 (big blind) collected ($2)


PokerStars Hand #146672240193:  Hold'em Limit ($3/$6 USD) - 2016/01/08 6:58:22 ET
Table 'Rhea II' 2-max Seat #2 is the button
Seat 1: knysi ($87.01 in chips)
Seat 2: josch2001 ($87.42 in chips)
josch2001: posts small blind $1
knysi: posts big blind $3
*** HOLE CARDS ***
josch2001: raises $3 to $6
knysi: calls $3
*** FLOP *** [6s 8h 5d]
knysi: checks
josch2001: bets $3
knysi is disconnected
knysi is connected
knysi: calls $3
*** TURN *** [6s 8h 5d] [Qh]
knysi: checks
josch2001: bets $6
knysi: raises $6 to $12
josch2001: folds
Uncalled bet ($6) returned to knysi
knysi collected $29.50 from pot
knysi: doesn't show hand
*** SUMMARY ***
Total pot $30 | Rake $0.50
Board [6s 8h 5d Qh]
Seat 1: knysi (big blind) collected ($29.50)
Seat 2: josch2001 (button) (small blind) folded on the Turn


PokerStars Hand #146672276366:  Hold'em Limit ($3/$6 USD) - 2016/01/08 6:59:32 ET
Table 'Rhea II' 2-max Seat #1 is the button
Seat 1: knysi ($97.51 in chips)
Seat 2: josch2001 ($76.42 in chips)
knysi: posts small blind $1
josch2001: posts big blind $3
*** HOLE CARDS ***
knysi: folds
Uncalled bet ($2) returned to josch2001
josch2001 collected $2 from pot
josch2001: doesn't show hand
*** SUMMARY ***
Total pot $2 | Rake $0
Seat 1: knysi (button) (small blind) folded before Flop
Seat 2: josch2001 (big blind) collected ($2)


PokerStars Hand #146672279136:  Hold'em Limit ($3/$6 USD) - 2016/01/08 6:59:38 ET
Table 'Rhea II' 2-max Seat #2 is the button
Seat 1: knysi ($96.51 in chips)
Seat 2: josch2001 ($77.42 in chips)
josch2001: posts small blind $1
knysi: posts big blind $3
*** HOLE CARDS ***
josch2001: raises $3 to $6
knysi: calls $3
*** FLOP *** [Kd Th 9s]
knysi: checks
josch2001: bets $3
knysi: calls $3
*** TURN *** [Kd Th 9s] [Ac]
knysi: checks
josch2001: bets $6
knysi: folds
Uncalled bet ($6) returned to josch2001
josch2001 collected $17.64 from pot
josch2001: doesn't show hand
knysi leaves the table
*** SUMMARY ***
Total pot $18 | Rake $0.36
Board [Kd Th 9s Ac]
Seat 1: knysi (big blind) folded on the Turn
Seat 2: josch2001 (button) (small blind) collected ($17.64)


PokerStars Hand #146672658937:  Hold'em Limit ($3/$6 USD) - 2016/01/08 7:10:21 ET
Table 'Rhea II' 2-max Seat #1 is the button
Seat 1: Ultrafranke ($102.26 in chips)
Seat 2: josch2001 ($191.52 in chips)
Ultrafranke: posts small blind $1
josch2001: posts big blind $3
*** HOLE CARDS ***
Ultrafranke: raises $3 to $6
josch2001: calls $3
*** FLOP *** [2d 7d Jc]
josch2001: checks
Ultrafranke: bets $3
josch2001: folds
Uncalled bet ($3) returned to Ultrafranke
Ultrafranke collected $11.76 from pot
Ultrafranke: doesn't show hand
*** SUMMARY ***
Total pot $12 | Rake $0.24
Board [2d 7d Jc]
Seat 1: Ultrafranke (button) (small blind) collected ($11.76)
Seat 2: josch2001 (big blind) folded on the Flop


PokerStars Hand #146672654077:  Hold'em Limit ($3/$6 USD) - 2016/01/08 7:10:13 ET
Table 'Rhea II' 2-max Seat #2 is the button
Seat 1: Ultrafranke ($108.26 in chips)
Seat 2: josch2001 ($185.76 in chips)
josch2001: posts small blind $1
Ultrafranke: posts big blind $3
*** HOLE CARDS ***
josch2001: raises $3 to $6
Ultrafranke: calls $3
*** FLOP *** [Kd 6h 8s]
Ultrafranke: checks
josch2001: bets $3
Ultrafranke: folds
Uncalled bet ($3) returned to josch2001
josch2001 collected $11.76 from pot
josch2001: doesn't show hand
*** SUMMARY ***
Total pot $12 | Rake $0.24
Board [Kd 6h 8s]
Seat 1: Ultrafranke (big blind) folded on the Flop
Seat 2: josch2001 (button) (small blind) collected ($11.76)


PokerStars Hand #146672644398:  Hold'em Limit ($3/$6 USD) - 2016/01/08 7:09:57 ET
Table 'Rhea II' 2-max Seat #1 is the button
Seat 1: Ultrafranke ($126.26 in chips)
Seat 2: josch2001 ($168.26 in chips)
Ultrafranke: posts small blind $1
josch2001: posts big blind $3
*** HOLE CARDS ***
Ultrafranke: raises $3 to $6
josch2001: calls $3
*** FLOP *** [8d 2c Td]
josch2001: checks
Ultrafranke: checks
*** TURN *** [8d 2c Td] [Qh]
josch2001: bets $6
Ultrafranke: calls $6
*** RIVER *** [8d 2c Td Qh] [Qs]
josch2001: bets $6
Ultrafranke: calls $6
*** SHOW DOWN ***
josch2001: shows [Tc 9d] (two pair, Queens and Tens)
Ultrafranke: mucks hand
josch2001 collected $35.50 from pot
*** SUMMARY ***
Total pot $36 | Rake $0.50
Board [8d 2c Td Qh Qs]
Seat 1: Ultrafranke (button) (small blind) mucked
Seat 2: josch2001 (big blind) showed [Tc 9d] and won ($35.50) with two pair, Queens and Tens


PokerStars Hand #146672639063:  Hold'em Limit ($3/$6 USD) - 2016/01/08 7:09:48 ET
Table 'Rhea II' 2-max Seat #2 is the button
Seat 1: Ultrafranke ($132.26 in chips)
Seat 2: josch2001 ($162.50 in chips)
josch2001: posts small blind $1
Ultrafranke: posts big blind $3
*** HOLE CARDS ***
josch2001: raises $3 to $6
Ultrafranke: calls $3
*** FLOP *** [Qd Ac 7h]
Ultrafranke: checks
josch2001: bets $3
Ultrafranke: folds
Uncalled bet ($3) returned to josch2001
josch2001 collected $11.76 from pot
josch2001: doesn't show hand
*** SUMMARY ***
Total pot $12 | Rake $0.24
Board [Qd Ac 7h]
Seat 1: Ultrafranke (big blind) folded on the Flop
Seat 2: josch2001 (button) (small blind) collected ($11.76)


PokerStars Hand #146672629141:  Hold'em Limit ($3/$6 USD) - 2016/01/08 7:09:32 ET
Table 'Rhea II' 2-max Seat #1 is the button
Seat 1: Ultrafranke ($126.50 in chips)
Seat 2: josch2001 ($168.50 in chips)
Ultrafranke: posts small blind $1
josch2001: posts big blind $3
*** HOLE CARDS ***
Ultrafranke: raises $3 to $6
josch2001: calls $3
*** FLOP *** [6d Kh Qs]
josch2001: checks
Ultrafranke: checks
*** TURN *** [6d Kh Qs] [Qh]
josch2001: checks
Ultrafranke: bets $6
josch2001: folds
Uncalled bet ($6) returned to Ultrafranke
Ultrafranke collected $11.76 from pot
Ultrafranke: doesn't show hand
*** SUMMARY ***
Total pot $12 | Rake $0.24
Board [6d Kh Qs Qh]
Seat 1: Ultrafranke (button) (small blind) collected ($11.76)
Seat 2: josch2001 (big blind) folded on the Turn


PokerStars Hand #146672680180:  Hold'em Limit ($3/$6 USD) - 2016/01/08 7:10:56 ET
Table 'Rhea II' 2-max Seat #1 is the button
Seat 1: Ultrafranke ($109.66 in chips)
Seat 2: josch2001 ($183.28 in chips)
Ultrafranke: posts small blind $1
josch2001: posts big blind $3
*** HOLE CARDS ***
Ultrafranke: raises $3 to $6
josch2001: calls $3
*** FLOP *** [3h 8d Qd]
josch2001: checks
Ultrafranke: bets $3
josch2001: calls $3
*** TURN *** [3h 8d Qd] [Th]
josch2001: checks
Ultrafranke: checks
*** RIVER *** [3h 8d Qd Th] [6h]
josch2001: checks
Ultrafranke: bets $6
josch2001: calls $6
*** SHOW DOWN ***
Ultrafranke: shows [Tc 5s] (a pair of Tens)
josch2001: mucks hand
Ultrafranke collected $29.50 from pot
*** SUMMARY ***
Total pot $30 | Rake $0.50
Board [3h 8d Qd Th 6h]
Seat 1: Ultrafranke (button) (small blind) showed [Tc 5s] and won ($29.50) with a pair of Tens
Seat 2: josch2001 (big blind) mucked


PokerStars Hand #146672688650:  Hold'em Limit ($3/$6 USD) - 2016/01/08 7:11:10 ET
Table 'Rhea II' 2-max Seat #2 is the button
Seat 1: Ultrafranke ($124.16 in chips)
Seat 2: josch2001 ($168.28 in chips)
josch2001: posts small blind $1
Ultrafranke: posts big blind $3
*** HOLE CARDS ***
josch2001: raises $3 to $6
Ultrafranke: calls $3
*** FLOP *** [4h 7c 2d]
Ultrafranke: bets $3
josch2001: calls $3
*** TURN *** [4h 7c 2d] [4s]
Ultrafranke: bets $6
josch2001: folds
Uncalled bet ($6) returned to Ultrafranke
Ultrafranke collected $17.64 from pot
Ultrafranke: doesn't show hand
*** SUMMARY ***
Total pot $18 | Rake $0.36
Board [4h 7c 2d 4s]
Seat 1: Ultrafranke (big blind) collected ($17.64)
Seat 2: josch2001 (button) (small blind) folded on the Turn


PokerStars Hand #146672672442:  Hold'em Limit ($3/$6 USD) - 2016/01/08 7:10:43 ET
Table 'Rhea II' 2-max Seat #1 is the button
Seat 1: Ultrafranke ($116.66 in chips)
Seat 2: josch2001 ($176.52 in chips)
Ultrafranke: posts small blind $1
josch2001: posts big blind $3
*** HOLE CARDS ***
Ultrafranke: folds
Uncalled bet ($2) returned to josch2001
josch2001 collected $2 from pot
josch2001: doesn't show hand
*** SUMMARY ***
Total pot $2 | Rake $0
Seat 1: Ultrafranke (button) (small blind) folded before Flop
Seat 2: josch2001 (big blind) collected ($2)


PokerStars Hand #146672663778:  Hold'em Limit ($3/$6 USD) - 2016/01/08 7:10:29 ET
Table 'Rhea II' 2-max Seat #2 is the button
Seat 1: Ultrafranke ($108.02 in chips)
Seat 2: josch2001 ($185.52 in chips)
josch2001: posts small blind $1
Ultrafranke: posts big blind $3
*** HOLE CARDS ***
josch2001: raises $3 to $6
Ultrafranke: calls $3
*** FLOP *** [6d Jh 7s]
Ultrafranke: bets $3
josch2001: calls $3
*** TURN *** [6d Jh 7s] [Jc]
Ultrafranke: bets $6
josch2001: folds
Uncalled bet ($6) returned to Ultrafranke
Ultrafranke collected $17.64 from pot
Ultrafranke: doesn't show hand
*** SUMMARY ***
Total pot $18 | Rake $0.36
Board [6d Jh 7s Jc]
Seat 1: Ultrafranke (big blind) collected ($17.64)
Seat 2: josch2001 (button) (small blind) folded on the Turn


PokerStars Hand #146672675174:  Hold'em Limit ($3/$6 USD) - 2016/01/08 7:10:48 ET
Table 'Rhea II' 2-max Seat #2 is the button
Seat 1: Ultrafranke ($115.66 in chips)
Seat 2: josch2001 ($177.52 in chips)
josch2001: posts small blind $1
Ultrafranke: posts big blind $3
*** HOLE CARDS ***
josch2001: raises $3 to $6
Ultrafranke: calls $3
*** FLOP *** [7c Kh 6d]
Ultrafranke: checks
josch2001: bets $3
Ultrafranke: folds
Uncalled bet ($3) returned to josch2001
josch2001 collected $11.76 from pot
josch2001: doesn't show hand
*** SUMMARY ***
Total pot $12 | Rake $0.24
Board [7c Kh 6d]
Seat 1: Ultrafranke (big blind) folded on the Flop
Seat 2: josch2001 (button) (small blind) collected ($11.76)


PokerStars Hand #146672705003:  Hold'em Limit ($3/$6 USD) - 2016/01/08 7:11:37 ET
Table 'Rhea II' 2-max Seat #2 is the button
Seat 1: Ultrafranke ($120.80 in chips)
Seat 2: josch2001 ($170.80 in chips)
josch2001: posts small blind $1
Ultrafranke: posts big blind $3
*** HOLE CARDS ***
josch2001: raises $3 to $6
Ultrafranke: calls $3
*** FLOP *** [Ah Qh Ts]
Ultrafranke: checks
josch2001: bets $3
Ultrafranke: calls $3
*** TURN *** [Ah Qh Ts] [2c]
Ultrafranke: checks
josch2001: bets $6
Ultrafranke: calls $6
*** RIVER *** [Ah Qh Ts 2c] [4h]
Ultrafranke: checks
josch2001: bets $6
Ultrafranke: folds
Uncalled bet ($6) returned to josch2001
josch2001 collected $29.50 from pot
josch2001: doesn't show hand
*** SUMMARY ***
Total pot $30 | Rake $0.50
Board [Ah Qh Ts 2c 4h]
Seat 1: Ultrafranke (big blind) folded on the River
Seat 2: josch2001 (button) (small blind) collected ($29.50)


PokerStars Hand #146672729543:  Hold'em Limit ($3/$6 USD) - 2016/01/08 7:12:18 ET
Table 'Rhea II' 2-max Seat #1 is the button
Seat 1: Ultrafranke ($102.56 in chips)
Seat 2: josch2001 ($187.94 in chips)
Ultrafranke: posts small blind $1
josch2001: posts big blind $3
*** HOLE CARDS ***
Ultrafranke: folds
Uncalled bet ($2) returned to josch2001
josch2001 collected $2 from pot
josch2001: doesn't show hand
*** SUMMARY ***
Total pot $2 | Rake $0
Seat 1: Ultrafranke (button) (small blind) folded before Flop
Seat 2: josch2001 (big blind) collected ($2)


PokerStars Hand #146672718264:  Hold'em Limit ($3/$6 USD) - 2016/01/08 7:11:59 ET
Table 'Rhea II' 2-max Seat #2 is the button
Seat 1: Ultrafranke ($111.56 in chips)
Seat 2: josch2001 ($179.30 in chips)
josch2001: posts small blind $1
Ultrafranke: posts big blind $3
*** HOLE CARDS ***
josch2001: raises $3 to $6
Ultrafranke: calls $3
*** FLOP *** [3h Ad 9h]
Ultrafranke: bets $3
josch2001: calls $3
*** TURN *** [3h Ad 9h] [Ks]
Ultrafranke: checks
josch2001: bets $6
Ultrafranke: folds
Uncalled bet ($6) returned to josch2001
josch2001 collected $17.64 from pot
josch2001: doesn't show hand
*** SUMMARY ***
Total pot $18 | Rake $0.36
Board [3h Ad 9h Ks]
Seat 1: Ultrafranke (big blind) folded on the Turn
Seat 2: josch2001 (button) (small blind) collected ($17.64)


PokerStars Hand #146672713310:  Hold'em Limit ($3/$6 USD) - 2016/01/08 7:11:51 ET
Table 'Rhea II' 2-max Seat #1 is the button
Seat 1: Ultrafranke ($105.80 in chips)
Seat 2: josch2001 ($185.30 in chips)
Ultrafranke: posts small blind $1
josch2001: posts big blind $3
*** HOLE CARDS ***
Ultrafranke: raises $3 to $6
josch2001: calls $3
*** FLOP *** [Js Jd Qc]
josch2001: checks
Ultrafranke: bets $3
josch2001: folds
Uncalled bet ($3) returned to Ultrafranke
Ultrafranke collected $11.76 from pot
Ultrafranke: doesn't show hand
*** SUMMARY ***
Total pot $12 | Rake $0.24
Board [Js Jd Qc]
Seat 1: Ultrafranke (button) (small blind) collected ($11.76)
Seat 2: josch2001 (big blind) folded on the Flop


PokerStars Hand #146672695893:  Hold'em Limit ($3/$6 USD) - 2016/01/08 7:11:22 ET
Table 'Rhea II' 2-max Seat #1 is the button
Seat 1: Ultrafranke ($132.80 in chips)
Seat 2: josch2001 ($159.28 in chips)
Ultrafranke: posts small blind $1
josch2001: posts big blind $3
*** HOLE CARDS ***
Ultrafranke: raises $3 to $6
josch2001: raises $3 to $9
Ultrafranke: calls $3
*** FLOP *** [Ks Qh Ad]
josch2001: bets $3
Ultrafranke: calls $3
*** TURN *** [Ks Qh Ad] [3d]
josch2001: checks
Ultrafranke: checks
*** RIVER *** [Ks Qh Ad 3d] [3s]
josch2001: bets $6
Ultrafranke: folds
Uncalled bet ($6) returned to josch2001
josch2001 collected $23.52 from pot
josch2001: doesn't show hand
*** SUMMARY ***
Total pot $24 | Rake $0.48
Board [Ks Qh Ad 3d 3s]
Seat 1: Ultrafranke (button) (small blind) folded on the River
Seat 2: josch2001 (big blind) collected ($23.52)


PokerStars Hand #146672760001:  Hold'em Limit ($3/$6 USD) - 2016/01/08 7:13:08 ET
Table 'Rhea II' 2-max Seat #1 is the button
Seat 1: Ultrafranke ($113.72 in chips)
Seat 2: josch2001 ($175.70 in chips)
Ultrafranke: posts small blind $1
josch2001: posts big blind $3
*** HOLE CARDS ***
Ultrafranke: raises $3 to $6
josch2001: calls $3
*** FLOP *** [Ad 6c 4s]
josch2001: checks
Ultrafranke: bets $3
josch2001: calls $3
*** TURN *** [Ad 6c 4s] [4h]
josch2001: checks
Ultrafranke: checks
*** RIVER *** [Ad 6c 4s 4h] [Kd]
josch2001: bets $6
Ultrafranke: calls $6
*** SHOW DOWN ***
josch2001: shows [Jc 8s] (a pair of Fours)
Ultrafranke: shows [Kc Qc] (two pair, Kings and Fours)
Ultrafranke collected $29.50 from pot
*** SUMMARY ***
Total pot $30 | Rake $0.50
Board [Ad 6c 4s 4h Kd]
Seat 1: Ultrafranke (button) (small blind) showed [Kc Qc] and won ($29.50) with two pair, Kings and Fours
Seat 2: josch2001 (big blind) showed [Jc 8s] and lost with a pair of Fours


PokerStars Hand #146672767615:  Hold'em Limit ($3/$6 USD) - 2016/01/08 7:13:21 ET
Table 'Rhea II' 2-max Seat #2 is the button
Seat 1: Ultrafranke ($128.22 in chips)
Seat 2: josch2001 ($160.70 in chips)
josch2001: posts small blind $1
Ultrafranke: posts big blind $3
*** HOLE CARDS ***
josch2001: raises $3 to $6
Ultrafranke: calls $3
*** FLOP *** [2s 9h 7c]
Ultrafranke: checks
josch2001: bets $3
Ultrafranke: calls $3
*** TURN *** [2s 9h 7c] [Ts]
Ultrafranke: checks
josch2001: checks
*** RIVER *** [2s 9h 7c Ts] [Th]
Ultrafranke: bets $6
josch2001: folds
Uncalled bet ($6) returned to Ultrafranke
Ultrafranke collected $17.64 from pot
Ultrafranke: doesn't show hand
*** SUMMARY ***
Total pot $18 | Rake $0.36
Board [2s 9h 7c Ts Th]
Seat 1: Ultrafranke (big blind) collected ($17.64)
Seat 2: josch2001 (button) (small blind) folded on the River


PokerStars Hand #146672755435:  Hold'em Limit ($3/$6 USD) - 2016/01/08 7:13:01 ET
Table 'Rhea II' 2-max Seat #2 is the button
Seat 1: Ultrafranke ($119.72 in chips)
Seat 2: josch2001 ($169.94 in chips)
josch2001: posts small blind $1
Ultrafranke: posts big blind $3
*** HOLE CARDS ***
josch2001: raises $3 to $6
Ultrafranke: calls $3
*** FLOP *** [3d Ad Jd]
Ultrafranke: checks
josch2001: bets $3
Ultrafranke: folds
Uncalled bet ($3) returned to josch2001
josch2001 collected $11.76 from pot
josch2001: doesn't show hand
*** SUMMARY ***
Total pot $12 | Rake $0.24
Board [3d Ad Jd]
Seat 1: Ultrafranke (big blind) folded on the Flop
Seat 2: josch2001 (button) (small blind) collected ($11.76)


PokerStars Hand #146672752525:  Hold'em Limit ($3/$6 USD) - 2016/01/08 7:12:56 ET
Table 'Rhea II' 2-max Seat #1 is the button
Seat 1: Ultrafranke ($120.72 in chips)
Seat 2: josch2001 ($168.94 in chips)
Ultrafranke: posts small blind $1
josch2001: posts big blind $3
*** HOLE CARDS ***
Ultrafranke: folds
Uncalled bet ($2) returned to josch2001
josch2001 collected $2 from pot
josch2001: doesn't show hand
*** SUMMARY ***
Total pot $2 | Rake $0
Seat 1: Ultrafranke (button) (small blind) folded before Flop
Seat 2: josch2001 (big blind) collected ($2)


PokerStars Hand #146672747420:  Hold'em Limit ($3/$6 USD) - 2016/01/08 7:12:48 ET
Table 'Rhea II' 2-max Seat #2 is the button
Seat 1: Ultrafranke ($112.08 in chips)
Seat 2: josch2001 ($177.94 in chips)
josch2001: posts small blind $1
Ultrafranke: posts big blind $3
*** HOLE CARDS ***
josch2001: raises $3 to $6
Ultrafranke: raises $3 to $9
josch2001: calls $3
*** FLOP *** [3s 9c Jd]
Ultrafranke: bets $3
josch2001: folds
Uncalled bet ($3) returned to Ultrafranke
Ultrafranke collected $17.64 from pot
Ultrafranke: doesn't show hand
*** SUMMARY ***
Total pot $18 | Rake $0.36
Board [3s 9c Jd]
Seat 1: Ultrafranke (big blind) collected ($17.64)
Seat 2: josch2001 (button) (small blind) folded on the Flop


PokerStars Hand #146672744802:  Hold'em Limit ($3/$6 USD) - 2016/01/08 7:12:43 ET
Table 'Rhea II' 2-max Seat #1 is the button
Seat 1: Ultrafranke ($113.08 in chips)
Seat 2: josch2001 ($176.94 in chips)
Ultrafranke: posts small blind $1
josch2001: posts big blind $3
*** HOLE CARDS ***
Ultrafranke: folds
Uncalled bet ($2) returned to josch2001
josch2001 collected $2 from pot
josch2001: doesn't show hand
*** SUMMARY ***
Total pot $2 | Rake $0
Seat 1: Ultrafranke (button) (small blind) folded before Flop
Seat 2: josch2001 (big blind) collected ($2)


PokerStars Hand #146672732120:  Hold'em Limit ($3/$6 USD) - 2016/01/08 7:12:22 ET
Table 'Rhea II' 2-max Seat #2 is the button
Seat 1: Ultrafranke ($101.56 in chips)
Seat 2: josch2001 ($188.94 in chips)
josch2001: posts small blind $1
Ultrafranke: posts big blind $3
*** HOLE CARDS ***
josch2001: raises $3 to $6
Ultrafranke: calls $3
*** FLOP *** [Kc 8s 2c]
Ultrafranke: checks
josch2001: bets $3
Ultrafranke: raises $3 to $6
josch2001: calls $3
*** TURN *** [Kc 8s 2c] [Qs]
Ultrafranke: checks
josch2001: checks
*** RIVER *** [Kc 8s 2c Qs] [9d]
Ultrafranke: bets $6
josch2001: folds
Uncalled bet ($6) returned to Ultrafranke
Ultrafranke collected $23.52 from pot
Ultrafranke: doesn't show hand
*** SUMMARY ***
Total pot $24 | Rake $0.48
Board [Kc 8s 2c Qs 9d]
Seat 1: Ultrafranke (big blind) collected ($23.52)
Seat 2: josch2001 (button) (small blind) folded on the River


PokerStars Hand #146672777781:  Hold'em Limit ($3/$6 USD) - 2016/01/08 7:13:38 ET
Table 'Rhea II' 2-max Seat #2 is the button
Seat 1: Ultrafranke ($135.86 in chips)
Seat 2: josch2001 ($152.70 in chips)
josch2001: posts small blind $1
Ultrafranke: posts big blind $3
*** HOLE CARDS ***
josch2001: raises $3 to $6
Ultrafranke: calls $3
*** FLOP *** [5d 6d 9s]
Ultrafranke: checks
josch2001: bets $3
Ultrafranke: calls $3
*** TURN *** [5d 6d 9s] [2s]
Ultrafranke: checks
josch2001: bets $6
Ultrafranke: calls $6
*** RIVER *** [5d 6d 9s 2s] [7d]
Ultrafranke: checks
josch2001: checks
*** SHOW DOWN ***
Ultrafranke: shows [Ts 6s] (a pair of Sixes)
josch2001: mucks hand
Ultrafranke collected $29.50 from pot
*** SUMMARY ***
Total pot $30 | Rake $0.50
Board [5d 6d 9s 2s 7d]
Seat 1: Ultrafranke (big blind) showed [Ts 6s] and won ($29.50) with a pair of Sixes
Seat 2: josch2001 (button) (small blind) mucked


PokerStars Hand #146672775083:  Hold'em Limit ($3/$6 USD) - 2016/01/08 7:13:34 ET
Table 'Rhea II' 2-max Seat #1 is the button
Seat 1: Ultrafranke ($136.86 in chips)
Seat 2: josch2001 ($151.70 in chips)
Ultrafranke: posts small blind $1
josch2001: posts big blind $3
*** HOLE CARDS ***
Ultrafranke: folds
Uncalled bet ($2) returned to josch2001
josch2001 collected $2 from pot
josch2001: doesn't show hand
*** SUMMARY ***
Total pot $2 | Rake $0
Seat 1: Ultrafranke (button) (small blind) folded before Flop
Seat 2: josch2001 (big blind) collected ($2)


