PokerStars Hand #146529905094:  Hold'em Limit ($3/$6 USD) - 2016/01/05 16:22:48 ET
Table 'Rhesus' 2-max Seat #1 is the button
Seat 1: cepzorr ($15.19 in chips)
Seat 2: dragon1893 ($201 in chips)
cepzorr: posts small blind $1
dragon1893: posts big blind $3
*** HOLE CARDS ***
cepzorr: raises $3 to $6
dragon1893: calls $3
*** FLOP *** [Ad 5s 6c]
dragon1893: checks
cepzorr: bets $3
dragon1893: raises $3 to $6
cepzorr: raises $3 to $9
dragon1893: raises $3 to $12
Betting is capped
cepzorr: calls $0.19 and is all-in
Uncalled bet ($2.81) returned to dragon1893
*** TURN *** [Ad 5s 6c] [8c]
*** RIVER *** [Ad 5s 6c 8c] [8h]
*** SHOW DOWN ***
dragon1893: shows [6h 5h] (two pair, Eights and Sixes)
cepzorr: shows [8s Ah] (a full house, Eights full of Aces)
cepzorr collected $29.88 from pot
*** SUMMARY ***
Total pot $30.38 | Rake $0.50
Board [Ad 5s 6c 8c 8h]
Seat 1: cepzorr (button) (small blind) showed [8s Ah] and won ($29.88) with a full house, Eights full of Aces
Seat 2: dragon1893 (big blind) showed [6h 5h] and lost with two pair, Eights and Sixes


PokerStars Hand #146529887579:  Hold'em Limit ($3/$6 USD) - 2016/01/05 16:22:31 ET
Table 'Rhesus' 2-max Seat #2 is the button
Seat 1: cepzorr ($48.19 in chips)
Seat 2: dragon1893 ($168.50 in chips)
dragon1893: posts small blind $1
cepzorr: posts big blind $3
*** HOLE CARDS ***
dragon1893: raises $3 to $6
cepzorr: calls $3
*** FLOP *** [2d 9h 5h]
cepzorr: bets $3
dragon1893: calls $3
*** TURN *** [2d 9h 5h] [4c]
cepzorr: bets $6
dragon1893: raises $6 to $12
cepzorr: raises $6 to $18
dragon1893: calls $6
*** RIVER *** [2d 9h 5h 4c] [9d]
cepzorr: bets $6
dragon1893: calls $6
*** SHOW DOWN ***
cepzorr: shows [4h 6h] (two pair, Nines and Fours)
dragon1893: shows [Kd Kh] (two pair, Kings and Nines)
dragon1893 collected $65.50 from pot
*** SUMMARY ***
Total pot $66 | Rake $0.50
Board [2d 9h 5h 4c 9d]
Seat 1: cepzorr (big blind) showed [4h 6h] and lost with two pair, Nines and Fours
Seat 2: dragon1893 (button) (small blind) showed [Kd Kh] and won ($65.50) with two pair, Kings and Nines


PokerStars Hand #146529882736:  Hold'em Limit ($3/$6 USD) - 2016/01/05 16:22:26 ET
Table 'Rhesus' 2-max Seat #1 is the button
Seat 1: cepzorr ($49.19 in chips)
Seat 2: dragon1893 ($167.50 in chips)
cepzorr: posts small blind $1
dragon1893: posts big blind $3
*** HOLE CARDS ***
cepzorr: folds
Uncalled bet ($2) returned to dragon1893
dragon1893 collected $2 from pot
dragon1893: doesn't show hand
*** SUMMARY ***
Total pot $2 | Rake $0
Seat 1: cepzorr (button) (small blind) folded before Flop
Seat 2: dragon1893 (big blind) collected ($2)


PokerStars Hand #146529974004:  Hold'em Limit ($3/$6 USD) - 2016/01/05 16:23:54 ET
Table 'Rhesus' 2-max Seat #1 is the button
Seat 1: cepzorr ($40.80 in chips)
Seat 2: dragon1893 ($173.33 in chips)
cepzorr: posts small blind $1
dragon1893: posts big blind $3
*** HOLE CARDS ***
cepzorr: folds
Uncalled bet ($2) returned to dragon1893
dragon1893 collected $2 from pot
dragon1893: doesn't show hand
*** SUMMARY ***
Total pot $2 | Rake $0
Seat 1: cepzorr (button) (small blind) folded before Flop
Seat 2: dragon1893 (big blind) collected ($2)


PokerStars Hand #146529963726:  Hold'em Limit ($3/$6 USD) - 2016/01/05 16:23:44 ET
Table 'Rhesus' 2-max Seat #2 is the button
Seat 1: cepzorr ($32.16 in chips)
Seat 2: dragon1893 ($182.33 in chips)
dragon1893: posts small blind $1
cepzorr: posts big blind $3
*** HOLE CARDS ***
dragon1893: raises $3 to $6
cepzorr: calls $3
*** FLOP *** [5c 3h Qd]
cepzorr: bets $3
dragon1893: calls $3
*** TURN *** [5c 3h Qd] [6c]
cepzorr: bets $6
dragon1893: folds
Uncalled bet ($6) returned to cepzorr
cepzorr collected $17.64 from pot
cepzorr: doesn't show hand
*** SUMMARY ***
Total pot $18 | Rake $0.36
Board [5c 3h Qd 6c]
Seat 1: cepzorr (big blind) collected ($17.64)
Seat 2: dragon1893 (button) (small blind) folded on the Turn


PokerStars Hand #146529949435:  Hold'em Limit ($3/$6 USD) - 2016/01/05 16:23:30 ET
Table 'Rhesus' 2-max Seat #1 is the button
Seat 1: cepzorr ($44.16 in chips)
Seat 2: dragon1893 ($170.81 in chips)
cepzorr: posts small blind $1
dragon1893: posts big blind $3
*** HOLE CARDS ***
cepzorr: raises $3 to $6
dragon1893: calls $3
*** FLOP *** [2h 4h Ts]
dragon1893: checks
cepzorr: checks
*** TURN *** [2h 4h Ts] [Ks]
dragon1893: checks
cepzorr: checks
*** RIVER *** [2h 4h Ts Ks] [6c]
dragon1893: checks
cepzorr: bets $6
dragon1893: calls $6
*** SHOW DOWN ***
cepzorr: shows [6s Qh] (a pair of Sixes)
dragon1893: shows [As 6d] (a pair of Sixes - Ace kicker)
dragon1893 collected $23.52 from pot
*** SUMMARY ***
Total pot $24 | Rake $0.48
Board [2h 4h Ts Ks 6c]
Seat 1: cepzorr (button) (small blind) showed [6s Qh] and lost with a pair of Sixes
Seat 2: dragon1893 (big blind) showed [As 6d] and won ($23.52) with a pair of Sixes


PokerStars Hand #146529932232:  Hold'em Limit ($3/$6 USD) - 2016/01/05 16:23:14 ET
Table 'Rhesus' 2-max Seat #1 is the button
Seat 1: cepzorr ($38.52 in chips)
Seat 2: dragon1893 ($176.81 in chips)
cepzorr: posts small blind $1
dragon1893: posts big blind $3
*** HOLE CARDS ***
cepzorr: raises $3 to $6
dragon1893: calls $3
*** FLOP *** [Ah 3c 3h]
dragon1893: checks
cepzorr: bets $3
dragon1893: calls $3
*** TURN *** [Ah 3c 3h] [4d]
dragon1893: checks
cepzorr: bets $6
dragon1893: folds
Uncalled bet ($6) returned to cepzorr
cepzorr collected $17.64 from pot
cepzorr: doesn't show hand
*** SUMMARY ***
Total pot $18 | Rake $0.36
Board [Ah 3c 3h 4d]
Seat 1: cepzorr (button) (small blind) collected ($17.64)
Seat 2: dragon1893 (big blind) folded on the Turn


PokerStars Hand #146529921072:  Hold'em Limit ($3/$6 USD) - 2016/01/05 16:23:03 ET
Table 'Rhesus' 2-max Seat #2 is the button
Seat 1: cepzorr ($29.88 in chips)
Seat 2: dragon1893 ($185.81 in chips)
dragon1893: posts small blind $1
cepzorr: posts big blind $3
*** HOLE CARDS ***
dragon1893: raises $3 to $6
cepzorr: calls $3
*** FLOP *** [2s 5s Jh]
cepzorr: bets $3
dragon1893: calls $3
*** TURN *** [2s 5s Jh] [Kd]
cepzorr: bets $6
dragon1893: folds
Uncalled bet ($6) returned to cepzorr
cepzorr collected $17.64 from pot
cepzorr: doesn't show hand
*** SUMMARY ***
Total pot $18 | Rake $0.36
Board [2s 5s Jh Kd]
Seat 1: cepzorr (big blind) collected ($17.64)
Seat 2: dragon1893 (button) (small blind) folded on the Turn


PokerStars Hand #146530041107:  Hold'em Limit ($3/$6 USD) - 2016/01/05 16:24:59 ET
Table 'Rhesus' 2-max Seat #1 is the button
Seat 1: cepzorr ($29.82 in chips)
Seat 2: dragon1893 ($196.90 in chips)
cepzorr: posts small blind $1
dragon1893: posts big blind $3
*** HOLE CARDS ***
cepzorr: raises $3 to $6
dragon1893: calls $3
*** FLOP *** [Qs 4s Ks]
dragon1893: checks
cepzorr: bets $3
dragon1893: folds
Uncalled bet ($3) returned to cepzorr
cepzorr collected $11.76 from pot
cepzorr: doesn't show hand
*** SUMMARY ***
Total pot $12 | Rake $0.24
Board [Qs 4s Ks]
Seat 1: cepzorr (button) (small blind) collected ($11.76)
Seat 2: dragon1893 (big blind) folded on the Flop


PokerStars Hand #146530026971:  Hold'em Limit ($3/$6 USD) - 2016/01/05 16:24:45 ET
Table 'Rhesus' 2-max Seat #2 is the button
Seat 1: cepzorr ($62.82 in chips)
Seat 2: dragon1893 ($164.40 in chips)
dragon1893: posts small blind $1
cepzorr: posts big blind $3
*** HOLE CARDS ***
dragon1893: raises $3 to $6
cepzorr: calls $3
*** FLOP *** [5s 8c Ah]
cepzorr: bets $3
dragon1893: calls $3
*** TURN *** [5s 8c Ah] [7h]
cepzorr: bets $6
dragon1893: raises $6 to $12
cepzorr: calls $6
*** RIVER *** [5s 8c Ah 7h] [Js]
cepzorr: bets $6
dragon1893: raises $6 to $12
cepzorr: calls $6
*** SHOW DOWN ***
dragon1893: shows [Jd 8d] (two pair, Jacks and Eights)
cepzorr: mucks hand
dragon1893 collected $65.50 from pot
*** SUMMARY ***
Total pot $66 | Rake $0.50
Board [5s 8c Ah 7h Js]
Seat 1: cepzorr (big blind) mucked
Seat 2: dragon1893 (button) (small blind) showed [Jd 8d] and won ($65.50) with two pair, Jacks and Eights


PokerStars Hand #146530015335:  Hold'em Limit ($3/$6 USD) - 2016/01/05 16:24:34 ET
Table 'Rhesus' 2-max Seat #1 is the button
Seat 1: cepzorr ($71.82 in chips)
Seat 2: dragon1893 ($155.76 in chips)
cepzorr: posts small blind $1
dragon1893: posts big blind $3
*** HOLE CARDS ***
cepzorr: raises $3 to $6
dragon1893: calls $3
*** FLOP *** [2c 6s Js]
dragon1893: checks
cepzorr: bets $3
dragon1893: raises $3 to $6
cepzorr: folds
Uncalled bet ($3) returned to dragon1893
dragon1893 collected $17.64 from pot
dragon1893: doesn't show hand
*** SUMMARY ***
Total pot $18 | Rake $0.36
Board [2c 6s Js]
Seat 1: cepzorr (button) (small blind) folded on the Flop
Seat 2: dragon1893 (big blind) collected ($17.64)


PokerStars Hand #146530006872:  Hold'em Limit ($3/$6 USD) - 2016/01/05 16:24:26 ET
Table 'Rhesus' 2-max Seat #2 is the button
Seat 1: cepzorr ($77.82 in chips)
Seat 2: dragon1893 ($150 in chips)
dragon1893: posts small blind $1
cepzorr: posts big blind $3
*** HOLE CARDS ***
dragon1893: raises $3 to $6
cepzorr: calls $3
*** FLOP *** [3d Kd 7s]
cepzorr: checks
dragon1893: bets $3
cepzorr: folds
Uncalled bet ($3) returned to dragon1893
dragon1893 collected $11.76 from pot
dragon1893: doesn't show hand
*** SUMMARY ***
Total pot $12 | Rake $0.24
Board [3d Kd 7s]
Seat 1: cepzorr (big blind) folded on the Flop
Seat 2: dragon1893 (button) (small blind) collected ($11.76)


PokerStars Hand #146529993863:  Hold'em Limit ($3/$6 USD) - 2016/01/05 16:24:13 ET
Table 'Rhesus' 2-max Seat #1 is the button
Seat 1: cepzorr ($66.30 in chips)
Seat 2: dragon1893 ($150 in chips)
cepzorr: posts small blind $1
dragon1893: posts big blind $3
*** HOLE CARDS ***
cepzorr: raises $3 to $6
dragon1893: calls $3
*** FLOP *** [9s 4c 8h]
dragon1893: checks
cepzorr: checks
*** TURN *** [9s 4c 8h] [3d]
dragon1893: checks
cepzorr: checks
*** RIVER *** [9s 4c 8h 3d] [8d]
dragon1893: checks
cepzorr: bets $6
dragon1893: calls $6
*** SHOW DOWN ***
cepzorr: shows [Ah Th] (a pair of Eights)
dragon1893: mucks hand
cepzorr collected $23.52 from pot
*** SUMMARY ***
Total pot $24 | Rake $0.48
Board [9s 4c 8h 3d 8d]
Seat 1: cepzorr (button) (small blind) showed [Ah Th] and won ($23.52) with a pair of Eights
Seat 2: dragon1893 (big blind) mucked


PokerStars Hand #146529979316:  Hold'em Limit ($3/$6 USD) - 2016/01/05 16:23:59 ET
Table 'Rhesus' 2-max Seat #2 is the button
Seat 1: cepzorr ($39.80 in chips)
Seat 2: dragon1893 ($174.33 in chips)
dragon1893: posts small blind $1
cepzorr: posts big blind $3
*** HOLE CARDS ***
dragon1893: raises $3 to $6
cepzorr: calls $3
*** FLOP *** [4s 2c Ad]
cepzorr: bets $3
dragon1893: calls $3
*** TURN *** [4s 2c Ad] [Qc]
cepzorr: bets $6
dragon1893: raises $6 to $12
cepzorr: calls $6
*** RIVER *** [4s 2c Ad Qc] [5h]
cepzorr: bets $6
dragon1893: calls $6
*** SHOW DOWN ***
cepzorr: shows [Qh 3d] (a straight, Ace to Five)
dragon1893: mucks hand
cepzorr collected $53.50 from pot
*** SUMMARY ***
Total pot $54 | Rake $0.50
Board [4s 2c Ad Qc 5h]
Seat 1: cepzorr (big blind) showed [Qh 3d] and won ($53.50) with a straight, Ace to Five
Seat 2: dragon1893 (button) (small blind) mucked


PokerStars Hand #146530062303:  Hold'em Limit ($3/$6 USD) - 2016/01/05 16:25:19 ET
Table 'Rhesus' 2-max Seat #1 is the button
Seat 1: cepzorr ($20.58 in chips)
Seat 2: dragon1893 ($205.40 in chips)
cepzorr: posts small blind $1
dragon1893: posts big blind $3
*** HOLE CARDS ***
cepzorr: raises $3 to $6
dragon1893: calls $3
*** FLOP *** [7c 2h Ts]
dragon1893: checks
cepzorr: bets $3
dragon1893: raises $3 to $6
cepzorr: raises $3 to $9
dragon1893: raises $3 to $12
Betting is capped
cepzorr: calls $3
*** TURN *** [7c 2h Ts] [7h]
dragon1893: bets $6
cepzorr: calls $2.58 and is all-in
Uncalled bet ($3.42) returned to dragon1893
*** RIVER *** [7c 2h Ts 7h] [3c]
*** SHOW DOWN ***
dragon1893: shows [2d 2s] (a full house, Deuces full of Sevens)
cepzorr: shows [Ah 9s] (a pair of Sevens)
dragon1893 collected $40.66 from pot
*** SUMMARY ***
Total pot $41.16 | Rake $0.50
Board [7c 2h Ts 7h 3c]
Seat 1: cepzorr (button) (small blind) showed [Ah 9s] and lost with a pair of Sevens
Seat 2: dragon1893 (big blind) showed [2d 2s] and won ($40.66) with a full house, Deuces full of Sevens


PokerStars Hand #146530048589:  Hold'em Limit ($3/$6 USD) - 2016/01/05 16:25:06 ET
Table 'Rhesus' 2-max Seat #2 is the button
Seat 1: cepzorr ($35.58 in chips)
Seat 2: dragon1893 ($190.90 in chips)
dragon1893: posts small blind $1
cepzorr: posts big blind $3
*** HOLE CARDS ***
dragon1893: raises $3 to $6
cepzorr: calls $3
*** FLOP *** [3s 8d 6d]
cepzorr: bets $3
dragon1893: calls $3
*** TURN *** [3s 8d 6d] [Kc]
cepzorr: bets $6
dragon1893: calls $6
*** RIVER *** [3s 8d 6d Kc] [8s]
cepzorr: checks
dragon1893: checks
*** SHOW DOWN ***
cepzorr: shows [Th Qd] (a pair of Eights)
dragon1893: shows [7d 6h] (two pair, Eights and Sixes)
dragon1893 collected $29.50 from pot
*** SUMMARY ***
Total pot $30 | Rake $0.50
Board [3s 8d 6d Kc 8s]
Seat 1: cepzorr (big blind) showed [Th Qd] and lost with a pair of Eights
Seat 2: dragon1893 (button) (small blind) showed [7d 6h] and won ($29.50) with two pair, Eights and Sixes


