PokerStars Hand #153195988075:  Hold'em Limit ($3/$6 USD) - 2016/05/12 4:19:03 ET
Table 'Rhesus' 6-max Seat #4 is the button
Seat 3: D Juice11 ($89.13 in chips)
Seat 4: VolkovDmitri ($121 in chips)
VolkovDmitri: posts small blind $1
D Juice11: posts big blind $3
*** HOLE CARDS ***
VolkovDmitri: raises $3 to $6
belik555 joins the table at seat #2
D Juice11: calls $3
*** FLOP *** [7c Jc Jh]
D Juice11: bets $3
VolkovDmitri: calls $3
*** TURN *** [7c Jc Jh] [3s]
D Juice11: bets $6
VolkovDmitri: calls $6
*** RIVER *** [7c Jc Jh 3s] [Kd]
D Juice11: checks
VolkovDmitri: bets $6
D Juice11: calls $6
*** SHOW DOWN ***
VolkovDmitri: shows [2s Ks] (two pair, Kings and Jacks)
D Juice11: mucks hand
VolkovDmitri collected $41.50 from pot
*** SUMMARY ***
Total pot $42 | Rake $0.50
Board [7c Jc Jh 3s Kd]
Seat 3: D Juice11 (big blind) mucked
Seat 4: VolkovDmitri (button) (small blind) showed [2s Ks] and won ($41.50) with two pair, Kings and Jacks


PokerStars Hand #153195984890:  Hold'em Limit ($3/$6 USD) - 2016/05/12 4:18:53 ET
Table 'Rhesus' 6-max Seat #3 is the button
Seat 3: D Juice11 ($90.13 in chips)
Seat 4: VolkovDmitri ($120 in chips)
D Juice11: posts small blind $1
VolkovDmitri: posts big blind $3
*** HOLE CARDS ***
D Juice11: folds
Uncalled bet ($2) returned to VolkovDmitri
VolkovDmitri collected $2 from pot
VolkovDmitri: doesn't show hand
*** SUMMARY ***
Total pot $2 | Rake $0
Seat 3: D Juice11 (button) (small blind) folded before Flop
Seat 4: VolkovDmitri (big blind) collected ($2)


PokerStars Hand #153195997093:  Hold'em Limit ($3/$6 USD) - 2016/05/12 4:19:32 ET
Table 'Rhesus' 6-max Seat #3 is the button
Seat 3: D Juice11 ($68.13 in chips)
Seat 4: VolkovDmitri ($141.50 in chips)
D Juice11: posts small blind $1
VolkovDmitri: posts big blind $3
*** HOLE CARDS ***
D Juice11: raises $3 to $6
VolkovDmitri: folds
Uncalled bet ($3) returned to D Juice11
D Juice11 collected $6 from pot
D Juice11: doesn't show hand
*** SUMMARY ***
Total pot $6 | Rake $0
Seat 3: D Juice11 (button) (small blind) collected ($6)
Seat 4: VolkovDmitri (big blind) folded before Flop


PokerStars Hand #153196104559:  Hold'em Limit ($3/$6 USD) - 2016/05/12 4:25:07 ET
Table 'Rhesus' 6-max Seat #2 is the button
Seat 2: belik555 ($105.94 in chips)
Seat 6: dobber888 ($58.37 in chips)
belik555: posts small blind $1
dobber888: posts big blind $3
*** HOLE CARDS ***
belik555: raises $3 to $6
dobber888: folds
Uncalled bet ($3) returned to belik555
belik555 collected $6 from pot
belik555: doesn't show hand
*** SUMMARY ***
Total pot $6 | Rake $0
Seat 2: belik555 (button) (small blind) collected ($6)
Seat 6: dobber888 (big blind) folded before Flop


PokerStars Hand #153196071861:  Hold'em Limit ($3/$6 USD) - 2016/05/12 4:23:25 ET
Table 'Rhesus' 6-max Seat #2 is the button
Seat 2: belik555 ($119.94 in chips)
Seat 5: Krazy90 ($120 in chips)
belik555: posts small blind $1
Krazy90: posts big blind $3
*** HOLE CARDS ***
VolkovDmitri leaves the table
belik555: raises $3 to $6
Krazy90: calls $3
*** FLOP *** [8c 4c 9c]
Krazy90: checks
belik555: bets $3
Krazy90: calls $3
*** TURN *** [8c 4c 9c] [6d]
Krazy90: checks
dobber888 joins the table at seat #6
belik555: bets $6
Krazy90: raises $6 to $12
belik555: folds
Uncalled bet ($6) returned to Krazy90
Krazy90 collected $29.50 from pot
Krazy90: doesn't show hand
*** SUMMARY ***
Total pot $30 | Rake $0.50
Board [8c 4c 9c 6d]
Seat 2: belik555 (button) (small blind) folded on the Turn
Seat 5: Krazy90 (big blind) collected ($29.50)


PokerStars Hand #153196120684:  Hold'em Limit ($3/$6 USD) - 2016/05/12 4:25:59 ET
Table 'Rhesus' 6-max Seat #6 is the button
Seat 2: belik555 ($87.94 in chips)
Seat 6: dobber888 ($75.63 in chips)
dobber888: posts small blind $1
belik555: posts big blind $3
*** HOLE CARDS ***
dobber888: folds
Uncalled bet ($2) returned to belik555
dobber888 leaves the table
belik555 collected $2 from pot
belik555: doesn't show hand
*** SUMMARY ***
Total pot $2 | Rake $0
Seat 2: belik555 (big blind) collected ($2)
Seat 6: dobber888 (button) (small blind) folded before Flop


PokerStars Hand #153196113170:  Hold'em Limit ($3/$6 USD) - 2016/05/12 4:25:35 ET
Table 'Rhesus' 6-max Seat #2 is the button
Seat 2: belik555 ($102.94 in chips)
Seat 6: dobber888 ($61.13 in chips)
belik555: posts small blind $1
dobber888: posts big blind $3
*** HOLE CARDS ***
belik555: raises $3 to $6
dobber888: calls $3
*** FLOP *** [8s 3s 2s]
dobber888: checks
belik555: bets $3
dobber888: calls $3
*** TURN *** [8s 3s 2s] [Qd]
dobber888: checks
belik555: bets $6
dobber888: raises $6 to $12
belik555: folds
Uncalled bet ($6) returned to dobber888
dobber888 collected $29.50 from pot
dobber888: doesn't show hand
*** SUMMARY ***
Total pot $30 | Rake $0.50
Board [8s 3s 2s Qd]
Seat 2: belik555 (button) (small blind) folded on the Turn
Seat 6: dobber888 (big blind) collected ($29.50)


PokerStars Hand #153196107987:  Hold'em Limit ($3/$6 USD) - 2016/05/12 4:25:18 ET
Table 'Rhesus' 6-max Seat #6 is the button
Seat 2: belik555 ($108.94 in chips)
Seat 6: dobber888 ($55.37 in chips)
dobber888: posts small blind $1
belik555: posts big blind $3
*** HOLE CARDS ***
dobber888: raises $3 to $6
belik555: calls $3
*** FLOP *** [Ks Ac 8d]
belik555: checks
dobber888: bets $3
belik555: folds
Uncalled bet ($3) returned to dobber888
dobber888 collected $11.76 from pot
dobber888: doesn't show hand
*** SUMMARY ***
Total pot $12 | Rake $0.24
Board [Ks Ac 8d]
Seat 2: belik555 (big blind) folded on the Flop
Seat 6: dobber888 (button) (small blind) collected ($11.76)


PokerStars Hand #153196197317:  Hold'em Limit ($3/$6 USD) - 2016/05/12 4:30:00 ET
Table 'Rhesus' 6-max Seat #2 is the button
Seat 2: belik555 ($72 in chips)
Seat 3: RienoB911 ($80.29 in chips)
belik555: posts small blind $1
RienoB911: posts big blind $3
*** HOLE CARDS ***
belik555: folds
Uncalled bet ($2) returned to RienoB911
RienoB911 collected $2 from pot
RienoB911: doesn't show hand
*** SUMMARY ***
Total pot $2 | Rake $0
Seat 2: belik555 (button) (small blind) folded before Flop
Seat 3: RienoB911 (big blind) collected ($2)


PokerStars Hand #153196188792:  Hold'em Limit ($3/$6 USD) - 2016/05/12 4:29:34 ET
Table 'Rhesus' 6-max Seat #3 is the button
Seat 2: belik555 ($72 in chips)
Seat 3: RienoB911 ($59.79 in chips)
RienoB911: posts small blind $1
belik555: posts big blind $3
*** HOLE CARDS ***
RienoB911: calls $2
belik555: raises $3 to $6
RienoB911: calls $3
*** FLOP *** [6d Kc Kd]
belik555: bets $3
RienoB911: calls $3
*** TURN *** [6d Kc Kd] [8h]
belik555: bets $6
RienoB911: calls $6
*** RIVER *** [6d Kc Kd 8h] [4s]
belik555: bets $6
RienoB911: calls $6
*** SHOW DOWN ***
belik555: shows [Jc 6h] (two pair, Kings and Sixes)
RienoB911: shows [Qd 8c] (two pair, Kings and Eights)
RienoB911 collected $41.50 from pot
*** SUMMARY ***
Total pot $42 | Rake $0.50
Board [6d Kc Kd 8h 4s]
Seat 2: belik555 (big blind) showed [Jc 6h] and lost with two pair, Kings and Sixes
Seat 3: RienoB911 (button) (small blind) showed [Qd 8c] and won ($41.50) with two pair, Kings and Eights


PokerStars Hand #153196180714:  Hold'em Limit ($3/$6 USD) - 2016/05/12 4:29:08 ET
Table 'Rhesus' 6-max Seat #2 is the button
Seat 2: belik555 ($88.94 in chips)
Seat 3: RienoB911 ($36.29 in chips)
belik555: posts small blind $1
RienoB911: posts big blind $3
*** HOLE CARDS ***
belik555: raises $3 to $6
RienoB911: raises $3 to $9
belik555: calls $3
*** FLOP *** [4c Ks 2h]
RienoB911: bets $3
belik555: calls $3
*** TURN *** [4c Ks 2h] [Jd]
RienoB911: bets $6
belik555: calls $6
*** RIVER *** [4c Ks 2h Jd] [As]
RienoB911: bets $6
belik555: calls $6
*** SHOW DOWN ***
RienoB911: shows [Jc 9c] (a pair of Jacks)
belik555: mucks hand
RienoB911 collected $47.50 from pot
*** SUMMARY ***
Total pot $48 | Rake $0.50
Board [4c Ks 2h Jd As]
Seat 2: belik555 (button) (small blind) mucked
Seat 3: RienoB911 (big blind) showed [Jc 9c] and won ($47.50) with a pair of Jacks


PokerStars Hand #153196209394:  Hold'em Limit ($3/$6 USD) - 2016/05/12 4:30:38 ET
Table 'Rhesus' 6-max Seat #2 is the button
Seat 2: belik555 ($86.50 in chips)
Seat 3: RienoB911 ($66.29 in chips)
belik555: posts small blind $1
RienoB911: posts big blind $3
*** HOLE CARDS ***
belik555: raises $3 to $6
RienoB911: raises $3 to $9
belik555: calls $3
*** FLOP *** [Qh 2h Ks]
RienoB911: checks
belik555: checks
*** TURN *** [Qh 2h Ks] [5d]
RienoB911: checks
belik555: checks
*** RIVER *** [Qh 2h Ks 5d] [Kd]
RienoB911: bets $6
belik555: folds
Uncalled bet ($6) returned to RienoB911
RienoB911 collected $17.64 from pot
RienoB911: doesn't show hand
*** SUMMARY ***
Total pot $18 | Rake $0.36
Board [Qh 2h Ks 5d Kd]
Seat 2: belik555 (button) (small blind) folded on the River
Seat 3: RienoB911 (big blind) collected ($17.64)


PokerStars Hand #153196217648:  Hold'em Limit ($3/$6 USD) - 2016/05/12 4:31:04 ET
Table 'Rhesus' 6-max Seat #2 is the button
Seat 2: belik555 ($78.50 in chips)
Seat 3: RienoB911 ($73.93 in chips)
belik555: posts small blind $1
RienoB911: posts big blind $3
*** HOLE CARDS ***
belik555: raises $3 to $6
RienoB911: folds
Uncalled bet ($3) returned to belik555
belik555 collected $6 from pot
belik555: doesn't show hand
*** SUMMARY ***
Total pot $6 | Rake $0
Seat 2: belik555 (button) (small blind) collected ($6)
Seat 3: RienoB911 (big blind) folded before Flop


PokerStars Hand #153196216137:  Hold'em Limit ($3/$6 USD) - 2016/05/12 4:30:59 ET
Table 'Rhesus' 6-max Seat #3 is the button
Seat 2: belik555 ($77.50 in chips)
Seat 3: RienoB911 ($74.93 in chips)
RienoB911: posts small blind $1
belik555: posts big blind $3
*** HOLE CARDS ***
RienoB911: folds
Uncalled bet ($2) returned to belik555
belik555 collected $2 from pot
belik555: doesn't show hand
*** SUMMARY ***
Total pot $2 | Rake $0
Seat 2: belik555 (big blind) collected ($2)
Seat 3: RienoB911 (button) (small blind) folded before Flop


PokerStars Hand #153196219244:  Hold'em Limit ($3/$6 USD) - 2016/05/12 4:31:09 ET
Table 'Rhesus' 6-max Seat #3 is the button
Seat 2: belik555 ($81.50 in chips)
Seat 3: RienoB911 ($70.93 in chips)
RienoB911: posts small blind $1
belik555: posts big blind $3
*** HOLE CARDS ***
RienoB911: raises $3 to $6
belik555: folds
Uncalled bet ($3) returned to RienoB911
RienoB911 collected $6 from pot
RienoB911: doesn't show hand
*** SUMMARY ***
Total pot $6 | Rake $0
Seat 2: belik555 (big blind) folded before Flop
Seat 3: RienoB911 (button) (small blind) collected ($6)


PokerStars Hand #153198678562:  Hold'em Limit ($3/$6 USD) - 2016/05/12 6:22:45 ET
Table 'Rhesus' 6-max Seat #4 is the button
Seat 1: Tryptamean ($289.34 in chips)
Seat 4: B_loJkl ($157.28 in chips)
B_loJkl: posts small blind $1
ABATAPP: is sitting out
belik555: is sitting out
Tryptamean: posts big blind $3
*** HOLE CARDS ***
belik555 leaves the table
B_loJkl: folds
Uncalled bet ($2) returned to Tryptamean
Tryptamean collected $2 from pot
Tryptamean: doesn't show hand
*** SUMMARY ***
Total pot $2 | Rake $0
Seat 1: Tryptamean (big blind) collected ($2)
Seat 4: B_loJkl (button) (small blind) folded before Flop


