PokerStars Hand #144468303737:  Hold'em Limit ($3/$6 USD) - 2015/11/27 13:57:48 ET
Table 'Rhesus II' 2-max Seat #2 is the button
Seat 1: BigYelloFish ($216.15 in chips)
Seat 2: simper11 ($120 in chips)
simper11: posts small blind $1
BigYelloFish: posts big blind $3
*** HOLE CARDS ***
simper11: raises $3 to $6
BigYelloFish: calls $3
*** FLOP *** [9h 9c Qd]
BigYelloFish: checks
simper11: bets $3
BigYelloFish: calls $3
*** TURN *** [9h 9c Qd] [Td]
BigYelloFish: checks
simper11: bets $6
BigYelloFish: folds
Uncalled bet ($6) returned to simper11
simper11 collected $17.64 from pot
simper11: doesn't show hand
*** SUMMARY ***
Total pot $18 | Rake $0.36
Board [9h 9c Qd Td]
Seat 1: BigYelloFish (big blind) folded on the Turn
Seat 2: simper11 (button) (small blind) collected ($17.64)


PokerStars Hand #144468297163:  Hold'em Limit ($3/$6 USD) - 2015/11/27 13:57:38 ET
Table 'Rhesus II' 2-max Seat #1 is the button
Seat 1: BigYelloFish ($207.51 in chips)
Seat 2: simper11 ($120 in chips)
BigYelloFish: posts small blind $1
simper11: posts big blind $3
*** HOLE CARDS ***
BigYelloFish: raises $3 to $6
simper11: calls $3
*** FLOP *** [4d 2h Ks]
simper11: checks
BigYelloFish: bets $3
simper11: calls $3
*** TURN *** [4d 2h Ks] [Tc]
simper11: checks
BigYelloFish: bets $6
simper11: folds
Uncalled bet ($6) returned to BigYelloFish
BigYelloFish collected $17.64 from pot
BigYelloFish: doesn't show hand
*** SUMMARY ***
Total pot $18 | Rake $0.36
Board [4d 2h Ks Tc]
Seat 1: BigYelloFish (button) (small blind) collected ($17.64)
Seat 2: simper11 (big blind) folded on the Turn


PokerStars Hand #144468288711:  Hold'em Limit ($3/$6 USD) - 2015/11/27 13:57:25 ET
Table 'Rhesus II' 2-max Seat #2 is the button
Seat 1: BigYelloFish ($187.01 in chips)
Seat 2: simper11 ($120 in chips)
simper11: posts small blind $1
BigYelloFish: posts big blind $3
*** HOLE CARDS ***
simper11: raises $3 to $6
BigYelloFish: calls $3
*** FLOP *** [4d 8d 5c]
BigYelloFish: checks
simper11: bets $3
BigYelloFish: calls $3
*** TURN *** [4d 8d 5c] [Jc]
BigYelloFish: checks
simper11: bets $6
BigYelloFish: calls $6
*** RIVER *** [4d 8d 5c Jc] [Ad]
BigYelloFish: bets $6
simper11: calls $6
*** SHOW DOWN ***
BigYelloFish: shows [As 6c] (a pair of Aces)
simper11: mucks hand
BigYelloFish collected $41.50 from pot
*** SUMMARY ***
Total pot $42 | Rake $0.50
Board [4d 8d 5c Jc Ad]
Seat 1: BigYelloFish (big blind) showed [As 6c] and won ($41.50) with a pair of Aces
Seat 2: simper11 (button) (small blind) mucked


PokerStars Hand #144468280554:  Hold'em Limit ($3/$6 USD) - 2015/11/27 13:57:13 ET
Table 'Rhesus II' 2-max Seat #1 is the button
Seat 1: BigYelloFish ($166.51 in chips)
Seat 2: simper11 ($120 in chips)
BigYelloFish: posts small blind $1
simper11: posts big blind $3
*** HOLE CARDS ***
BigYelloFish: raises $3 to $6
simper11: calls $3
*** FLOP *** [Qh Kc Js]
simper11: checks
BigYelloFish: bets $3
simper11: calls $3
*** TURN *** [Qh Kc Js] [7d]
simper11: checks
BigYelloFish: bets $6
simper11: calls $6
*** RIVER *** [Qh Kc Js 7d] [4c]
simper11: checks
BigYelloFish: bets $6
simper11: calls $6
*** SHOW DOWN ***
BigYelloFish: shows [Ks 7h] (two pair, Kings and Sevens)
simper11: mucks hand
BigYelloFish collected $41.50 from pot
*** SUMMARY ***
Total pot $42 | Rake $0.50
Board [Qh Kc Js 7d 4c]
Seat 1: BigYelloFish (button) (small blind) showed [Ks 7h] and won ($41.50) with two pair, Kings and Sevens
Seat 2: simper11 (big blind) mucked


PokerStars Hand #144468343435:  Hold'em Limit ($3/$6 USD) - 2015/11/27 13:58:48 ET
Table 'Rhesus II' 2-max Seat #1 is the button
Seat 1: BigYelloFish ($241.93 in chips)
Seat 2: simper11 ($125.76 in chips)
BigYelloFish: posts small blind $1
simper11: posts big blind $3
*** HOLE CARDS ***
BigYelloFish: raises $3 to $6
simper11: calls $3
*** FLOP *** [6s 6d 4h]
simper11: checks
BigYelloFish: bets $3
simper11: calls $3
*** TURN *** [6s 6d 4h] [3c]
simper11: checks
BigYelloFish: checks
*** RIVER *** [6s 6d 4h 3c] [Kh]
simper11: bets $6
BigYelloFish: folds
Uncalled bet ($6) returned to simper11
simper11 collected $17.64 from pot
simper11: doesn't show hand
*** SUMMARY ***
Total pot $18 | Rake $0.36
Board [6s 6d 4h 3c Kh]
Seat 1: BigYelloFish (button) (small blind) folded on the River
Seat 2: simper11 (big blind) collected ($17.64)


PokerStars Hand #144468337787:  Hold'em Limit ($3/$6 USD) - 2015/11/27 13:58:40 ET
Table 'Rhesus II' 2-max Seat #2 is the button
Seat 1: BigYelloFish ($247.93 in chips)
Seat 2: simper11 ($120 in chips)
simper11: posts small blind $1
BigYelloFish: posts big blind $3
*** HOLE CARDS ***
simper11: raises $3 to $6
BigYelloFish: calls $3
*** FLOP *** [Kh Td Jh]
BigYelloFish: checks
simper11: bets $3
BigYelloFish: folds
Uncalled bet ($3) returned to simper11
simper11 collected $11.76 from pot
simper11: doesn't show hand
*** SUMMARY ***
Total pot $12 | Rake $0.24
Board [Kh Td Jh]
Seat 1: BigYelloFish (big blind) folded on the Flop
Seat 2: simper11 (button) (small blind) collected ($11.76)


PokerStars Hand #144468329611:  Hold'em Limit ($3/$6 USD) - 2015/11/27 13:58:27 ET
Table 'Rhesus II' 2-max Seat #1 is the button
Seat 1: BigYelloFish ($239.29 in chips)
Seat 2: simper11 ($120 in chips)
BigYelloFish: posts small blind $1
simper11: posts big blind $3
*** HOLE CARDS ***
BigYelloFish: raises $3 to $6
simper11: calls $3
*** FLOP *** [Jh 5c 5h]
simper11: checks
BigYelloFish: bets $3
simper11: calls $3
*** TURN *** [Jh 5c 5h] [Js]
simper11: checks
BigYelloFish: bets $6
simper11: folds
Uncalled bet ($6) returned to BigYelloFish
BigYelloFish collected $17.64 from pot
BigYelloFish: doesn't show hand
*** SUMMARY ***
Total pot $18 | Rake $0.36
Board [Jh 5c 5h Js]
Seat 1: BigYelloFish (button) (small blind) collected ($17.64)
Seat 2: simper11 (big blind) folded on the Turn


PokerStars Hand #144468321658:  Hold'em Limit ($3/$6 USD) - 2015/11/27 13:58:15 ET
Table 'Rhesus II' 2-max Seat #2 is the button
Seat 1: BigYelloFish ($230.65 in chips)
Seat 2: simper11 ($120 in chips)
simper11: posts small blind $1
BigYelloFish: posts big blind $3
*** HOLE CARDS ***
simper11: raises $3 to $6
BigYelloFish: calls $3
*** FLOP *** [6d Ah 9c]
BigYelloFish: checks
simper11: bets $3
BigYelloFish: calls $3
*** TURN *** [6d Ah 9c] [Kh]
BigYelloFish: checks
simper11: checks
*** RIVER *** [6d Ah 9c Kh] [Kd]
BigYelloFish: bets $6
simper11: folds
Uncalled bet ($6) returned to BigYelloFish
BigYelloFish collected $17.64 from pot
BigYelloFish: doesn't show hand
*** SUMMARY ***
Total pot $18 | Rake $0.36
Board [6d Ah 9c Kh Kd]
Seat 1: BigYelloFish (big blind) collected ($17.64)
Seat 2: simper11 (button) (small blind) folded on the River


PokerStars Hand #144468310112:  Hold'em Limit ($3/$6 USD) - 2015/11/27 13:57:58 ET
Table 'Rhesus II' 2-max Seat #1 is the button
Seat 1: BigYelloFish ($207.15 in chips)
Seat 2: simper11 ($128.64 in chips)
BigYelloFish: posts small blind $1
simper11: posts big blind $3
*** HOLE CARDS ***
BigYelloFish: raises $3 to $6
simper11: calls $3
*** FLOP *** [4h 9c 7d]
simper11: checks
BigYelloFish: bets $3
simper11: raises $3 to $6
BigYelloFish: calls $3
*** TURN *** [4h 9c 7d] [2d]
simper11: bets $6
BigYelloFish: calls $6
*** RIVER *** [4h 9c 7d 2d] [9d]
simper11: bets $6
BigYelloFish: calls $6
*** SHOW DOWN ***
simper11: shows [6h 5c] (a pair of Nines)
BigYelloFish: shows [Ad 4s] (two pair, Nines and Fours)
BigYelloFish collected $47.50 from pot
*** SUMMARY ***
Total pot $48 | Rake $0.50
Board [4h 9c 7d 2d 9d]
Seat 1: BigYelloFish (button) (small blind) showed [Ad 4s] and won ($47.50) with two pair, Nines and Fours
Seat 2: simper11 (big blind) showed [6h 5c] and lost with a pair of Nines


PokerStars Hand #144468379316:  Hold'em Limit ($3/$6 USD) - 2015/11/27 13:59:42 ET
Table 'Rhesus II' 2-max Seat #1 is the button
Seat 1: BigYelloFish ($224.43 in chips)
Seat 2: simper11 ($141.90 in chips)
BigYelloFish: posts small blind $1
simper11: posts big blind $3
*** HOLE CARDS ***
BigYelloFish: raises $3 to $6
simper11: calls $3
*** FLOP *** [7s 9h 3s]
simper11: checks
BigYelloFish: bets $3
simper11: calls $3
*** TURN *** [7s 9h 3s] [5s]
simper11: checks
BigYelloFish: bets $6
simper11: raises $6 to $12
BigYelloFish: calls $6
*** RIVER *** [7s 9h 3s 5s] [2c]
simper11: bets $6
BigYelloFish: calls $6
*** SHOW DOWN ***
simper11: shows [6h Qh] (high card Queen)
BigYelloFish: shows [9s Kd] (a pair of Nines)
BigYelloFish collected $53.50 from pot
*** SUMMARY ***
Total pot $54 | Rake $0.50
Board [7s 9h 3s 5s 2c]
Seat 1: BigYelloFish (button) (small blind) showed [9s Kd] and won ($53.50) with a pair of Nines
Seat 2: simper11 (big blind) showed [6h Qh] and lost with high card Queen


PokerStars Hand #144468376376:  Hold'em Limit ($3/$6 USD) - 2015/11/27 13:59:38 ET
Table 'Rhesus II' 2-max Seat #2 is the button
Seat 1: BigYelloFish ($223.43 in chips)
Seat 2: simper11 ($142.90 in chips)
simper11: posts small blind $1
BigYelloFish: posts big blind $3
*** HOLE CARDS ***
simper11: folds
Uncalled bet ($2) returned to BigYelloFish
BigYelloFish collected $2 from pot
BigYelloFish: doesn't show hand
*** SUMMARY ***
Total pot $2 | Rake $0
Seat 1: BigYelloFish (big blind) collected ($2)
Seat 2: simper11 (button) (small blind) folded before Flop


PokerStars Hand #144468360874:  Hold'em Limit ($3/$6 USD) - 2015/11/27 13:59:14 ET
Table 'Rhesus II' 2-max Seat #1 is the button
Seat 1: BigYelloFish ($202.93 in chips)
Seat 2: simper11 ($163.90 in chips)
BigYelloFish: posts small blind $1
simper11: posts big blind $3
*** HOLE CARDS ***
BigYelloFish: raises $3 to $6
simper11: calls $3
*** FLOP *** [8c 6h Jc]
simper11: checks
BigYelloFish: bets $3
simper11: raises $3 to $6
BigYelloFish: raises $3 to $9
simper11: calls $3
*** TURN *** [8c 6h Jc] [Qd]
simper11: checks
BigYelloFish: bets $6
simper11: calls $6
*** RIVER *** [8c 6h Jc Qd] [Td]
simper11: checks
BigYelloFish: checks
*** SHOW DOWN ***
simper11: shows [Kh 8h] (a pair of Eights)
BigYelloFish: shows [3d Jd] (a pair of Jacks)
BigYelloFish collected $41.50 from pot
*** SUMMARY ***
Total pot $42 | Rake $0.50
Board [8c 6h Jc Qd Td]
Seat 1: BigYelloFish (button) (small blind) showed [3d Jd] and won ($41.50) with a pair of Jacks
Seat 2: simper11 (big blind) showed [Kh 8h] and lost with a pair of Eights


PokerStars Hand #144468350994:  Hold'em Limit ($3/$6 USD) - 2015/11/27 13:58:59 ET
Table 'Rhesus II' 2-max Seat #2 is the button
Seat 1: BigYelloFish ($232.93 in chips)
Seat 2: simper11 ($134.40 in chips)
simper11: posts small blind $1
BigYelloFish: posts big blind $3
*** HOLE CARDS ***
simper11: raises $3 to $6
BigYelloFish: raises $3 to $9
simper11: calls $3
*** FLOP *** [5d 8c Ad]
BigYelloFish: bets $3
simper11: calls $3
*** TURN *** [5d 8c Ad] [Ts]
BigYelloFish: bets $6
simper11: calls $6
*** RIVER *** [5d 8c Ad Ts] [Ah]
BigYelloFish: bets $6
simper11: raises $6 to $12
BigYelloFish: calls $6
*** SHOW DOWN ***
simper11: shows [Qh Th] (two pair, Aces and Tens)
BigYelloFish: mucks hand
simper11 collected $59.50 from pot
*** SUMMARY ***
Total pot $60 | Rake $0.50
Board [5d 8c Ad Ts Ah]
Seat 1: BigYelloFish (big blind) mucked
Seat 2: simper11 (button) (small blind) showed [Qh Th] and won ($59.50) with two pair, Aces and Tens


PokerStars Hand #144468423548:  Hold'em Limit ($3/$6 USD) - 2015/11/27 14:00:45 ET
Table 'Rhesus II' 2-max Seat #2 is the button
Seat 1: BigYelloFish ($244.68 in chips)
Seat 2: simper11 ($125.76 in chips)
simper11: posts small blind $1
BigYelloFish: posts big blind $3
*** HOLE CARDS ***
simper11: folds
Uncalled bet ($2) returned to BigYelloFish
BigYelloFish collected $2 from pot
BigYelloFish: doesn't show hand
*** SUMMARY ***
Total pot $2 | Rake $0
Seat 1: BigYelloFish (big blind) collected ($2)
Seat 2: simper11 (button) (small blind) folded before Flop


PokerStars Hand #144468405415:  Hold'em Limit ($3/$6 USD) - 2015/11/27 14:00:19 ET
Table 'Rhesus II' 2-max Seat #1 is the button
Seat 1: BigYelloFish ($250.68 in chips)
Seat 2: simper11 ($120 in chips)
BigYelloFish: posts small blind $1
simper11: posts big blind $3
*** HOLE CARDS ***
BigYelloFish: raises $3 to $6
simper11: calls $3
*** FLOP *** [Qs Qc Qh]
simper11: checks
BigYelloFish: checks
*** TURN *** [Qs Qc Qh] [2h]
simper11: bets $6
BigYelloFish: folds
Uncalled bet ($6) returned to simper11
simper11 collected $11.76 from pot
simper11: doesn't show hand
*** SUMMARY ***
Total pot $12 | Rake $0.24
Board [Qs Qc Qh 2h]
Seat 1: BigYelloFish (button) (small blind) folded on the Turn
Seat 2: simper11 (big blind) collected ($11.76)


PokerStars Hand #144468388947:  Hold'em Limit ($3/$6 USD) - 2015/11/27 13:59:57 ET
Table 'Rhesus II' 2-max Seat #2 is the button
Seat 1: BigYelloFish ($250.93 in chips)
Seat 2: simper11 ($120 in chips)
simper11: posts small blind $1
BigYelloFish: posts big blind $3
*** HOLE CARDS ***
simper11: raises $3 to $6
BigYelloFish: calls $3
*** FLOP *** [3d 4c Th]
BigYelloFish: checks
simper11: bets $3
BigYelloFish: raises $3 to $6
simper11: calls $3
*** TURN *** [3d 4c Th] [7s]
BigYelloFish: bets $6
simper11: raises $6 to $12
BigYelloFish: raises $6 to $18
simper11: calls $6
*** RIVER *** [3d 4c Th 7s] [Ad]
BigYelloFish: bets $6
simper11: calls $6
*** SHOW DOWN ***
BigYelloFish: shows [Tc 6s] (a pair of Tens)
simper11: shows [6d Ts] (a pair of Tens)
BigYelloFish collected $35.75 from pot
simper11 collected $35.75 from pot
*** SUMMARY ***
Total pot $72 | Rake $0.50
Board [3d 4c Th 7s Ad]
Seat 1: BigYelloFish (big blind) showed [Tc 6s] and won ($35.75) with a pair of Tens
Seat 2: simper11 (button) (small blind) showed [6d Ts] and won ($35.75) with a pair of Tens


PokerStars Hand #144468481210:  Hold'em Limit ($3/$6 USD) - 2015/11/27 14:01:59 ET
Table 'Rhesus II' 2-max Seat #2 is the button
Seat 1: BigYelloFish ($264.68 in chips)
Seat 2: simper11 ($137.50 in chips)
simper11: posts small blind $1
BigYelloFish: posts big blind $3
*** HOLE CARDS ***
simper11: folds
Uncalled bet ($2) returned to BigYelloFish
BigYelloFish collected $2 from pot
BigYelloFish: doesn't show hand
*** SUMMARY ***
Total pot $2 | Rake $0
Seat 1: BigYelloFish (big blind) collected ($2)
Seat 2: simper11 (button) (small blind) folded before Flop


PokerStars Hand #144468463612:  Hold'em Limit ($3/$6 USD) - 2015/11/27 14:01:37 ET
Table 'Rhesus II' 2-max Seat #1 is the button
Seat 1: BigYelloFish ($282.68 in chips)
Seat 2: simper11 ($120 in chips)
BigYelloFish: posts small blind $1
simper11: posts big blind $3
*** HOLE CARDS ***
BigYelloFish: raises $3 to $6
simper11: calls $3
*** FLOP *** [Qd Ad 3c]
simper11: checks
BigYelloFish: bets $3
simper11: raises $3 to $6
BigYelloFish: calls $3
*** TURN *** [Qd Ad 3c] [2d]
simper11: bets $6
BigYelloFish: calls $6
*** RIVER *** [Qd Ad 3c 2d] [2c]
simper11: bets $6
BigYelloFish: folds
Uncalled bet ($6) returned to simper11
simper11 collected $35.50 from pot
simper11: doesn't show hand
*** SUMMARY ***
Total pot $36 | Rake $0.50
Board [Qd Ad 3c 2d 2c]
Seat 1: BigYelloFish (button) (small blind) folded on the River
Seat 2: simper11 (big blind) collected ($35.50)


PokerStars Hand #144468460007:  Hold'em Limit ($3/$6 USD) - 2015/11/27 14:01:33 ET
Table 'Rhesus II' 2-max Seat #2 is the button
Seat 1: BigYelloFish ($281.68 in chips)
Seat 2: simper11 ($120 in chips)
simper11: posts small blind $1
BigYelloFish: posts big blind $3
*** HOLE CARDS ***
simper11: folds
Uncalled bet ($2) returned to BigYelloFish
BigYelloFish collected $2 from pot
BigYelloFish: doesn't show hand
*** SUMMARY ***
Total pot $2 | Rake $0
Seat 1: BigYelloFish (big blind) collected ($2)
Seat 2: simper11 (button) (small blind) folded before Flop


PokerStars Hand #144468445462:  Hold'em Limit ($3/$6 USD) - 2015/11/27 14:01:14 ET
Table 'Rhesus II' 2-max Seat #1 is the button
Seat 1: BigYelloFish ($261.18 in chips)
Seat 2: simper11 ($120 in chips)
BigYelloFish: posts small blind $1
simper11: posts big blind $3
*** HOLE CARDS ***
BigYelloFish: raises $3 to $6
simper11: calls $3
*** FLOP *** [Ad 7c 6c]
simper11: checks
BigYelloFish: bets $3
simper11: calls $3
*** TURN *** [Ad 7c 6c] [3h]
simper11: checks
BigYelloFish: bets $6
simper11: calls $6
*** RIVER *** [Ad 7c 6c 3h] [6s]
simper11: checks
BigYelloFish: bets $6
simper11: calls $6
*** SHOW DOWN ***
BigYelloFish: shows [Qh Ac] (two pair, Aces and Sixes)
simper11: mucks hand
BigYelloFish collected $41.50 from pot
*** SUMMARY ***
Total pot $42 | Rake $0.50
Board [Ad 7c 6c 3h 6s]
Seat 1: BigYelloFish (button) (small blind) showed [Qh Ac] and won ($41.50) with two pair, Aces and Sixes
Seat 2: simper11 (big blind) mucked


PokerStars Hand #144468441763:  Hold'em Limit ($3/$6 USD) - 2015/11/27 14:01:10 ET
Table 'Rhesus II' 2-max Seat #2 is the button
Seat 1: BigYelloFish ($260.18 in chips)
Seat 2: simper11 ($120 in chips)
simper11: posts small blind $1
BigYelloFish: posts big blind $3
*** HOLE CARDS ***
simper11: folds
Uncalled bet ($2) returned to BigYelloFish
BigYelloFish collected $2 from pot
BigYelloFish: doesn't show hand
*** SUMMARY ***
Total pot $2 | Rake $0
Seat 1: BigYelloFish (big blind) collected ($2)
Seat 2: simper11 (button) (small blind) folded before Flop


PokerStars Hand #144468426845:  Hold'em Limit ($3/$6 USD) - 2015/11/27 14:00:50 ET
Table 'Rhesus II' 2-max Seat #1 is the button
Seat 1: BigYelloFish ($245.68 in chips)
Seat 2: simper11 ($124.76 in chips)
BigYelloFish: posts small blind $1
simper11: posts big blind $3
*** HOLE CARDS ***
BigYelloFish: raises $3 to $6
simper11: calls $3
*** FLOP *** [Kd 5s 6h]
simper11: checks
BigYelloFish: bets $3
simper11: calls $3
*** TURN *** [Kd 5s 6h] [Th]
simper11: checks
BigYelloFish: bets $6
simper11: calls $6
*** RIVER *** [Kd 5s 6h Th] [8h]
simper11: checks
BigYelloFish: bets $6
simper11: folds
Uncalled bet ($6) returned to BigYelloFish
BigYelloFish collected $29.50 from pot
BigYelloFish: doesn't show hand
*** SUMMARY ***
Total pot $30 | Rake $0.50
Board [Kd 5s 6h Th 8h]
Seat 1: BigYelloFish (button) (small blind) collected ($29.50)
Seat 2: simper11 (big blind) folded on the River


PokerStars Hand #144468519501:  Hold'em Limit ($3/$6 USD) - 2015/11/27 14:02:45 ET
Table 'Rhesus II' 2-max Seat #2 is the button
Seat 1: BigYelloFish ($274.18 in chips)
Seat 2: simper11 ($126.78 in chips)
simper11: posts small blind $1
BigYelloFish: posts big blind $3
*** HOLE CARDS ***
simper11: raises $3 to $6
BigYelloFish: raises $3 to $9
simper11: calls $3
*** FLOP *** [Jh Tc Jc]
BigYelloFish: bets $3
simper11: calls $3
*** TURN *** [Jh Tc Jc] [8c]
BigYelloFish: bets $6
simper11: calls $6
*** RIVER *** [Jh Tc Jc 8c] [2c]
BigYelloFish: checks
simper11: bets $6
BigYelloFish: calls $6
*** SHOW DOWN ***
simper11: shows [Ac 7h] (a flush, Ace high)
BigYelloFish: mucks hand
simper11 collected $47.50 from pot
*** SUMMARY ***
Total pot $48 | Rake $0.50
Board [Jh Tc Jc 8c 2c]
Seat 1: BigYelloFish (big blind) mucked
Seat 2: simper11 (button) (small blind) showed [Ac 7h] and won ($47.50) with a flush, Ace high


PokerStars Hand #144468499110:  Hold'em Limit ($3/$6 USD) - 2015/11/27 14:02:21 ET
Table 'Rhesus II' 2-max Seat #1 is the button
Seat 1: BigYelloFish ($247.68 in chips)
Seat 2: simper11 ($153.78 in chips)
BigYelloFish: posts small blind $1
simper11: posts big blind $3
*** HOLE CARDS ***
BigYelloFish: raises $3 to $6
simper11: raises $3 to $9
BigYelloFish: calls $3
*** FLOP *** [Jd 7h 9c]
simper11: bets $3
BigYelloFish: raises $3 to $6
simper11: calls $3
*** TURN *** [Jd 7h 9c] [5h]
simper11: checks
BigYelloFish: bets $6
simper11: calls $6
*** RIVER *** [Jd 7h 9c 5h] [3s]
simper11: checks
BigYelloFish: bets $6
simper11: calls $6
*** SHOW DOWN ***
BigYelloFish: shows [7c Th] (a pair of Sevens)
simper11: mucks hand
BigYelloFish collected $53.50 from pot
*** SUMMARY ***
Total pot $54 | Rake $0.50
Board [Jd 7h 9c 5h 3s]
Seat 1: BigYelloFish (button) (small blind) showed [7c Th] and won ($53.50) with a pair of Sevens
Seat 2: simper11 (big blind) mucked


PokerStars Hand #144468493090:  Hold'em Limit ($3/$6 USD) - 2015/11/27 14:02:13 ET
Table 'Rhesus II' 2-max Seat #2 is the button
Seat 1: BigYelloFish ($253.68 in chips)
Seat 2: simper11 ($148.02 in chips)
simper11: posts small blind $1
BigYelloFish: posts big blind $3
*** HOLE CARDS ***
simper11: raises $3 to $6
BigYelloFish: calls $3
*** FLOP *** [Qc 4h 8s]
BigYelloFish: checks
simper11: bets $3
BigYelloFish: folds
Uncalled bet ($3) returned to simper11
simper11 collected $11.76 from pot
simper11: doesn't show hand
*** SUMMARY ***
Total pot $12 | Rake $0.24
Board [Qc 4h 8s]
Seat 1: BigYelloFish (big blind) folded on the Flop
Seat 2: simper11 (button) (small blind) collected ($11.76)


PokerStars Hand #144468484771:  Hold'em Limit ($3/$6 USD) - 2015/11/27 14:02:03 ET
Table 'Rhesus II' 2-max Seat #1 is the button
Seat 1: BigYelloFish ($265.68 in chips)
Seat 2: simper11 ($136.50 in chips)
BigYelloFish: posts small blind $1
simper11: posts big blind $3
*** HOLE CARDS ***
BigYelloFish: raises $3 to $6
simper11: calls $3
*** FLOP *** [Qs 2d Qd]
simper11: checks
BigYelloFish: bets $3
simper11: raises $3 to $6
BigYelloFish: calls $3
*** TURN *** [Qs 2d Qd] [4h]
simper11: bets $6
BigYelloFish: folds
Uncalled bet ($6) returned to simper11
simper11 collected $23.52 from pot
simper11: doesn't show hand
*** SUMMARY ***
Total pot $24 | Rake $0.48
Board [Qs 2d Qd 4h]
Seat 1: BigYelloFish (button) (small blind) folded on the Turn
Seat 2: simper11 (big blind) collected ($23.52)


PokerStars Hand #144468577208:  Hold'em Limit ($3/$6 USD) - 2015/11/27 14:03:52 ET
Table 'Rhesus II' 2-max Seat #2 is the button
Seat 1: BigYelloFish ($258.46 in chips)
Seat 2: simper11 ($140.92 in chips)
simper11: posts small blind $1
BigYelloFish: posts big blind $3
*** HOLE CARDS ***
simper11: raises $3 to $6
BigYelloFish: raises $3 to $9
simper11: calls $3
*** FLOP *** [4c 5h 6h]
BigYelloFish: bets $3
simper11: calls $3
*** TURN *** [4c 5h 6h] [As]
BigYelloFish: bets $6
simper11: calls $6
*** RIVER *** [4c 5h 6h As] [7d]
BigYelloFish: bets $6
simper11: calls $6
*** SHOW DOWN ***
BigYelloFish: shows [Ac 7s] (two pair, Aces and Sevens)
simper11: mucks hand
BigYelloFish collected $47.50 from pot
*** SUMMARY ***
Total pot $48 | Rake $0.50
Board [4c 5h 6h As 7d]
Seat 1: BigYelloFish (big blind) showed [Ac 7s] and won ($47.50) with two pair, Aces and Sevens
Seat 2: simper11 (button) (small blind) mucked


PokerStars Hand #144468562692:  Hold'em Limit ($3/$6 USD) - 2015/11/27 14:03:35 ET
Table 'Rhesus II' 2-max Seat #1 is the button
Seat 1: BigYelloFish ($249.82 in chips)
Seat 2: simper11 ($149.92 in chips)
BigYelloFish: posts small blind $1
simper11: posts big blind $3
*** HOLE CARDS ***
BigYelloFish: raises $3 to $6
simper11: calls $3
*** FLOP *** [7c 5s 3s]
simper11: checks
BigYelloFish: bets $3
simper11: calls $3
*** TURN *** [7c 5s 3s] [5c]
simper11: checks
BigYelloFish: bets $6
simper11: folds
Uncalled bet ($6) returned to BigYelloFish
BigYelloFish collected $17.64 from pot
BigYelloFish: doesn't show hand
*** SUMMARY ***
Total pot $18 | Rake $0.36
Board [7c 5s 3s 5c]
Seat 1: BigYelloFish (button) (small blind) collected ($17.64)
Seat 2: simper11 (big blind) folded on the Turn


PokerStars Hand #144468548752:  Hold'em Limit ($3/$6 USD) - 2015/11/27 14:03:18 ET
Table 'Rhesus II' 2-max Seat #2 is the button
Seat 1: BigYelloFish ($241.18 in chips)
Seat 2: simper11 ($158.92 in chips)
simper11: posts small blind $1
BigYelloFish: posts big blind $3
*** HOLE CARDS ***
simper11: raises $3 to $6
BigYelloFish: raises $3 to $9
simper11: calls $3
*** FLOP *** [7s 5s 7h]
BigYelloFish: bets $3
simper11: folds
Uncalled bet ($3) returned to BigYelloFish
BigYelloFish collected $17.64 from pot
BigYelloFish: doesn't show hand
*** SUMMARY ***
Total pot $18 | Rake $0.36
Board [7s 5s 7h]
Seat 1: BigYelloFish (big blind) collected ($17.64)
Seat 2: simper11 (button) (small blind) folded on the Flop


PokerStars Hand #144468531808:  Hold'em Limit ($3/$6 USD) - 2015/11/27 14:03:00 ET
Table 'Rhesus II' 2-max Seat #1 is the button
Seat 1: BigYelloFish ($250.18 in chips)
Seat 2: simper11 ($150.28 in chips)
BigYelloFish: posts small blind $1
simper11: posts big blind $3
*** HOLE CARDS ***
BigYelloFish: raises $3 to $6
simper11: calls $3
*** FLOP *** [3d 8h 5h]
simper11: checks
BigYelloFish: bets $3
simper11: calls $3
*** TURN *** [3d 8h 5h] [7d]
simper11: checks
BigYelloFish: checks
*** RIVER *** [3d 8h 5h 7d] [Ks]
simper11: bets $6
BigYelloFish: folds
Uncalled bet ($6) returned to simper11
simper11 collected $17.64 from pot
simper11: doesn't show hand
*** SUMMARY ***
Total pot $18 | Rake $0.36
Board [3d 8h 5h 7d Ks]
Seat 1: BigYelloFish (button) (small blind) folded on the River
Seat 2: simper11 (big blind) collected ($17.64)


PokerStars Hand #144468619034:  Hold'em Limit ($3/$6 USD) - 2015/11/27 14:04:40 ET
Table 'Rhesus II' 2-max Seat #2 is the button
Seat 1: BigYelloFish ($282.72 in chips)
Seat 2: simper11 ($120 in chips)
simper11: posts small blind $1
BigYelloFish: posts big blind $3
*** HOLE CARDS ***
simper11: raises $3 to $6
BigYelloFish: raises $3 to $9
simper11: calls $3
*** FLOP *** [Qc 4h Jh]
BigYelloFish: bets $3
simper11: calls $3
*** TURN *** [Qc 4h Jh] [6c]
BigYelloFish: bets $6
simper11: folds
Uncalled bet ($6) returned to BigYelloFish
BigYelloFish collected $23.52 from pot
BigYelloFish: doesn't show hand
*** SUMMARY ***
Total pot $24 | Rake $0.48
Board [Qc 4h Jh 6c]
Seat 1: BigYelloFish (big blind) collected ($23.52)
Seat 2: simper11 (button) (small blind) folded on the Turn


PokerStars Hand #144468607275:  Hold'em Limit ($3/$6 USD) - 2015/11/27 14:04:26 ET
Table 'Rhesus II' 2-max Seat #1 is the button
Seat 1: BigYelloFish ($276.96 in chips)
Seat 2: simper11 ($124.76 in chips)
BigYelloFish: posts small blind $1
simper11: posts big blind $3
*** HOLE CARDS ***
BigYelloFish: raises $3 to $6
simper11: calls $3
*** FLOP *** [Jd 3h 8s]
simper11: checks
BigYelloFish: checks
*** TURN *** [Jd 3h 8s] [Jc]
simper11: checks
BigYelloFish: bets $6
simper11: folds
Uncalled bet ($6) returned to BigYelloFish
BigYelloFish collected $11.76 from pot
BigYelloFish: doesn't show hand
*** SUMMARY ***
Total pot $12 | Rake $0.24
Board [Jd 3h 8s Jc]
Seat 1: BigYelloFish (button) (small blind) collected ($11.76)
Seat 2: simper11 (big blind) folded on the Turn


PokerStars Hand #144468603390:  Hold'em Limit ($3/$6 USD) - 2015/11/27 14:04:22 ET
Table 'Rhesus II' 2-max Seat #2 is the button
Seat 1: BigYelloFish ($275.96 in chips)
Seat 2: simper11 ($125.76 in chips)
simper11: posts small blind $1
BigYelloFish: posts big blind $3
*** HOLE CARDS ***
simper11: folds
Uncalled bet ($2) returned to BigYelloFish
BigYelloFish collected $2 from pot
BigYelloFish: doesn't show hand
*** SUMMARY ***
Total pot $2 | Rake $0
Seat 1: BigYelloFish (big blind) collected ($2)
Seat 2: simper11 (button) (small blind) folded before Flop


PokerStars Hand #144468591229:  Hold'em Limit ($3/$6 USD) - 2015/11/27 14:04:08 ET
Table 'Rhesus II' 2-max Seat #1 is the button
Seat 1: BigYelloFish ($281.96 in chips)
Seat 2: simper11 ($120 in chips)
BigYelloFish: posts small blind $1
simper11: posts big blind $3
*** HOLE CARDS ***
BigYelloFish: raises $3 to $6
simper11: calls $3
*** FLOP *** [4d Kd 3s]
simper11: checks
BigYelloFish: checks
*** TURN *** [4d Kd 3s] [4h]
simper11: bets $6
BigYelloFish: folds
Uncalled bet ($6) returned to simper11
simper11 collected $11.76 from pot
simper11: doesn't show hand
*** SUMMARY ***
Total pot $12 | Rake $0.24
Board [4d Kd 3s 4h]
Seat 1: BigYelloFish (button) (small blind) folded on the Turn
Seat 2: simper11 (big blind) collected ($11.76)


PokerStars Hand #144468689293:  Hold'em Limit ($3/$6 USD) - 2015/11/27 14:06:00 ET
Table 'Rhesus II' 2-max Seat #2 is the button
Seat 1: BigYelloFish ($322.50 in chips)
Seat 2: simper11 ($120 in chips)
simper11: posts small blind $1
BigYelloFish: posts big blind $3
*** HOLE CARDS ***
simper11: raises $3 to $6
BigYelloFish: folds
Uncalled bet ($3) returned to simper11
simper11 collected $6 from pot
simper11: doesn't show hand
*** SUMMARY ***
Total pot $6 | Rake $0
Seat 1: BigYelloFish (big blind) folded before Flop
Seat 2: simper11 (button) (small blind) collected ($6)


PokerStars Hand #144468679286:  Hold'em Limit ($3/$6 USD) - 2015/11/27 14:05:49 ET
Table 'Rhesus II' 2-max Seat #1 is the button
Seat 1: BigYelloFish ($316.74 in chips)
Seat 2: simper11 ($120 in chips)
BigYelloFish: posts small blind $1
simper11: posts big blind $3
*** HOLE CARDS ***
BigYelloFish: raises $3 to $6
simper11: calls $3
*** FLOP *** [Qh Js 6s]
simper11: checks
BigYelloFish: bets $3
simper11: folds
Uncalled bet ($3) returned to BigYelloFish
BigYelloFish collected $11.76 from pot
BigYelloFish: doesn't show hand
*** SUMMARY ***
Total pot $12 | Rake $0.24
Board [Qh Js 6s]
Seat 1: BigYelloFish (button) (small blind) collected ($11.76)
Seat 2: simper11 (big blind) folded on the Flop


PokerStars Hand #144468663201:  Hold'em Limit ($3/$6 USD) - 2015/11/27 14:05:31 ET
Table 'Rhesus II' 2-max Seat #2 is the button
Seat 1: BigYelloFish ($293.24 in chips)
Seat 2: simper11 ($121 in chips)
simper11: posts small blind $1
BigYelloFish: posts big blind $3
*** HOLE CARDS ***
simper11: raises $3 to $6
BigYelloFish: calls $3
*** FLOP *** [4s 2d 9c]
BigYelloFish: checks
simper11: bets $3
BigYelloFish: raises $3 to $6
simper11: calls $3
*** TURN *** [4s 2d 9c] [8s]
BigYelloFish: bets $6
simper11: calls $6
*** RIVER *** [4s 2d 9c 8s] [8d]
BigYelloFish: bets $6
simper11: calls $6
*** SHOW DOWN ***
BigYelloFish: shows [Kh 4c] (two pair, Eights and Fours)
simper11: mucks hand
BigYelloFish collected $47.50 from pot
*** SUMMARY ***
Total pot $48 | Rake $0.50
Board [4s 2d 9c 8s 8d]
Seat 1: BigYelloFish (big blind) showed [Kh 4c] and won ($47.50) with two pair, Eights and Fours
Seat 2: simper11 (button) (small blind) mucked


PokerStars Hand #144468650659:  Hold'em Limit ($3/$6 USD) - 2015/11/27 14:05:16 ET
Table 'Rhesus II' 2-max Seat #1 is the button
Seat 1: BigYelloFish ($294.24 in chips)
Seat 2: simper11 ($120 in chips)
BigYelloFish: posts small blind $1
simper11: posts big blind $3
*** HOLE CARDS ***
BigYelloFish: folds
Uncalled bet ($2) returned to simper11
simper11 collected $2 from pot
simper11: doesn't show hand
*** SUMMARY ***
Total pot $2 | Rake $0
Seat 1: BigYelloFish (button) (small blind) folded before Flop
Seat 2: simper11 (big blind) collected ($2)


PokerStars Hand #144468644939:  Hold'em Limit ($3/$6 USD) - 2015/11/27 14:05:10 ET
Table 'Rhesus II' 2-max Seat #2 is the button
Seat 1: BigYelloFish ($293.24 in chips)
Seat 2: simper11 ($121 in chips)
simper11: posts small blind $1
BigYelloFish: posts big blind $3
*** HOLE CARDS ***
simper11: folds
Uncalled bet ($2) returned to BigYelloFish
BigYelloFish collected $2 from pot
BigYelloFish: doesn't show hand
*** SUMMARY ***
Total pot $2 | Rake $0
Seat 1: BigYelloFish (big blind) collected ($2)
Seat 2: simper11 (button) (small blind) folded before Flop


PokerStars Hand #144468641173:  Hold'em Limit ($3/$6 USD) - 2015/11/27 14:05:05 ET
Table 'Rhesus II' 2-max Seat #1 is the button
Seat 1: BigYelloFish ($294.24 in chips)
Seat 2: simper11 ($120 in chips)
BigYelloFish: posts small blind $1
simper11: posts big blind $3
*** HOLE CARDS ***
BigYelloFish: folds
Uncalled bet ($2) returned to simper11
simper11 collected $2 from pot
simper11: doesn't show hand
*** SUMMARY ***
Total pot $2 | Rake $0
Seat 1: BigYelloFish (button) (small blind) folded before Flop
Seat 2: simper11 (big blind) collected ($2)


PokerStars Hand #144468718580:  Hold'em Limit ($3/$6 USD) - 2015/11/27 14:06:34 ET
Table 'Rhesus II' 2-max Seat #2 is the button
Seat 1: BigYelloFish ($352 in chips)
Seat 2: simper11 ($120 in chips)
simper11: posts small blind $1
BigYelloFish: posts big blind $3
*** HOLE CARDS ***
simper11: raises $3 to $6
BigYelloFish: calls $3
*** FLOP *** [9s 6c 3h]
BigYelloFish: checks
simper11: bets $3
BigYelloFish: calls $3
*** TURN *** [9s 6c 3h] [5s]
BigYelloFish: checks
simper11: checks
*** RIVER *** [9s 6c 3h 5s] [Qh]
BigYelloFish: bets $6
simper11: folds
Uncalled bet ($6) returned to BigYelloFish
BigYelloFish collected $17.64 from pot
BigYelloFish: doesn't show hand
*** SUMMARY ***
Total pot $18 | Rake $0.36
Board [9s 6c 3h 5s Qh]
Seat 1: BigYelloFish (big blind) collected ($17.64)
Seat 2: simper11 (button) (small blind) folded on the River


PokerStars Hand #144468767543:  Hold'em Limit ($3/$6 USD) - 2015/11/27 14:07:31 ET
Table 'Rhesus II' 2-max Seat #2 is the button
Seat 1: BigYelloFish ($333.39 in chips)
Seat 2: simper11 ($145.89 in chips)
simper11: posts small blind $1
BigYelloFish: posts big blind $3
*** HOLE CARDS ***
simper11: raises $3 to $6
BigYelloFish: raises $3 to $9
simper11: calls $3
*** FLOP *** [7s Kh 7h]
BigYelloFish: bets $3
simper11: calls $3
*** TURN *** [7s Kh 7h] [Kd]
BigYelloFish: checks
simper11: bets $6
BigYelloFish: folds
Uncalled bet ($6) returned to simper11
simper11 collected $23.52 from pot
simper11: doesn't show hand
*** SUMMARY ***
Total pot $24 | Rake $0.48
Board [7s Kh 7h Kd]
Seat 1: BigYelloFish (big blind) folded on the Turn
Seat 2: simper11 (button) (small blind) collected ($23.52)


PokerStars Hand #144468756357:  Hold'em Limit ($3/$6 USD) - 2015/11/27 14:07:18 ET
Table 'Rhesus II' 2-max Seat #1 is the button
Seat 1: BigYelloFish ($333.64 in chips)
Seat 2: simper11 ($146.14 in chips)
BigYelloFish: posts small blind $1
simper11: posts big blind $3
*** HOLE CARDS ***
BigYelloFish: raises $3 to $6
simper11: calls $3
*** FLOP *** [Ts 7h 4h]
simper11: checks
BigYelloFish: bets $3
simper11: calls $3
*** TURN *** [Ts 7h 4h] [7d]
simper11: checks
BigYelloFish: checks
*** RIVER *** [Ts 7h 4h 7d] [Ad]
simper11: bets $6
BigYelloFish: calls $6
*** SHOW DOWN ***
simper11: shows [Ah 6c] (two pair, Aces and Sevens)
BigYelloFish: shows [Ac 9c] (two pair, Aces and Sevens)
simper11 collected $14.75 from pot
BigYelloFish collected $14.75 from pot
*** SUMMARY ***
Total pot $30 | Rake $0.50
Board [Ts 7h 4h 7d Ad]
Seat 1: BigYelloFish (button) (small blind) showed [Ac 9c] and won ($14.75) with two pair, Aces and Sevens
Seat 2: simper11 (big blind) showed [Ah 6c] and won ($14.75) with two pair, Aces and Sevens


PokerStars Hand #144468742065:  Hold'em Limit ($3/$6 USD) - 2015/11/27 14:07:01 ET
Table 'Rhesus II' 2-max Seat #2 is the button
Seat 1: BigYelloFish ($351.64 in chips)
Seat 2: simper11 ($128.64 in chips)
simper11: posts small blind $1
BigYelloFish: posts big blind $3
*** HOLE CARDS ***
simper11: raises $3 to $6
BigYelloFish: raises $3 to $9
simper11: calls $3
*** FLOP *** [3s 7h Jd]
BigYelloFish: bets $3
simper11: calls $3
*** TURN *** [3s 7h Jd] [6c]
BigYelloFish: bets $6
simper11: calls $6
*** RIVER *** [3s 7h Jd 6c] [4s]
BigYelloFish: checks
simper11: bets $6
BigYelloFish: folds
Uncalled bet ($6) returned to simper11
simper11 collected $35.50 from pot
simper11: doesn't show hand
*** SUMMARY ***
Total pot $36 | Rake $0.50
Board [3s 7h Jd 6c 4s]
Seat 1: BigYelloFish (big blind) folded on the River
Seat 2: simper11 (button) (small blind) collected ($35.50)


PokerStars Hand #144468730152:  Hold'em Limit ($3/$6 USD) - 2015/11/27 14:06:48 ET
Table 'Rhesus II' 2-max Seat #1 is the button
Seat 1: BigYelloFish ($360.64 in chips)
Seat 2: simper11 ($120 in chips)
BigYelloFish: posts small blind $1
simper11: posts big blind $3
*** HOLE CARDS ***
BigYelloFish: raises $3 to $6
simper11: calls $3
*** FLOP *** [Kc Ac 4c]
simper11: checks
BigYelloFish: bets $3
simper11: calls $3
*** TURN *** [Kc Ac 4c] [3s]
simper11: checks
BigYelloFish: checks
*** RIVER *** [Kc Ac 4c 3s] [Qd]
simper11: bets $6
BigYelloFish: folds
Uncalled bet ($6) returned to simper11
simper11 collected $17.64 from pot
simper11: doesn't show hand
*** SUMMARY ***
Total pot $18 | Rake $0.36
Board [Kc Ac 4c 3s Qd]
Seat 1: BigYelloFish (button) (small blind) folded on the River
Seat 2: simper11 (big blind) collected ($17.64)


PokerStars Hand #144468823393:  Hold'em Limit ($3/$6 USD) - 2015/11/27 14:08:35 ET
Table 'Rhesus II' 2-max Seat #1 is the button
Seat 1: BigYelloFish ($358.53 in chips)
Seat 2: simper11 ($120 in chips)
BigYelloFish: posts small blind $1
simper11: posts big blind $3
*** HOLE CARDS ***
BigYelloFish: raises $3 to $6
simper11: calls $3
*** FLOP *** [Qd Kc Td]
simper11: checks
BigYelloFish: bets $3
simper11: calls $3
*** TURN *** [Qd Kc Td] [3c]
simper11: checks
BigYelloFish: bets $6
simper11: calls $6
*** RIVER *** [Qd Kc Td 3c] [Ad]
simper11: checks
BigYelloFish: checks
*** SHOW DOWN ***
simper11: shows [Qh 6h] (a pair of Queens)
BigYelloFish: mucks hand
simper11 collected $29.50 from pot
*** SUMMARY ***
Total pot $30 | Rake $0.50
Board [Qd Kc Td 3c Ad]
Seat 1: BigYelloFish (button) (small blind) mucked
Seat 2: simper11 (big blind) showed [Qh 6h] and won ($29.50) with a pair of Queens


PokerStars Hand #144468816593:  Hold'em Limit ($3/$6 USD) - 2015/11/27 14:08:28 ET
Table 'Rhesus II' 2-max Seat #2 is the button
Seat 1: BigYelloFish ($357.53 in chips)
Seat 2: simper11 ($120.41 in chips)
simper11: posts small blind $1
BigYelloFish: posts big blind $3
*** HOLE CARDS ***
simper11: folds
Uncalled bet ($2) returned to BigYelloFish
BigYelloFish collected $2 from pot
BigYelloFish: doesn't show hand
*** SUMMARY ***
Total pot $2 | Rake $0
Seat 1: BigYelloFish (big blind) collected ($2)
Seat 2: simper11 (button) (small blind) folded before Flop


PokerStars Hand #144468806861:  Hold'em Limit ($3/$6 USD) - 2015/11/27 14:08:16 ET
Table 'Rhesus II' 2-max Seat #1 is the button
Seat 1: BigYelloFish ($348.89 in chips)
Seat 2: simper11 ($129.41 in chips)
BigYelloFish: posts small blind $1
simper11: posts big blind $3
*** HOLE CARDS ***
BigYelloFish: raises $3 to $6
simper11: calls $3
*** FLOP *** [9s 3d 9d]
simper11: checks
BigYelloFish: bets $3
simper11: calls $3
*** TURN *** [9s 3d 9d] [Kh]
simper11: checks
BigYelloFish: bets $6
simper11: folds
Uncalled bet ($6) returned to BigYelloFish
BigYelloFish collected $17.64 from pot
BigYelloFish: doesn't show hand
*** SUMMARY ***
Total pot $18 | Rake $0.36
Board [9s 3d 9d Kh]
Seat 1: BigYelloFish (button) (small blind) collected ($17.64)
Seat 2: simper11 (big blind) folded on the Turn


PokerStars Hand #144468801479:  Hold'em Limit ($3/$6 USD) - 2015/11/27 14:08:10 ET
Table 'Rhesus II' 2-max Seat #2 is the button
Seat 1: BigYelloFish ($347.89 in chips)
Seat 2: simper11 ($130.41 in chips)
simper11: posts small blind $1
BigYelloFish: posts big blind $3
*** HOLE CARDS ***
simper11: folds
Uncalled bet ($2) returned to BigYelloFish
BigYelloFish collected $2 from pot
BigYelloFish: doesn't show hand
*** SUMMARY ***
Total pot $2 | Rake $0
Seat 1: BigYelloFish (big blind) collected ($2)
Seat 2: simper11 (button) (small blind) folded before Flop


PokerStars Hand #144468780298:  Hold'em Limit ($3/$6 USD) - 2015/11/27 14:07:46 ET
Table 'Rhesus II' 2-max Seat #1 is the button
Seat 1: BigYelloFish ($321.39 in chips)
Seat 2: simper11 ($157.41 in chips)
BigYelloFish: posts small blind $1
simper11: posts big blind $3
*** HOLE CARDS ***
BigYelloFish: raises $3 to $6
simper11: raises $3 to $9
BigYelloFish: calls $3
*** FLOP *** [8h 6s 5d]
simper11: bets $3
BigYelloFish: raises $3 to $6
simper11: calls $3
*** TURN *** [8h 6s 5d] [8s]
simper11: checks
BigYelloFish: bets $6
simper11: calls $6
*** RIVER *** [8h 6s 5d 8s] [Ah]
simper11: checks
BigYelloFish: bets $6
simper11: calls $6
*** SHOW DOWN ***
BigYelloFish: shows [As 7s] (two pair, Aces and Eights)
simper11: mucks hand
BigYelloFish collected $53.50 from pot
*** SUMMARY ***
Total pot $54 | Rake $0.50
Board [8h 6s 5d 8s Ah]
Seat 1: BigYelloFish (button) (small blind) showed [As 7s] and won ($53.50) with two pair, Aces and Eights
Seat 2: simper11 (big blind) mucked


PokerStars Hand #144468869903:  Hold'em Limit ($3/$6 USD) - 2015/11/27 14:09:29 ET
Table 'Rhesus II' 2-max Seat #1 is the button
Seat 1: BigYelloFish ($364.03 in chips)
Seat 2: simper11 ($131.52 in chips)
BigYelloFish: posts small blind $1
simper11: posts big blind $3
*** HOLE CARDS ***
BigYelloFish: raises $3 to $6
simper11: raises $3 to $9
BigYelloFish: calls $3
*** FLOP *** [Js 4d 5c]
simper11: bets $3
BigYelloFish: calls $3
*** TURN *** [Js 4d 5c] [Ks]
simper11: bets $6
BigYelloFish: calls $6
*** RIVER *** [Js 4d 5c Ks] [As]
simper11: bets $6
BigYelloFish: calls $6
*** SHOW DOWN ***
simper11: shows [Jc Jd] (three of a kind, Jacks)
BigYelloFish: mucks hand
simper11 collected $47.50 from pot
*** SUMMARY ***
Total pot $48 | Rake $0.50
Board [Js 4d 5c Ks As]
Seat 1: BigYelloFish (button) (small blind) mucked
Seat 2: simper11 (big blind) showed [Jc Jd] and won ($47.50) with three of a kind, Jacks


PokerStars Hand #144468855097:  Hold'em Limit ($3/$6 USD) - 2015/11/27 14:09:12 ET
Table 'Rhesus II' 2-max Seat #2 is the button
Seat 1: BigYelloFish ($376.03 in chips)
Seat 2: simper11 ($120 in chips)
simper11: posts small blind $1
BigYelloFish: posts big blind $3
*** HOLE CARDS ***
simper11: raises $3 to $6
BigYelloFish: raises $3 to $9
simper11: calls $3
*** FLOP *** [8s 9c 8d]
BigYelloFish: bets $3
simper11: calls $3
*** TURN *** [8s 9c 8d] [Qs]
BigYelloFish: checks
simper11: bets $6
BigYelloFish: folds
Uncalled bet ($6) returned to simper11
simper11 collected $23.52 from pot
simper11: doesn't show hand
*** SUMMARY ***
Total pot $24 | Rake $0.48
Board [8s 9c 8d Qs]
Seat 1: BigYelloFish (big blind) folded on the Turn
Seat 2: simper11 (button) (small blind) collected ($23.52)


PokerStars Hand #144468850907:  Hold'em Limit ($3/$6 USD) - 2015/11/27 14:09:07 ET
Table 'Rhesus II' 2-max Seat #1 is the button
Seat 1: BigYelloFish ($373.03 in chips)
Seat 2: simper11 ($120 in chips)
BigYelloFish: posts small blind $1
simper11: posts big blind $3
*** HOLE CARDS ***
BigYelloFish: raises $3 to $6
simper11: folds
Uncalled bet ($3) returned to BigYelloFish
BigYelloFish collected $6 from pot
BigYelloFish: doesn't show hand
*** SUMMARY ***
Total pot $6 | Rake $0
Seat 1: BigYelloFish (button) (small blind) collected ($6)
Seat 2: simper11 (big blind) folded before Flop


PokerStars Hand #144468836194:  Hold'em Limit ($3/$6 USD) - 2015/11/27 14:08:50 ET
Table 'Rhesus II' 2-max Seat #2 is the button
Seat 1: BigYelloFish ($343.53 in chips)
Seat 2: simper11 ($134.50 in chips)
simper11: posts small blind $1
BigYelloFish: posts big blind $3
*** HOLE CARDS ***
simper11: raises $3 to $6
BigYelloFish: raises $3 to $9
simper11: calls $3
*** FLOP *** [6s Jh 7h]
BigYelloFish: bets $3
simper11: calls $3
*** TURN *** [6s Jh 7h] [9s]
BigYelloFish: checks
simper11: bets $6
BigYelloFish: raises $6 to $12
simper11: calls $6
*** RIVER *** [6s Jh 7h 9s] [Ts]
BigYelloFish: bets $6
simper11: calls $6
*** SHOW DOWN ***
BigYelloFish: shows [Tc 8h] (a straight, Seven to Jack)
simper11: mucks hand
BigYelloFish collected $59.50 from pot
*** SUMMARY ***
Total pot $60 | Rake $0.50
Board [6s Jh 7h 9s Ts]
Seat 1: BigYelloFish (big blind) showed [Tc 8h] and won ($59.50) with a straight, Seven to Jack
Seat 2: simper11 (button) (small blind) mucked


PokerStars Hand #144468921457:  Hold'em Limit ($3/$6 USD) - 2015/11/27 14:10:29 ET
Table 'Rhesus II' 2-max Seat #1 is the button
Seat 1: BigYelloFish ($350.53 in chips)
Seat 2: simper11 ($143.78 in chips)
BigYelloFish: posts small blind $1
simper11: posts big blind $3
*** HOLE CARDS ***
BigYelloFish: raises $3 to $6
simper11: raises $3 to $9
BigYelloFish: calls $3
*** FLOP *** [3c Ts 8c]
simper11: bets $3
BigYelloFish: calls $3
*** TURN *** [3c Ts 8c] [2d]
simper11: bets $6
BigYelloFish: folds
Uncalled bet ($6) returned to simper11
simper11 collected $23.52 from pot
simper11: doesn't show hand
*** SUMMARY ***
Total pot $24 | Rake $0.48
Board [3c Ts 8c 2d]
Seat 1: BigYelloFish (button) (small blind) folded on the Turn
Seat 2: simper11 (big blind) collected ($23.52)


PokerStars Hand #144468911058:  Hold'em Limit ($3/$6 USD) - 2015/11/27 14:10:17 ET
Table 'Rhesus II' 2-max Seat #2 is the button
Seat 1: BigYelloFish ($356.53 in chips)
Seat 2: simper11 ($138.02 in chips)
simper11: posts small blind $1
BigYelloFish: posts big blind $3
*** HOLE CARDS ***
simper11: raises $3 to $6
BigYelloFish: calls $3
*** FLOP *** [Ad 2h Th]
BigYelloFish: checks
simper11: bets $3
BigYelloFish: folds
Uncalled bet ($3) returned to simper11
simper11 collected $11.76 from pot
simper11: doesn't show hand
*** SUMMARY ***
Total pot $12 | Rake $0.24
Board [Ad 2h Th]
Seat 1: BigYelloFish (big blind) folded on the Flop
Seat 2: simper11 (button) (small blind) collected ($11.76)


PokerStars Hand #144468906941:  Hold'em Limit ($3/$6 USD) - 2015/11/27 14:10:12 ET
Table 'Rhesus II' 2-max Seat #1 is the button
Seat 1: BigYelloFish ($357.53 in chips)
Seat 2: simper11 ($137.02 in chips)
BigYelloFish: posts small blind $1
simper11: posts big blind $3
*** HOLE CARDS ***
BigYelloFish: folds
Uncalled bet ($2) returned to simper11
simper11 collected $2 from pot
simper11: doesn't show hand
*** SUMMARY ***
Total pot $2 | Rake $0
Seat 1: BigYelloFish (button) (small blind) folded before Flop
Seat 2: simper11 (big blind) collected ($2)


PokerStars Hand #144468887828:  Hold'em Limit ($3/$6 USD) - 2015/11/27 14:09:50 ET
Table 'Rhesus II' 2-max Seat #2 is the button
Seat 1: BigYelloFish ($340.03 in chips)
Seat 2: simper11 ($155.02 in chips)
simper11: posts small blind $1
BigYelloFish: posts big blind $3
*** HOLE CARDS ***
simper11: raises $3 to $6
BigYelloFish: raises $3 to $9
simper11: calls $3
*** FLOP *** [Js 9h Th]
BigYelloFish: bets $3
simper11: calls $3
*** TURN *** [Js 9h Th] [3s]
BigYelloFish: bets $6
simper11: calls $6
*** RIVER *** [Js 9h Th 3s] [4s]
BigYelloFish: bets $6
simper11: folds
Uncalled bet ($6) returned to BigYelloFish
BigYelloFish collected $35.50 from pot
BigYelloFish: doesn't show hand
*** SUMMARY ***
Total pot $36 | Rake $0.50
Board [Js 9h Th 3s 4s]
Seat 1: BigYelloFish (big blind) collected ($35.50)
Seat 2: simper11 (button) (small blind) folded on the River


PokerStars Hand #144468980041:  Hold'em Limit ($3/$6 USD) - 2015/11/27 14:11:37 ET
Table 'Rhesus II' 2-max Seat #2 is the button
Seat 1: BigYelloFish ($331.53 in chips)
Seat 2: simper11 ($162.06 in chips)
simper11: posts small blind $1
BigYelloFish: posts big blind $3
*** HOLE CARDS ***
simper11: raises $3 to $6
BigYelloFish: calls $3
*** FLOP *** [Jc As 9s]
BigYelloFish: bets $3
simper11: raises $3 to $6
BigYelloFish: calls $3
*** TURN *** [Jc As 9s] [4h]
BigYelloFish: checks
simper11: bets $6
BigYelloFish: folds
Uncalled bet ($6) returned to simper11
simper11 collected $23.52 from pot
simper11: doesn't show hand
*** SUMMARY ***
Total pot $24 | Rake $0.48
Board [Jc As 9s 4h]
Seat 1: BigYelloFish (big blind) folded on the Turn
Seat 2: simper11 (button) (small blind) collected ($23.52)


PokerStars Hand #144468972846:  Hold'em Limit ($3/$6 USD) - 2015/11/27 14:11:29 ET
Table 'Rhesus II' 2-max Seat #1 is the button
Seat 1: BigYelloFish ($332.53 in chips)
Seat 2: simper11 ($161.06 in chips)
BigYelloFish: posts small blind $1
simper11: posts big blind $3
*** HOLE CARDS ***
BigYelloFish: folds
Uncalled bet ($2) returned to simper11
simper11 collected $2 from pot
simper11: doesn't show hand
*** SUMMARY ***
Total pot $2 | Rake $0
Seat 1: BigYelloFish (button) (small blind) folded before Flop
Seat 2: simper11 (big blind) collected ($2)


PokerStars Hand #144468939141:  Hold'em Limit ($3/$6 USD) - 2015/11/27 14:10:49 ET
Table 'Rhesus II' 2-max Seat #2 is the button
Seat 1: BigYelloFish ($338.53 in chips)
Seat 2: simper11 ($155.30 in chips)
simper11: posts small blind $1
BigYelloFish: posts big blind $3
*** HOLE CARDS ***
simper11: raises $3 to $6
BigYelloFish: calls $3
*** FLOP *** [As Jh 6s]
BigYelloFish: checks
simper11: checks
*** TURN *** [As Jh 6s] [Js]
BigYelloFish: checks
simper11: bets $6
BigYelloFish: folds
Uncalled bet ($6) returned to simper11
simper11 collected $11.76 from pot
simper11: doesn't show hand
*** SUMMARY ***
Total pot $12 | Rake $0.24
Board [As Jh 6s Js]
Seat 1: BigYelloFish (big blind) folded on the Turn
Seat 2: simper11 (button) (small blind) collected ($11.76)


PokerStars Hand #144468999053:  Hold'em Limit ($3/$6 USD) - 2015/11/27 14:11:59 ET
Table 'Rhesus II' 2-max Seat #1 is the button
Seat 1: BigYelloFish ($319.53 in chips)
Seat 2: simper11 ($173.58 in chips)
BigYelloFish: posts small blind $1
simper11: posts big blind $3
*** HOLE CARDS ***
BigYelloFish: raises $3 to $6
simper11: calls $3
*** FLOP *** [Jc 9s 6d]
simper11: checks
BigYelloFish: bets $3
simper11: raises $3 to $6
BigYelloFish: calls $3
*** TURN *** [Jc 9s 6d] [Ad]
simper11: bets $6
BigYelloFish: calls $6
*** RIVER *** [Jc 9s 6d Ad] [6h]
simper11: bets $6
BigYelloFish: folds
Uncalled bet ($6) returned to simper11
simper11 collected $35.50 from pot
simper11: doesn't show hand
*** SUMMARY ***
Total pot $36 | Rake $0.50
Board [Jc 9s 6d Ad 6h]
Seat 1: BigYelloFish (button) (small blind) folded on the River
Seat 2: simper11 (big blind) collected ($35.50)


