PokerStars Hand #153737397193:  Hold'em Limit ($3/$6 USD) - 2016/05/23 14:01:20 ET
Table 'Rhesus' 10-max Seat #6 is the button
Seat 5: sydd7 ($129.24 in chips)
Seat 6: GRAILKO ($193 in chips)
GRAILKO: posts small blind $1
Airbag999: is sitting out
belik555: is sitting out
liolilove: is sitting out
sydd7: posts big blind $3
*** HOLE CARDS ***
GRAILKO: raises $3 to $6
Airbag999 leaves the table
belik555 leaves the table
sydd7: folds
Uncalled bet ($3) returned to GRAILKO
GRAILKO collected $6 from pot
GRAILKO: doesn't show hand
*** SUMMARY ***
Total pot $6 | Rake $0
Seat 5: sydd7 (big blind) folded before Flop
Seat 6: GRAILKO (button) (small blind) collected ($6)


PokerStars Hand #153737409661:  Hold'em Limit ($3/$6 USD) - 2016/05/23 14:01:36 ET
Table 'Rhesus' 10-max Seat #6 is the button
Seat 5: sydd7 ($129.24 in chips)
Seat 6: GRAILKO ($193 in chips)
GRAILKO: posts small blind $1
sydd7: posts big blind $3
*** HOLE CARDS ***
GRAILKO: raises $3 to $6
sydd7: folds
Uncalled bet ($3) returned to GRAILKO
GRAILKO collected $6 from pot
GRAILKO: doesn't show hand
*** SUMMARY ***
Total pot $6 | Rake $0
Seat 5: sydd7 (big blind) folded before Flop
Seat 6: GRAILKO (button) (small blind) collected ($6)


PokerStars Hand #153737404331:  Hold'em Limit ($3/$6 USD) - 2016/05/23 14:01:29 ET
Table 'Rhesus' 10-max Seat #5 is the button
Seat 5: sydd7 ($126.24 in chips)
Seat 6: GRAILKO ($196 in chips)
sydd7: posts small blind $1
GRAILKO: posts big blind $3
*** HOLE CARDS ***
sydd7: raises $3 to $6
GRAILKO: folds
Uncalled bet ($3) returned to sydd7
liolilove leaves the table
sydd7 collected $6 from pot
sydd7: doesn't show hand
*** SUMMARY ***
Total pot $6 | Rake $0
Seat 5: sydd7 (button) (small blind) collected ($6)
Seat 6: GRAILKO (big blind) folded before Flop


PokerStars Hand #153737414385:  Hold'em Limit ($3/$6 USD) - 2016/05/23 14:01:42 ET
Table 'Rhesus' 10-max Seat #5 is the button
Seat 5: sydd7 ($126.24 in chips)
Seat 6: GRAILKO ($196 in chips)
sydd7: posts small blind $1
GRAILKO: posts big blind $3
*** HOLE CARDS ***
sydd7: folds
Uncalled bet ($2) returned to GRAILKO
GRAILKO collected $2 from pot
GRAILKO: doesn't show hand
*** SUMMARY ***
Total pot $2 | Rake $0
Seat 5: sydd7 (button) (small blind) folded before Flop
Seat 6: GRAILKO (big blind) collected ($2)


PokerStars Hand #153737429519:  Hold'em Limit ($3/$6 USD) - 2016/05/23 14:01:59 ET
Table 'Rhesus' 10-max Seat #5 is the button
Seat 5: sydd7 ($119.24 in chips)
Seat 6: GRAILKO ($202.76 in chips)
sydd7: posts small blind $1
GRAILKO: posts big blind $3
*** HOLE CARDS ***
sydd7: folds
Uncalled bet ($2) returned to GRAILKO
GRAILKO collected $2 from pot
GRAILKO: doesn't show hand
*** SUMMARY ***
Total pot $2 | Rake $0
Seat 5: sydd7 (button) (small blind) folded before Flop
Seat 6: GRAILKO (big blind) collected ($2)


PokerStars Hand #153737418183:  Hold'em Limit ($3/$6 USD) - 2016/05/23 14:01:46 ET
Table 'Rhesus' 10-max Seat #6 is the button
Seat 5: sydd7 ($125.24 in chips)
Seat 6: GRAILKO ($197 in chips)
GRAILKO: posts small blind $1
sydd7: posts big blind $3
*** HOLE CARDS ***
GRAILKO: raises $3 to $6
sydd7: calls $3
*** FLOP *** [As 8s 9s]
sydd7: checks
GRAILKO: bets $3
sydd7: folds
Uncalled bet ($3) returned to GRAILKO
GRAILKO collected $11.76 from pot
GRAILKO: doesn't show hand
*** SUMMARY ***
Total pot $12 | Rake $0.24
Board [As 8s 9s]
Seat 5: sydd7 (big blind) folded on the Flop
Seat 6: GRAILKO (button) (small blind) collected ($11.76)


PokerStars Hand #153737433011:  Hold'em Limit ($3/$6 USD) - 2016/05/23 14:02:04 ET
Table 'Rhesus' 10-max Seat #6 is the button
Seat 5: sydd7 ($118.24 in chips)
Seat 6: GRAILKO ($203.76 in chips)
GRAILKO: posts small blind $1
sydd7: posts big blind $3
*** HOLE CARDS ***
GRAILKO: raises $3 to $6
sydd7: calls $3
*** FLOP *** [Qc 5d 6c]
sydd7: bets $3
GRAILKO: calls $3
*** TURN *** [Qc 5d 6c] [2d]
sydd7: bets $6
GRAILKO: calls $6
*** RIVER *** [Qc 5d 6c 2d] [Ts]
sydd7: checks
GRAILKO: checks
*** SHOW DOWN ***
sydd7: shows [7h 2c] (a pair of Deuces)
GRAILKO: shows [9h 5s] (a pair of Fives)
GRAILKO collected $29.50 from pot
*** SUMMARY ***
Total pot $30 | Rake $0.50
Board [Qc 5d 6c 2d Ts]
Seat 5: sydd7 (big blind) showed [7h 2c] and lost with a pair of Deuces
Seat 6: GRAILKO (button) (small blind) showed [9h 5s] and won ($29.50) with a pair of Fives


PokerStars Hand #153737448058:  Hold'em Limit ($3/$6 USD) - 2016/05/23 14:02:21 ET
Table 'Rhesus' 10-max Seat #5 is the button
Seat 5: sydd7 ($103.24 in chips)
Seat 6: GRAILKO ($218.26 in chips)
sydd7: posts small blind $1
GRAILKO: posts big blind $3
*** HOLE CARDS ***
sydd7: folds
Uncalled bet ($2) returned to GRAILKO
GRAILKO collected $2 from pot
GRAILKO: doesn't show hand
*** SUMMARY ***
Total pot $2 | Rake $0
Seat 5: sydd7 (button) (small blind) folded before Flop
Seat 6: GRAILKO (big blind) collected ($2)


PokerStars Hand #153737472577:  Hold'em Limit ($3/$6 USD) - 2016/05/23 14:02:50 ET
Table 'Rhesus' 10-max Seat #5 is the button
Seat 5: sydd7 ($90.24 in chips)
Seat 6: GRAILKO ($230.78 in chips)
sydd7: posts small blind $1
GRAILKO: posts big blind $3
*** HOLE CARDS ***
sydd7: folds
Uncalled bet ($2) returned to GRAILKO
GRAILKO collected $2 from pot
GRAILKO: doesn't show hand
*** SUMMARY ***
Total pot $2 | Rake $0
Seat 5: sydd7 (button) (small blind) folded before Flop
Seat 6: GRAILKO (big blind) collected ($2)


PokerStars Hand #153737451582:  Hold'em Limit ($3/$6 USD) - 2016/05/23 14:02:25 ET
Table 'Rhesus' 10-max Seat #6 is the button
Seat 5: sydd7 ($102.24 in chips)
Seat 6: GRAILKO ($219.26 in chips)
GRAILKO: posts small blind $1
sydd7: posts big blind $3
*** HOLE CARDS ***
GRAILKO: raises $3 to $6
sydd7: calls $3
*** FLOP *** [7d 5s 3s]
sydd7: checks
GRAILKO: checks
*** TURN *** [7d 5s 3s] [Ah]
sydd7: checks
GRAILKO: bets $6
sydd7: calls $6
*** RIVER *** [7d 5s 3s Ah] [2s]
sydd7: checks
GRAILKO: bets $6
sydd7: folds
Uncalled bet ($6) returned to GRAILKO
GRAILKO collected $23.52 from pot
GRAILKO: doesn't show hand
*** SUMMARY ***
Total pot $24 | Rake $0.48
Board [7d 5s 3s Ah 2s]
Seat 5: sydd7 (big blind) folded on the River
Seat 6: GRAILKO (button) (small blind) collected ($23.52)


PokerStars Hand #153737476241:  Hold'em Limit ($3/$6 USD) - 2016/05/23 14:02:54 ET
Table 'Rhesus' 10-max Seat #6 is the button
Seat 5: sydd7 ($89.24 in chips)
Seat 6: GRAILKO ($231.78 in chips)
GRAILKO: posts small blind $1
sydd7: posts big blind $3
*** HOLE CARDS ***
GRAILKO: raises $3 to $6
sydd7: calls $3
*** FLOP *** [Tc 3c Kd]
sydd7: checks
GRAILKO: bets $3
sydd7: calls $3
*** TURN *** [Tc 3c Kd] [6s]
sydd7: checks
GRAILKO: checks
*** RIVER *** [Tc 3c Kd 6s] [Kh]
sydd7: bets $6
GRAILKO: folds
Uncalled bet ($6) returned to sydd7
sydd7 collected $17.64 from pot
sydd7: doesn't show hand
*** SUMMARY ***
Total pot $18 | Rake $0.36
Board [Tc 3c Kd 6s Kh]
Seat 5: sydd7 (big blind) collected ($17.64)
Seat 6: GRAILKO (button) (small blind) folded on the River


