PokerStars Hand #156053416495:  Hold'em Limit ($3/$6 USD) - 2016/07/16 16:09:38 ET
Table 'Rhesus II' 6-max Seat #6 is the button
Seat 5: Scheubi88 ($90 in chips)
Seat 6: Velbor107 ($300 in chips)
Velbor107: posts small blind $1
Scheubi88: posts big blind $3
*** HOLE CARDS ***
VolkovDmitri leaves the table
Velbor107: raises $3 to $6
Scheubi88: raises $3 to $9
Velbor107: calls $3
*** FLOP *** [2s 3s As]
Scheubi88: bets $3
Velbor107: calls $3
*** TURN *** [2s 3s As] [4s]
Scheubi88: bets $6
Velbor107: raises $6 to $12
Scheubi88: folds
Uncalled bet ($6) returned to Velbor107
Velbor107 collected $35.50 from pot
*** SUMMARY ***
Total pot $36 | Rake $0.50
Board [2s 3s As 4s]
Seat 5: Scheubi88 (big blind) folded on the Turn
Seat 6: Velbor107 (button) (small blind) collected ($35.50)


PokerStars Hand #156053429963:  Hold'em Limit ($3/$6 USD) - 2016/07/16 16:09:57 ET
Table 'Rhesus II' 6-max Seat #5 is the button
Seat 5: Scheubi88 ($72 in chips)
Seat 6: Velbor107 ($317.50 in chips)
Scheubi88: posts small blind $1
Velbor107: posts big blind $3
*** HOLE CARDS ***
Scheubi88: raises $3 to $6
Velbor107: calls $3
*** FLOP *** [3s 3c Ts]
Velbor107: checks
Scheubi88: bets $3
Velbor107: calls $3
*** TURN *** [3s 3c Ts] [7h]
Velbor107: checks
Scheubi88: bets $6
Velbor107: folds
Uncalled bet ($6) returned to Scheubi88
Scheubi88 collected $17.64 from pot
Scheubi88: doesn't show hand
*** SUMMARY ***
Total pot $18 | Rake $0.36
Board [3s 3c Ts 7h]
Seat 5: Scheubi88 (button) (small blind) collected ($17.64)
Seat 6: Velbor107 (big blind) folded on the Turn


PokerStars Hand #156053447620:  Hold'em Limit ($3/$6 USD) - 2016/07/16 16:10:22 ET
Table 'Rhesus II' 6-max Seat #6 is the button
Seat 5: Scheubi88 ($80.64 in chips)
Seat 6: Velbor107 ($308.50 in chips)
Velbor107: posts small blind $1
Scheubi88: posts big blind $3
*** HOLE CARDS ***
Velbor107: raises $3 to $6
Scheubi88: calls $3
*** FLOP *** [3d 9h 3s]
Scheubi88: checks
Velbor107: bets $3
Scheubi88: folds
Uncalled bet ($3) returned to Velbor107
Velbor107 collected $11.76 from pot
*** SUMMARY ***
Total pot $12 | Rake $0.24
Board [3d 9h 3s]
Seat 5: Scheubi88 (big blind) folded on the Flop
Seat 6: Velbor107 (button) (small blind) collected ($11.76)


PokerStars Hand #156053456409:  Hold'em Limit ($3/$6 USD) - 2016/07/16 16:10:34 ET
Table 'Rhesus II' 6-max Seat #5 is the button
Seat 5: Scheubi88 ($74.64 in chips)
Seat 6: Velbor107 ($314.26 in chips)
Scheubi88: posts small blind $1
Velbor107: posts big blind $3
*** HOLE CARDS ***
Scheubi88: raises $3 to $6
Velbor107: calls $3
*** FLOP *** [9c 8c 5s]
Velbor107: checks
Scheubi88: bets $3
Velbor107: calls $3
*** TURN *** [9c 8c 5s] [9d]
Velbor107: checks
Scheubi88: bets $6
Velbor107: calls $6
*** RIVER *** [9c 8c 5s 9d] [As]
Velbor107: checks
Scheubi88: checks
*** SHOW DOWN ***
Velbor107: shows [6d 5h] (two pair, Nines and Fives)
Scheubi88: shows [Jd 5c] (two pair, Nines and Fives)
Velbor107 collected $14.75 from pot
Scheubi88 collected $14.75 from pot
*** SUMMARY ***
Total pot $30 | Rake $0.50
Board [9c 8c 5s 9d As]
Seat 5: Scheubi88 (button) (small blind) showed [Jd 5c] and won ($14.75) with two pair, Nines and Fives
Seat 6: Velbor107 (big blind) showed [6d 5h] and won ($14.75) with two pair, Nines and Fives


PokerStars Hand #156053503273:  Hold'em Limit ($3/$6 USD) - 2016/07/16 16:11:40 ET
Table 'Rhesus II' 6-max Seat #5 is the button
Seat 5: Scheubi88 ($94.89 in chips)
Seat 6: Velbor107 ($293.01 in chips)
Scheubi88: posts small blind $1
Velbor107: posts big blind $3
*** HOLE CARDS ***
Scheubi88: raises $3 to $6
Velbor107: calls $3
*** FLOP *** [As Ks 6s]
Velbor107: checks
Scheubi88: bets $3
Velbor107: raises $3 to $6
Scheubi88: folds
Uncalled bet ($3) returned to Velbor107
Velbor107 collected $17.64 from pot
*** SUMMARY ***
Total pot $18 | Rake $0.36
Board [As Ks 6s]
Seat 5: Scheubi88 (button) (small blind) folded on the Flop
Seat 6: Velbor107 (big blind) collected ($17.64)


PokerStars Hand #156053478729:  Hold'em Limit ($3/$6 USD) - 2016/07/16 16:11:06 ET
Table 'Rhesus II' 6-max Seat #6 is the button
Seat 5: Scheubi88 ($74.39 in chips)
Seat 6: Velbor107 ($314.01 in chips)
Velbor107: posts small blind $1
Scheubi88: posts big blind $3
*** HOLE CARDS ***
Velbor107: raises $3 to $6
Scheubi88: calls $3
*** FLOP *** [2s 8s 6d]
Scheubi88: checks
Velbor107: bets $3
Scheubi88: calls $3
*** TURN *** [2s 8s 6d] [4h]
Scheubi88: bets $6
Velbor107: calls $6
*** RIVER *** [2s 8s 6d 4h] [Kc]
Scheubi88: bets $6
Velbor107: calls $6
*** SHOW DOWN ***
Scheubi88: shows [4s Qc] (a pair of Fours)
Velbor107: mucks hand
Scheubi88 collected $41.50 from pot
*** SUMMARY ***
Total pot $42 | Rake $0.50
Board [2s 8s 6d 4h Kc]
Seat 5: Scheubi88 (big blind) showed [4s Qc] and won ($41.50) with a pair of Fours
Seat 6: Velbor107 (button) (small blind) mucked


PokerStars Hand #156053557867:  Hold'em Limit ($3/$6 USD) - 2016/07/16 16:12:57 ET
Table 'Rhesus II' 6-max Seat #5 is the button
Seat 5: Scheubi88 ($97.41 in chips)
Seat 6: Velbor107 ($289.65 in chips)
Scheubi88: posts small blind $1
Velbor107: posts big blind $3
*** HOLE CARDS ***
Scheubi88: raises $3 to $6
Velbor107: raises $3 to $9
Scheubi88: calls $3
*** FLOP *** [5s 8s Qc]
Velbor107: bets $3
Scheubi88: raises $3 to $6
Velbor107: calls $3
*** TURN *** [5s 8s Qc] [4c]
Velbor107: checks
Scheubi88: checks
*** RIVER *** [5s 8s Qc 4c] [6h]
Velbor107: checks
Scheubi88: bets $6
Velbor107: calls $6
*** SHOW DOWN ***
Scheubi88: shows [2s 3s] (a straight, Deuce to Six)
Velbor107: mucks hand
Scheubi88 collected $41.50 from pot
*** SUMMARY ***
Total pot $42 | Rake $0.50
Board [5s 8s Qc 4c 6h]
Seat 5: Scheubi88 (button) (small blind) showed [2s 3s] and won ($41.50) with a straight, Deuce to Six
Seat 6: Velbor107 (big blind) mucked


PokerStars Hand #156053526974:  Hold'em Limit ($3/$6 USD) - 2016/07/16 16:12:14 ET
Table 'Rhesus II' 6-max Seat #6 is the button
Seat 5: Scheubi88 ($85.89 in chips)
Seat 6: Velbor107 ($301.65 in chips)
Velbor107: posts small blind $1
Scheubi88: posts big blind $3
*** HOLE CARDS ***
Velbor107: raises $3 to $6
Scheubi88: calls $3
*** FLOP *** [Td 6d Jc]
Scheubi88: checks
Velbor107: bets $3
Scheubi88: raises $3 to $6
Velbor107: calls $3
*** TURN *** [Td 6d Jc] [As]
Scheubi88: checks
Velbor107: checks
*** RIVER *** [Td 6d Jc As] [4c]
Scheubi88: checks
Velbor107: checks
*** SHOW DOWN ***
Scheubi88: shows [6s 9h] (a pair of Sixes)
Velbor107: mucks hand
Scheubi88 collected $23.52 from pot
*** SUMMARY ***
Total pot $24 | Rake $0.48
Board [Td 6d Jc As 4c]
Seat 5: Scheubi88 (big blind) showed [6s 9h] and won ($23.52) with a pair of Sixes
Seat 6: Velbor107 (button) (small blind) mucked


PokerStars Hand #156053595418:  Hold'em Limit ($3/$6 USD) - 2016/07/16 16:13:50 ET
Table 'Rhesus II' 6-max Seat #6 is the button
Seat 5: Scheubi88 ($113.91 in chips)
Seat 6: Velbor107 ($272.65 in chips)
Velbor107: posts small blind $1
Scheubi88: posts big blind $3
*** HOLE CARDS ***
Velbor107: raises $3 to $6
Scheubi88: calls $3
*** FLOP *** [6h 2c 7c]
Scheubi88: checks
Velbor107: bets $3
Scheubi88: calls $3
*** TURN *** [6h 2c 7c] [Kh]
Scheubi88: checks
Velbor107: bets $6
Scheubi88: folds
Uncalled bet ($6) returned to Velbor107
Velbor107 collected $17.64 from pot
*** SUMMARY ***
Total pot $18 | Rake $0.36
Board [6h 2c 7c Kh]
Seat 5: Scheubi88 (big blind) folded on the Turn
Seat 6: Velbor107 (button) (small blind) collected ($17.64)


PokerStars Hand #156053592349:  Hold'em Limit ($3/$6 USD) - 2016/07/16 16:13:46 ET
Table 'Rhesus II' 6-max Seat #5 is the button
Seat 5: Scheubi88 ($114.91 in chips)
Seat 6: Velbor107 ($271.65 in chips)
Scheubi88: posts small blind $1
Velbor107: posts big blind $3
*** HOLE CARDS ***
Scheubi88: folds
Uncalled bet ($2) returned to Velbor107
Velbor107 collected $2 from pot
*** SUMMARY ***
Total pot $2 | Rake $0
Seat 5: Scheubi88 (button) (small blind) folded before Flop
Seat 6: Velbor107 (big blind) collected ($2)


PokerStars Hand #156053577745:  Hold'em Limit ($3/$6 USD) - 2016/07/16 16:13:25 ET
Table 'Rhesus II' 6-max Seat #6 is the button
Seat 5: Scheubi88 ($117.91 in chips)
Seat 6: Velbor107 ($268.65 in chips)
Velbor107: posts small blind $1
Scheubi88: posts big blind $3
*** HOLE CARDS ***
Velbor107: raises $3 to $6
Scheubi88: folds
Uncalled bet ($3) returned to Velbor107
Velbor107 collected $6 from pot
*** SUMMARY ***
Total pot $6 | Rake $0
Seat 5: Scheubi88 (big blind) folded before Flop
Seat 6: Velbor107 (button) (small blind) collected ($6)


PokerStars Hand #156053634284:  Hold'em Limit ($3/$6 USD) - 2016/07/16 16:14:45 ET
Table 'Rhesus II' 6-max Seat #6 is the button
Seat 5: Scheubi88 ($110.67 in chips)
Seat 6: Velbor107 ($275.29 in chips)
Velbor107: posts small blind $1
Scheubi88: posts big blind $3
*** HOLE CARDS ***
Velbor107: raises $3 to $6
Scheubi88: folds
Uncalled bet ($3) returned to Velbor107
Velbor107 collected $6 from pot
*** SUMMARY ***
Total pot $6 | Rake $0
Seat 5: Scheubi88 (big blind) folded before Flop
Seat 6: Velbor107 (button) (small blind) collected ($6)


PokerStars Hand #156053651021:  Hold'em Limit ($3/$6 USD) - 2016/07/16 16:15:08 ET
Table 'Rhesus II' 6-max Seat #6 is the button
Seat 5: Scheubi88 ($110.67 in chips)
Seat 6: Velbor107 ($275.29 in chips)
Velbor107: posts small blind $1
Scheubi88: posts big blind $3
*** HOLE CARDS ***
Velbor107: raises $3 to $6
Scheubi88: calls $3
*** FLOP *** [8d 2c 2h]
Scheubi88: checks
Velbor107: checks
*** TURN *** [8d 2c 2h] [Jc]
Scheubi88: checks
Velbor107: checks
*** RIVER *** [8d 2c 2h Jc] [3c]
Scheubi88: checks
Velbor107: checks
*** SHOW DOWN ***
Scheubi88: shows [5c 7h] (a pair of Deuces)
Velbor107: shows [5h Kc] (a pair of Deuces - King kicker)
Velbor107 collected $11.76 from pot
*** SUMMARY ***
Total pot $12 | Rake $0.24
Board [8d 2c 2h Jc 3c]
Seat 5: Scheubi88 (big blind) showed [5c 7h] and lost with a pair of Deuces
Seat 6: Velbor107 (button) (small blind) showed [5h Kc] and won ($11.76) with a pair of Deuces


PokerStars Hand #156053642722:  Hold'em Limit ($3/$6 USD) - 2016/07/16 16:14:57 ET
Table 'Rhesus II' 6-max Seat #5 is the button
Seat 5: Scheubi88 ($107.67 in chips)
Seat 6: Velbor107 ($278.29 in chips)
Scheubi88: posts small blind $1
Velbor107: posts big blind $3
*** HOLE CARDS ***
Scheubi88: raises $3 to $6
Velbor107: folds
Uncalled bet ($3) returned to Scheubi88
Scheubi88 collected $6 from pot
Scheubi88: doesn't show hand
*** SUMMARY ***
Total pot $6 | Rake $0
Seat 5: Scheubi88 (button) (small blind) collected ($6)
Seat 6: Velbor107 (big blind) folded before Flop


PokerStars Hand #156053609627:  Hold'em Limit ($3/$6 USD) - 2016/07/16 16:14:10 ET
Table 'Rhesus II' 6-max Seat #5 is the button
Seat 5: Scheubi88 ($104.91 in chips)
Seat 6: Velbor107 ($281.29 in chips)
Scheubi88: posts small blind $1
Velbor107: posts big blind $3
*** HOLE CARDS ***
Scheubi88: raises $3 to $6
Velbor107: calls $3
*** FLOP *** [6d Kh Th]
Velbor107: checks
Scheubi88: bets $3
Velbor107: folds
Uncalled bet ($3) returned to Scheubi88
Scheubi88 collected $11.76 from pot
Scheubi88: doesn't show hand
*** SUMMARY ***
Total pot $12 | Rake $0.24
Board [6d Kh Th]
Seat 5: Scheubi88 (button) (small blind) collected ($11.76)
Seat 6: Velbor107 (big blind) folded on the Flop


PokerStars Hand #156053694163:  Hold'em Limit ($3/$6 USD) - 2016/07/16 16:16:09 ET
Table 'Rhesus II' 6-max Seat #6 is the button
Seat 5: Scheubi88 ($131.17 in chips)
Seat 6: Velbor107 ($254.05 in chips)
Velbor107: posts small blind $1
Scheubi88: posts big blind $3
*** HOLE CARDS ***
Velbor107: raises $3 to $6
Scheubi88: folds
Uncalled bet ($3) returned to Velbor107
Velbor107 collected $6 from pot
*** SUMMARY ***
Total pot $6 | Rake $0
Seat 5: Scheubi88 (big blind) folded before Flop
Seat 6: Velbor107 (button) (small blind) collected ($6)


PokerStars Hand #156053665888:  Hold'em Limit ($3/$6 USD) - 2016/07/16 16:15:29 ET
Table 'Rhesus II' 6-max Seat #5 is the button
Seat 5: Scheubi88 ($104.67 in chips)
Seat 6: Velbor107 ($281.05 in chips)
Scheubi88: posts small blind $1
Velbor107: posts big blind $3
*** HOLE CARDS ***
Scheubi88: raises $3 to $6
Velbor107: calls $3
*** FLOP *** [4d 8h 2h]
Velbor107: checks
Scheubi88: bets $3
Velbor107: calls $3
*** TURN *** [4d 8h 2h] [Js]
Velbor107: checks
Scheubi88: bets $6
Velbor107: raises $6 to $12
Scheubi88: raises $6 to $18
Velbor107: calls $6
*** RIVER *** [4d 8h 2h Js] [Kd]
Velbor107: checks
Scheubi88: bets $6
Velbor107: folds
Uncalled bet ($6) returned to Scheubi88
Scheubi88 collected $53.50 from pot
Scheubi88: doesn't show hand
*** SUMMARY ***
Total pot $54 | Rake $0.50
Board [4d 8h 2h Js Kd]
Seat 5: Scheubi88 (button) (small blind) collected ($53.50)
Seat 6: Velbor107 (big blind) folded on the River


PokerStars Hand #156053702845:  Hold'em Limit ($3/$6 USD) - 2016/07/16 16:16:15 ET
Table 'Rhesus II' 6-max Seat #5 is the button
Seat 5: Scheubi88 ($128.17 in chips)
Seat 6: Velbor107 ($257.05 in chips)
Scheubi88: posts small blind $1
Velbor107: posts big blind $3
*** HOLE CARDS ***
Scheubi88: raises $3 to $6
Velbor107: raises $3 to $9
Scheubi88: calls $3
*** FLOP *** [Qs 4s 2s]
Velbor107: bets $3
Scheubi88: calls $3
*** TURN *** [Qs 4s 2s] [9s]
Velbor107: checks
Scheubi88: checks
*** RIVER *** [Qs 4s 2s 9s] [5c]
Velbor107: bets $6
Scheubi88: calls $6
*** SHOW DOWN ***
Velbor107: shows [7d 7h] (a pair of Sevens)
Scheubi88: mucks hand
Velbor107 collected $35.50 from pot
*** SUMMARY ***
Total pot $36 | Rake $0.50
Board [Qs 4s 2s 9s 5c]
Seat 5: Scheubi88 (button) (small blind) mucked
Seat 6: Velbor107 (big blind) showed [7d 7h] and won ($35.50) with a pair of Sevens


PokerStars Hand #156053733883:  Hold'em Limit ($3/$6 USD) - 2016/07/16 16:16:59 ET
Table 'Rhesus II' 6-max Seat #6 is the button
Seat 5: Scheubi88 ($110.17 in chips)
Seat 6: Velbor107 ($274.55 in chips)
Velbor107: posts small blind $1
Scheubi88: posts big blind $3
*** HOLE CARDS ***
Velbor107: raises $3 to $6
Scheubi88: raises $3 to $9
Velbor107: calls $3
*** FLOP *** [9h Qh 8c]
Scheubi88: bets $3
Velbor107: calls $3
*** TURN *** [9h Qh 8c] [5h]
Scheubi88: bets $6
Velbor107: calls $6
*** RIVER *** [9h Qh 8c 5h] [Jh]
Scheubi88: bets $6
Velbor107: calls $6
*** SHOW DOWN ***
Scheubi88: shows [Kd Js] (a pair of Jacks)
Velbor107: shows [Td 6d] (a straight, Eight to Queen)
Velbor107 collected $47.50 from pot
*** SUMMARY ***
Total pot $48 | Rake $0.50
Board [9h Qh 8c 5h Jh]
Seat 5: Scheubi88 (big blind) showed [Kd Js] and lost with a pair of Jacks
Seat 6: Velbor107 (button) (small blind) showed [Td 6d] and won ($47.50) with a straight, Eight to Queen


PokerStars Hand #156053729882:  Hold'em Limit ($3/$6 USD) - 2016/07/16 16:16:53 ET
Table 'Rhesus II' 6-max Seat #5 is the button
Seat 5: Scheubi88 ($111.17 in chips)
Seat 6: Velbor107 ($273.55 in chips)
Scheubi88: posts small blind $1
Velbor107: posts big blind $3
*** HOLE CARDS ***
Scheubi88: folds
Uncalled bet ($2) returned to Velbor107
Velbor107 collected $2 from pot
*** SUMMARY ***
Total pot $2 | Rake $0
Seat 5: Scheubi88 (button) (small blind) folded before Flop
Seat 6: Velbor107 (big blind) collected ($2)


PokerStars Hand #156053725848:  Hold'em Limit ($3/$6 USD) - 2016/07/16 16:16:47 ET
Table 'Rhesus II' 6-max Seat #6 is the button
Seat 5: Scheubi88 ($110.17 in chips)
Seat 6: Velbor107 ($274.55 in chips)
Velbor107: posts small blind $1
Scheubi88: posts big blind $3
*** HOLE CARDS ***
Velbor107: folds
Uncalled bet ($2) returned to Scheubi88
Scheubi88 collected $2 from pot
Scheubi88: doesn't show hand
*** SUMMARY ***
Total pot $2 | Rake $0
Seat 5: Scheubi88 (big blind) collected ($2)
Seat 6: Velbor107 (button) (small blind) folded before Flop


PokerStars Hand #156053753294:  Hold'em Limit ($3/$6 USD) - 2016/07/16 16:17:26 ET
Table 'Rhesus II' 6-max Seat #5 is the button
Seat 5: Scheubi88 ($86.17 in chips)
Seat 6: Velbor107 ($298.05 in chips)
Scheubi88: posts small blind $1
Velbor107: posts big blind $3
*** HOLE CARDS ***
Scheubi88: raises $3 to $6
Velbor107: raises $3 to $9
Scheubi88: calls $3
*** FLOP *** [Qh 9h 7d]
Velbor107: bets $3
Scheubi88: folds
Uncalled bet ($3) returned to Velbor107
Velbor107 collected $17.64 from pot
*** SUMMARY ***
Total pot $18 | Rake $0.36
Board [Qh 9h 7d]
Seat 5: Scheubi88 (button) (small blind) folded on the Flop
Seat 6: Velbor107 (big blind) collected ($17.64)


PokerStars Hand #156053788537:  Hold'em Limit ($3/$6 USD) - 2016/07/16 16:18:16 ET
Table 'Rhesus II' 6-max Seat #5 is the button
Seat 5: Scheubi88 ($78.17 in chips)
Seat 6: Velbor107 ($305.69 in chips)
Scheubi88: posts small blind $1
Velbor107: posts big blind $3
*** HOLE CARDS ***
Scheubi88: folds
Uncalled bet ($2) returned to Velbor107
Velbor107 collected $2 from pot
*** SUMMARY ***
Total pot $2 | Rake $0
Seat 5: Scheubi88 (button) (small blind) folded before Flop
Seat 6: Velbor107 (big blind) collected ($2)


PokerStars Hand #156053784917:  Hold'em Limit ($3/$6 USD) - 2016/07/16 16:18:11 ET
Table 'Rhesus II' 6-max Seat #6 is the button
Seat 5: Scheubi88 ($77.17 in chips)
Seat 6: Velbor107 ($306.69 in chips)
Velbor107: posts small blind $1
Scheubi88: posts big blind $3
*** HOLE CARDS ***
Velbor107: folds
Uncalled bet ($2) returned to Scheubi88
Scheubi88 collected $2 from pot
Scheubi88: doesn't show hand
*** SUMMARY ***
Total pot $2 | Rake $0
Seat 5: Scheubi88 (big blind) collected ($2)
Seat 6: Velbor107 (button) (small blind) folded before Flop


PokerStars Hand #156053773789:  Hold'em Limit ($3/$6 USD) - 2016/07/16 16:17:55 ET
Table 'Rhesus II' 6-max Seat #5 is the button
Seat 5: Scheubi88 ($74.17 in chips)
Seat 6: Velbor107 ($309.69 in chips)
Scheubi88: posts small blind $1
Velbor107: posts big blind $3
*** HOLE CARDS ***
Scheubi88: raises $3 to $6
Velbor107: folds
Uncalled bet ($3) returned to Scheubi88
Scheubi88 collected $6 from pot
Scheubi88: doesn't show hand
*** SUMMARY ***
Total pot $6 | Rake $0
Seat 5: Scheubi88 (button) (small blind) collected ($6)
Seat 6: Velbor107 (big blind) folded before Flop


PokerStars Hand #156053768026:  Hold'em Limit ($3/$6 USD) - 2016/07/16 16:17:47 ET
Table 'Rhesus II' 6-max Seat #6 is the button
Seat 5: Scheubi88 ($77.17 in chips)
Seat 6: Velbor107 ($306.69 in chips)
Velbor107: posts small blind $1
Scheubi88: posts big blind $3
*** HOLE CARDS ***
Velbor107: raises $3 to $6
Scheubi88: folds
Uncalled bet ($3) returned to Velbor107
Velbor107 collected $6 from pot
*** SUMMARY ***
Total pot $6 | Rake $0
Seat 5: Scheubi88 (big blind) folded before Flop
Seat 6: Velbor107 (button) (small blind) collected ($6)


PokerStars Hand #156053799422:  Hold'em Limit ($3/$6 USD) - 2016/07/16 16:18:31 ET
Table 'Rhesus II' 6-max Seat #6 is the button
Seat 5: Scheubi88 ($77.17 in chips)
Seat 6: Velbor107 ($306.69 in chips)
Velbor107: posts small blind $1
Scheubi88: posts big blind $3
*** HOLE CARDS ***
Velbor107: raises $3 to $6
Scheubi88: calls $3
*** FLOP *** [Kc Qs 6s]
Scheubi88: checks
Velbor107: bets $3
Scheubi88: calls $3
*** TURN *** [Kc Qs 6s] [5h]
Scheubi88: checks
Velbor107: checks
*** RIVER *** [Kc Qs 6s 5h] [8h]
Scheubi88: checks
Velbor107: checks
*** SHOW DOWN ***
Scheubi88: shows [6h 2h] (a pair of Sixes)
Velbor107: mucks hand
Scheubi88 collected $17.64 from pot
*** SUMMARY ***
Total pot $18 | Rake $0.36
Board [Kc Qs 6s 5h 8h]
Seat 5: Scheubi88 (big blind) showed [6h 2h] and won ($17.64) with a pair of Sixes
Seat 6: Velbor107 (button) (small blind) mucked


PokerStars Hand #156053843753:  Hold'em Limit ($3/$6 USD) - 2016/07/16 16:19:33 ET
Table 'Rhesus II' 6-max Seat #5 is the button
Seat 5: Scheubi88 ($85.81 in chips)
Seat 6: Velbor107 ($297.69 in chips)
Scheubi88: posts small blind $1
Velbor107: posts big blind $3
*** HOLE CARDS ***
Scheubi88: raises $3 to $6
Velbor107: calls $3
*** FLOP *** [Ah 9h 8s]
Velbor107: checks
Scheubi88: bets $3
Velbor107: raises $3 to $6
Scheubi88: calls $3
*** TURN *** [Ah 9h 8s] [5h]
Velbor107: bets $6
Scheubi88: raises $6 to $12
Velbor107: calls $6
*** RIVER *** [Ah 9h 8s 5h] [Ad]
Velbor107: checks
Scheubi88: checks
*** SHOW DOWN ***
Velbor107: shows [As 7c] (three of a kind, Aces)
Scheubi88: mucks hand
Velbor107 collected $47.50 from pot
*** SUMMARY ***
Total pot $48 | Rake $0.50
Board [Ah 9h 8s 5h Ad]
Seat 5: Scheubi88 (button) (small blind) mucked
Seat 6: Velbor107 (big blind) showed [As 7c] and won ($47.50) with three of a kind, Aces


PokerStars Hand #156053866229:  Hold'em Limit ($3/$6 USD) - 2016/07/16 16:20:04 ET
Table 'Rhesus II' 6-max Seat #6 is the button
Seat 5: Scheubi88 ($61.81 in chips)
Seat 6: Velbor107 ($321.19 in chips)
Velbor107: posts small blind $1
Scheubi88: posts big blind $3
*** HOLE CARDS ***
Velbor107: raises $3 to $6
Scheubi88: calls $3
*** FLOP *** [3h 6c 9h]
Scheubi88: checks
Velbor107: checks
*** TURN *** [3h 6c 9h] [As]
Scheubi88: checks
Velbor107: checks
*** RIVER *** [3h 6c 9h As] [5d]
Scheubi88: checks
Velbor107: bets $6
Scheubi88: folds
Uncalled bet ($6) returned to Velbor107
Velbor107 collected $11.76 from pot
*** SUMMARY ***
Total pot $12 | Rake $0.24
Board [3h 6c 9h As 5d]
Seat 5: Scheubi88 (big blind) folded on the River
Seat 6: Velbor107 (button) (small blind) collected ($11.76)


PokerStars Hand #156053894776:  Hold'em Limit ($3/$6 USD) - 2016/07/16 16:20:44 ET
Table 'Rhesus II' 6-max Seat #5 is the button
Seat 5: Scheubi88 ($55.81 in chips)
Seat 6: Velbor107 ($326.95 in chips)
Scheubi88: posts small blind $1
Velbor107: posts big blind $3
*** HOLE CARDS ***
Scheubi88: raises $3 to $6
Velbor107: calls $3
*** FLOP *** [8c Ks 2h]
Velbor107: checks
Scheubi88: bets $3
Velbor107: calls $3
*** TURN *** [8c Ks 2h] [8s]
m.geckeler joins the table at seat #2
Velbor107: checks
Scheubi88: bets $6
Velbor107: folds
Uncalled bet ($6) returned to Scheubi88
Scheubi88 collected $17.64 from pot
Scheubi88: doesn't show hand
*** SUMMARY ***
Total pot $18 | Rake $0.36
Board [8c Ks 2h 8s]
Seat 5: Scheubi88 (button) (small blind) collected ($17.64)
Seat 6: Velbor107 (big blind) folded on the Turn


PokerStars Hand #156054281560:  Hold'em Limit ($3/$6 USD) - 2016/07/16 16:29:40 ET
Table 'Rhesus II' 6-max Seat #6 is the button
Seat 4: IzGulaga ($91.77 in chips)
Seat 6: Velbor107 ($380.90 in chips)
Velbor107: posts small blind $1
ValeryRon: is sitting out
IzGulaga: posts big blind $3
*** HOLE CARDS ***
ValeryRon leaves the table
Velbor107: raises $3 to $6
IzGulaga: folds
Uncalled bet ($3) returned to Velbor107
IzGulaga leaves the table
Velbor107 collected $6 from pot
*** SUMMARY ***
Total pot $6 | Rake $0
Seat 4: IzGulaga (big blind) folded before Flop
Seat 6: Velbor107 (button) (small blind) collected ($6)


PokerStars Hand #156055636123:  Hold'em Limit ($3/$6 USD) - 2016/07/16 17:00:52 ET
Table 'Rhesus II' 6-max Seat #4 is the button
Seat 3: jl45259071 ($119.88 in chips)
Seat 4: Koraseg ($122.76 in chips)
Koraseg: posts small blind $1
jl45259071: posts big blind $3
*** HOLE CARDS ***
Koraseg: raises $3 to $6
jl45259071: raises $3 to $9
Koraseg: calls $3
*** FLOP *** [7c 4h 3d]
jl45259071: bets $3
Koraseg: calls $3
*** TURN *** [7c 4h 3d] [6d]
jl45259071: bets $6
Koraseg: raises $6 to $12
jl45259071: calls $6
*** RIVER *** [7c 4h 3d 6d] [As]
jl45259071: checks
Koraseg: checks
*** SHOW DOWN ***
jl45259071: shows [Ah Ac] (three of a kind, Aces)
Koraseg: mucks hand
jl45259071 collected $47.50 from pot
*** SUMMARY ***
Total pot $48 | Rake $0.50
Board [7c 4h 3d 6d As]
Seat 3: jl45259071 (big blind) showed [Ah Ac] and won ($47.50) with three of a kind, Aces
Seat 4: Koraseg (button) (small blind) mucked


PokerStars Hand #156055628245:  Hold'em Limit ($3/$6 USD) - 2016/07/16 17:00:39 ET
Table 'Rhesus II' 6-max Seat #3 is the button
Seat 3: jl45259071 ($117 in chips)
Seat 4: Koraseg ($125.76 in chips)
jl45259071: posts small blind $1
Koraseg: posts big blind $3
*** HOLE CARDS ***
jl45259071: calls $2
Koraseg: checks
*** FLOP *** [5c Jd Ad]
Koraseg: checks
jl45259071: bets $3
Koraseg: folds
Uncalled bet ($3) returned to jl45259071
jl45259071 collected $5.88 from pot
*** SUMMARY ***
Total pot $6 | Rake $0.12
Board [5c Jd Ad]
Seat 3: jl45259071 (button) (small blind) collected ($5.88)
Seat 4: Koraseg (big blind) folded on the Flop


PokerStars Hand #156055616615:  Hold'em Limit ($3/$6 USD) - 2016/07/16 17:00:19 ET
Table 'Rhesus II' 6-max Seat #4 is the button
Seat 3: jl45259071 ($123 in chips)
Seat 4: Koraseg ($120 in chips)
Koraseg: posts small blind $1
jl45259071: posts big blind $3
*** HOLE CARDS ***
Koraseg: raises $3 to $6
jl45259071: calls $3
*** FLOP *** [8c Ac Qh]
jl45259071: checks
Koraseg: checks
*** TURN *** [8c Ac Qh] [Jh]
jl45259071: checks
Koraseg: checks
*** RIVER *** [8c Ac Qh Jh] [As]
jl45259071: checks
Koraseg: bets $6
jl45259071: folds
Uncalled bet ($6) returned to Koraseg
Koraseg collected $11.76 from pot
Koraseg: doesn't show hand
*** SUMMARY ***
Total pot $12 | Rake $0.24
Board [8c Ac Qh Jh As]
Seat 3: jl45259071 (big blind) folded on the River
Seat 4: Koraseg (button) (small blind) collected ($11.76)


PokerStars Hand #156055659074:  Hold'em Limit ($3/$6 USD) - 2016/07/16 17:01:28 ET
Table 'Rhesus II' 6-max Seat #3 is the button
Seat 3: jl45259071 ($140.38 in chips)
Seat 4: Koraseg ($101.52 in chips)
jl45259071: posts small blind $1
Koraseg: posts big blind $3
*** HOLE CARDS ***
jl45259071: raises $3 to $6
Koraseg: calls $3
*** FLOP *** [5s 3c Tc]
Koraseg: checks
jl45259071: bets $3
Koraseg: folds
Uncalled bet ($3) returned to jl45259071
jl45259071 collected $11.76 from pot
*** SUMMARY ***
Total pot $12 | Rake $0.24
Board [5s 3c Tc]
Seat 3: jl45259071 (button) (small blind) collected ($11.76)
Seat 4: Koraseg (big blind) folded on the Flop


PokerStars Hand #156055651927:  Hold'em Limit ($3/$6 USD) - 2016/07/16 17:01:17 ET
Table 'Rhesus II' 6-max Seat #4 is the button
Seat 3: jl45259071 ($146.38 in chips)
Seat 4: Koraseg ($95.76 in chips)
Koraseg: posts small blind $1
jl45259071: posts big blind $3
*** HOLE CARDS ***
Koraseg: raises $3 to $6
jl45259071: calls $3
*** FLOP *** [Jh Td 5s]
jl45259071: checks
Koraseg: bets $3
jl45259071: folds
Uncalled bet ($3) returned to Koraseg
Koraseg collected $11.76 from pot
Koraseg: doesn't show hand
*** SUMMARY ***
Total pot $12 | Rake $0.24
Board [Jh Td 5s]
Seat 3: jl45259071 (big blind) folded on the Flop
Seat 4: Koraseg (button) (small blind) collected ($11.76)


PokerStars Hand #156055647944:  Hold'em Limit ($3/$6 USD) - 2016/07/16 17:01:11 ET
Table 'Rhesus II' 6-max Seat #3 is the button
Seat 3: jl45259071 ($143.38 in chips)
Seat 4: Koraseg ($98.76 in chips)
jl45259071: posts small blind $1
Koraseg: posts big blind $3
*** HOLE CARDS ***
jl45259071: raises $3 to $6
Koraseg: folds
Uncalled bet ($3) returned to jl45259071
jl45259071 collected $6 from pot
*** SUMMARY ***
Total pot $6 | Rake $0
Seat 3: jl45259071 (button) (small blind) collected ($6)
Seat 4: Koraseg (big blind) folded before Flop


PokerStars Hand #156055721964:  Hold'em Limit ($3/$6 USD) - 2016/07/16 17:02:56 ET
Table 'Rhesus II' 6-max Seat #4 is the button
Seat 3: jl45259071 ($142.40 in chips)
Seat 4: Koraseg ($97.52 in chips)
Koraseg: posts small blind $1
jl45259071: posts big blind $3
*** HOLE CARDS ***
Koraseg: folds
Uncalled bet ($2) returned to jl45259071
jl45259071 collected $2 from pot
*** SUMMARY ***
Total pot $2 | Rake $0
Seat 3: jl45259071 (big blind) collected ($2)
Seat 4: Koraseg (button) (small blind) folded before Flop


PokerStars Hand #156055709006:  Hold'em Limit ($3/$6 USD) - 2016/07/16 17:02:38 ET
Table 'Rhesus II' 6-max Seat #3 is the button
Seat 3: jl45259071 ($160.40 in chips)
Seat 4: Koraseg ($80.02 in chips)
jl45259071: posts small blind $1
Koraseg: posts big blind $3
*** HOLE CARDS ***
jl45259071: calls $2
Koraseg: checks
*** FLOP *** [4h Jh 3c]
Koraseg: bets $3
jl45259071: calls $3
*** TURN *** [4h Jh 3c] [Jc]
Koraseg: bets $6
jl45259071: calls $6
*** RIVER *** [4h Jh 3c Jc] [7h]
Koraseg: bets $6
jl45259071: calls $6
*** SHOW DOWN ***
Koraseg: shows [7c 5d] (two pair, Jacks and Sevens)
jl45259071: mucks hand
Koraseg collected $35.50 from pot
*** SUMMARY ***
Total pot $36 | Rake $0.50
Board [4h Jh 3c Jc 7h]
Seat 3: jl45259071 (button) (small blind) mucked
Seat 4: Koraseg (big blind) showed [7c 5d] and won ($35.50) with two pair, Jacks and Sevens


PokerStars Hand #156055695392:  Hold'em Limit ($3/$6 USD) - 2016/07/16 17:02:19 ET
Table 'Rhesus II' 6-max Seat #4 is the button
Seat 3: jl45259071 ($175.40 in chips)
Seat 4: Koraseg ($65.52 in chips)
Koraseg: posts small blind $1
jl45259071: posts big blind $3
*** HOLE CARDS ***
Koraseg: raises $3 to $6
jl45259071: calls $3
*** FLOP *** [8d 6d 4h]
jl45259071: checks
Koraseg: bets $3
jl45259071: calls $3
*** TURN *** [8d 6d 4h] [6c]
jl45259071: checks
Koraseg: bets $6
jl45259071: calls $6
*** RIVER *** [8d 6d 4h 6c] [3h]
jl45259071: checks
Koraseg: bets $6
jl45259071: folds
Uncalled bet ($6) returned to Koraseg
Koraseg collected $29.50 from pot
Koraseg: doesn't show hand
*** SUMMARY ***
Total pot $30 | Rake $0.50
Board [8d 6d 4h 6c 3h]
Seat 3: jl45259071 (big blind) folded on the River
Seat 4: Koraseg (button) (small blind) collected ($29.50)


PokerStars Hand #156055682290:  Hold'em Limit ($3/$6 USD) - 2016/07/16 17:02:01 ET
Table 'Rhesus II' 6-max Seat #3 is the button
Seat 3: jl45259071 ($169.64 in chips)
Seat 4: Koraseg ($71.52 in chips)
jl45259071: posts small blind $1
Koraseg: posts big blind $3
*** HOLE CARDS ***
jl45259071: calls $2
Koraseg: checks
*** FLOP *** [Qs 6h 9c]
Koraseg: bets $3
jl45259071: calls $3
*** TURN *** [Qs 6h 9c] [2h]
Koraseg: checks
jl45259071: checks
*** RIVER *** [Qs 6h 9c 2h] [3c]
Koraseg: checks
jl45259071: bets $6
Koraseg: folds
Uncalled bet ($6) returned to jl45259071
jl45259071 collected $11.76 from pot
*** SUMMARY ***
Total pot $12 | Rake $0.24
Board [Qs 6h 9c 2h 3c]
Seat 3: jl45259071 (button) (small blind) collected ($11.76)
Seat 4: Koraseg (big blind) folded on the River


PokerStars Hand #156055725743:  Hold'em Limit ($3/$6 USD) - 2016/07/16 17:03:01 ET
Table 'Rhesus II' 6-max Seat #3 is the button
Seat 3: jl45259071 ($143.40 in chips)
Seat 4: Koraseg ($96.52 in chips)
jl45259071: posts small blind $1
Koraseg: posts big blind $3
*** HOLE CARDS ***
jl45259071: calls $2
Koraseg: checks
*** FLOP *** [7h 8d 4h]
Koraseg: checks
jl45259071: checks
*** TURN *** [7h 8d 4h] [7c]
Koraseg: checks
jl45259071: bets $6
Koraseg: folds
Uncalled bet ($6) returned to jl45259071
jl45259071 collected $5.88 from pot
*** SUMMARY ***
Total pot $6 | Rake $0.12
Board [7h 8d 4h 7c]
Seat 3: jl45259071 (button) (small blind) collected ($5.88)
Seat 4: Koraseg (big blind) folded on the Turn


PokerStars Hand #156055751902:  Hold'em Limit ($3/$6 USD) - 2016/07/16 17:03:38 ET
Table 'Rhesus II' 6-max Seat #3 is the button
Seat 3: jl45259071 ($131.28 in chips)
Seat 4: Koraseg ($108.02 in chips)
jl45259071: posts small blind $1
Koraseg: posts big blind $3
*** HOLE CARDS ***
jl45259071: calls $2
Koraseg: checks
*** FLOP *** [As 6h Kd]
Koraseg: checks
jl45259071: bets $3
Koraseg: calls $3
*** TURN *** [As 6h Kd] [7s]
Koraseg: checks
jl45259071: checks
*** RIVER *** [As 6h Kd 7s] [8c]
Koraseg: bets $6
jl45259071: calls $6
*** SHOW DOWN ***
Koraseg: shows [Kh 2h] (a pair of Kings)
jl45259071: mucks hand
Koraseg collected $23.52 from pot
*** SUMMARY ***
Total pot $24 | Rake $0.48
Board [As 6h Kd 7s 8c]
Seat 3: jl45259071 (button) (small blind) mucked
Seat 4: Koraseg (big blind) showed [Kh 2h] and won ($23.52) with a pair of Kings


PokerStars Hand #156055735932:  Hold'em Limit ($3/$6 USD) - 2016/07/16 17:03:15 ET
Table 'Rhesus II' 6-max Seat #4 is the button
Seat 3: jl45259071 ($146.28 in chips)
Seat 4: Koraseg ($93.52 in chips)
Koraseg: posts small blind $1
jl45259071: posts big blind $3
*** HOLE CARDS ***
Koraseg: raises $3 to $6
jl45259071: calls $3
*** FLOP *** [Qh Qs 4s]
jl45259071: checks
Koraseg: bets $3
jl45259071: calls $3
*** TURN *** [Qh Qs 4s] [5c]
jl45259071: checks
Koraseg: checks
*** RIVER *** [Qh Qs 4s 5c] [Js]
jl45259071: checks
Koraseg: bets $6
jl45259071: calls $6
*** SHOW DOWN ***
Koraseg: shows [9s Ts] (a flush, Queen high)
jl45259071: mucks hand
Koraseg collected $29.50 from pot
*** SUMMARY ***
Total pot $30 | Rake $0.50
Board [Qh Qs 4s 5c Js]
Seat 3: jl45259071 (big blind) mucked
Seat 4: Koraseg (button) (small blind) showed [9s Ts] and won ($29.50) with a flush, Queen high


PokerStars Hand #156055794109:  Hold'em Limit ($3/$6 USD) - 2016/07/16 17:04:36 ET
Table 'Rhesus II' 6-max Seat #4 is the button
Seat 3: jl45259071 ($113.16 in chips)
Seat 4: Koraseg ($125.18 in chips)
Koraseg: posts small blind $1
jl45259071: posts big blind $3
*** HOLE CARDS ***
Koraseg: raises $3 to $6
jl45259071: calls $3
*** FLOP *** [5d 3h 4s]
jl45259071: checks
Koraseg: bets $3
jl45259071: raises $3 to $6
Koraseg: raises $3 to $9
jl45259071: calls $3
*** TURN *** [5d 3h 4s] [5c]
jl45259071: checks
Koraseg: checks
*** RIVER *** [5d 3h 4s 5c] [8c]
jl45259071: checks
Koraseg: checks
*** SHOW DOWN ***
jl45259071: shows [Kc 3c] (two pair, Fives and Threes)
Koraseg: mucks hand
jl45259071 collected $29.50 from pot
*** SUMMARY ***
Total pot $30 | Rake $0.50
Board [5d 3h 4s 5c 8c]
Seat 3: jl45259071 (big blind) showed [Kc 3c] and won ($29.50) with two pair, Fives and Threes
Seat 4: Koraseg (button) (small blind) mucked


PokerStars Hand #156055782602:  Hold'em Limit ($3/$6 USD) - 2016/07/16 17:04:20 ET
Table 'Rhesus II' 6-max Seat #3 is the button
Seat 3: jl45259071 ($110.28 in chips)
Seat 4: Koraseg ($128.18 in chips)
jl45259071: posts small blind $1
Koraseg: posts big blind $3
*** HOLE CARDS ***
jl45259071: calls $2
Koraseg: checks
*** FLOP *** [Th Ks 8s]
Koraseg: checks
jl45259071: checks
*** TURN *** [Th Ks 8s] [5d]
Koraseg: checks
jl45259071: checks
*** RIVER *** [Th Ks 8s 5d] [6h]
Koraseg: checks
jl45259071: checks
*** SHOW DOWN ***
Koraseg: shows [2s 9h] (high card King)
jl45259071: shows [Js 7d] (high card King - Jack kicker)
jl45259071 collected $5.88 from pot
*** SUMMARY ***
Total pot $6 | Rake $0.12
Board [Th Ks 8s 5d 6h]
Seat 3: jl45259071 (button) (small blind) showed [Js 7d] and won ($5.88) with high card King
Seat 4: Koraseg (big blind) showed [2s 9h] and lost with high card King


PokerStars Hand #156055770968:  Hold'em Limit ($3/$6 USD) - 2016/07/16 17:04:04 ET
Table 'Rhesus II' 6-max Seat #4 is the button
Seat 3: jl45259071 ($119.28 in chips)
Seat 4: Koraseg ($119.54 in chips)
Koraseg: posts small blind $1
jl45259071: posts big blind $3
*** HOLE CARDS ***
Koraseg: raises $3 to $6
jl45259071: calls $3
*** FLOP *** [4h As Kh]
jl45259071: checks
Koraseg: bets $3
jl45259071: calls $3
*** TURN *** [4h As Kh] [6d]
jl45259071: checks
Koraseg: bets $6
jl45259071: folds
Uncalled bet ($6) returned to Koraseg
Koraseg collected $17.64 from pot
Koraseg: doesn't show hand
*** SUMMARY ***
Total pot $18 | Rake $0.36
Board [4h As Kh 6d]
Seat 3: jl45259071 (big blind) folded on the Turn
Seat 4: Koraseg (button) (small blind) collected ($17.64)


PokerStars Hand #156055849974:  Hold'em Limit ($3/$6 USD) - 2016/07/16 17:05:53 ET
Table 'Rhesus II' 6-max Seat #4 is the button
Seat 3: jl45259071 ($165.66 in chips)
Seat 4: Koraseg ($71.18 in chips)
Koraseg: posts small blind $1
jl45259071: posts big blind $3
*** HOLE CARDS ***
Koraseg: raises $3 to $6
jl45259071: calls $3
*** FLOP *** [8c Ad 8d]
jl45259071: checks
Koraseg: bets $3
jl45259071: calls $3
*** TURN *** [8c Ad 8d] [7h]
jl45259071: checks
Koraseg: bets $6
jl45259071: raises $6 to $12
Koraseg: folds
Uncalled bet ($6) returned to jl45259071
jl45259071 collected $29.50 from pot
*** SUMMARY ***
Total pot $30 | Rake $0.50
Board [8c Ad 8d 7h]
Seat 3: jl45259071 (big blind) collected ($29.50)
Seat 4: Koraseg (button) (small blind) folded on the Turn


PokerStars Hand #156055845047:  Hold'em Limit ($3/$6 USD) - 2016/07/16 17:05:46 ET
Table 'Rhesus II' 6-max Seat #3 is the button
Seat 3: jl45259071 ($162.66 in chips)
Seat 4: Koraseg ($74.18 in chips)
jl45259071: posts small blind $1
Koraseg: posts big blind $3
*** HOLE CARDS ***
jl45259071: raises $3 to $6
Koraseg: folds
Uncalled bet ($3) returned to jl45259071
jl45259071 collected $6 from pot
*** SUMMARY ***
Total pot $6 | Rake $0
Seat 3: jl45259071 (button) (small blind) collected ($6)
Seat 4: Koraseg (big blind) folded before Flop


PokerStars Hand #156055830595:  Hold'em Limit ($3/$6 USD) - 2016/07/16 17:05:26 ET
Table 'Rhesus II' 6-max Seat #4 is the button
Seat 3: jl45259071 ($148.16 in chips)
Seat 4: Koraseg ($89.18 in chips)
Koraseg: posts small blind $1
jl45259071: posts big blind $3
*** HOLE CARDS ***
Koraseg: raises $3 to $6
jl45259071: calls $3
*** FLOP *** [7c 8d 3h]
jl45259071: checks
Koraseg: bets $3
jl45259071: calls $3
*** TURN *** [7c 8d 3h] [6c]
jl45259071: checks
Koraseg: checks
*** RIVER *** [7c 8d 3h 6c] [2c]
jl45259071: bets $6
Koraseg: calls $6
*** SHOW DOWN ***
jl45259071: shows [6h Qc] (a pair of Sixes)
Koraseg: mucks hand
jl45259071 collected $29.50 from pot
*** SUMMARY ***
Total pot $30 | Rake $0.50
Board [7c 8d 3h 6c 2c]
Seat 3: jl45259071 (big blind) showed [6h Qc] and won ($29.50) with a pair of Sixes
Seat 4: Koraseg (button) (small blind) mucked


PokerStars Hand #156055812197:  Hold'em Limit ($3/$6 USD) - 2016/07/16 17:05:01 ET
Table 'Rhesus II' 6-max Seat #3 is the button
Seat 3: jl45259071 ($127.66 in chips)
Seat 4: Koraseg ($110.18 in chips)
jl45259071: posts small blind $1
Koraseg: posts big blind $3
*** HOLE CARDS ***
jl45259071: calls $2
Koraseg: raises $3 to $6
jl45259071: calls $3
*** FLOP *** [2h 3h Td]
Koraseg: checks
jl45259071: bets $3
Koraseg: calls $3
*** TURN *** [2h 3h Td] [8c]
Koraseg: checks
jl45259071: bets $6
Koraseg: calls $6
*** RIVER *** [2h 3h Td 8c] [5c]
Koraseg: checks
jl45259071: bets $6
Koraseg: calls $6
*** SHOW DOWN ***
jl45259071: shows [Tc 4h] (a pair of Tens)
Koraseg: mucks hand
jl45259071 collected $41.50 from pot
*** SUMMARY ***
Total pot $42 | Rake $0.50
Board [2h 3h Td 8c 5c]
Seat 3: jl45259071 (button) (small blind) showed [Tc 4h] and won ($41.50) with a pair of Tens
Seat 4: Koraseg (big blind) mucked


PokerStars Hand #156055862709:  Hold'em Limit ($3/$6 USD) - 2016/07/16 17:06:10 ET
Table 'Rhesus II' 6-max Seat #3 is the button
Seat 3: jl45259071 ($180.16 in chips)
Seat 4: Koraseg ($56.18 in chips)
jl45259071: posts small blind $1
Koraseg: posts big blind $3
*** HOLE CARDS ***
FaStBluff joins the table at seat #5
jl45259071: raises $3 to $6
Koraseg: calls $3
*** FLOP *** [5h 7h Qd]
Koraseg: checks
jl45259071: bets $3
Koraseg: folds
Uncalled bet ($3) returned to jl45259071
jl45259071 collected $11.76 from pot
*** SUMMARY ***
Total pot $12 | Rake $0.24
Board [5h 7h Qd]
Seat 3: jl45259071 (button) (small blind) collected ($11.76)
Seat 4: Koraseg (big blind) folded on the Flop


PokerStars Hand #156056471672:  Hold'em Limit ($3/$6 USD) - 2016/07/16 17:20:29 ET
Table 'Rhesus II' 6-max Seat #4 is the button
Seat 2: haydy142 ($147.15 in chips)
Seat 4: Koraseg ($100.51 in chips)
Koraseg: posts small blind $1
Jigorek1989: is sitting out
haydy142: posts big blind $3
*** HOLE CARDS ***
Koraseg: raises $3 to $6
Jigorek1989 leaves the table
haydy142: calls $3
*** FLOP *** [4c 9h 4d]
haydy142: checks
Koraseg: bets $3
haydy142: folds
Uncalled bet ($3) returned to Koraseg
Koraseg collected $11.76 from pot
Koraseg: doesn't show hand
*** SUMMARY ***
Total pot $12 | Rake $0.24
Board [4c 9h 4d]
Seat 2: haydy142 (big blind) folded on the Flop
Seat 4: Koraseg (button) (small blind) collected ($11.76)


