PokerStars Hand #146613146446:  Hold'em Limit ($3/$6 USD) - 2016/01/07 5:51:07 ET
Table 'Rhesus II' 10-max Seat #6 is the button
Seat 1: VolkovDmitri ($120 in chips)
Seat 6: Simpiwe ($128.64 in chips)
Simpiwe: posts small blind $1
VolkovDmitri: posts big blind $3
*** HOLE CARDS ***
Simpiwe: calls $2
VolkovDmitri: raises $3 to $6
Simpiwe: calls $3
*** FLOP *** [Ad 6h 6c]
VolkovDmitri: checks
Simpiwe: checks
*** TURN *** [Ad 6h 6c] [Qc]
VolkovDmitri: checks
Simpiwe: bets $6
VolkovDmitri: calls $6
*** RIVER *** [Ad 6h 6c Qc] [4s]
VolkovDmitri: checks
Simpiwe: bets $6
VolkovDmitri: calls $6
*** SHOW DOWN ***
Simpiwe: shows [Jd Ac] (two pair, Aces and Sixes)
VolkovDmitri: mucks hand
Simpiwe collected $35.50 from pot
*** SUMMARY ***
Total pot $36 | Rake $0.50
Board [Ad 6h 6c Qc 4s]
Seat 1: VolkovDmitri (big blind) mucked
Seat 6: Simpiwe (button) (small blind) showed [Jd Ac] and won ($35.50) with two pair, Aces and Sixes


PokerStars Hand #146613198545:  Hold'em Limit ($3/$6 USD) - 2016/01/07 5:52:47 ET
Table 'Rhesus II' 10-max Seat #6 is the button
Seat 1: VolkovDmitri ($120 in chips)
Seat 6: Simpiwe ($169.64 in chips)
Simpiwe: posts small blind $1
VolkovDmitri: posts big blind $3
*** HOLE CARDS ***
Simpiwe: raises $3 to $6
VolkovDmitri: calls $3
*** FLOP *** [Ad Kh Ts]
VolkovDmitri: checks
Simpiwe: bets $3
VolkovDmitri: calls $3
*** TURN *** [Ad Kh Ts] [4h]
VolkovDmitri: checks
Simpiwe: bets $6
VolkovDmitri: folds
Uncalled bet ($6) returned to Simpiwe
Simpiwe collected $17.64 from pot
Simpiwe: doesn't show hand
*** SUMMARY ***
Total pot $18 | Rake $0.36
Board [Ad Kh Ts 4h]
Seat 1: VolkovDmitri (big blind) folded on the Turn
Seat 6: Simpiwe (button) (small blind) collected ($17.64)


PokerStars Hand #146613166169:  Hold'em Limit ($3/$6 USD) - 2016/01/07 5:51:45 ET
Table 'Rhesus II' 10-max Seat #1 is the button
Seat 1: VolkovDmitri ($120 in chips)
Seat 6: Simpiwe ($146.14 in chips)
VolkovDmitri: posts small blind $1
Simpiwe: posts big blind $3
*** HOLE CARDS ***
VolkovDmitri: raises $3 to $6
Simpiwe: calls $3
*** FLOP *** [6s 4d 9d]
Simpiwe: checks
VolkovDmitri: bets $3
Simpiwe: raises $3 to $6
VolkovDmitri: calls $3
*** TURN *** [6s 4d 9d] [2h]
Simpiwe: bets $6
VolkovDmitri: calls $6
*** RIVER *** [6s 4d 9d 2h] [7d]
Simpiwe: bets $6
VolkovDmitri: calls $6
*** SHOW DOWN ***
Simpiwe: shows [9s Jh] (a pair of Nines)
VolkovDmitri: mucks hand
Simpiwe collected $47.50 from pot
*** SUMMARY ***
Total pot $48 | Rake $0.50
Board [6s 4d 9d 2h 7d]
Seat 1: VolkovDmitri (button) (small blind) mucked
Seat 6: Simpiwe (big blind) showed [9s Jh] and won ($47.50) with a pair of Nines


PokerStars Hand #146613219419:  Hold'em Limit ($3/$6 USD) - 2016/01/07 5:53:28 ET
Table 'Rhesus II' 10-max Seat #1 is the button
Seat 1: VolkovDmitri ($121 in chips)
Seat 6: Simpiwe ($178.28 in chips)
VolkovDmitri: posts small blind $1
Simpiwe: posts big blind $3
*** HOLE CARDS ***
VolkovDmitri: raises $3 to $6
Simpiwe: raises $3 to $9
VolkovDmitri: calls $3
*** FLOP *** [8h 5s 6d]
Simpiwe: bets $3
VolkovDmitri: calls $3
*** TURN *** [8h 5s 6d] [6h]
Simpiwe: checks
VolkovDmitri: bets $6
Simpiwe: calls $6
*** RIVER *** [8h 5s 6d 6h] [Ac]
Simpiwe: bets $6
VolkovDmitri: calls $6
*** SHOW DOWN ***
Simpiwe: shows [Ad Ks] (two pair, Aces and Sixes)
VolkovDmitri: mucks hand
Simpiwe collected $47.50 from pot
*** SUMMARY ***
Total pot $48 | Rake $0.50
Board [8h 5s 6d 6h Ac]
Seat 1: VolkovDmitri (button) (small blind) mucked
Seat 6: Simpiwe (big blind) showed [Ad Ks] and won ($47.50) with two pair, Aces and Sixes


PokerStars Hand #146613217094:  Hold'em Limit ($3/$6 USD) - 2016/01/07 5:53:23 ET
Table 'Rhesus II' 10-max Seat #6 is the button
Seat 1: VolkovDmitri ($120 in chips)
Seat 6: Simpiwe ($179.28 in chips)
Simpiwe: posts small blind $1
VolkovDmitri: posts big blind $3
*** HOLE CARDS ***
Simpiwe: folds
Uncalled bet ($2) returned to VolkovDmitri
VolkovDmitri collected $2 from pot
VolkovDmitri: doesn't show hand
*** SUMMARY ***
Total pot $2 | Rake $0
Seat 1: VolkovDmitri (big blind) collected ($2)
Seat 6: Simpiwe (button) (small blind) folded before Flop


PokerStars Hand #146613210468:  Hold'em Limit ($3/$6 USD) - 2016/01/07 5:53:10 ET
Table 'Rhesus II' 10-max Seat #1 is the button
Seat 1: VolkovDmitri ($120 in chips)
Seat 6: Simpiwe ($178.28 in chips)
VolkovDmitri: posts small blind $1
Simpiwe: posts big blind $3
*** HOLE CARDS ***
VolkovDmitri: folds
Uncalled bet ($2) returned to Simpiwe
Simpiwe collected $2 from pot
Simpiwe: doesn't show hand
*** SUMMARY ***
Total pot $2 | Rake $0
Seat 1: VolkovDmitri (button) (small blind) folded before Flop
Seat 6: Simpiwe (big blind) collected ($2)


PokerStars Hand #146613244011:  Hold'em Limit ($3/$6 USD) - 2016/01/07 5:54:15 ET
Table 'Rhesus II' 10-max Seat #1 is the button
Seat 1: VolkovDmitri ($121 in chips)
Seat 6: Simpiwe ($200.78 in chips)
VolkovDmitri: posts small blind $1
Simpiwe: posts big blind $3
*** HOLE CARDS ***
VolkovDmitri: raises $3 to $6
Simpiwe: calls $3
*** FLOP *** [Qd 9s 6d]
Simpiwe: checks
VolkovDmitri: bets $3
Simpiwe: calls $3
*** TURN *** [Qd 9s 6d] [Ac]
Simpiwe: checks
VolkovDmitri: checks
*** RIVER *** [Qd 9s 6d Ac] [7c]
Simpiwe: bets $6
VolkovDmitri: calls $6
*** SHOW DOWN ***
Simpiwe: shows [6h Qh] (two pair, Queens and Sixes)
VolkovDmitri: mucks hand
Simpiwe collected $29.50 from pot
*** SUMMARY ***
Total pot $30 | Rake $0.50
Board [Qd 9s 6d Ac 7c]
Seat 1: VolkovDmitri (button) (small blind) mucked
Seat 6: Simpiwe (big blind) showed [6h Qh] and won ($29.50) with two pair, Queens and Sixes


PokerStars Hand #146613238572:  Hold'em Limit ($3/$6 USD) - 2016/01/07 5:54:04 ET
Table 'Rhesus II' 10-max Seat #6 is the button
Seat 1: VolkovDmitri ($120 in chips)
Seat 6: Simpiwe ($201.78 in chips)
Simpiwe: posts small blind $1
VolkovDmitri: posts big blind $3
*** HOLE CARDS ***
Simpiwe: folds
Uncalled bet ($2) returned to VolkovDmitri
VolkovDmitri collected $2 from pot
VolkovDmitri: doesn't show hand
*** SUMMARY ***
Total pot $2 | Rake $0
Seat 1: VolkovDmitri (big blind) collected ($2)
Seat 6: Simpiwe (button) (small blind) folded before Flop


PokerStars Hand #146613269844:  Hold'em Limit ($3/$6 USD) - 2016/01/07 5:55:04 ET
Table 'Rhesus II' 10-max Seat #6 is the button
Seat 1: VolkovDmitri ($120 in chips)
Seat 6: Simpiwe ($215.28 in chips)
Simpiwe: posts small blind $1
VolkovDmitri: posts big blind $3
*** HOLE CARDS ***
Simpiwe: calls $2
VolkovDmitri: checks
*** FLOP *** [Ah Ac 8c]
VolkovDmitri: bets $3
Simpiwe: folds
Uncalled bet ($3) returned to VolkovDmitri
VolkovDmitri collected $5.88 from pot
VolkovDmitri: doesn't show hand
*** SUMMARY ***
Total pot $6 | Rake $0.12
Board [Ah Ac 8c]
Seat 1: VolkovDmitri (big blind) collected ($5.88)
Seat 6: Simpiwe (button) (small blind) folded on the Flop


