PokerStars Hand #154073420133:  Hold'em Limit ($3/$6 USD) - 2016/05/30 19:28:08 ET
Table 'Rhodia' 6-max Seat #3 is the button
Seat 3: RowntreWilly ($40 in chips)
Seat 4: Kosova1968 ($56.44 in chips)
RowntreWilly: posts small blind $1
Kosova1968: posts big blind $3
*** HOLE CARDS ***
RowntreWilly: folds
Uncalled bet ($2) returned to Kosova1968
Kosova1968 collected $2 from pot
*** SUMMARY ***
Total pot $2 | Rake $0
Seat 3: RowntreWilly (button) (small blind) folded before Flop
Seat 4: Kosova1968 (big blind) collected ($2)


PokerStars Hand #154073405217:  Hold'em Limit ($3/$6 USD) - 2016/05/30 19:27:43 ET
Table 'Rhodia' 6-max Seat #4 is the button
Seat 3: RowntreWilly ($49 in chips)
Seat 4: Kosova1968 ($47.80 in chips)
Kosova1968: posts small blind $1
RowntreWilly: posts big blind $3
*** HOLE CARDS ***
Kosova1968: raises $3 to $6
RowntreWilly: calls $3
*** FLOP *** [4c 6h Kd]
RowntreWilly: checks
Kosova1968: bets $3
RowntreWilly: calls $3
*** TURN *** [4c 6h Kd] [Tc]
RowntreWilly: checks
Kosova1968: checks
*** RIVER *** [4c 6h Kd Tc] [Td]
RowntreWilly: checks
Kosova1968: bets $6
RowntreWilly: folds
Uncalled bet ($6) returned to Kosova1968
Kosova1968 collected $17.64 from pot
*** SUMMARY ***
Total pot $18 | Rake $0.36
Board [4c 6h Kd Tc Td]
Seat 3: RowntreWilly (big blind) folded on the River
Seat 4: Kosova1968 (button) (small blind) collected ($17.64)


