PokerStars Hand #162281170414:  Hold'em Limit ($3/$6 USD) - 2016/12/02 5:26:38 ET
Table 'Rhodesia II' 6-max Seat #1 is the button
Seat 1: TbIP-TbIP 88 ($72 in chips)
Seat 6: HAOYUN88888 ($181.70 in chips)
TbIP-TbIP 88: posts small blind $1
HAOYUN88888: posts big blind $3
*** HOLE CARDS ***
ToDaFelt joins the table at seat #2
TbIP-TbIP 88: folds
Uncalled bet ($2) returned to HAOYUN88888
HAOYUN88888 collected $2 from pot
HAOYUN88888: doesn't show hand
*** SUMMARY ***
Total pot $2 | Rake $0
Seat 1: TbIP-TbIP 88 (button) (small blind) folded before Flop
Seat 6: HAOYUN88888 (big blind) collected ($2)


PokerStars Hand #162281147475:  Hold'em Limit ($3/$6 USD) - 2016/12/02 5:25:45 ET
Table 'Rhodesia II' 6-max Seat #6 is the button
Seat 1: TbIP-TbIP 88 ($72 in chips)
Seat 6: HAOYUN88888 ($173.06 in chips)
HAOYUN88888: posts small blind $1
TbIP-TbIP 88: posts big blind $3
*** HOLE CARDS ***
HAOYUN88888: raises $3 to $6
TbIP-TbIP 88: calls $3
*** FLOP *** [Qh 7d 6d]
TbIP-TbIP 88: checks
HAOYUN88888: bets $3
TbIP-TbIP 88: calls $3
*** TURN *** [Qh 7d 6d] [7s]
TbIP-TbIP 88: checks
HAOYUN88888: bets $6
TbIP-TbIP 88: folds
Uncalled bet ($6) returned to HAOYUN88888
HAOYUN88888 collected $17.64 from pot
HAOYUN88888: doesn't show hand
*** SUMMARY ***
Total pot $18 | Rake $0.36
Board [Qh 7d 6d 7s]
Seat 1: TbIP-TbIP 88 (big blind) folded on the Turn
Seat 6: HAOYUN88888 (button) (small blind) collected ($17.64)


PokerStars Hand #162281174513:  Hold'em Limit ($3/$6 USD) - 2016/12/02 5:26:47 ET
Table 'Rhodesia II' 6-max Seat #6 is the button
Seat 1: TbIP-TbIP 88 ($72 in chips)
Seat 6: HAOYUN88888 ($182.70 in chips)
HAOYUN88888: posts small blind $1
TbIP-TbIP 88: posts big blind $3
*** HOLE CARDS ***
HAOYUN88888: raises $3 to $6
TbIP-TbIP 88: folds
Uncalled bet ($3) returned to HAOYUN88888
HAOYUN88888 collected $6 from pot
HAOYUN88888: doesn't show hand
*** SUMMARY ***
Total pot $6 | Rake $0
Seat 1: TbIP-TbIP 88 (big blind) folded before Flop
Seat 6: HAOYUN88888 (button) (small blind) collected ($6)


PokerStars Hand #162286203781:  Hold'em Limit ($3/$6 USD) - 2016/12/02 8:15:18 ET
Table 'Rhodesia II' 6-max Seat #1 is the button
Seat 1: vestimokrec ($193.36 in chips)
Seat 4: Ale4o ($270.48 in chips)
vestimokrec: posts small blind $1
Ale4o: posts big blind $3
*** HOLE CARDS ***
vestimokrec: folds
Uncalled bet ($2) returned to Ale4o
Ale4o collected $2 from pot
Ale4o: doesn't show hand
*** SUMMARY ***
Total pot $2 | Rake $0
Seat 1: vestimokrec (button) (small blind) folded before Flop
Seat 4: Ale4o (big blind) collected ($2)


PokerStars Hand #162286292101:  Hold'em Limit ($3/$6 USD) - 2016/12/02 8:17:51 ET
Table 'Rhodesia II' 6-max Seat #1 is the button
Seat 1: vestimokrec ($180.79 in chips)
Seat 4: Ale4o ($278.22 in chips)
vestimokrec: posts small blind $1
Ale4o: posts big blind $3
*** HOLE CARDS ***
Bueffel leaves the table
vestimokrec: folds
Uncalled bet ($2) returned to Ale4o
Ale4o collected $2 from pot
Ale4o: doesn't show hand
*** SUMMARY ***
Total pot $2 | Rake $0
Seat 1: vestimokrec (button) (small blind) folded before Flop
Seat 4: Ale4o (big blind) collected ($2)


