PokerStars Hand #157745988456:  Hold'em Limit ($3/$6 USD) - 2016/08/25 22:02:20 ET
Table 'Rhodesia' 6-max Seat #6 is the button
Seat 3: qDONKEYp ($117.31 in chips)
Seat 6: Pandakey ($120 in chips)
Pandakey: posts small blind $1
qDONKEYp: posts big blind $3
*** HOLE CARDS ***
Pandakey: raises $3 to $6
qDONKEYp: raises $3 to $9
Pandakey: calls $3
*** FLOP *** [4c Ad 8s]
qDONKEYp: bets $3
Pandakey: folds
Uncalled bet ($3) returned to qDONKEYp
qDONKEYp collected $17.64 from pot
*** SUMMARY ***
Total pot $18 | Rake $0.36
Board [4c Ad 8s]
Seat 3: qDONKEYp (big blind) collected ($17.64)
Seat 6: Pandakey (button) (small blind) folded on the Flop


PokerStars Hand #157745992894:  Hold'em Limit ($3/$6 USD) - 2016/08/25 22:02:33 ET
Table 'Rhodesia' 6-max Seat #3 is the button
Seat 3: qDONKEYp ($125.95 in chips)
Seat 6: Pandakey ($111 in chips)
qDONKEYp: posts small blind $1
Pandakey: posts big blind $3
*** HOLE CARDS ***
qDONKEYp: raises $3 to $6
Pandakey: calls $3
*** FLOP *** [5h 2d 6c]
Pandakey: checks
qDONKEYp: bets $3
Pandakey: raises $3 to $6
qDONKEYp: raises $3 to $9
Pandakey: calls $3
*** TURN *** [5h 2d 6c] [7s]
Pandakey: checks
qDONKEYp: bets $6
Pandakey: raises $6 to $12
qDONKEYp: folds
Uncalled bet ($6) returned to Pandakey
Pandakey collected $41.50 from pot
Pandakey: doesn't show hand
*** SUMMARY ***
Total pot $42 | Rake $0.50
Board [5h 2d 6c 7s]
Seat 3: qDONKEYp (button) (small blind) folded on the Turn
Seat 6: Pandakey (big blind) collected ($41.50)


PokerStars Hand #157746011032:  Hold'em Limit ($3/$6 USD) - 2016/08/25 22:03:26 ET
Table 'Rhodesia' 6-max Seat #3 is the button
Seat 3: qDONKEYp ($108.71 in chips)
Seat 6: Pandakey ($127.50 in chips)
qDONKEYp: posts small blind $1
Pandakey: posts big blind $3
*** HOLE CARDS ***
qDONKEYp: raises $3 to $6
Pandakey: calls $3
*** FLOP *** [7s 5s 5c]
Pandakey: checks
qDONKEYp: bets $3
Pandakey: folds
Uncalled bet ($3) returned to qDONKEYp
qDONKEYp collected $11.76 from pot
*** SUMMARY ***
Total pot $12 | Rake $0.24
Board [7s 5s 5c]
Seat 3: qDONKEYp (button) (small blind) collected ($11.76)
Seat 6: Pandakey (big blind) folded on the Flop


PokerStars Hand #157746014223:  Hold'em Limit ($3/$6 USD) - 2016/08/25 22:03:35 ET
Table 'Rhodesia' 6-max Seat #6 is the button
Seat 3: qDONKEYp ($114.47 in chips)
Seat 6: Pandakey ($121.50 in chips)
Pandakey: posts small blind $1
qDONKEYp: posts big blind $3
*** HOLE CARDS ***
Pandakey: folds
Uncalled bet ($2) returned to qDONKEYp
qDONKEYp collected $2 from pot
*** SUMMARY ***
Total pot $2 | Rake $0
Seat 3: qDONKEYp (big blind) collected ($2)
Seat 6: Pandakey (button) (small blind) folded before Flop


PokerStars Hand #157746009196:  Hold'em Limit ($3/$6 USD) - 2016/08/25 22:03:20 ET
Table 'Rhodesia' 6-max Seat #6 is the button
Seat 3: qDONKEYp ($107.71 in chips)
Seat 6: Pandakey ($128.50 in chips)
Pandakey: posts small blind $1
qDONKEYp: posts big blind $3
*** HOLE CARDS ***
Pandakey: folds
Uncalled bet ($2) returned to qDONKEYp
qDONKEYp collected $2 from pot
*** SUMMARY ***
Total pot $2 | Rake $0
Seat 3: qDONKEYp (big blind) collected ($2)
Seat 6: Pandakey (button) (small blind) folded before Flop


PokerStars Hand #157746003280:  Hold'em Limit ($3/$6 USD) - 2016/08/25 22:03:03 ET
Table 'Rhodesia' 6-max Seat #3 is the button
Seat 3: qDONKEYp ($101.95 in chips)
Seat 6: Pandakey ($134.50 in chips)
qDONKEYp: posts small blind $1
Pandakey: posts big blind $3
*** HOLE CARDS ***
qDONKEYp: raises $3 to $6
Pandakey: calls $3
*** FLOP *** [2c Ah 5s]
Pandakey: checks
qDONKEYp: checks
*** TURN *** [2c Ah 5s] [7h]
Pandakey: checks
qDONKEYp: checks
*** RIVER *** [2c Ah 5s 7h] [Jd]
Pandakey: checks
qDONKEYp: bets $6
Pandakey: folds
Uncalled bet ($6) returned to qDONKEYp
qDONKEYp collected $11.76 from pot
*** SUMMARY ***
Total pot $12 | Rake $0.24
Board [2c Ah 5s 7h Jd]
Seat 3: qDONKEYp (button) (small blind) collected ($11.76)
Seat 6: Pandakey (big blind) folded on the River


PokerStars Hand #157746001245:  Hold'em Limit ($3/$6 USD) - 2016/08/25 22:02:57 ET
Table 'Rhodesia' 6-max Seat #6 is the button
Seat 3: qDONKEYp ($104.95 in chips)
Seat 6: Pandakey ($131.50 in chips)
Pandakey: posts small blind $1
qDONKEYp: posts big blind $3
*** HOLE CARDS ***
Pandakey: raises $3 to $6
qDONKEYp: folds
Uncalled bet ($3) returned to Pandakey
Pandakey collected $6 from pot
Pandakey: doesn't show hand
*** SUMMARY ***
Total pot $6 | Rake $0
Seat 3: qDONKEYp (big blind) folded before Flop
Seat 6: Pandakey (button) (small blind) collected ($6)


PokerStars Hand #157746015924:  Hold'em Limit ($3/$6 USD) - 2016/08/25 22:03:40 ET
Table 'Rhodesia' 6-max Seat #3 is the button
Seat 3: qDONKEYp ($115.47 in chips)
Seat 6: Pandakey ($120.50 in chips)
qDONKEYp: posts small blind $1
Pandakey: posts big blind $3
*** HOLE CARDS ***
qDONKEYp: raises $3 to $6
Pandakey: calls $3
*** FLOP *** [5s 7d Tc]
Pandakey: checks
qDONKEYp: bets $3
Pandakey: raises $3 to $6
qDONKEYp: raises $3 to $9
Pandakey: raises $3 to $12
Betting is capped
qDONKEYp: calls $3
*** TURN *** [5s 7d Tc] [9c]
Pandakey: bets $6
qDONKEYp: raises $6 to $12
Pandakey: raises $6 to $18
qDONKEYp: calls $6
*** RIVER *** [5s 7d Tc 9c] [4h]
Pandakey: bets $6
qDONKEYp: calls $6
*** SHOW DOWN ***
Pandakey: shows [Ts 9h] (two pair, Tens and Nines)
qDONKEYp: mucks hand
Pandakey collected $83.50 from pot
*** SUMMARY ***
Total pot $84 | Rake $0.50
Board [5s 7d Tc 9c 4h]
Seat 3: qDONKEYp (button) (small blind) mucked
Seat 6: Pandakey (big blind) showed [Ts 9h] and won ($83.50) with two pair, Tens and Nines


PokerStars Hand #157746040916:  Hold'em Limit ($3/$6 USD) - 2016/08/25 22:04:52 ET
Table 'Rhodesia' 6-max Seat #3 is the button
Seat 3: qDONKEYp ($49.47 in chips)
Seat 6: Pandakey ($185.50 in chips)
qDONKEYp: posts small blind $1
Pandakey: posts big blind $3
*** HOLE CARDS ***
qDONKEYp: folds
Uncalled bet ($2) returned to Pandakey
Pandakey collected $2 from pot
Pandakey: doesn't show hand
*** SUMMARY ***
Total pot $2 | Rake $0
Seat 3: qDONKEYp (button) (small blind) folded before Flop
Seat 6: Pandakey (big blind) collected ($2)


PokerStars Hand #157746028243:  Hold'em Limit ($3/$6 USD) - 2016/08/25 22:04:16 ET
Table 'Rhodesia' 6-max Seat #6 is the button
Seat 3: qDONKEYp ($73.47 in chips)
Seat 6: Pandakey ($162 in chips)
Pandakey: posts small blind $1
qDONKEYp: posts big blind $3
*** HOLE CARDS ***
Pandakey: raises $3 to $6
qDONKEYp: raises $3 to $9
Pandakey: calls $3
*** FLOP *** [Qs Jh 8d]
qDONKEYp: bets $3
Pandakey: calls $3
*** TURN *** [Qs Jh 8d] [2d]
qDONKEYp: bets $6
Pandakey: calls $6
*** RIVER *** [Qs Jh 8d 2d] [Td]
qDONKEYp: bets $6
Pandakey: raises $6 to $12
qDONKEYp: folds
Uncalled bet ($6) returned to Pandakey
Pandakey collected $47.50 from pot
Pandakey: doesn't show hand
*** SUMMARY ***
Total pot $48 | Rake $0.50
Board [Qs Jh 8d 2d Td]
Seat 3: qDONKEYp (big blind) folded on the River
Seat 6: Pandakey (button) (small blind) collected ($47.50)


PokerStars Hand #157746061266:  Hold'em Limit ($3/$6 USD) - 2016/08/25 22:05:52 ET
Table 'Rhodesia' 6-max Seat #3 is the button
Seat 3: qDONKEYp ($30.11 in chips)
Seat 6: Pandakey ($204 in chips)
qDONKEYp: posts small blind $1
Pandakey: posts big blind $3
*** HOLE CARDS ***
qDONKEYp: raises $3 to $6
Pandakey: folds
Uncalled bet ($3) returned to qDONKEYp
qDONKEYp collected $6 from pot
*** SUMMARY ***
Total pot $6 | Rake $0
Seat 3: qDONKEYp (button) (small blind) collected ($6)
Seat 6: Pandakey (big blind) folded before Flop


PokerStars Hand #157746058794:  Hold'em Limit ($3/$6 USD) - 2016/08/25 22:05:44 ET
Table 'Rhodesia' 6-max Seat #6 is the button
Seat 3: qDONKEYp ($33.11 in chips)
Seat 6: Pandakey ($201 in chips)
Pandakey: posts small blind $1
qDONKEYp: posts big blind $3
*** HOLE CARDS ***
Pandakey: raises $3 to $6
qDONKEYp: folds
Uncalled bet ($3) returned to Pandakey
Pandakey collected $6 from pot
Pandakey: doesn't show hand
*** SUMMARY ***
Total pot $6 | Rake $0
Seat 3: qDONKEYp (big blind) folded before Flop
Seat 6: Pandakey (button) (small blind) collected ($6)


PokerStars Hand #157746042748:  Hold'em Limit ($3/$6 USD) - 2016/08/25 22:04:58 ET
Table 'Rhodesia' 6-max Seat #6 is the button
Seat 3: qDONKEYp ($48.47 in chips)
Seat 6: Pandakey ($186.50 in chips)
Pandakey: posts small blind $1
qDONKEYp: posts big blind $3
*** HOLE CARDS ***
Pandakey: raises $3 to $6
qDONKEYp: calls $3
*** FLOP *** [4s Kc 2c]
qDONKEYp: checks
Pandakey: bets $3
qDONKEYp: raises $3 to $6
Pandakey: folds
Uncalled bet ($3) returned to qDONKEYp
qDONKEYp collected $17.64 from pot
*** SUMMARY ***
Total pot $18 | Rake $0.36
Board [4s Kc 2c]
Seat 3: qDONKEYp (big blind) collected ($17.64)
Seat 6: Pandakey (button) (small blind) folded on the Flop


PokerStars Hand #157746056801:  Hold'em Limit ($3/$6 USD) - 2016/08/25 22:05:39 ET
Table 'Rhodesia' 6-max Seat #3 is the button
Seat 3: qDONKEYp ($34.11 in chips)
Seat 6: Pandakey ($200 in chips)
qDONKEYp: posts small blind $1
Pandakey: posts big blind $3
*** HOLE CARDS ***
qDONKEYp: folds
Uncalled bet ($2) returned to Pandakey
Pandakey collected $2 from pot
Pandakey: doesn't show hand
*** SUMMARY ***
Total pot $2 | Rake $0
Seat 3: qDONKEYp (button) (small blind) folded before Flop
Seat 6: Pandakey (big blind) collected ($2)


PokerStars Hand #157746055121:  Hold'em Limit ($3/$6 USD) - 2016/08/25 22:05:34 ET
Table 'Rhodesia' 6-max Seat #6 is the button
Seat 3: qDONKEYp ($33.11 in chips)
Seat 6: Pandakey ($201 in chips)
Pandakey: posts small blind $1
qDONKEYp: posts big blind $3
*** HOLE CARDS ***
Pandakey: folds
Uncalled bet ($2) returned to qDONKEYp
qDONKEYp collected $2 from pot
*** SUMMARY ***
Total pot $2 | Rake $0
Seat 3: qDONKEYp (big blind) collected ($2)
Seat 6: Pandakey (button) (small blind) folded before Flop


PokerStars Hand #157746048215:  Hold'em Limit ($3/$6 USD) - 2016/08/25 22:05:14 ET
Table 'Rhodesia' 6-max Seat #3 is the button
Seat 3: qDONKEYp ($57.11 in chips)
Seat 6: Pandakey ($177.50 in chips)
qDONKEYp: posts small blind $1
Pandakey: posts big blind $3
*** HOLE CARDS ***
qDONKEYp: raises $3 to $6
Pandakey: calls $3
*** FLOP *** [8h 9c Kh]
Pandakey: checks
qDONKEYp: checks
*** TURN *** [8h 9c Kh] [2h]
Pandakey: bets $6
qDONKEYp: raises $6 to $12
Pandakey: calls $6
*** RIVER *** [8h 9c Kh 2h] [7d]
Pandakey: checks
qDONKEYp: bets $6
Pandakey: calls $6
*** SHOW DOWN ***
qDONKEYp: shows [6c Js] (high card King)
Pandakey: shows [Ks 3d] (a pair of Kings)
Pandakey collected $47.50 from pot
*** SUMMARY ***
Total pot $48 | Rake $0.50
Board [8h 9c Kh 2h 7d]
Seat 3: qDONKEYp (button) (small blind) showed [6c Js] and lost with high card King
Seat 6: Pandakey (big blind) showed [Ks 3d] and won ($47.50) with a pair of Kings


PokerStars Hand #157746065619:  Hold'em Limit ($3/$6 USD) - 2016/08/25 22:06:05 ET
Table 'Rhodesia' 6-max Seat #3 is the button
Seat 3: qDONKEYp ($34.11 in chips)
Seat 6: Pandakey ($200 in chips)
qDONKEYp: posts small blind $1
Pandakey: posts big blind $3
*** HOLE CARDS ***
qDONKEYp: raises $3 to $6
Pandakey: calls $3
*** FLOP *** [Qs Kc 4h]
Pandakey: checks
qDONKEYp: bets $3
Pandakey: raises $3 to $6
qDONKEYp: calls $3
*** TURN *** [Qs Kc 4h] [Ts]
Pandakey: bets $6
qDONKEYp: calls $6
*** RIVER *** [Qs Kc 4h Ts] [2d]
Pandakey: checks
qDONKEYp: checks
*** SHOW DOWN ***
Pandakey: shows [3d 5s] (high card King)
qDONKEYp: shows [9h 9s] (a pair of Nines)
qDONKEYp collected $35.50 from pot
*** SUMMARY ***
Total pot $36 | Rake $0.50
Board [Qs Kc 4h Ts 2d]
Seat 3: qDONKEYp (button) (small blind) showed [9h 9s] and won ($35.50) with a pair of Nines
Seat 6: Pandakey (big blind) showed [3d 5s] and lost with high card King


PokerStars Hand #157746073427:  Hold'em Limit ($3/$6 USD) - 2016/08/25 22:06:27 ET
Table 'Rhodesia' 6-max Seat #6 is the button
Seat 3: qDONKEYp ($51.61 in chips)
Seat 6: Pandakey ($182 in chips)
Pandakey: posts small blind $1
qDONKEYp: posts big blind $3
*** HOLE CARDS ***
Pandakey: raises $3 to $6
qDONKEYp: calls $3
*** FLOP *** [6d Jd 4d]
qDONKEYp: bets $3
Pandakey: folds
Uncalled bet ($3) returned to qDONKEYp
qDONKEYp collected $11.76 from pot
*** SUMMARY ***
Total pot $12 | Rake $0.24
Board [6d Jd 4d]
Seat 3: qDONKEYp (big blind) collected ($11.76)
Seat 6: Pandakey (button) (small blind) folded on the Flop


PokerStars Hand #157746063779:  Hold'em Limit ($3/$6 USD) - 2016/08/25 22:05:59 ET
Table 'Rhodesia' 6-max Seat #6 is the button
Seat 3: qDONKEYp ($33.11 in chips)
Seat 6: Pandakey ($201 in chips)
Pandakey: posts small blind $1
qDONKEYp: posts big blind $3
*** HOLE CARDS ***
Pandakey: folds
Uncalled bet ($2) returned to qDONKEYp
qDONKEYp collected $2 from pot
*** SUMMARY ***
Total pot $2 | Rake $0
Seat 3: qDONKEYp (big blind) collected ($2)
Seat 6: Pandakey (button) (small blind) folded before Flop


PokerStars Hand #157746077660:  Hold'em Limit ($3/$6 USD) - 2016/08/25 22:06:39 ET
Table 'Rhodesia' 6-max Seat #3 is the button
Seat 3: qDONKEYp ($57.37 in chips)
Seat 6: Pandakey ($176 in chips)
qDONKEYp: posts small blind $1
Pandakey: posts big blind $3
*** HOLE CARDS ***
qDONKEYp: raises $3 to $6
Pandakey: calls $3
*** FLOP *** [Th 6d Qc]
Pandakey: checks
qDONKEYp: bets $3
Pandakey: calls $3
*** TURN *** [Th 6d Qc] [Qd]
Pandakey: checks
qDONKEYp: bets $6
Pandakey: calls $6
*** RIVER *** [Th 6d Qc Qd] [8h]
Pandakey: checks
qDONKEYp: bets $6
Pandakey: folds
Uncalled bet ($6) returned to qDONKEYp
qDONKEYp collected $29.50 from pot
*** SUMMARY ***
Total pot $30 | Rake $0.50
Board [Th 6d Qc Qd 8h]
Seat 3: qDONKEYp (button) (small blind) collected ($29.50)
Seat 6: Pandakey (big blind) folded on the River


PokerStars Hand #157746085633:  Hold'em Limit ($3/$6 USD) - 2016/08/25 22:07:02 ET
Table 'Rhodesia' 6-max Seat #6 is the button
Seat 3: qDONKEYp ($71.87 in chips)
Seat 6: Pandakey ($161 in chips)
Pandakey: posts small blind $1
qDONKEYp: posts big blind $3
*** HOLE CARDS ***
Pandakey: raises $3 to $6
qDONKEYp: calls $3
*** FLOP *** [Jh 2d Tc]
qDONKEYp: bets $3
Pandakey: calls $3
*** TURN *** [Jh 2d Tc] [Qc]
qDONKEYp: bets $6
Pandakey: calls $6
*** RIVER *** [Jh 2d Tc Qc] [Jc]
qDONKEYp: bets $6
Pandakey: calls $6
*** SHOW DOWN ***
qDONKEYp: shows [Qd 6h] (two pair, Queens and Jacks)
Pandakey: mucks hand
qDONKEYp collected $41.50 from pot
*** SUMMARY ***
Total pot $42 | Rake $0.50
Board [Jh 2d Tc Qc Jc]
Seat 3: qDONKEYp (big blind) showed [Qd 6h] and won ($41.50) with two pair, Queens and Jacks
Seat 6: Pandakey (button) (small blind) mucked


PokerStars Hand #157746092200:  Hold'em Limit ($3/$6 USD) - 2016/08/25 22:07:21 ET
Table 'Rhodesia' 6-max Seat #3 is the button
Seat 3: qDONKEYp ($92.37 in chips)
Seat 6: Pandakey ($140 in chips)
qDONKEYp: posts small blind $1
Pandakey: posts big blind $3
*** HOLE CARDS ***
qDONKEYp: raises $3 to $6
Pandakey: raises $3 to $9
qDONKEYp: raises $3 to $12
Betting is capped
Pandakey: calls $3
*** FLOP *** [7s As Ts]
Pandakey: checks
qDONKEYp: bets $3
Pandakey: raises $3 to $6
qDONKEYp: folds
Uncalled bet ($3) returned to Pandakey
Pandakey collected $29.50 from pot
Pandakey: doesn't show hand
*** SUMMARY ***
Total pot $30 | Rake $0.50
Board [7s As Ts]
Seat 3: qDONKEYp (button) (small blind) folded on the Flop
Seat 6: Pandakey (big blind) collected ($29.50)


PokerStars Hand #157746098087:  Hold'em Limit ($3/$6 USD) - 2016/08/25 22:07:38 ET
Table 'Rhodesia' 6-max Seat #6 is the button
Seat 3: qDONKEYp ($77.37 in chips)
Seat 6: Pandakey ($154.50 in chips)
Pandakey: posts small blind $1
qDONKEYp: posts big blind $3
*** HOLE CARDS ***
Pandakey: raises $3 to $6
qDONKEYp: calls $3
*** FLOP *** [8c Qh As]
qDONKEYp: checks
Pandakey: bets $3
FabronxRJ joins the table at seat #4
qDONKEYp: calls $3
*** TURN *** [8c Qh As] [3s]
qDONKEYp: checks
Pandakey: bets $6
qDONKEYp: calls $6
*** RIVER *** [8c Qh As 3s] [3c]
qDONKEYp: checks
Pandakey: bets $6
qDONKEYp: calls $6
*** SHOW DOWN ***
Pandakey: shows [Ac 9c] (two pair, Aces and Threes)
qDONKEYp: mucks hand
playyer joins the table at seat #5
Pandakey collected $41.50 from pot
*** SUMMARY ***
Total pot $42 | Rake $0.50
Board [8c Qh As 3s 3c]
Seat 3: qDONKEYp (big blind) mucked
Seat 6: Pandakey (button) (small blind) showed [Ac 9c] and won ($41.50) with two pair, Aces and Threes


PokerStars Hand #157747347404:  Hold'em Limit ($3/$6 USD) - 2016/08/25 23:13:50 ET
Table 'Rhodesia' 6-max Seat #5 is the button
Seat 1: renene ($35.07 in chips)
Seat 5: RaisemyNut$ ($115.83 in chips)
RaisemyNut$: posts small blind $1
renene: posts big blind $3
*** HOLE CARDS ***
RaisemyNut$: folds
Uncalled bet ($2) returned to renene
renene collected $2 from pot
*** SUMMARY ***
Total pot $2 | Rake $0
Seat 1: renene (big blind) collected ($2)
Seat 5: RaisemyNut$ (button) (small blind) folded before Flop


PokerStars Hand #157747342173:  Hold'em Limit ($3/$6 USD) - 2016/08/25 23:13:31 ET
Table 'Rhodesia' 6-max Seat #1 is the button
Seat 1: renene ($38.07 in chips)
Seat 5: RaisemyNut$ ($112.95 in chips)
renene: posts small blind $1
Seanuuu: is sitting out
RaisemyNut$: posts big blind $3
*** HOLE CARDS ***
Seanuuu leaves the table
renene: calls $2
RaisemyNut$: checks
*** FLOP *** [Js Kd 2h]
RaisemyNut$: checks
renene: checks
*** TURN *** [Js Kd 2h] [7c]
RaisemyNut$: bets $6
renene: folds
Uncalled bet ($6) returned to RaisemyNut$
RaisemyNut$ collected $5.88 from pot
RaisemyNut$: doesn't show hand
*** SUMMARY ***
Total pot $6 | Rake $0.12
Board [Js Kd 2h 7c]
Seat 1: renene (button) (small blind) folded on the Turn
Seat 5: RaisemyNut$ (big blind) collected ($5.88)


PokerStars Hand #157747349363:  Hold'em Limit ($3/$6 USD) - 2016/08/25 23:13:56 ET
Table 'Rhodesia' 6-max Seat #1 is the button
Seat 1: renene ($36.07 in chips)
Seat 5: RaisemyNut$ ($114.83 in chips)
renene: posts small blind $1
RaisemyNut$: posts big blind $3
*** HOLE CARDS ***
renene: calls $2
RaisemyNut$: checks
*** FLOP *** [Ts 8d 3h]
RaisemyNut$: checks
renene: checks
*** TURN *** [Ts 8d 3h] [7s]
FinDeSiecle leaves the table
RaisemyNut$: checks
renene: checks
*** RIVER *** [Ts 8d 3h 7s] [9d]
RaisemyNut$: checks
renene: bets $6
RaisemyNut$: folds
Uncalled bet ($6) returned to renene
renene collected $5.88 from pot
*** SUMMARY ***
Total pot $6 | Rake $0.12
Board [Ts 8d 3h 7s 9d]
Seat 1: renene (button) (small blind) collected ($5.88)
Seat 5: RaisemyNut$ (big blind) folded on the River


PokerStars Hand #157747372802:  Hold'em Limit ($3/$6 USD) - 2016/08/25 23:15:20 ET
Table 'Rhodesia' 6-max Seat #1 is the button
Seat 1: renene ($17.95 in chips)
Seat 5: RaisemyNut$ ($132.33 in chips)
renene: posts small blind $1
RaisemyNut$: posts big blind $3
*** HOLE CARDS ***
renene: folds
Uncalled bet ($2) returned to RaisemyNut$
RaisemyNut$ collected $2 from pot
RaisemyNut$: doesn't show hand
*** SUMMARY ***
Total pot $2 | Rake $0
Seat 1: renene (button) (small blind) folded before Flop
Seat 5: RaisemyNut$ (big blind) collected ($2)


PokerStars Hand #157747361880:  Hold'em Limit ($3/$6 USD) - 2016/08/25 23:14:41 ET
Table 'Rhodesia' 6-max Seat #5 is the button
Seat 1: renene ($38.95 in chips)
Seat 5: RaisemyNut$ ($111.83 in chips)
RaisemyNut$: posts small blind $1
renene: posts big blind $3
*** HOLE CARDS ***
RaisemyNut$: raises $3 to $6
renene: calls $3
*** FLOP *** [Ts 5s Qc]
renene: checks
RaisemyNut$: bets $3
renene: calls $3
*** TURN *** [Ts 5s Qc] [Tc]
renene: bets $6
RaisemyNut$: calls $6
*** RIVER *** [Ts 5s Qc Tc] [Qh]
renene: bets $6
RaisemyNut$: raises $6 to $12
renene: folds
Uncalled bet ($6) returned to RaisemyNut$
RaisemyNut$ collected $41.50 from pot
RaisemyNut$: doesn't show hand
*** SUMMARY ***
Total pot $42 | Rake $0.50
Board [Ts 5s Qc Tc Qh]
Seat 1: renene (big blind) folded on the River
Seat 5: RaisemyNut$ (button) (small blind) collected ($41.50)


PokerStars Hand #157747379219:  Hold'em Limit ($3/$6 USD) - 2016/08/25 23:15:42 ET
Table 'Rhodesia' 6-max Seat #5 is the button
Seat 1: renene ($12.95 in chips)
Seat 5: RaisemyNut$ ($137.33 in chips)
RaisemyNut$: posts small blind $1
renene: posts big blind $3
*** HOLE CARDS ***
RaisemyNut$: raises $3 to $6
renene: folds
Uncalled bet ($3) returned to RaisemyNut$
RaisemyNut$ collected $6 from pot
RaisemyNut$: doesn't show hand
*** SUMMARY ***
Total pot $6 | Rake $0
Seat 1: renene (big blind) folded before Flop
Seat 5: RaisemyNut$ (button) (small blind) collected ($6)


PokerStars Hand #157747374224:  Hold'em Limit ($3/$6 USD) - 2016/08/25 23:15:24 ET
Table 'Rhodesia' 6-max Seat #5 is the button
Seat 1: renene ($16.95 in chips)
Seat 5: RaisemyNut$ ($133.33 in chips)
RaisemyNut$: posts small blind $1
renene: posts big blind $3
*** HOLE CARDS ***
RaisemyNut$: raises $3 to $6
renene: folds
Uncalled bet ($3) returned to RaisemyNut$
RaisemyNut$ collected $6 from pot
RaisemyNut$: doesn't show hand
*** SUMMARY ***
Total pot $6 | Rake $0
Seat 1: renene (big blind) folded before Flop
Seat 5: RaisemyNut$ (button) (small blind) collected ($6)


PokerStars Hand #157747381536:  Hold'em Limit ($3/$6 USD) - 2016/08/25 23:15:51 ET
Table 'Rhodesia' 6-max Seat #1 is the button
Seat 1: renene ($9.95 in chips)
Seat 5: RaisemyNut$ ($140.33 in chips)
renene: posts small blind $1
RaisemyNut$: posts big blind $3
*** HOLE CARDS ***
renene: folds
Uncalled bet ($2) returned to RaisemyNut$
RaisemyNut$ collected $2 from pot
RaisemyNut$: doesn't show hand
*** SUMMARY ***
Total pot $2 | Rake $0
Seat 1: renene (button) (small blind) folded before Flop
Seat 5: RaisemyNut$ (big blind) collected ($2)


PokerStars Hand #157747377723:  Hold'em Limit ($3/$6 USD) - 2016/08/25 23:15:37 ET
Table 'Rhodesia' 6-max Seat #1 is the button
Seat 1: renene ($13.95 in chips)
Seat 5: RaisemyNut$ ($136.33 in chips)
renene: posts small blind $1
RaisemyNut$: posts big blind $3
*** HOLE CARDS ***
renene: folds
Uncalled bet ($2) returned to RaisemyNut$
RaisemyNut$ collected $2 from pot
RaisemyNut$: doesn't show hand
*** SUMMARY ***
Total pot $2 | Rake $0
Seat 1: renene (button) (small blind) folded before Flop
Seat 5: RaisemyNut$ (big blind) collected ($2)


PokerStars Hand #157747395067:  Hold'em Limit ($3/$6 USD) - 2016/08/25 23:16:38 ET
Table 'Rhodesia' 6-max Seat #1 is the button
Seat 1: renene ($24.30 in chips)
Seat 5: RaisemyNut$ ($125.38 in chips)
renene: posts small blind $1
RaisemyNut$: posts big blind $3
*** HOLE CARDS ***
renene: folds
Uncalled bet ($2) returned to RaisemyNut$
RaisemyNut$ collected $2 from pot
RaisemyNut$: doesn't show hand
*** SUMMARY ***
Total pot $2 | Rake $0
Seat 1: renene (button) (small blind) folded before Flop
Seat 5: RaisemyNut$ (big blind) collected ($2)


PokerStars Hand #157747384334:  Hold'em Limit ($3/$6 USD) - 2016/08/25 23:16:00 ET
Table 'Rhodesia' 6-max Seat #5 is the button
Seat 1: renene ($8.95 in chips)
Seat 5: RaisemyNut$ ($141.33 in chips)
RaisemyNut$: posts small blind $1
renene: posts big blind $3
*** HOLE CARDS ***
RaisemyNut$: raises $3 to $6
renene: raises $2.95 to $8.95 and is all-in
RaisemyNut$: calls $2.95
*** FLOP *** [5d 9h Ts]
*** TURN *** [5d 9h Ts] [4s]
*** RIVER *** [5d 9h Ts 4s] [Jd]
*** SHOW DOWN ***
renene: shows [8s Ad] (high card Ace)
RaisemyNut$: shows [8d Kd] (high card King)
renene collected $17.54 from pot
*** SUMMARY ***
Total pot $17.90 | Rake $0.36
Board [5d 9h Ts 4s Jd]
Seat 1: renene (big blind) showed [8s Ad] and won ($17.54) with high card Ace
Seat 5: RaisemyNut$ (button) (small blind) showed [8d Kd] and lost with high card King


PokerStars Hand #157747393674:  Hold'em Limit ($3/$6 USD) - 2016/08/25 23:16:33 ET
Table 'Rhodesia' 6-max Seat #5 is the button
Seat 1: renene ($23.30 in chips)
Seat 5: RaisemyNut$ ($126.38 in chips)
RaisemyNut$: posts small blind $1
renene: posts big blind $3
*** HOLE CARDS ***
RaisemyNut$: folds
Uncalled bet ($2) returned to renene
renene collected $2 from pot
*** SUMMARY ***
Total pot $2 | Rake $0
Seat 1: renene (big blind) collected ($2)
Seat 5: RaisemyNut$ (button) (small blind) folded before Flop


PokerStars Hand #157747388331:  Hold'em Limit ($3/$6 USD) - 2016/08/25 23:16:14 ET
Table 'Rhodesia' 6-max Seat #1 is the button
Seat 1: renene ($17.54 in chips)
Seat 5: RaisemyNut$ ($132.38 in chips)
renene: posts small blind $1
RaisemyNut$: posts big blind $3
*** HOLE CARDS ***
renene: raises $3 to $6
RaisemyNut$: calls $3
*** FLOP *** [Td Jh Ks]
RaisemyNut$: checks
renene: bets $3
RaisemyNut$: folds
Uncalled bet ($3) returned to renene
renene collected $11.76 from pot
*** SUMMARY ***
Total pot $12 | Rake $0.24
Board [Td Jh Ks]
Seat 1: renene (button) (small blind) collected ($11.76)
Seat 5: RaisemyNut$ (big blind) folded on the Flop


PokerStars Hand #157747396557:  Hold'em Limit ($3/$6 USD) - 2016/08/25 23:16:44 ET
Table 'Rhodesia' 6-max Seat #5 is the button
Seat 1: renene ($23.30 in chips)
Seat 5: RaisemyNut$ ($126.38 in chips)
RaisemyNut$: posts small blind $1
renene: posts big blind $3
*** HOLE CARDS ***
RaisemyNut$: raises $3 to $6
Diogo mania joins the table at seat #4
renene: raises $3 to $9
RaisemyNut$: calls $3
*** FLOP *** [Qs As 6d]
renene: bets $3
RaisemyNut$: calls $3
*** TURN *** [Qs As 6d] [8h]
renene: bets $6
RaisemyNut$: raises $6 to $12
renene: calls $5.30 and is all-in
Uncalled bet ($0.70) returned to RaisemyNut$
*** RIVER *** [Qs As 6d 8h] [7d]
*** SHOW DOWN ***
renene: shows [Kh Js] (high card Ace)
RaisemyNut$: shows [4d Ad] (a pair of Aces)
RaisemyNut$ collected $46.10 from pot
*** SUMMARY ***
Total pot $46.60 | Rake $0.50
Board [Qs As 6d 8h 7d]
Seat 1: renene (big blind) showed [Kh Js] and lost with high card Ace
Seat 5: RaisemyNut$ (button) (small blind) showed [4d Ad] and won ($46.10) with a pair of Aces


PokerStars Hand #157747451618:  Hold'em Limit ($3/$6 USD) - 2016/08/25 23:19:59 ET
Table 'Rhodesia' 6-max Seat #1 is the button
Seat 1: renene ($43.63 in chips)
Seat 5: RaisemyNut$ ($142.25 in chips)
renene: posts small blind $1
RaisemyNut$: posts big blind $3
*** HOLE CARDS ***
renene: folds
Uncalled bet ($2) returned to RaisemyNut$
RaisemyNut$ collected $2 from pot
RaisemyNut$: doesn't show hand
*** SUMMARY ***
Total pot $2 | Rake $0
Seat 1: renene (button) (small blind) folded before Flop
Seat 5: RaisemyNut$ (big blind) collected ($2)


PokerStars Hand #157747449534:  Hold'em Limit ($3/$6 USD) - 2016/08/25 23:19:51 ET
Table 'Rhodesia' 6-max Seat #5 is the button
Seat 1: renene ($46.63 in chips)
Seat 5: RaisemyNut$ ($139.25 in chips)
RaisemyNut$: posts small blind $1
renene: posts big blind $3
*** HOLE CARDS ***
RaisemyNut$: raises $3 to $6
renene: folds
Uncalled bet ($3) returned to RaisemyNut$
RaisemyNut$ collected $6 from pot
RaisemyNut$: doesn't show hand
*** SUMMARY ***
Total pot $6 | Rake $0
Seat 1: renene (big blind) folded before Flop
Seat 5: RaisemyNut$ (button) (small blind) collected ($6)


PokerStars Hand #157747446988:  Hold'em Limit ($3/$6 USD) - 2016/08/25 23:19:42 ET
Table 'Rhodesia' 6-max Seat #1 is the button
Seat 1: renene ($47.63 in chips)
Seat 5: RaisemyNut$ ($138.25 in chips)
renene: posts small blind $1
Diogo mania: is sitting out
Diogo mania leaves the table
RaisemyNut$: posts big blind $3
*** HOLE CARDS ***
renene: folds
Uncalled bet ($2) returned to RaisemyNut$
RaisemyNut$ collected $2 from pot
RaisemyNut$: doesn't show hand
*** SUMMARY ***
Total pot $2 | Rake $0
Seat 1: renene (button) (small blind) folded before Flop
Seat 5: RaisemyNut$ (big blind) collected ($2)


PokerStars Hand #157747453240:  Hold'em Limit ($3/$6 USD) - 2016/08/25 23:20:05 ET
Table 'Rhodesia' 6-max Seat #5 is the button
Seat 1: renene ($42.63 in chips)
Seat 5: RaisemyNut$ ($143.25 in chips)
RaisemyNut$: posts small blind $1
renene: posts big blind $3
*** HOLE CARDS ***
RaisemyNut$: raises $3 to $6
renene: folds
Uncalled bet ($3) returned to RaisemyNut$
RaisemyNut$ collected $6 from pot
RaisemyNut$: doesn't show hand
*** SUMMARY ***
Total pot $6 | Rake $0
Seat 1: renene (big blind) folded before Flop
Seat 5: RaisemyNut$ (button) (small blind) collected ($6)


PokerStars Hand #157747456923:  Hold'em Limit ($3/$6 USD) - 2016/08/25 23:20:18 ET
Table 'Rhodesia' 6-max Seat #1 is the button
Seat 1: renene ($39.63 in chips)
Seat 5: RaisemyNut$ ($146.25 in chips)
renene: posts small blind $1
RaisemyNut$: posts big blind $3
*** HOLE CARDS ***
renene: folds
Uncalled bet ($2) returned to RaisemyNut$
RaisemyNut$ collected $2 from pot
RaisemyNut$: doesn't show hand
*** SUMMARY ***
Total pot $2 | Rake $0
Seat 1: renene (button) (small blind) folded before Flop
Seat 5: RaisemyNut$ (big blind) collected ($2)


