PokerStars Hand #144597912005:  Hold'em Limit ($3/$6 USD) - 2015/11/30 2:42:21 ET
Table 'Rhodope II' 6-max Seat #2 is the button
Seat 2: pokerjunk035 ($120 in chips)
Seat 4: Agrotait ($72 in chips)
pokerjunk035: posts small blind $1
Agrotait: posts big blind $3
*** HOLE CARDS ***
pokerjunk035: calls $2
Agrotait: checks
*** FLOP *** [Ts Qc 6h]
Agrotait: checks
pokerjunk035: bets $3
Agrotait: folds
Uncalled bet ($3) returned to pokerjunk035
pokerjunk035 collected $5.88 from pot
pokerjunk035: doesn't show hand
*** SUMMARY ***
Total pot $6 | Rake $0.12
Board [Ts Qc 6h]
Seat 2: pokerjunk035 (button) (small blind) collected ($5.88)
Seat 4: Agrotait (big blind) folded on the Flop


PokerStars Hand #144598368325:  Hold'em Limit ($3/$6 USD) - 2015/11/30 3:11:06 ET
Table 'Rhodope II' 6-max Seat #6 is the button
Seat 2: scorpio04 ($72 in chips)
Seat 6: barman_cix ($121.62 in chips)
barman_cix: posts small blind $1
VolkovDmitri: is sitting out
scorpio04: posts big blind $3
*** HOLE CARDS ***
barman_cix: raises $3 to $6
VolkovDmitri leaves the table
scorpio04: raises $3 to $9
barman_cix: calls $3
*** FLOP *** [Jh 9h 3s]
scorpio04: bets $3
barman_cix: calls $3
*** TURN *** [Jh 9h 3s] [2d]
scorpio04: bets $6
barman_cix: raises $6 to $12
scorpio04: raises $6 to $18
barman_cix: calls $6
*** RIVER *** [Jh 9h 3s 2d] [2h]
assitoni joins the table at seat #1
scorpio04: bets $6
barman_cix: calls $6
*** SHOW DOWN ***
scorpio04: shows [2c 2s] (four of a kind, Deuces)
barman_cix: mucks hand
scorpio04 collected $71.50 from pot
*** SUMMARY ***
Total pot $72 | Rake $0.50
Board [Jh 9h 3s 2d 2h]
Seat 2: scorpio04 (big blind) showed [2c 2s] and won ($71.50) with four of a kind, Deuces
Seat 6: barman_cix (button) (small blind) mucked


PokerStars Hand #144598377246:  Hold'em Limit ($3/$6 USD) - 2015/11/30 3:11:38 ET
Table 'Rhodope II' 6-max Seat #2 is the button
Seat 2: scorpio04 ($107.50 in chips)
Seat 6: barman_cix ($85.62 in chips)
scorpio04: posts small blind $1
barman_cix: posts big blind $3
*** HOLE CARDS ***
scorpio04: raises $3 to $6
barman_cix: folds
Uncalled bet ($3) returned to scorpio04
scorpio04 collected $6 from pot
scorpio04: doesn't show hand
*** SUMMARY ***
Total pot $6 | Rake $0
Seat 2: scorpio04 (button) (small blind) collected ($6)
Seat 6: barman_cix (big blind) folded before Flop


PokerStars Hand #144598459031:  Hold'em Limit ($3/$6 USD) - 2015/11/30 3:16:27 ET
Table 'Rhodope II' 6-max Seat #2 is the button
Seat 2: scorpio04 ($72 in chips)
Seat 6: barman_cix ($139.20 in chips)
scorpio04: posts small blind $1
barman_cix: posts big blind $3
*** HOLE CARDS ***
scorpio04: raises $3 to $6
barman_cix: folds
Uncalled bet ($3) returned to scorpio04
scorpio04 collected $6 from pot
scorpio04: doesn't show hand
*** SUMMARY ***
Total pot $6 | Rake $0
Seat 2: scorpio04 (button) (small blind) collected ($6)
Seat 6: barman_cix (big blind) folded before Flop


PokerStars Hand #144598468079:  Hold'em Limit ($3/$6 USD) - 2015/11/30 3:16:59 ET
Table 'Rhodope II' 6-max Seat #2 is the button
Seat 2: scorpio04 ($72 in chips)
Seat 6: barman_cix ($147.72 in chips)
scorpio04: posts small blind $1
barman_cix: posts big blind $3
*** HOLE CARDS ***
scorpio04: raises $3 to $6
barman_cix: calls $3
*** FLOP *** [6h Kd Tc]
barman_cix: checks
scorpio04: bets $3
barman_cix: calls $3
*** TURN *** [6h Kd Tc] [6d]
barman_cix: checks
scorpio04: checks
*** RIVER *** [6h Kd Tc 6d] [8h]
barman_cix: bets $6
scorpio04: calls $6
*** SHOW DOWN ***
barman_cix: shows [6s Th] (a full house, Sixes full of Tens)
scorpio04: mucks hand
barman_cix collected $29.50 from pot
*** SUMMARY ***
Total pot $30 | Rake $0.50
Board [6h Kd Tc 6d 8h]
Seat 2: scorpio04 (button) (small blind) mucked
Seat 6: barman_cix (big blind) showed [6s Th] and won ($29.50) with a full house, Sixes full of Tens


PokerStars Hand #144598461048:  Hold'em Limit ($3/$6 USD) - 2015/11/30 3:16:34 ET
Table 'Rhodope II' 6-max Seat #6 is the button
Seat 2: scorpio04 ($75 in chips)
Seat 6: barman_cix ($136.20 in chips)
barman_cix: posts small blind $1
scorpio04: posts big blind $3
*** HOLE CARDS ***
barman_cix: raises $3 to $6
scorpio04: raises $3 to $9
barman_cix: calls $3
*** FLOP *** [Jh Th 6c]
scorpio04: bets $3
barman_cix: calls $3
*** TURN *** [Jh Th 6c] [6d]
scorpio04: checks
barman_cix: bets $6
scorpio04: folds
Uncalled bet ($6) returned to barman_cix
barman_cix collected $23.52 from pot
barman_cix: doesn't show hand
*** SUMMARY ***
Total pot $24 | Rake $0.48
Board [Jh Th 6c 6d]
Seat 2: scorpio04 (big blind) folded on the Turn
Seat 6: barman_cix (button) (small blind) collected ($23.52)


PokerStars Hand #144598483000:  Hold'em Limit ($3/$6 USD) - 2015/11/30 3:17:51 ET
Table 'Rhodope II' 6-max Seat #2 is the button
Seat 2: scorpio04 ($87.52 in chips)
Seat 6: barman_cix ($146.22 in chips)
scorpio04: posts small blind $1
barman_cix: posts big blind $3
*** HOLE CARDS ***
scorpio04: raises $3 to $6
barman_cix: raises $3 to $9
scorpio04: calls $3
*** FLOP *** [5d 4c 2c]
barman_cix: bets $3
scorpio04: raises $3 to $6
barman_cix: calls $3
*** TURN *** [5d 4c 2c] [Qh]
barman_cix: checks
scorpio04: bets $6
barman_cix: folds
Uncalled bet ($6) returned to scorpio04
scorpio04 collected $29.50 from pot
scorpio04: doesn't show hand
*** SUMMARY ***
Total pot $30 | Rake $0.50
Board [5d 4c 2c Qh]
Seat 2: scorpio04 (button) (small blind) collected ($29.50)
Seat 6: barman_cix (big blind) folded on the Turn


PokerStars Hand #144598481468:  Hold'em Limit ($3/$6 USD) - 2015/11/30 3:17:45 ET
Table 'Rhodope II' 6-max Seat #6 is the button
Seat 2: scorpio04 ($86.52 in chips)
Seat 6: barman_cix ($147.22 in chips)
barman_cix: posts small blind $1
scorpio04: posts big blind $3
*** HOLE CARDS ***
barman_cix: folds
Uncalled bet ($2) returned to scorpio04
scorpio04 collected $2 from pot
scorpio04: doesn't show hand
*** SUMMARY ***
Total pot $2 | Rake $0
Seat 2: scorpio04 (big blind) collected ($2)
Seat 6: barman_cix (button) (small blind) folded before Flop


PokerStars Hand #144598479706:  Hold'em Limit ($3/$6 USD) - 2015/11/30 3:17:39 ET
Table 'Rhodope II' 6-max Seat #2 is the button
Seat 2: scorpio04 ($83.52 in chips)
Seat 6: barman_cix ($150.22 in chips)
scorpio04: posts small blind $1
barman_cix: posts big blind $3
*** HOLE CARDS ***
scorpio04: raises $3 to $6
barman_cix: folds
Uncalled bet ($3) returned to scorpio04
scorpio04 collected $6 from pot
scorpio04: doesn't show hand
*** SUMMARY ***
Total pot $6 | Rake $0
Seat 2: scorpio04 (button) (small blind) collected ($6)
Seat 6: barman_cix (big blind) folded before Flop


PokerStars Hand #144598473168:  Hold'em Limit ($3/$6 USD) - 2015/11/30 3:17:16 ET
Table 'Rhodope II' 6-max Seat #6 is the button
Seat 2: scorpio04 ($72 in chips)
Seat 6: barman_cix ($162.22 in chips)
barman_cix: posts small blind $1
scorpio04: posts big blind $3
*** HOLE CARDS ***
barman_cix: raises $3 to $6
scorpio04: raises $3 to $9
barman_cix: calls $3
*** FLOP *** [2c Kc 4c]
scorpio04: bets $3
barman_cix: calls $3
*** TURN *** [2c Kc 4c] [Ts]
scorpio04: bets $6
barman_cix: folds
Uncalled bet ($6) returned to scorpio04
scorpio04 collected $23.52 from pot
scorpio04: doesn't show hand
*** SUMMARY ***
Total pot $24 | Rake $0.48
Board [2c Kc 4c Ts]
Seat 2: scorpio04 (big blind) collected ($23.52)
Seat 6: barman_cix (button) (small blind) folded on the Turn


PokerStars Hand #144598493682:  Hold'em Limit ($3/$6 USD) - 2015/11/30 3:18:28 ET
Table 'Rhodope II' 6-max Seat #2 is the button
Seat 2: scorpio04 ($125.52 in chips)
Seat 6: barman_cix ($107.22 in chips)
scorpio04: posts small blind $1
barman_cix: posts big blind $3
*** HOLE CARDS ***
scorpio04: folds
Uncalled bet ($2) returned to barman_cix
barman_cix collected $2 from pot
barman_cix: doesn't show hand
*** SUMMARY ***
Total pot $2 | Rake $0
Seat 2: scorpio04 (button) (small blind) folded before Flop
Seat 6: barman_cix (big blind) collected ($2)


PokerStars Hand #144598488782:  Hold'em Limit ($3/$6 USD) - 2015/11/30 3:18:11 ET
Table 'Rhodope II' 6-max Seat #6 is the button
Seat 2: scorpio04 ($102.02 in chips)
Seat 6: barman_cix ($131.22 in chips)
barman_cix: posts small blind $1
scorpio04: posts big blind $3
*** HOLE CARDS ***
barman_cix: calls $2
scorpio04: checks
*** FLOP *** [4d 9s 4h]
scorpio04: checks
barman_cix: bets $3
scorpio04: calls $3
*** TURN *** [4d 9s 4h] [6d]
scorpio04: checks
barman_cix: bets $6
scorpio04: raises $6 to $12
barman_cix: calls $6
*** RIVER *** [4d 9s 4h 6d] [7h]
scorpio04: bets $6
barman_cix: calls $6
*** SHOW DOWN ***
scorpio04: shows [Qh 4c] (three of a kind, Fours)
barman_cix: mucks hand
scorpio04 collected $47.50 from pot
*** SUMMARY ***
Total pot $48 | Rake $0.50
Board [4d 9s 4h 6d 7h]
Seat 2: scorpio04 (big blind) showed [Qh 4c] and won ($47.50) with three of a kind, Fours
Seat 6: barman_cix (button) (small blind) mucked


PokerStars Hand #144598505263:  Hold'em Limit ($3/$6 USD) - 2015/11/30 3:19:09 ET
Table 'Rhodope II' 6-max Seat #6 is the button
Seat 2: scorpio04 ($143.04 in chips)
Seat 6: barman_cix ($89.22 in chips)
barman_cix: posts small blind $1
scorpio04: posts big blind $3
*** HOLE CARDS ***
barman_cix: folds
Uncalled bet ($2) returned to scorpio04
scorpio04 collected $2 from pot
scorpio04: doesn't show hand
*** SUMMARY ***
Total pot $2 | Rake $0
Seat 2: scorpio04 (big blind) collected ($2)
Seat 6: barman_cix (button) (small blind) folded before Flop


PokerStars Hand #144598503489:  Hold'em Limit ($3/$6 USD) - 2015/11/30 3:19:03 ET
Table 'Rhodope II' 6-max Seat #2 is the button
Seat 2: scorpio04 ($140.04 in chips)
Seat 6: barman_cix ($92.22 in chips)
scorpio04: posts small blind $1
barman_cix: posts big blind $3
*** HOLE CARDS ***
scorpio04: raises $3 to $6
barman_cix: folds
Uncalled bet ($3) returned to scorpio04
scorpio04 collected $6 from pot
scorpio04: doesn't show hand
*** SUMMARY ***
Total pot $6 | Rake $0
Seat 2: scorpio04 (button) (small blind) collected ($6)
Seat 6: barman_cix (big blind) folded before Flop


PokerStars Hand #144598501972:  Hold'em Limit ($3/$6 USD) - 2015/11/30 3:18:57 ET
Table 'Rhodope II' 6-max Seat #6 is the button
Seat 2: scorpio04 ($139.04 in chips)
Seat 6: barman_cix ($93.22 in chips)
barman_cix: posts small blind $1
scorpio04: posts big blind $3
*** HOLE CARDS ***
barman_cix: folds
Uncalled bet ($2) returned to scorpio04
scorpio04 collected $2 from pot
scorpio04: doesn't show hand
*** SUMMARY ***
Total pot $2 | Rake $0
Seat 2: scorpio04 (big blind) collected ($2)
Seat 6: barman_cix (button) (small blind) folded before Flop


PokerStars Hand #144598500444:  Hold'em Limit ($3/$6 USD) - 2015/11/30 3:18:52 ET
Table 'Rhodope II' 6-max Seat #2 is the button
Seat 2: scorpio04 ($136.04 in chips)
Seat 6: barman_cix ($96.22 in chips)
scorpio04: posts small blind $1
barman_cix: posts big blind $3
*** HOLE CARDS ***
scorpio04: raises $3 to $6
barman_cix: folds
Uncalled bet ($3) returned to scorpio04
scorpio04 collected $6 from pot
scorpio04: doesn't show hand
*** SUMMARY ***
Total pot $6 | Rake $0
Seat 2: scorpio04 (button) (small blind) collected ($6)
Seat 6: barman_cix (big blind) folded before Flop


PokerStars Hand #144598495598:  Hold'em Limit ($3/$6 USD) - 2015/11/30 3:18:35 ET
Table 'Rhodope II' 6-max Seat #6 is the button
Seat 2: scorpio04 ($124.52 in chips)
Seat 6: barman_cix ($108.22 in chips)
barman_cix: posts small blind $1
scorpio04: posts big blind $3
*** HOLE CARDS ***
barman_cix: raises $3 to $6
scorpio04: raises $3 to $9
barman_cix: calls $3
*** FLOP *** [6c 9s 8s]
scorpio04: bets $3
barman_cix: calls $3
*** TURN *** [6c 9s 8s] [Jc]
scorpio04: checks
barman_cix: checks
*** RIVER *** [6c 9s 8s Jc] [9d]
scorpio04: checks
barman_cix: checks
*** SHOW DOWN ***
scorpio04: shows [Qd Kd] (a pair of Nines)
barman_cix: mucks hand
scorpio04 collected $23.52 from pot
*** SUMMARY ***
Total pot $24 | Rake $0.48
Board [6c 9s 8s Jc 9d]
Seat 2: scorpio04 (big blind) showed [Qd Kd] and won ($23.52) with a pair of Nines
Seat 6: barman_cix (button) (small blind) mucked


PokerStars Hand #144598508375:  Hold'em Limit ($3/$6 USD) - 2015/11/30 3:19:20 ET
Table 'Rhodope II' 6-max Seat #6 is the button
Seat 2: scorpio04 ($147.04 in chips)
Seat 6: barman_cix ($85.22 in chips)
barman_cix: posts small blind $1
scorpio04: posts big blind $3
*** HOLE CARDS ***
barman_cix: folds
Uncalled bet ($2) returned to scorpio04
scorpio04 collected $2 from pot
scorpio04: doesn't show hand
*** SUMMARY ***
Total pot $2 | Rake $0
Seat 2: scorpio04 (big blind) collected ($2)
Seat 6: barman_cix (button) (small blind) folded before Flop


PokerStars Hand #144598506896:  Hold'em Limit ($3/$6 USD) - 2015/11/30 3:19:15 ET
Table 'Rhodope II' 6-max Seat #2 is the button
Seat 2: scorpio04 ($144.04 in chips)
Seat 6: barman_cix ($88.22 in chips)
scorpio04: posts small blind $1
barman_cix: posts big blind $3
*** HOLE CARDS ***
scorpio04: raises $3 to $6
barman_cix: folds
Uncalled bet ($3) returned to scorpio04
scorpio04 collected $6 from pot
scorpio04: doesn't show hand
*** SUMMARY ***
Total pot $6 | Rake $0
Seat 2: scorpio04 (button) (small blind) collected ($6)
Seat 6: barman_cix (big blind) folded before Flop


PokerStars Hand #144598509785:  Hold'em Limit ($3/$6 USD) - 2015/11/30 3:19:25 ET
Table 'Rhodope II' 6-max Seat #2 is the button
Seat 2: scorpio04 ($148.04 in chips)
Seat 6: barman_cix ($84.22 in chips)
scorpio04: posts small blind $1
barman_cix: posts big blind $3
*** HOLE CARDS ***
scorpio04: raises $3 to $6
barman_cix: raises $3 to $9
scorpio04: calls $3
*** FLOP *** [2h Ks 7s]
barman_cix: bets $3
scorpio04: folds
Uncalled bet ($3) returned to barman_cix
barman_cix collected $17.64 from pot
barman_cix: doesn't show hand
*** SUMMARY ***
Total pot $18 | Rake $0.36
Board [2h Ks 7s]
Seat 2: scorpio04 (button) (small blind) folded on the Flop
Seat 6: barman_cix (big blind) collected ($17.64)


PokerStars Hand #144598512738:  Hold'em Limit ($3/$6 USD) - 2015/11/30 3:19:35 ET
Table 'Rhodope II' 6-max Seat #6 is the button
Seat 2: scorpio04 ($139.04 in chips)
Seat 6: barman_cix ($92.86 in chips)
barman_cix: posts small blind $1
scorpio04: posts big blind $3
*** HOLE CARDS ***
barman_cix: raises $3 to $6
scorpio04: raises $3 to $9
barman_cix: raises $3 to $12
Betting is capped
scorpio04: calls $3
*** FLOP *** [Qs Td 8d]
scorpio04: checks
barman_cix: bets $3
scorpio04: calls $3
*** TURN *** [Qs Td 8d] [8h]
scorpio04: checks
barman_cix: bets $6
scorpio04: raises $6 to $12
barman_cix: raises $6 to $18
scorpio04: raises $6 to $24
Betting is capped
barman_cix: calls $6
*** RIVER *** [Qs Td 8d 8h] [7h]
scorpio04: bets $6
barman_cix: calls $6
*** SHOW DOWN ***
scorpio04: shows [8s Js] (three of a kind, Eights)
barman_cix: mucks hand
scorpio04 collected $89.50 from pot
*** SUMMARY ***
Total pot $90 | Rake $0.50
Board [Qs Td 8d 8h 7h]
Seat 2: scorpio04 (big blind) showed [8s Js] and won ($89.50) with three of a kind, Eights
Seat 6: barman_cix (button) (small blind) mucked


PokerStars Hand #144598522221:  Hold'em Limit ($3/$6 USD) - 2015/11/30 3:20:09 ET
Table 'Rhodope II' 6-max Seat #6 is the button
Seat 2: scorpio04 ($174.54 in chips)
Seat 6: barman_cix ($56.50 in chips)
barman_cix: posts small blind $1
scorpio04: posts big blind $3
*** HOLE CARDS ***
barman_cix: folds
Uncalled bet ($2) returned to scorpio04
scorpio04 collected $2 from pot
scorpio04: doesn't show hand
*** SUMMARY ***
Total pot $2 | Rake $0
Seat 2: scorpio04 (big blind) collected ($2)
Seat 6: barman_cix (button) (small blind) folded before Flop


PokerStars Hand #144598518931:  Hold'em Limit ($3/$6 USD) - 2015/11/30 3:19:57 ET
Table 'Rhodope II' 6-max Seat #2 is the button
Seat 2: scorpio04 ($183.54 in chips)
Seat 6: barman_cix ($47.86 in chips)
scorpio04: posts small blind $1
barman_cix: posts big blind $3
*** HOLE CARDS ***
scorpio04: raises $3 to $6
barman_cix: raises $3 to $9
scorpio04: calls $3
*** FLOP *** [8h 3h Th]
barman_cix: bets $3
scorpio04: folds
Uncalled bet ($3) returned to barman_cix
barman_cix collected $17.64 from pot
barman_cix: doesn't show hand
*** SUMMARY ***
Total pot $18 | Rake $0.36
Board [8h 3h Th]
Seat 2: scorpio04 (button) (small blind) folded on the Flop
Seat 6: barman_cix (big blind) collected ($17.64)


PokerStars Hand #144598523644:  Hold'em Limit ($3/$6 USD) - 2015/11/30 3:20:14 ET
Table 'Rhodope II' 6-max Seat #2 is the button
Seat 2: scorpio04 ($175.54 in chips)
Seat 6: barman_cix ($55.50 in chips)
scorpio04: posts small blind $1
barman_cix: posts big blind $3
*** HOLE CARDS ***
scorpio04: raises $3 to $6
barman_cix: calls $3
*** FLOP *** [9s Jh 8d]
barman_cix: checks
scorpio04: checks
*** TURN *** [9s Jh 8d] [6s]
barman_cix: bets $6
scorpio04: calls $6
*** RIVER *** [9s Jh 8d 6s] [2s]
barman_cix: bets $6
scorpio04: calls $6
*** SHOW DOWN ***
barman_cix: shows [Td 6c] (a pair of Sixes)
scorpio04: shows [9c Tc] (a pair of Nines)
scorpio04 collected $35.50 from pot
*** SUMMARY ***
Total pot $36 | Rake $0.50
Board [9s Jh 8d 6s 2s]
Seat 2: scorpio04 (button) (small blind) showed [9c Tc] and won ($35.50) with a pair of Nines
Seat 6: barman_cix (big blind) showed [Td 6c] and lost with a pair of Sixes


PokerStars Hand #144598541600:  Hold'em Limit ($3/$6 USD) - 2015/11/30 3:21:17 ET
Table 'Rhodope II' 6-max Seat #6 is the button
Seat 2: scorpio04 ($209.04 in chips)
Seat 6: barman_cix ($20.58 in chips)
barman_cix: posts small blind $1
scorpio04: posts big blind $3
*** HOLE CARDS ***
barman_cix: folds
Uncalled bet ($2) returned to scorpio04
scorpio04 collected $2 from pot
scorpio04: doesn't show hand
*** SUMMARY ***
Total pot $2 | Rake $0
Seat 2: scorpio04 (big blind) collected ($2)
Seat 6: barman_cix (button) (small blind) folded before Flop


PokerStars Hand #144598540300:  Hold'em Limit ($3/$6 USD) - 2015/11/30 3:21:12 ET
Table 'Rhodope II' 6-max Seat #2 is the button
Seat 2: scorpio04 ($210.04 in chips)
Seat 6: barman_cix ($19.58 in chips)
scorpio04: posts small blind $1
barman_cix: posts big blind $3
*** HOLE CARDS ***
scorpio04: folds
Uncalled bet ($2) returned to barman_cix
barman_cix collected $2 from pot
barman_cix: doesn't show hand
*** SUMMARY ***
Total pot $2 | Rake $0
Seat 2: scorpio04 (button) (small blind) folded before Flop
Seat 6: barman_cix (big blind) collected ($2)


PokerStars Hand #144598538893:  Hold'em Limit ($3/$6 USD) - 2015/11/30 3:21:07 ET
Table 'Rhodope II' 6-max Seat #6 is the button
Seat 2: scorpio04 ($209.04 in chips)
Seat 6: barman_cix ($20.58 in chips)
barman_cix: posts small blind $1
scorpio04: posts big blind $3
*** HOLE CARDS ***
barman_cix: folds
Uncalled bet ($2) returned to scorpio04
scorpio04 collected $2 from pot
scorpio04: doesn't show hand
*** SUMMARY ***
Total pot $2 | Rake $0
Seat 2: scorpio04 (big blind) collected ($2)
Seat 6: barman_cix (button) (small blind) folded before Flop


PokerStars Hand #144598534685:  Hold'em Limit ($3/$6 USD) - 2015/11/30 3:20:52 ET
Table 'Rhodope II' 6-max Seat #2 is the button
Seat 2: scorpio04 ($219.54 in chips)
Seat 6: barman_cix ($10.50 in chips)
scorpio04: posts small blind $1
barman_cix: posts big blind $3
*** HOLE CARDS ***
scorpio04: raises $3 to $6
barman_cix: raises $3 to $9
scorpio04: calls $3
*** FLOP *** [2s Kc Qh]
barman_cix: bets $1.50 and is all-in
scorpio04: calls $1.50
*** TURN *** [2s Kc Qh] [6h]
*** RIVER *** [2s Kc Qh 6h] [Ah]
*** SHOW DOWN ***
barman_cix: shows [Ks 9d] (a pair of Kings)
scorpio04: shows [4s Qd] (a pair of Queens)
barman_cix collected $20.58 from pot
*** SUMMARY ***
Total pot $21 | Rake $0.42
Board [2s Kc Qh 6h Ah]
Seat 2: scorpio04 (button) (small blind) showed [4s Qd] and lost with a pair of Queens
Seat 6: barman_cix (big blind) showed [Ks 9d] and won ($20.58) with a pair of Kings


PokerStars Hand #144598528441:  Hold'em Limit ($3/$6 USD) - 2015/11/30 3:20:31 ET
Table 'Rhodope II' 6-max Seat #6 is the button
Seat 2: scorpio04 ($193.04 in chips)
Seat 6: barman_cix ($37.50 in chips)
barman_cix: posts small blind $1
scorpio04: posts big blind $3
*** HOLE CARDS ***
barman_cix: raises $3 to $6
scorpio04: raises $3 to $9
barman_cix: calls $3
*** FLOP *** [9d 4c 8c]
scorpio04: bets $3
barman_cix: raises $3 to $6
scorpio04: raises $3 to $9
barman_cix: raises $3 to $12
Betting is capped
scorpio04: calls $3
*** TURN *** [9d 4c 8c] [5h]
scorpio04: bets $6
barman_cix: calls $6
*** RIVER *** [9d 4c 8c 5h] [5s]
scorpio04: bets $6
barman_cix: folds
Uncalled bet ($6) returned to scorpio04
scorpio04 collected $53.50 from pot
scorpio04: doesn't show hand
*** SUMMARY ***
Total pot $54 | Rake $0.50
Board [9d 4c 8c 5h 5s]
Seat 2: scorpio04 (big blind) collected ($53.50)
Seat 6: barman_cix (button) (small blind) folded on the River


PokerStars Hand #144598542988:  Hold'em Limit ($3/$6 USD) - 2015/11/30 3:21:22 ET
Table 'Rhodope II' 6-max Seat #2 is the button
Seat 2: scorpio04 ($210.04 in chips)
Seat 6: barman_cix ($19.58 in chips)
scorpio04: posts small blind $1
barman_cix: posts big blind $3
*** HOLE CARDS ***
scorpio04: raises $3 to $6
barman_cix: raises $3 to $9
scorpio04: calls $3
*** FLOP *** [7h 9c 2d]
barman_cix: bets $3
scorpio04: calls $3
*** TURN *** [7h 9c 2d] [Tc]
barman_cix: bets $6
scorpio04: raises $6 to $12
barman_cix: calls $1.58 and is all-in
Uncalled bet ($4.42) returned to scorpio04
*** RIVER *** [7h 9c 2d Tc] [Jd]
*** SHOW DOWN ***
barman_cix: shows [Ac Qh] (high card Ace)
scorpio04: shows [8c Qd] (a straight, Eight to Queen)
scorpio04 collected $38.66 from pot
*** SUMMARY ***
Total pot $39.16 | Rake $0.50
Board [7h 9c 2d Tc Jd]
Seat 2: scorpio04 (button) (small blind) showed [8c Qd] and won ($38.66) with a straight, Eight to Queen
Seat 6: barman_cix (big blind) showed [Ac Qh] and lost with high card Ace


