PokerStars Hand #175822919633:  Hold'em Limit ($3/$6 USD) - 2017/09/18 17:06:48 ET
Table 'Rhodope' 6-max Seat #6 is the button
Seat 3: B_loJkl ($169.39 in chips)
Seat 6: Kosova1968 ($78.35 in chips)
dmonr will be allowed to play after the button
mkasd will be allowed to play after the button
Kosova1968: posts small blind $1
vestimokrec: is sitting out
B_loJkl: posts big blind $3
*** HOLE CARDS ***
Rmk1500 leaves the table
Kosova1968: calls $2
B_loJkl: checks
*** FLOP *** [5c Ac 8s]
B_loJkl: checks
Kosova1968: bets $3
B_loJkl: calls $3
*** TURN *** [5c Ac 8s] [Qd]
B_loJkl: checks
Kosova1968: bets $6
B_loJkl: calls $6
*** RIVER *** [5c Ac 8s Qd] [2c]
B_loJkl: checks
Kosova1968: checks
*** SHOW DOWN ***
B_loJkl: shows [8c 7h] (a pair of Eights)
Kosova1968: shows [6c 5s] (a pair of Fives)
B_loJkl collected $23.52 from pot
*** SUMMARY ***
Total pot $24 | Rake $0.48
Board [5c Ac 8s Qd 2c]
Seat 3: B_loJkl (big blind) showed [8c 7h] and won ($23.52) with a pair of Eights
Seat 6: Kosova1968 (button) (small blind) showed [6c 5s] and lost with a pair of Fives


