PokerStars Hand #151869188530:  Hold'em Limit ($3/$6 USD) - 2016/04/13 15:09:37 ET
Table 'Rhodia' 10-max Seat #5 is the button
Seat 5: sega_hytnik ($30 in chips)
Seat 6: Agranom0 ($30 in chips)
sega_hytnik: posts small blind $1
Agranom0: posts big blind $3
*** HOLE CARDS ***
sega_hytnik: folds
Uncalled bet ($2) returned to Agranom0
Agranom0 collected $2 from pot
*** SUMMARY ***
Total pot $2 | Rake $0
Seat 5: sega_hytnik (button) (small blind) folded before Flop
Seat 6: Agranom0 (big blind) collected ($2)


PokerStars Hand #151869204554:  Hold'em Limit ($3/$6 USD) - 2016/04/13 15:09:56 ET
Table 'Rhodia' 10-max Seat #5 is the button
Seat 5: sega_hytnik ($30 in chips)
Seat 6: Agranom0 ($30 in chips)
sega_hytnik: posts small blind $1
Agranom0: posts big blind $3
*** HOLE CARDS ***
sega_hytnik: folds
Uncalled bet ($2) returned to Agranom0
Agranom0 collected $2 from pot
Agranom0: doesn't show hand
*** SUMMARY ***
Total pot $2 | Rake $0
Seat 5: sega_hytnik (button) (small blind) folded before Flop
Seat 6: Agranom0 (big blind) collected ($2)


PokerStars Hand #151869200299:  Hold'em Limit ($3/$6 USD) - 2016/04/13 15:09:51 ET
Table 'Rhodia' 10-max Seat #6 is the button
Seat 5: sega_hytnik ($29 in chips)
Seat 6: Agranom0 ($31 in chips)
Agranom0: posts small blind $1
sega_hytnik: posts big blind $3
*** HOLE CARDS ***
Agranom0: folds
Uncalled bet ($2) returned to sega_hytnik
sega_hytnik collected $2 from pot
sega_hytnik: doesn't show hand
*** SUMMARY ***
Total pot $2 | Rake $0
Seat 5: sega_hytnik (big blind) collected ($2)
Seat 6: Agranom0 (button) (small blind) folded before Flop


PokerStars Hand #151869208388:  Hold'em Limit ($3/$6 USD) - 2016/04/13 15:10:01 ET
Table 'Rhodia' 10-max Seat #6 is the button
Seat 5: sega_hytnik ($29 in chips)
Seat 6: Agranom0 ($31 in chips)
Agranom0: posts small blind $1
sega_hytnik: posts big blind $3
*** HOLE CARDS ***
Agranom0: folds
Uncalled bet ($2) returned to sega_hytnik
sega_hytnik collected $2 from pot
sega_hytnik: doesn't show hand
*** SUMMARY ***
Total pot $2 | Rake $0
Seat 5: sega_hytnik (big blind) collected ($2)
Seat 6: Agranom0 (button) (small blind) folded before Flop


PokerStars Hand #151869213021:  Hold'em Limit ($3/$6 USD) - 2016/04/13 15:10:06 ET
Table 'Rhodia' 10-max Seat #5 is the button
Seat 5: sega_hytnik ($30 in chips)
Seat 6: Agranom0 ($30 in chips)
sega_hytnik: posts small blind $1
Agranom0: posts big blind $3
*** HOLE CARDS ***
ChipsKoenig joins the table at seat #7
sega_hytnik: folds
Uncalled bet ($2) returned to Agranom0
Agranom0 collected $2 from pot
Agranom0: doesn't show hand
*** SUMMARY ***
Total pot $2 | Rake $0
Seat 5: sega_hytnik (button) (small blind) folded before Flop
Seat 6: Agranom0 (big blind) collected ($2)


PokerStars Hand #151869196349:  Hold'em Limit ($3/$6 USD) - 2016/04/13 15:09:47 ET
Table 'Rhodia' 10-max Seat #5 is the button
Seat 5: sega_hytnik ($30 in chips)
Seat 6: Agranom0 ($30 in chips)
sega_hytnik: posts small blind $1
Agranom0: posts big blind $3
*** HOLE CARDS ***
sega_hytnik: folds
Uncalled bet ($2) returned to Agranom0
Agranom0 collected $2 from pot
Agranom0: doesn't show hand
*** SUMMARY ***
Total pot $2 | Rake $0
Seat 5: sega_hytnik (button) (small blind) folded before Flop
Seat 6: Agranom0 (big blind) collected ($2)


PokerStars Hand #151869192603:  Hold'em Limit ($3/$6 USD) - 2016/04/13 15:09:42 ET
Table 'Rhodia' 10-max Seat #6 is the button
Seat 5: sega_hytnik ($29 in chips)
Seat 6: Agranom0 ($31 in chips)
Agranom0: posts small blind $1
sega_hytnik: posts big blind $3
*** HOLE CARDS ***
Agranom0: folds
Uncalled bet ($2) returned to sega_hytnik
sega_hytnik collected $2 from pot
sega_hytnik: doesn't show hand
*** SUMMARY ***
Total pot $2 | Rake $0
Seat 5: sega_hytnik (big blind) collected ($2)
Seat 6: Agranom0 (button) (small blind) folded before Flop


PokerStars Hand #151869241028:  Hold'em Limit ($3/$6 USD) - 2016/04/13 15:10:40 ET
Table 'Rhodia' 10-max Seat #6 is the button
Seat 5: sega_hytnik ($30 in chips)
Seat 6: Agranom0 ($31 in chips)
Agranom0: posts small blind $1
sega_hytnik: posts big blind $3
*** HOLE CARDS ***
Agranom0: folds
Uncalled bet ($2) returned to sega_hytnik
sega_hytnik collected $2 from pot
sega_hytnik: doesn't show hand
*** SUMMARY ***
Total pot $2 | Rake $0
Seat 5: sega_hytnik (big blind) collected ($2)
Seat 6: Agranom0 (button) (small blind) folded before Flop


PokerStars Hand #151869249272:  Hold'em Limit ($3/$6 USD) - 2016/04/13 15:10:49 ET
Table 'Rhodia' 10-max Seat #6 is the button
Seat 5: sega_hytnik ($30 in chips)
Seat 6: Agranom0 ($31 in chips)
Agranom0: posts small blind $1
sega_hytnik: posts big blind $3
*** HOLE CARDS ***
Agranom0: folds
Uncalled bet ($2) returned to sega_hytnik
sega_hytnik collected $2 from pot
sega_hytnik: doesn't show hand
*** SUMMARY ***
Total pot $2 | Rake $0
Seat 5: sega_hytnik (big blind) collected ($2)
Seat 6: Agranom0 (button) (small blind) folded before Flop


PokerStars Hand #151869245076:  Hold'em Limit ($3/$6 USD) - 2016/04/13 15:10:44 ET
Table 'Rhodia' 10-max Seat #5 is the button
Seat 5: sega_hytnik ($31 in chips)
Seat 6: Agranom0 ($30 in chips)
sega_hytnik: posts small blind $1
Agranom0: posts big blind $3
*** HOLE CARDS ***
sega_hytnik: folds
Uncalled bet ($2) returned to Agranom0
Agranom0 collected $2 from pot
Agranom0: doesn't show hand
*** SUMMARY ***
Total pot $2 | Rake $0
Seat 5: sega_hytnik (button) (small blind) folded before Flop
Seat 6: Agranom0 (big blind) collected ($2)


PokerStars Hand #151869257503:  Hold'em Limit ($3/$6 USD) - 2016/04/13 15:10:59 ET
Table 'Rhodia' 10-max Seat #6 is the button
Seat 5: sega_hytnik ($30 in chips)
Seat 6: Agranom0 ($31 in chips)
Agranom0: posts small blind $1
sega_hytnik: posts big blind $3
*** HOLE CARDS ***
Agranom0: folds
Uncalled bet ($2) returned to sega_hytnik
sega_hytnik collected $2 from pot
sega_hytnik: doesn't show hand
*** SUMMARY ***
Total pot $2 | Rake $0
Seat 5: sega_hytnik (big blind) collected ($2)
Seat 6: Agranom0 (button) (small blind) folded before Flop


PokerStars Hand #151869266075:  Hold'em Limit ($3/$6 USD) - 2016/04/13 15:11:09 ET
Table 'Rhodia' 10-max Seat #6 is the button
Seat 5: sega_hytnik ($30 in chips)
Seat 6: Agranom0 ($31 in chips)
Agranom0: posts small blind $1
sega_hytnik: posts big blind $3
*** HOLE CARDS ***
Agranom0: folds
Uncalled bet ($2) returned to sega_hytnik
sega_hytnik collected $2 from pot
sega_hytnik: doesn't show hand
*** SUMMARY ***
Total pot $2 | Rake $0
Seat 5: sega_hytnik (big blind) collected ($2)
Seat 6: Agranom0 (button) (small blind) folded before Flop


PokerStars Hand #151869261333:  Hold'em Limit ($3/$6 USD) - 2016/04/13 15:11:03 ET
Table 'Rhodia' 10-max Seat #5 is the button
Seat 5: sega_hytnik ($31 in chips)
Seat 6: Agranom0 ($30 in chips)
sega_hytnik: posts small blind $1
Agranom0: posts big blind $3
*** HOLE CARDS ***
sega_hytnik: folds
Uncalled bet ($2) returned to Agranom0
Agranom0 collected $2 from pot
Agranom0: doesn't show hand
*** SUMMARY ***
Total pot $2 | Rake $0
Seat 5: sega_hytnik (button) (small blind) folded before Flop
Seat 6: Agranom0 (big blind) collected ($2)


PokerStars Hand #151869273298:  Hold'em Limit ($3/$6 USD) - 2016/04/13 15:11:17 ET
Table 'Rhodia' 10-max Seat #6 is the button
Seat 5: sega_hytnik ($30 in chips)
Seat 6: Agranom0 ($31 in chips)
Agranom0: posts small blind $1
sega_hytnik: posts big blind $3
*** HOLE CARDS ***
Agranom0: folds
Uncalled bet ($2) returned to sega_hytnik
sega_hytnik collected $2 from pot
sega_hytnik: doesn't show hand
*** SUMMARY ***
Total pot $2 | Rake $0
Seat 5: sega_hytnik (big blind) collected ($2)
Seat 6: Agranom0 (button) (small blind) folded before Flop


PokerStars Hand #151869269582:  Hold'em Limit ($3/$6 USD) - 2016/04/13 15:11:13 ET
Table 'Rhodia' 10-max Seat #5 is the button
Seat 5: sega_hytnik ($31 in chips)
Seat 6: Agranom0 ($30 in chips)
sega_hytnik: posts small blind $1
Agranom0: posts big blind $3
*** HOLE CARDS ***
sega_hytnik: folds
Uncalled bet ($2) returned to Agranom0
Agranom0 collected $2 from pot
Agranom0: doesn't show hand
*** SUMMARY ***
Total pot $2 | Rake $0
Seat 5: sega_hytnik (button) (small blind) folded before Flop
Seat 6: Agranom0 (big blind) collected ($2)


PokerStars Hand #151869281812:  Hold'em Limit ($3/$6 USD) - 2016/04/13 15:11:27 ET
Table 'Rhodia' 10-max Seat #6 is the button
Seat 5: sega_hytnik ($30 in chips)
Seat 6: Agranom0 ($31 in chips)
Agranom0: posts small blind $1
sega_hytnik: posts big blind $3
*** HOLE CARDS ***
Agranom0: raises $3 to $6
sega_hytnik: folds
Uncalled bet ($3) returned to Agranom0
Agranom0 collected $6 from pot
Agranom0: doesn't show hand
*** SUMMARY ***
Total pot $6 | Rake $0
Seat 5: sega_hytnik (big blind) folded before Flop
Seat 6: Agranom0 (button) (small blind) collected ($6)


PokerStars Hand #151869287757:  Hold'em Limit ($3/$6 USD) - 2016/04/13 15:11:34 ET
Table 'Rhodia' 10-max Seat #5 is the button
Seat 5: sega_hytnik ($27 in chips)
Seat 6: Agranom0 ($34 in chips)
sega_hytnik: posts small blind $1
Agranom0: posts big blind $3
*** HOLE CARDS ***
sega_hytnik: raises $3 to $6
Agranom0: folds
Uncalled bet ($3) returned to sega_hytnik
sega_hytnik collected $6 from pot
sega_hytnik: doesn't show hand
*** SUMMARY ***
Total pot $6 | Rake $0
Seat 5: sega_hytnik (button) (small blind) collected ($6)
Seat 6: Agranom0 (big blind) folded before Flop


PokerStars Hand #151869301804:  Hold'em Limit ($3/$6 USD) - 2016/04/13 15:11:51 ET
Table 'Rhodia' 10-max Seat #6 is the button
Seat 5: sega_hytnik ($30 in chips)
Seat 6: Agranom0 ($31 in chips)
Agranom0: posts small blind $1
sega_hytnik: posts big blind $3
*** HOLE CARDS ***
Agranom0: folds
Uncalled bet ($2) returned to sega_hytnik
sega_hytnik collected $2 from pot
sega_hytnik: doesn't show hand
*** SUMMARY ***
Total pot $2 | Rake $0
Seat 5: sega_hytnik (big blind) collected ($2)
Seat 6: Agranom0 (button) (small blind) folded before Flop


PokerStars Hand #151869308181:  Hold'em Limit ($3/$6 USD) - 2016/04/13 15:11:59 ET
Table 'Rhodia' 10-max Seat #5 is the button
Seat 5: sega_hytnik ($31 in chips)
Seat 6: Agranom0 ($30 in chips)
sega_hytnik: posts small blind $1
Agranom0: posts big blind $3
*** HOLE CARDS ***
sega_hytnik: folds
Uncalled bet ($2) returned to Agranom0
Agranom0 collected $2 from pot
Agranom0: doesn't show hand
*** SUMMARY ***
Total pot $2 | Rake $0
Seat 5: sega_hytnik (button) (small blind) folded before Flop
Seat 6: Agranom0 (big blind) collected ($2)


PokerStars Hand #151869316636:  Hold'em Limit ($3/$6 USD) - 2016/04/13 15:12:09 ET
Table 'Rhodia' 10-max Seat #5 is the button
Seat 5: sega_hytnik ($31 in chips)
Seat 6: Agranom0 ($30 in chips)
sega_hytnik: posts small blind $1
Agranom0: posts big blind $3
*** HOLE CARDS ***
sega_hytnik: folds
Uncalled bet ($2) returned to Agranom0
Agranom0 collected $2 from pot
Agranom0: doesn't show hand
*** SUMMARY ***
Total pot $2 | Rake $0
Seat 5: sega_hytnik (button) (small blind) folded before Flop
Seat 6: Agranom0 (big blind) collected ($2)


PokerStars Hand #151869312972:  Hold'em Limit ($3/$6 USD) - 2016/04/13 15:12:04 ET
Table 'Rhodia' 10-max Seat #6 is the button
Seat 5: sega_hytnik ($30 in chips)
Seat 6: Agranom0 ($31 in chips)
Agranom0: posts small blind $1
sega_hytnik: posts big blind $3
*** HOLE CARDS ***
Agranom0: folds
Uncalled bet ($2) returned to sega_hytnik
sega_hytnik collected $2 from pot
sega_hytnik: doesn't show hand
*** SUMMARY ***
Total pot $2 | Rake $0
Seat 5: sega_hytnik (big blind) collected ($2)
Seat 6: Agranom0 (button) (small blind) folded before Flop


PokerStars Hand #151869320320:  Hold'em Limit ($3/$6 USD) - 2016/04/13 15:12:13 ET
Table 'Rhodia' 10-max Seat #6 is the button
Seat 5: sega_hytnik ($30 in chips)
Seat 6: Agranom0 ($31 in chips)
Agranom0: posts small blind $1
sega_hytnik: posts big blind $3
*** HOLE CARDS ***
Agranom0: folds
Uncalled bet ($2) returned to sega_hytnik
sega_hytnik collected $2 from pot
sega_hytnik: doesn't show hand
*** SUMMARY ***
Total pot $2 | Rake $0
Seat 5: sega_hytnik (big blind) collected ($2)
Seat 6: Agranom0 (button) (small blind) folded before Flop


PokerStars Hand #151869323878:  Hold'em Limit ($3/$6 USD) - 2016/04/13 15:12:17 ET
Table 'Rhodia' 10-max Seat #5 is the button
Seat 5: sega_hytnik ($31 in chips)
Seat 6: Agranom0 ($30 in chips)
sega_hytnik: posts small blind $1
Agranom0: posts big blind $3
*** HOLE CARDS ***
sega_hytnik: folds
Uncalled bet ($2) returned to Agranom0
Agranom0 collected $2 from pot
Agranom0: doesn't show hand
*** SUMMARY ***
Total pot $2 | Rake $0
Seat 5: sega_hytnik (button) (small blind) folded before Flop
Seat 6: Agranom0 (big blind) collected ($2)


PokerStars Hand #151869327821:  Hold'em Limit ($3/$6 USD) - 2016/04/13 15:12:22 ET
Table 'Rhodia' 10-max Seat #6 is the button
Seat 5: sega_hytnik ($30 in chips)
Seat 6: Agranom0 ($31 in chips)
Agranom0: posts small blind $1
sega_hytnik: posts big blind $3
*** HOLE CARDS ***
Agranom0: folds
Uncalled bet ($2) returned to sega_hytnik
sega_hytnik collected $2 from pot
sega_hytnik: doesn't show hand
*** SUMMARY ***
Total pot $2 | Rake $0
Seat 5: sega_hytnik (big blind) collected ($2)
Seat 6: Agranom0 (button) (small blind) folded before Flop


PokerStars Hand #151869331141:  Hold'em Limit ($3/$6 USD) - 2016/04/13 15:12:26 ET
Table 'Rhodia' 10-max Seat #5 is the button
Seat 5: sega_hytnik ($31 in chips)
Seat 6: Agranom0 ($30 in chips)
sega_hytnik: posts small blind $1
Agranom0: posts big blind $3
*** HOLE CARDS ***
sega_hytnik: folds
Uncalled bet ($2) returned to Agranom0
Agranom0 collected $2 from pot
Agranom0: doesn't show hand
*** SUMMARY ***
Total pot $2 | Rake $0
Seat 5: sega_hytnik (button) (small blind) folded before Flop
Seat 6: Agranom0 (big blind) collected ($2)


PokerStars Hand #151869335155:  Hold'em Limit ($3/$6 USD) - 2016/04/13 15:12:31 ET
Table 'Rhodia' 10-max Seat #6 is the button
Seat 5: sega_hytnik ($30 in chips)
Seat 6: Agranom0 ($31 in chips)
Agranom0: posts small blind $1
sega_hytnik: posts big blind $3
*** HOLE CARDS ***
Agranom0: folds
Uncalled bet ($2) returned to sega_hytnik
sega_hytnik collected $2 from pot
sega_hytnik: doesn't show hand
*** SUMMARY ***
Total pot $2 | Rake $0
Seat 5: sega_hytnik (big blind) collected ($2)
Seat 6: Agranom0 (button) (small blind) folded before Flop


PokerStars Hand #151869338674:  Hold'em Limit ($3/$6 USD) - 2016/04/13 15:12:35 ET
Table 'Rhodia' 10-max Seat #5 is the button
Seat 5: sega_hytnik ($31 in chips)
Seat 6: Agranom0 ($30 in chips)
sega_hytnik: posts small blind $1
Agranom0: posts big blind $3
*** HOLE CARDS ***
sega_hytnik: folds
Uncalled bet ($2) returned to Agranom0
Agranom0 collected $2 from pot
Agranom0: doesn't show hand
*** SUMMARY ***
Total pot $2 | Rake $0
Seat 5: sega_hytnik (button) (small blind) folded before Flop
Seat 6: Agranom0 (big blind) collected ($2)


PokerStars Hand #151869297738:  Hold'em Limit ($3/$6 USD) - 2016/04/13 15:11:46 ET
Table 'Rhodia' 10-max Seat #5 is the button
Seat 5: sega_hytnik ($31 in chips)
Seat 6: Agranom0 ($30 in chips)
sega_hytnik: posts small blind $1
Agranom0: posts big blind $3
*** HOLE CARDS ***
sega_hytnik: folds
Uncalled bet ($2) returned to Agranom0
Agranom0 collected $2 from pot
Agranom0: doesn't show hand
*** SUMMARY ***
Total pot $2 | Rake $0
Seat 5: sega_hytnik (button) (small blind) folded before Flop
Seat 6: Agranom0 (big blind) collected ($2)


PokerStars Hand #151869294212:  Hold'em Limit ($3/$6 USD) - 2016/04/13 15:11:42 ET
Table 'Rhodia' 10-max Seat #6 is the button
Seat 5: sega_hytnik ($30 in chips)
Seat 6: Agranom0 ($31 in chips)
Agranom0: posts small blind $1
sega_hytnik: posts big blind $3
*** HOLE CARDS ***
Agranom0: folds
Uncalled bet ($2) returned to sega_hytnik
sega_hytnik collected $2 from pot
sega_hytnik: doesn't show hand
*** SUMMARY ***
Total pot $2 | Rake $0
Seat 5: sega_hytnik (big blind) collected ($2)
Seat 6: Agranom0 (button) (small blind) folded before Flop


PokerStars Hand #151869347304:  Hold'em Limit ($3/$6 USD) - 2016/04/13 15:12:45 ET
Table 'Rhodia' 10-max Seat #5 is the button
Seat 5: sega_hytnik ($31 in chips)
Seat 6: Agranom0 ($30 in chips)
sega_hytnik: posts small blind $1
Agranom0: posts big blind $3
*** HOLE CARDS ***
sega_hytnik: folds
Uncalled bet ($2) returned to Agranom0
Agranom0 collected $2 from pot
Agranom0: doesn't show hand
*** SUMMARY ***
Total pot $2 | Rake $0
Seat 5: sega_hytnik (button) (small blind) folded before Flop
Seat 6: Agranom0 (big blind) collected ($2)


PokerStars Hand #151869352817:  Hold'em Limit ($3/$6 USD) - 2016/04/13 15:12:52 ET
Table 'Rhodia' 10-max Seat #6 is the button
Seat 5: sega_hytnik ($30 in chips)
Seat 6: Agranom0 ($31 in chips)
Agranom0: posts small blind $1
sega_hytnik: posts big blind $3
*** HOLE CARDS ***
Agranom0: calls $2
sega_hytnik: checks
*** FLOP *** [Ac 4h 4s]
sega_hytnik: checks
Agranom0: checks
*** TURN *** [Ac 4h 4s] [Kc]
sega_hytnik: checks
Agranom0: checks
*** RIVER *** [Ac 4h 4s Kc] [Qc]
sega_hytnik: checks
Agranom0: checks
*** SHOW DOWN ***
sega_hytnik: shows [2h 7c] (a pair of Fours)
Agranom0: shows [3c 4d] (three of a kind, Fours)
Agranom0 collected $5.88 from pot
*** SUMMARY ***
Total pot $6 | Rake $0.12
Board [Ac 4h 4s Kc Qc]
Seat 5: sega_hytnik (big blind) showed [2h 7c] and lost with a pair of Fours
Seat 6: Agranom0 (button) (small blind) showed [3c 4d] and won ($5.88) with three of a kind, Fours


PokerStars Hand #151869365696:  Hold'em Limit ($3/$6 USD) - 2016/04/13 15:13:07 ET
Table 'Rhodia' 10-max Seat #5 is the button
Seat 5: sega_hytnik ($27 in chips)
Seat 6: Agranom0 ($33.88 in chips)
sega_hytnik: posts small blind $1
Agranom0: posts big blind $3
*** HOLE CARDS ***
sega_hytnik: calls $2
Agranom0: checks
*** FLOP *** [7d 9c 4d]
Agranom0: checks
sega_hytnik: checks
*** TURN *** [7d 9c 4d] [Jh]
Agranom0: folds
sega_hytnik collected $5.88 from pot
sega_hytnik: doesn't show hand
*** SUMMARY ***
Total pot $6 | Rake $0.12
Board [7d 9c 4d Jh]
Seat 5: sega_hytnik (button) (small blind) collected ($5.88)
Seat 6: Agranom0 (big blind) folded on the Turn


PokerStars Hand #151869385089:  Hold'em Limit ($3/$6 USD) - 2016/04/13 15:13:30 ET
Table 'Rhodia' 10-max Seat #5 is the button
Seat 5: sega_hytnik ($30.88 in chips)
Seat 6: Agranom0 ($29.88 in chips)
sega_hytnik: posts small blind $1
Agranom0: posts big blind $3
*** HOLE CARDS ***
sega_hytnik: folds
Uncalled bet ($2) returned to Agranom0
Agranom0 collected $2 from pot
Agranom0: doesn't show hand
*** SUMMARY ***
Total pot $2 | Rake $0
Seat 5: sega_hytnik (button) (small blind) folded before Flop
Seat 6: Agranom0 (big blind) collected ($2)


PokerStars Hand #151869381097:  Hold'em Limit ($3/$6 USD) - 2016/04/13 15:13:25 ET
Table 'Rhodia' 10-max Seat #6 is the button
Seat 5: sega_hytnik ($29.88 in chips)
Seat 6: Agranom0 ($30.88 in chips)
Agranom0: posts small blind $1
sega_hytnik: posts big blind $3
*** HOLE CARDS ***
Agranom0: folds
Uncalled bet ($2) returned to sega_hytnik
sega_hytnik collected $2 from pot
sega_hytnik: doesn't show hand
*** SUMMARY ***
Total pot $2 | Rake $0
Seat 5: sega_hytnik (big blind) collected ($2)
Seat 6: Agranom0 (button) (small blind) folded before Flop


PokerStars Hand #151869388903:  Hold'em Limit ($3/$6 USD) - 2016/04/13 15:13:34 ET
Table 'Rhodia' 10-max Seat #6 is the button
Seat 5: sega_hytnik ($29.88 in chips)
Seat 6: Agranom0 ($30.88 in chips)
Agranom0: posts small blind $1
sega_hytnik: posts big blind $3
*** HOLE CARDS ***
Agranom0: folds
Uncalled bet ($2) returned to sega_hytnik
sega_hytnik collected $2 from pot
sega_hytnik: doesn't show hand
*** SUMMARY ***
Total pot $2 | Rake $0
Seat 5: sega_hytnik (big blind) collected ($2)
Seat 6: Agranom0 (button) (small blind) folded before Flop


PokerStars Hand #151869343204:  Hold'em Limit ($3/$6 USD) - 2016/04/13 15:12:40 ET
Table 'Rhodia' 10-max Seat #6 is the button
Seat 5: sega_hytnik ($30 in chips)
Seat 6: Agranom0 ($31 in chips)
Agranom0: posts small blind $1
sega_hytnik: posts big blind $3
*** HOLE CARDS ***
Agranom0: folds
Uncalled bet ($2) returned to sega_hytnik
sega_hytnik collected $2 from pot
sega_hytnik: doesn't show hand
*** SUMMARY ***
Total pot $2 | Rake $0
Seat 5: sega_hytnik (big blind) collected ($2)
Seat 6: Agranom0 (button) (small blind) folded before Flop


PokerStars Hand #151869414555:  Hold'em Limit ($3/$6 USD) - 2016/04/13 15:13:58 ET
Table 'Rhodia' 10-max Seat #5 is the button
Seat 5: sega_hytnik ($30.88 in chips)
Seat 6: Agranom0 ($29.88 in chips)
sega_hytnik: posts small blind $1
Agranom0: posts big blind $3
*** HOLE CARDS ***
sega_hytnik: folds
Uncalled bet ($2) returned to Agranom0
Agranom0 collected $2 from pot
Agranom0: doesn't show hand
*** SUMMARY ***
Total pot $2 | Rake $0
Seat 5: sega_hytnik (button) (small blind) folded before Flop
Seat 6: Agranom0 (big blind) collected ($2)


PokerStars Hand #151869410618:  Hold'em Limit ($3/$6 USD) - 2016/04/13 15:13:53 ET
Table 'Rhodia' 10-max Seat #6 is the button
Seat 5: sega_hytnik ($29.88 in chips)
Seat 6: Agranom0 ($30.88 in chips)
Agranom0: posts small blind $1
sega_hytnik: posts big blind $3
*** HOLE CARDS ***
Agranom0: folds
Uncalled bet ($2) returned to sega_hytnik
Mind90 joins the table at seat #8
sega_hytnik collected $2 from pot
sega_hytnik: doesn't show hand
*** SUMMARY ***
Total pot $2 | Rake $0
Seat 5: sega_hytnik (big blind) collected ($2)
Seat 6: Agranom0 (button) (small blind) folded before Flop


PokerStars Hand #151869407029:  Hold'em Limit ($3/$6 USD) - 2016/04/13 15:13:49 ET
Table 'Rhodia' 10-max Seat #5 is the button
Seat 5: sega_hytnik ($30.88 in chips)
Seat 6: Agranom0 ($29.88 in chips)
sega_hytnik: posts small blind $1
Agranom0: posts big blind $3
*** HOLE CARDS ***
sega_hytnik: folds
Uncalled bet ($2) returned to Agranom0
Agranom0 collected $2 from pot
Agranom0: doesn't show hand
*** SUMMARY ***
Total pot $2 | Rake $0
Seat 5: sega_hytnik (button) (small blind) folded before Flop
Seat 6: Agranom0 (big blind) collected ($2)


PokerStars Hand #151869403659:  Hold'em Limit ($3/$6 USD) - 2016/04/13 15:13:45 ET
Table 'Rhodia' 10-max Seat #6 is the button
Seat 5: sega_hytnik ($29.88 in chips)
Seat 6: Agranom0 ($30.88 in chips)
Agranom0: posts small blind $1
sega_hytnik: posts big blind $3
*** HOLE CARDS ***
Agranom0: folds
Uncalled bet ($2) returned to sega_hytnik
sega_hytnik collected $2 from pot
sega_hytnik: doesn't show hand
*** SUMMARY ***
Total pot $2 | Rake $0
Seat 5: sega_hytnik (big blind) collected ($2)
Seat 6: Agranom0 (button) (small blind) folded before Flop


PokerStars Hand #151869393778:  Hold'em Limit ($3/$6 USD) - 2016/04/13 15:13:40 ET
Table 'Rhodia' 10-max Seat #5 is the button
Seat 5: sega_hytnik ($30.88 in chips)
Seat 6: Agranom0 ($29.88 in chips)
sega_hytnik: posts small blind $1
Agranom0: posts big blind $3
*** HOLE CARDS ***
sega_hytnik: folds
Uncalled bet ($2) returned to Agranom0
Agranom0 collected $2 from pot
Agranom0: doesn't show hand
*** SUMMARY ***
Total pot $2 | Rake $0
Seat 5: sega_hytnik (button) (small blind) folded before Flop
Seat 6: Agranom0 (big blind) collected ($2)


PokerStars Hand #151869497766:  Hold'em Limit ($3/$6 USD) - 2016/04/13 15:15:37 ET
Table 'Rhodia' 10-max Seat #6 is the button
Seat 5: sega_hytnik ($30 in chips)
Seat 6: Agranom0 ($30.88 in chips)
Agranom0: posts small blind $1
sega_hytnik: posts big blind $3
*** HOLE CARDS ***
Agranom0: folds
Uncalled bet ($2) returned to sega_hytnik
sega_hytnik collected $2 from pot
sega_hytnik: doesn't show hand
*** SUMMARY ***
Total pot $2 | Rake $0
Seat 5: sega_hytnik (big blind) collected ($2)
Seat 6: Agranom0 (button) (small blind) folded before Flop


PokerStars Hand #151869494059:  Hold'em Limit ($3/$6 USD) - 2016/04/13 15:15:32 ET
Table 'Rhodia' 10-max Seat #5 is the button
Seat 5: sega_hytnik ($31 in chips)
Seat 6: Agranom0 ($29.88 in chips)
sega_hytnik: posts small blind $1
Agranom0: posts big blind $3
*** HOLE CARDS ***
sega_hytnik: folds
Uncalled bet ($2) returned to Agranom0
Agranom0 collected $2 from pot
Agranom0: doesn't show hand
*** SUMMARY ***
Total pot $2 | Rake $0
Seat 5: sega_hytnik (button) (small blind) folded before Flop
Seat 6: Agranom0 (big blind) collected ($2)


PokerStars Hand #151869490541:  Hold'em Limit ($3/$6 USD) - 2016/04/13 15:15:28 ET
Table 'Rhodia' 10-max Seat #6 is the button
Seat 5: sega_hytnik ($30 in chips)
Seat 6: Agranom0 ($30.88 in chips)
Agranom0: posts small blind $1
sega_hytnik: posts big blind $3
*** HOLE CARDS ***
Agranom0: folds
Uncalled bet ($2) returned to sega_hytnik
sega_hytnik collected $2 from pot
sega_hytnik: doesn't show hand
*** SUMMARY ***
Total pot $2 | Rake $0
Seat 5: sega_hytnik (big blind) collected ($2)
Seat 6: Agranom0 (button) (small blind) folded before Flop


PokerStars Hand #151869486802:  Hold'em Limit ($3/$6 USD) - 2016/04/13 15:15:24 ET
Table 'Rhodia' 10-max Seat #5 is the button
Seat 5: sega_hytnik ($31 in chips)
Seat 6: Agranom0 ($29.88 in chips)
sega_hytnik: posts small blind $1
Agranom0: posts big blind $3
*** HOLE CARDS ***
sega_hytnik: folds
Uncalled bet ($2) returned to Agranom0
Agranom0 collected $2 from pot
Agranom0: doesn't show hand
*** SUMMARY ***
Total pot $2 | Rake $0
Seat 5: sega_hytnik (button) (small blind) folded before Flop
Seat 6: Agranom0 (big blind) collected ($2)


PokerStars Hand #151869482688:  Hold'em Limit ($3/$6 USD) - 2016/04/13 15:15:19 ET
Table 'Rhodia' 10-max Seat #6 is the button
Seat 5: sega_hytnik ($30 in chips)
Seat 6: Agranom0 ($30.88 in chips)
Agranom0: posts small blind $1
sega_hytnik: posts big blind $3
*** HOLE CARDS ***
Agranom0: folds
Uncalled bet ($2) returned to sega_hytnik
sega_hytnik collected $2 from pot
sega_hytnik: doesn't show hand
*** SUMMARY ***
Total pot $2 | Rake $0
Seat 5: sega_hytnik (big blind) collected ($2)
Seat 6: Agranom0 (button) (small blind) folded before Flop


PokerStars Hand #151869508599:  Hold'em Limit ($3/$6 USD) - 2016/04/13 15:15:50 ET
Table 'Rhodia' 10-max Seat #5 is the button
Seat 5: sega_hytnik ($31 in chips)
Seat 6: Agranom0 ($29.88 in chips)
sega_hytnik: posts small blind $1
Agranom0: posts big blind $3
*** HOLE CARDS ***
sega_hytnik: folds
Uncalled bet ($2) returned to Agranom0
Agranom0 collected $2 from pot
Agranom0: doesn't show hand
*** SUMMARY ***
Total pot $2 | Rake $0
Seat 5: sega_hytnik (button) (small blind) folded before Flop
Seat 6: Agranom0 (big blind) collected ($2)


PokerStars Hand #151869505089:  Hold'em Limit ($3/$6 USD) - 2016/04/13 15:15:45 ET
Table 'Rhodia' 10-max Seat #6 is the button
Seat 5: sega_hytnik ($30 in chips)
Seat 6: Agranom0 ($30.88 in chips)
Agranom0: posts small blind $1
sega_hytnik: posts big blind $3
*** HOLE CARDS ***
Agranom0: folds
Uncalled bet ($2) returned to sega_hytnik
sega_hytnik collected $2 from pot
sega_hytnik: doesn't show hand
*** SUMMARY ***
Total pot $2 | Rake $0
Seat 5: sega_hytnik (big blind) collected ($2)
Seat 6: Agranom0 (button) (small blind) folded before Flop


PokerStars Hand #151869501312:  Hold'em Limit ($3/$6 USD) - 2016/04/13 15:15:41 ET
Table 'Rhodia' 10-max Seat #5 is the button
Seat 5: sega_hytnik ($31 in chips)
Seat 6: Agranom0 ($29.88 in chips)
sega_hytnik: posts small blind $1
Agranom0: posts big blind $3
*** HOLE CARDS ***
sega_hytnik: folds
Uncalled bet ($2) returned to Agranom0
Agranom0 collected $2 from pot
Agranom0: doesn't show hand
*** SUMMARY ***
Total pot $2 | Rake $0
Seat 5: sega_hytnik (button) (small blind) folded before Flop
Seat 6: Agranom0 (big blind) collected ($2)


PokerStars Hand #151869525992:  Hold'em Limit ($3/$6 USD) - 2016/04/13 15:16:10 ET
Table 'Rhodia' 10-max Seat #6 is the button
Seat 5: sega_hytnik ($30 in chips)
Seat 6: Agranom0 ($30.88 in chips)
Agranom0: posts small blind $1
sega_hytnik: posts big blind $3
*** HOLE CARDS ***
Agranom0: folds
Uncalled bet ($2) returned to sega_hytnik
sega_hytnik collected $2 from pot
sega_hytnik: doesn't show hand
*** SUMMARY ***
Total pot $2 | Rake $0
Seat 5: sega_hytnik (big blind) collected ($2)
Seat 6: Agranom0 (button) (small blind) folded before Flop


PokerStars Hand #151869519319:  Hold'em Limit ($3/$6 USD) - 2016/04/13 15:16:02 ET
Table 'Rhodia' 10-max Seat #5 is the button
Seat 5: sega_hytnik ($27 in chips)
Seat 6: Agranom0 ($33.88 in chips)
sega_hytnik: posts small blind $1
Agranom0: posts big blind $3
*** HOLE CARDS ***
sega_hytnik: raises $3 to $6
Agranom0: folds
Uncalled bet ($3) returned to sega_hytnik
sega_hytnik collected $6 from pot
sega_hytnik: doesn't show hand
*** SUMMARY ***
Total pot $6 | Rake $0
Seat 5: sega_hytnik (button) (small blind) collected ($6)
Seat 6: Agranom0 (big blind) folded before Flop


PokerStars Hand #151869512779:  Hold'em Limit ($3/$6 USD) - 2016/04/13 15:15:54 ET
Table 'Rhodia' 10-max Seat #6 is the button
Seat 5: sega_hytnik ($30 in chips)
Seat 6: Agranom0 ($30.88 in chips)
Agranom0: posts small blind $1
sega_hytnik: posts big blind $3
*** HOLE CARDS ***
Agranom0: raises $3 to $6
sega_hytnik: folds
Uncalled bet ($3) returned to Agranom0
Agranom0 collected $6 from pot
Agranom0: doesn't show hand
*** SUMMARY ***
Total pot $6 | Rake $0
Seat 5: sega_hytnik (big blind) folded before Flop
Seat 6: Agranom0 (button) (small blind) collected ($6)


