PokerStars Hand #154512000602:  Hold'em Limit ($3/$6 USD) - 2016/06/09 14:24:33 ET
Table 'Rhodesia' 10-max Seat #3 is the button
Seat 2: hubschi ($87.22 in chips)
Seat 3: Ale4o ($112.42 in chips)
Ale4o: posts small blind $1
hubschi: posts big blind $3
*** HOLE CARDS ***
Ale4o: raises $3 to $6
grabaz joins the table at seat #4
hubschi: calls $3
*** FLOP *** [Kc Qh 8h]
hubschi: checks
Ale4o: checks
*** TURN *** [Kc Qh 8h] [2d]
hubschi: checks
Ale4o: bets $6
hubschi: folds
Uncalled bet ($6) returned to Ale4o
Ale4o collected $11.76 from pot
Ale4o: doesn't show hand
*** SUMMARY ***
Total pot $12 | Rake $0.24
Board [Kc Qh 8h 2d]
Seat 2: hubschi (big blind) folded on the Turn
Seat 3: Ale4o (button) (small blind) collected ($11.76)


PokerStars Hand #154511986005:  Hold'em Limit ($3/$6 USD) - 2016/06/09 14:24:14 ET
Table 'Rhodesia' 10-max Seat #2 is the button
Seat 2: hubschi ($102.22 in chips)
Seat 3: Ale4o ($97.92 in chips)
hubschi: posts small blind $1
Ale4o: posts big blind $3
*** HOLE CARDS ***
hubschi: raises $3 to $6
Ale4o: calls $3
*** FLOP *** [5h 9s Ks]
Ale4o: checks
hubschi: bets $3
Ale4o: calls $3
*** TURN *** [5h 9s Ks] [Qd]
Ale4o: checks
hubschi: bets $6
Ale4o: calls $6
*** RIVER *** [5h 9s Ks Qd] [7c]
Ale4o: checks
hubschi: checks
*** SHOW DOWN ***
Ale4o: shows [8c 9c] (a pair of Nines)
hubschi: mucks hand
Ale4o collected $29.50 from pot
*** SUMMARY ***
Total pot $30 | Rake $0.50
Board [5h 9s Ks Qd 7c]
Seat 2: hubschi (button) (small blind) mucked
Seat 3: Ale4o (big blind) showed [8c 9c] and won ($29.50) with a pair of Nines


PokerStars Hand #154512011535:  Hold'em Limit ($3/$6 USD) - 2016/06/09 14:24:46 ET
Table 'Rhodesia' 10-max Seat #2 is the button
Seat 2: hubschi ($81.22 in chips)
Seat 3: Ale4o ($118.18 in chips)
hubschi: posts small blind $1
Ale4o: posts big blind $3
*** HOLE CARDS ***
hubschi: raises $3 to $6
Ale4o: calls $3
*** FLOP *** [8h Td 6s]
Ale4o: checks
hubschi: bets $3
Ale4o: calls $3
*** TURN *** [8h Td 6s] [Ks]
Ale4o: checks
hubschi: bets $6
Ale4o: folds
Uncalled bet ($6) returned to hubschi
hubschi collected $17.64 from pot
hubschi: doesn't show hand
*** SUMMARY ***
Total pot $18 | Rake $0.36
Board [8h Td 6s Ks]
Seat 2: hubschi (button) (small blind) collected ($17.64)
Seat 3: Ale4o (big blind) folded on the Turn


PokerStars Hand #154515745355:  Hold'em Limit ($3/$6 USD) - 2016/06/09 15:38:29 ET
Table 'Rhodesia' 10-max Seat #7 is the button
Seat 1: dborys ($230.11 in chips)
Seat 7: Uhadmebeat ($81.62 in chips)
Uhadmebeat: posts small blind $1
Punkyfee: is sitting out
dborys: posts big blind $3
*** HOLE CARDS ***
Uhadmebeat: folds
Uncalled bet ($2) returned to dborys
dborys collected $2 from pot
dborys: doesn't show hand
*** SUMMARY ***
Total pot $2 | Rake $0
Seat 1: dborys (big blind) collected ($2)
Seat 7: Uhadmebeat (button) (small blind) folded before Flop


