PokerStars Hand #154909390930:  Hold'em Limit ($3/$6 USD) - 2016/06/18 17:50:07 ET
Table 'Rhodesia' 6-max Seat #3 is the button
Seat 2: mowinmo ($73.72 in chips)
Seat 3: Velbor107 ($276 in chips)
Velbor107: posts small blind $1
mowinmo: posts big blind $3
*** HOLE CARDS ***
Velbor107: folds
Uncalled bet ($2) returned to mowinmo
mowinmo collected $2 from pot
mowinmo: doesn't show hand
*** SUMMARY ***
Total pot $2 | Rake $0
Seat 2: mowinmo (big blind) collected ($2)
Seat 3: Velbor107 (button) (small blind) folded before Flop


PokerStars Hand #154909369340:  Hold'em Limit ($3/$6 USD) - 2016/06/18 17:49:35 ET
Table 'Rhodesia' 6-max Seat #2 is the button
Seat 2: mowinmo ($50.22 in chips)
Seat 3: Velbor107 ($300 in chips)
mowinmo: posts small blind $1
Velbor107: posts big blind $3
*** HOLE CARDS ***
mowinmo: raises $3 to $6
Velbor107: raises $3 to $9
mowinmo: calls $3
*** FLOP *** [3h 6d 5h]
Velbor107: bets $3
mowinmo: calls $3
*** TURN *** [3h 6d 5h] [Tc]
Velbor107: bets $6
mowinmo: calls $6
*** RIVER *** [3h 6d 5h Tc] [4h]
Velbor107: checks
mowinmo: bets $6
Velbor107: calls $6
*** SHOW DOWN ***
mowinmo: shows [Js 2d] (a straight, Deuce to Six)
Velbor107: mucks hand
mowinmo collected $47.50 from pot
*** SUMMARY ***
Total pot $48 | Rake $0.50
Board [3h 6d 5h Tc 4h]
Seat 2: mowinmo (button) (small blind) showed [Js 2d] and won ($47.50) with a straight, Deuce to Six
Seat 3: Velbor107 (big blind) mucked


PokerStars Hand #154909394456:  Hold'em Limit ($3/$6 USD) - 2016/06/18 17:50:12 ET
Table 'Rhodesia' 6-max Seat #2 is the button
Seat 2: mowinmo ($74.72 in chips)
Seat 3: Velbor107 ($275 in chips)
mowinmo: posts small blind $1
Velbor107: posts big blind $3
*** HOLE CARDS ***
mowinmo: folds
Uncalled bet ($2) returned to Velbor107
Velbor107 collected $2 from pot
*** SUMMARY ***
Total pot $2 | Rake $0
Seat 2: mowinmo (button) (small blind) folded before Flop
Seat 3: Velbor107 (big blind) collected ($2)


PokerStars Hand #154909398137:  Hold'em Limit ($3/$6 USD) - 2016/06/18 17:50:17 ET
Table 'Rhodesia' 6-max Seat #3 is the button
Seat 2: mowinmo ($73.72 in chips)
Seat 3: Velbor107 ($276 in chips)
Velbor107: posts small blind $1
mowinmo: posts big blind $3
*** HOLE CARDS ***
Velbor107: folds
Uncalled bet ($2) returned to mowinmo
mowinmo collected $2 from pot
mowinmo: doesn't show hand
*** SUMMARY ***
Total pot $2 | Rake $0
Seat 2: mowinmo (big blind) collected ($2)
Seat 3: Velbor107 (button) (small blind) folded before Flop


PokerStars Hand #154909402099:  Hold'em Limit ($3/$6 USD) - 2016/06/18 17:50:23 ET
Table 'Rhodesia' 6-max Seat #2 is the button
Seat 2: mowinmo ($74.72 in chips)
Seat 3: Velbor107 ($275 in chips)
mowinmo: posts small blind $1
Velbor107: posts big blind $3
*** HOLE CARDS ***
mowinmo: raises $3 to $6
Velbor107: calls $3
*** FLOP *** [7c 8d 8c]
Velbor107: checks
mowinmo: bets $3
Velbor107: folds
Uncalled bet ($3) returned to mowinmo
mowinmo collected $11.76 from pot
mowinmo: doesn't show hand
*** SUMMARY ***
Total pot $12 | Rake $0.24
Board [7c 8d 8c]
Seat 2: mowinmo (button) (small blind) collected ($11.76)
Seat 3: Velbor107 (big blind) folded on the Flop


PokerStars Hand #154909418090:  Hold'em Limit ($3/$6 USD) - 2016/06/18 17:50:46 ET
Table 'Rhodesia' 6-max Seat #2 is the button
Seat 2: mowinmo ($77.48 in chips)
Seat 3: Velbor107 ($272 in chips)
mowinmo: posts small blind $1
Velbor107: posts big blind $3
*** HOLE CARDS ***
mowinmo: calls $2
Velbor107: checks
*** FLOP *** [Jc Tc 8d]
Velbor107: bets $3
mowinmo: calls $3
*** TURN *** [Jc Tc 8d] [6d]
Velbor107: bets $6
mowinmo: calls $6
*** RIVER *** [Jc Tc 8d 6d] [Qc]
Velbor107: checks
mowinmo: bets $6
Velbor107: folds
Uncalled bet ($6) returned to mowinmo
mowinmo collected $23.52 from pot
mowinmo: doesn't show hand
*** SUMMARY ***
Total pot $24 | Rake $0.48
Board [Jc Tc 8d 6d Qc]
Seat 2: mowinmo (button) (small blind) collected ($23.52)
Seat 3: Velbor107 (big blind) folded on the River


PokerStars Hand #154909412141:  Hold'em Limit ($3/$6 USD) - 2016/06/18 17:50:37 ET
Table 'Rhodesia' 6-max Seat #3 is the button
Seat 2: mowinmo ($80.48 in chips)
Seat 3: Velbor107 ($269 in chips)
Velbor107: posts small blind $1
mowinmo: posts big blind $3
*** HOLE CARDS ***
Velbor107: raises $3 to $6
mowinmo: folds
Uncalled bet ($3) returned to Velbor107
Velbor107 collected $6 from pot
*** SUMMARY ***
Total pot $6 | Rake $0
Seat 2: mowinmo (big blind) folded before Flop
Seat 3: Velbor107 (button) (small blind) collected ($6)


PokerStars Hand #154909437999:  Hold'em Limit ($3/$6 USD) - 2016/06/18 17:51:15 ET
Table 'Rhodesia' 6-max Seat #3 is the button
Seat 2: mowinmo ($89 in chips)
Seat 3: Velbor107 ($260 in chips)
Velbor107: posts small blind $1
mowinmo: posts big blind $3
*** HOLE CARDS ***
Velbor107: raises $3 to $6
mowinmo: calls $3
*** FLOP *** [Ah 7s 4c]
mowinmo: checks
Velbor107: bets $3
mowinmo is disconnected
mowinmo has timed out while disconnected
mowinmo: folds
Uncalled bet ($3) returned to Velbor107
Velbor107 collected $11.76 from pot
*** SUMMARY ***
Total pot $12 | Rake $0.24
Board [Ah 7s 4c]
Seat 2: mowinmo (big blind) folded on the Flop
Seat 3: Velbor107 (button) (small blind) collected ($11.76)


PokerStars Hand #154909507160:  Hold'em Limit ($3/$6 USD) - 2016/06/18 17:52:46 ET
Table 'Rhodesia' 6-max Seat #3 is the button
Seat 2: mowinmo ($74 in chips)
Seat 3: Velbor107 ($274.40 in chips)
Velbor107: posts small blind $1
mowinmo: posts big blind $3
*** HOLE CARDS ***
Velbor107: raises $3 to $6
mowinmo: calls $3
*** FLOP *** [4d 4h Qh]
mowinmo: checks
Velbor107: bets $3
mowinmo: calls $3
*** TURN *** [4d 4h Qh] [7c]
mowinmo: checks
Velbor107: bets $6
mowinmo: folds
Uncalled bet ($6) returned to Velbor107
Velbor107 collected $17.64 from pot
*** SUMMARY ***
Total pot $18 | Rake $0.36
Board [4d 4h Qh 7c]
Seat 2: mowinmo (big blind) folded on the Turn
Seat 3: Velbor107 (button) (small blind) collected ($17.64)


PokerStars Hand #154909524706:  Hold'em Limit ($3/$6 USD) - 2016/06/18 17:53:11 ET
Table 'Rhodesia' 6-max Seat #2 is the button
Seat 2: mowinmo ($65 in chips)
Seat 3: Velbor107 ($283.04 in chips)
mowinmo: posts small blind $1
Velbor107: posts big blind $3
*** HOLE CARDS ***
mowinmo: raises $3 to $6
Velbor107: calls $3
*** FLOP *** [Ts 9d 2h]
Velbor107: checks
mowinmo: bets $3
Velbor107: calls $3
*** TURN *** [Ts 9d 2h] [9h]
Velbor107: checks
Defaultuser6 joins the table at seat #6
mowinmo: bets $6
Velbor107: calls $6
*** RIVER *** [Ts 9d 2h 9h] [2d]
Velbor107: checks
mowinmo: checks
*** SHOW DOWN ***
Velbor107: shows [5h Ac] (two pair, Nines and Deuces)
mowinmo: mucks hand
Velbor107 collected $29.50 from pot
*** SUMMARY ***
Total pot $30 | Rake $0.50
Board [Ts 9d 2h 9h 2d]
Seat 2: mowinmo (button) (small blind) mucked
Seat 3: Velbor107 (big blind) showed [5h Ac] and won ($29.50) with two pair, Nines and Deuces


PokerStars Hand #154909490125:  Hold'em Limit ($3/$6 USD) - 2016/06/18 17:52:21 ET
Table 'Rhodesia' 6-max Seat #2 is the button
Seat 2: mowinmo ($83 in chips)
Seat 3: Velbor107 ($265.76 in chips)
mowinmo: posts small blind $1
Velbor107: posts big blind $3
*** HOLE CARDS ***
mowinmo: raises $3 to $6
Velbor107: calls $3
*** FLOP *** [Js 2s Ac]
Velbor107: checks
mowinmo: bets $3
Velbor107: calls $3
*** TURN *** [Js 2s Ac] [3d]
Velbor107: checks
mowinmo: checks
*** RIVER *** [Js 2s Ac 3d] [6h]
Velbor107: bets $6
mowinmo: folds
Uncalled bet ($6) returned to Velbor107
Velbor107 collected $17.64 from pot
*** SUMMARY ***
Total pot $18 | Rake $0.36
Board [Js 2s Ac 3d 6h]
Seat 2: mowinmo (button) (small blind) folded on the River
Seat 3: Velbor107 (big blind) collected ($17.64)


PokerStars Hand #154910055734:  Hold'em Limit ($3/$6 USD) - 2016/06/18 18:07:02 ET
Table 'Rhodesia' 6-max Seat #6 is the button
Seat 2: Pelurile ($60.59 in chips)
Seat 6: Defaultuser6 ($16.48 in chips)
Defaultuser6: posts small blind $1
Pelurile: posts big blind $3
*** HOLE CARDS ***
Defaultuser6: calls $2
manly70 joins the table at seat #4
Pelurile: checks
*** FLOP *** [2d 9h 6s]
Pelurile: bets $3
Defaultuser6: folds
Uncalled bet ($3) returned to Pelurile
Pelurile collected $5.88 from pot
Pelurile: doesn't show hand
*** SUMMARY ***
Total pot $6 | Rake $0.12
Board [2d 9h 6s]
Seat 2: Pelurile (big blind) collected ($5.88)
Seat 6: Defaultuser6 (button) (small blind) folded on the Flop


PokerStars Hand #154910041435:  Hold'em Limit ($3/$6 USD) - 2016/06/18 18:06:42 ET
Table 'Rhodesia' 6-max Seat #2 is the button
Seat 2: Pelurile ($69 in chips)
Seat 6: Defaultuser6 ($8.41 in chips)
Pelurile: posts small blind $1
Velbor107: is sitting out
Defaultuser6: posts big blind $3
*** HOLE CARDS ***
Velbor107 leaves the table
Pelurile: raises $3 to $6
Defaultuser6: raises $2.41 to $8.41 and is all-in
Pelurile: calls $2.41
*** FLOP *** [Js 5h Kd]
*** TURN *** [Js 5h Kd] [Td]
*** RIVER *** [Js 5h Kd Td] [7h]
*** SHOW DOWN ***
Defaultuser6: shows [9c Kc] (a pair of Kings)
Pelurile: shows [Qs Ts] (a pair of Tens)
Defaultuser6 collected $16.48 from pot
*** SUMMARY ***
Total pot $16.82 | Rake $0.34
Board [Js 5h Kd Td 7h]
Seat 2: Pelurile (button) (small blind) showed [Qs Ts] and lost with a pair of Tens
Seat 6: Defaultuser6 (big blind) showed [9c Kc] and won ($16.48) with a pair of Kings


PokerStars Hand #154910113169:  Hold'em Limit ($3/$6 USD) - 2016/06/18 18:08:24 ET
Table 'Rhodesia' 6-max Seat #4 is the button
Seat 2: Pelurile ($94.49 in chips)
Seat 4: manly70 ($167.25 in chips)
manly70: posts small blind $1
Pelurile: posts big blind $3
*** HOLE CARDS ***
manly70: folds
Uncalled bet ($2) returned to Pelurile
Pelurile collected $2 from pot
Pelurile: doesn't show hand
*** SUMMARY ***
Total pot $2 | Rake $0
Seat 2: Pelurile (big blind) collected ($2)
Seat 4: manly70 (button) (small blind) folded before Flop


PokerStars Hand #154910119899:  Hold'em Limit ($3/$6 USD) - 2016/06/18 18:08:33 ET
Table 'Rhodesia' 6-max Seat #2 is the button
Seat 2: Pelurile ($95.49 in chips)
Seat 4: manly70 ($166.25 in chips)
Pelurile: posts small blind $1
manly70: posts big blind $3
*** HOLE CARDS ***
Pelurile: raises $3 to $6
manly70: raises $3 to $9
Pelurile: calls $3
*** FLOP *** [Th 5h Kd]
manly70: bets $3
Pelurile: folds
Uncalled bet ($3) returned to manly70
manly70 collected $17.64 from pot
*** SUMMARY ***
Total pot $18 | Rake $0.36
Board [Th 5h Kd]
Seat 2: Pelurile (button) (small blind) folded on the Flop
Seat 4: manly70 (big blind) collected ($17.64)


PokerStars Hand #154910140088:  Hold'em Limit ($3/$6 USD) - 2016/06/18 18:09:02 ET
Table 'Rhodesia' 6-max Seat #4 is the button
Seat 2: Pelurile ($86.49 in chips)
Seat 4: manly70 ($174.89 in chips)
manly70: posts small blind $1
Pelurile: posts big blind $3
*** HOLE CARDS ***
manly70: raises $3 to $6
Pelurile: calls $3
*** FLOP *** [Ks Td 8c]
Pelurile: checks
manly70: bets $3
Pelurile: calls $3
*** TURN *** [Ks Td 8c] [Ac]
Pelurile: checks
manly70: bets $6
Pelurile: calls $6
*** RIVER *** [Ks Td 8c Ac] [4s]
Pelurile: checks
manly70: bets $6
Pelurile: calls $6
*** SHOW DOWN ***
manly70: shows [5h 3h] (high card Ace)
Pelurile: shows [As 2h] (a pair of Aces)
Pelurile collected $41.50 from pot
*** SUMMARY ***
Total pot $42 | Rake $0.50
Board [Ks Td 8c Ac 4s]
Seat 2: Pelurile (big blind) showed [As 2h] and won ($41.50) with a pair of Aces
Seat 4: manly70 (button) (small blind) showed [5h 3h] and lost with high card Ace


PokerStars Hand #154910180884:  Hold'em Limit ($3/$6 USD) - 2016/06/18 18:10:00 ET
Table 'Rhodesia' 6-max Seat #2 is the button
Seat 2: Pelurile ($106.99 in chips)
Seat 4: manly70 ($153.89 in chips)
Pelurile: posts small blind $1
manly70: posts big blind $3
*** HOLE CARDS ***
Pelurile: raises $3 to $6
manly70: calls $3
*** FLOP *** [4c 8c 4s]
manly70: checks
Pelurile: bets $3
manly70: calls $3
*** TURN *** [4c 8c 4s] [Tc]
manly70: checks
Pelurile: bets $6
manly70: calls $6
*** RIVER *** [4c 8c 4s Tc] [Th]
manly70: checks
Pelurile: bets $6
manly70: calls $6
*** SHOW DOWN ***
Pelurile: shows [4h 5s] (a full house, Fours full of Tens)
manly70: mucks hand
Pelurile collected $41.50 from pot
*** SUMMARY ***
Total pot $42 | Rake $0.50
Board [4c 8c 4s Tc Th]
Seat 2: Pelurile (button) (small blind) showed [4h 5s] and won ($41.50) with a full house, Fours full of Tens
Seat 4: manly70 (big blind) mucked


PokerStars Hand #154910230305:  Hold'em Limit ($3/$6 USD) - 2016/06/18 18:11:13 ET
Table 'Rhodesia' 6-max Seat #4 is the button
Seat 4: manly70 ($132.89 in chips)
Seat 5: Velbor107 ($300 in chips)
manly70: posts small blind $1
Velbor107: posts big blind $3
*** HOLE CARDS ***
manly70: raises $3 to $6
Velbor107: calls $3
*** FLOP *** [Qh 2s 8d]
Velbor107: checks
manly70: checks
*** TURN *** [Qh 2s 8d] [6s]
Velbor107: bets $6
manly70: calls $6
*** RIVER *** [Qh 2s 8d 6s] [Kh]
Velbor107: bets $6
manly70: calls $6
*** SHOW DOWN ***
Velbor107: shows [2c Qc] (two pair, Queens and Deuces)
manly70: mucks hand
Velbor107 collected $35.50 from pot
*** SUMMARY ***
Total pot $36 | Rake $0.50
Board [Qh 2s 8d 6s Kh]
Seat 4: manly70 (button) (small blind) mucked
Seat 5: Velbor107 (big blind) showed [2c Qc] and won ($35.50) with two pair, Queens and Deuces


PokerStars Hand #154910273040:  Hold'em Limit ($3/$6 USD) - 2016/06/18 18:12:15 ET
Table 'Rhodesia' 6-max Seat #5 is the button
Seat 4: manly70 ($99.89 in chips)
Seat 5: Velbor107 ($331.90 in chips)
Velbor107: posts small blind $1
manly70: posts big blind $3
*** HOLE CARDS ***
Velbor107: raises $3 to $6
manly70: calls $3
*** FLOP *** [Qh 9c 6h]
manly70: checks
Velbor107: bets $3
manly70: calls $3
*** TURN *** [Qh 9c 6h] [5c]
manly70: checks
Velbor107: bets $6
manly70: folds
Uncalled bet ($6) returned to Velbor107
Velbor107 collected $17.64 from pot
*** SUMMARY ***
Total pot $18 | Rake $0.36
Board [Qh 9c 6h 5c]
Seat 4: manly70 (big blind) folded on the Turn
Seat 5: Velbor107 (button) (small blind) collected ($17.64)


PokerStars Hand #154910250543:  Hold'em Limit ($3/$6 USD) - 2016/06/18 18:11:42 ET
Table 'Rhodesia' 6-max Seat #5 is the button
Seat 4: manly70 ($114.89 in chips)
Seat 5: Velbor107 ($317.50 in chips)
Velbor107: posts small blind $1
manly70: posts big blind $3
*** HOLE CARDS ***
Velbor107: raises $3 to $6
manly70: calls $3
*** FLOP *** [6c 6d Kh]
manly70: checks
Velbor107: bets $3
manly70: folds
Uncalled bet ($3) returned to Velbor107
Velbor107 collected $11.76 from pot
*** SUMMARY ***
Total pot $12 | Rake $0.24
Board [6c 6d Kh]
Seat 4: manly70 (big blind) folded on the Flop
Seat 5: Velbor107 (button) (small blind) collected ($11.76)


PokerStars Hand #154910260907:  Hold'em Limit ($3/$6 USD) - 2016/06/18 18:11:57 ET
Table 'Rhodesia' 6-max Seat #4 is the button
Seat 4: manly70 ($108.89 in chips)
Seat 5: Velbor107 ($323.26 in chips)
manly70: posts small blind $1
Velbor107: posts big blind $3
*** HOLE CARDS ***
manly70: raises $3 to $6
Velbor107: calls $3
*** FLOP *** [3c Jh 3d]
Velbor107: checks
manly70: bets $3
Velbor107: raises $3 to $6
manly70: folds
Uncalled bet ($3) returned to Velbor107
Velbor107 collected $17.64 from pot
*** SUMMARY ***
Total pot $18 | Rake $0.36
Board [3c Jh 3d]
Seat 4: manly70 (button) (small blind) folded on the Flop
Seat 5: Velbor107 (big blind) collected ($17.64)


PokerStars Hand #154910286980:  Hold'em Limit ($3/$6 USD) - 2016/06/18 18:12:36 ET
Table 'Rhodesia' 6-max Seat #4 is the button
Seat 4: manly70 ($90.89 in chips)
Seat 5: Velbor107 ($340.54 in chips)
manly70: posts small blind $1
Velbor107: posts big blind $3
*** HOLE CARDS ***
manly70: raises $3 to $6
Velbor107: calls $3
*** FLOP *** [6c Kd 5c]
Velbor107: checks
manly70: bets $3
Velbor107: calls $3
*** TURN *** [6c Kd 5c] [3d]
Velbor107: checks
manly70: bets $6
Velbor107: calls $6
*** RIVER *** [6c Kd 5c 3d] [7s]
Velbor107: bets $6
manly70: folds
Uncalled bet ($6) returned to Velbor107
Velbor107 collected $29.50 from pot
*** SUMMARY ***
Total pot $30 | Rake $0.50
Board [6c Kd 5c 3d 7s]
Seat 4: manly70 (button) (small blind) folded on the River
Seat 5: Velbor107 (big blind) collected ($29.50)


PokerStars Hand #154910323169:  Hold'em Limit ($3/$6 USD) - 2016/06/18 18:13:30 ET
Table 'Rhodesia' 6-max Seat #5 is the button
Seat 4: manly70 ($75.89 in chips)
Seat 5: Velbor107 ($355.04 in chips)
Velbor107: posts small blind $1
manly70: posts big blind $3
*** HOLE CARDS ***
Velbor107: folds
Uncalled bet ($2) returned to manly70
manly70 collected $2 from pot
*** SUMMARY ***
Total pot $2 | Rake $0
Seat 4: manly70 (big blind) collected ($2)
Seat 5: Velbor107 (button) (small blind) folded before Flop


PokerStars Hand #154910328708:  Hold'em Limit ($3/$6 USD) - 2016/06/18 18:13:38 ET
Table 'Rhodesia' 6-max Seat #4 is the button
Seat 4: manly70 ($76.89 in chips)
Seat 5: Velbor107 ($354.04 in chips)
manly70: posts small blind $1
Velbor107: posts big blind $3
*** HOLE CARDS ***
manly70: raises $3 to $6
Velbor107: calls $3
*** FLOP *** [6h 9d 6c]
Velbor107: checks
manly70: checks
*** TURN *** [6h 9d 6c] [Kh]
Velbor107: checks
manly70: checks
*** RIVER *** [6h 9d 6c Kh] [Jh]
Velbor107: checks
manly70: checks
*** SHOW DOWN ***
Velbor107: shows [8s Th] (a pair of Sixes)
manly70: shows [Qd 8d] (a pair of Sixes - King+Queen kicker)
manly70 collected $11.76 from pot
*** SUMMARY ***
Total pot $12 | Rake $0.24
Board [6h 9d 6c Kh Jh]
Seat 4: manly70 (button) (small blind) showed [Qd 8d] and won ($11.76) with a pair of Sixes
Seat 5: Velbor107 (big blind) showed [8s Th] and lost with a pair of Sixes


PokerStars Hand #154910367459:  Hold'em Limit ($3/$6 USD) - 2016/06/18 18:14:32 ET
Table 'Rhodesia' 6-max Seat #5 is the button
Seat 4: manly70 ($82.65 in chips)
Seat 5: Velbor107 ($348.04 in chips)
Velbor107: posts small blind $1
manly70: posts big blind $3
*** HOLE CARDS ***
Velbor107: raises $3 to $6
manly70: calls $3
*** FLOP *** [Qc 4d 9c]
manly70: checks
Velbor107: bets $3
manly70: calls $3
*** TURN *** [Qc 4d 9c] [Kd]
manly70: checks
Velbor107: checks
*** RIVER *** [Qc 4d 9c Kd] [Jd]
manly70: checks
Velbor107: checks
*** SHOW DOWN ***
manly70: shows [Jc As] (a pair of Jacks)
Velbor107: mucks hand
manly70 collected $17.64 from pot
*** SUMMARY ***
Total pot $18 | Rake $0.36
Board [Qc 4d 9c Kd Jd]
Seat 4: manly70 (big blind) showed [Jc As] and won ($17.64) with a pair of Jacks
Seat 5: Velbor107 (button) (small blind) mucked


PokerStars Hand #154910438446:  Hold'em Limit ($3/$6 USD) - 2016/06/18 18:16:18 ET
Table 'Rhodesia' 6-max Seat #4 is the button
Seat 4: manly70 ($105.69 in chips)
Seat 5: Velbor107 ($324.04 in chips)
manly70: posts small blind $1
Velbor107: posts big blind $3
*** HOLE CARDS ***
manly70: folds
Uncalled bet ($2) returned to Velbor107
Velbor107 collected $2 from pot
*** SUMMARY ***
Total pot $2 | Rake $0
Seat 4: manly70 (button) (small blind) folded before Flop
Seat 5: Velbor107 (big blind) collected ($2)


PokerStars Hand #154910420996:  Hold'em Limit ($3/$6 USD) - 2016/06/18 18:15:52 ET
Table 'Rhodesia' 6-max Seat #5 is the button
Seat 4: manly70 ($99.93 in chips)
Seat 5: Velbor107 ($330.04 in chips)
Velbor107: posts small blind $1
manly70: posts big blind $3
*** HOLE CARDS ***
Velbor107: raises $3 to $6
manly70: calls $3
*** FLOP *** [7c 9d 5c]
manly70: checks
Velbor107: checks
*** TURN *** [7c 9d 5c] [Ac]
manly70: bets $6
Velbor107: folds
Uncalled bet ($6) returned to manly70
manly70 collected $11.76 from pot
*** SUMMARY ***
Total pot $12 | Rake $0.24
Board [7c 9d 5c Ac]
Seat 4: manly70 (big blind) collected ($11.76)
Seat 5: Velbor107 (button) (small blind) folded on the Turn


PokerStars Hand #154910386264:  Hold'em Limit ($3/$6 USD) - 2016/06/18 18:14:59 ET
Table 'Rhodesia' 6-max Seat #4 is the button
Seat 4: manly70 ($91.29 in chips)
Seat 5: Velbor107 ($339.04 in chips)
manly70: posts small blind $1
Velbor107: posts big blind $3
*** HOLE CARDS ***
manly70: raises $3 to $6
Velbor107: calls $3
*** FLOP *** [8c 9s 7s]
Velbor107: checks
manly70: bets $3
Velbor107: calls $3
*** TURN *** [8c 9s 7s] [Jd]
Velbor107: checks
manly70: bets $6
Velbor107: folds
Uncalled bet ($6) returned to manly70
manly70 collected $17.64 from pot
*** SUMMARY ***
Total pot $18 | Rake $0.36
Board [8c 9s 7s Jd]
Seat 4: manly70 (button) (small blind) collected ($17.64)
Seat 5: Velbor107 (big blind) folded on the Turn


PokerStars Hand #154910451299:  Hold'em Limit ($3/$6 USD) - 2016/06/18 18:16:37 ET
Table 'Rhodesia' 6-max Seat #4 is the button
Seat 4: manly70 ($98.69 in chips)
Seat 5: Velbor107 ($330.80 in chips)
manly70: posts small blind $1
Velbor107: posts big blind $3
*** HOLE CARDS ***
manly70: folds
Uncalled bet ($2) returned to Velbor107
Velbor107 collected $2 from pot
*** SUMMARY ***
Total pot $2 | Rake $0
Seat 4: manly70 (button) (small blind) folded before Flop
Seat 5: Velbor107 (big blind) collected ($2)


PokerStars Hand #154910442728:  Hold'em Limit ($3/$6 USD) - 2016/06/18 18:16:24 ET
Table 'Rhodesia' 6-max Seat #5 is the button
Seat 4: manly70 ($104.69 in chips)
Seat 5: Velbor107 ($325.04 in chips)
Velbor107: posts small blind $1
manly70: posts big blind $3
*** HOLE CARDS ***
Velbor107: raises $3 to $6
manly70: calls $3
*** FLOP *** [5s As 9c]
manly70: checks
Velbor107: bets $3
manly70: folds
Uncalled bet ($3) returned to Velbor107
Velbor107 collected $11.76 from pot
*** SUMMARY ***
Total pot $12 | Rake $0.24
Board [5s As 9c]
Seat 4: manly70 (big blind) folded on the Flop
Seat 5: Velbor107 (button) (small blind) collected ($11.76)


PokerStars Hand #154910455296:  Hold'em Limit ($3/$6 USD) - 2016/06/18 18:16:43 ET
Table 'Rhodesia' 6-max Seat #5 is the button
Seat 4: manly70 ($97.69 in chips)
Seat 5: Velbor107 ($331.80 in chips)
Velbor107: posts small blind $1
manly70: posts big blind $3
*** HOLE CARDS ***
Velbor107: raises $3 to $6
manly70: calls $3
*** FLOP *** [Qh 6c 2s]
manly70: checks
Velbor107: bets $3
manly70: calls $3
*** TURN *** [Qh 6c 2s] [2d]
manly70: checks
Velbor107: checks
*** RIVER *** [Qh 6c 2s 2d] [Th]
manly70: bets $6
Velbor107: calls $6
*** SHOW DOWN ***
manly70: shows [Qc 9d] (two pair, Queens and Deuces)
Velbor107: mucks hand
manly70 collected $29.50 from pot
*** SUMMARY ***
Total pot $30 | Rake $0.50
Board [Qh 6c 2s 2d Th]
Seat 4: manly70 (big blind) showed [Qc 9d] and won ($29.50) with two pair, Queens and Deuces
Seat 5: Velbor107 (button) (small blind) mucked


PokerStars Hand #154910476926:  Hold'em Limit ($3/$6 USD) - 2016/06/18 18:17:16 ET
Table 'Rhodesia' 6-max Seat #4 is the button
Seat 4: manly70 ($112.19 in chips)
Seat 5: Velbor107 ($316.80 in chips)
manly70: posts small blind $1
Velbor107: posts big blind $3
*** HOLE CARDS ***
manly70: raises $3 to $6
Velbor107: calls $3
*** FLOP *** [4c 3c 7d]
Velbor107: checks
manly70: bets $3
Velbor107: calls $3
*** TURN *** [4c 3c 7d] [Ks]
Velbor107: checks
manly70: bets $6
Velbor107: folds
Uncalled bet ($6) returned to manly70
manly70 collected $17.64 from pot
*** SUMMARY ***
Total pot $18 | Rake $0.36
Board [4c 3c 7d Ks]
Seat 4: manly70 (button) (small blind) collected ($17.64)
Seat 5: Velbor107 (big blind) folded on the Turn


PokerStars Hand #154910498323:  Hold'em Limit ($3/$6 USD) - 2016/06/18 18:17:48 ET
Table 'Rhodesia' 6-max Seat #5 is the button
Seat 4: manly70 ($120.83 in chips)
Seat 5: Velbor107 ($307.80 in chips)
Velbor107: posts small blind $1
manly70: posts big blind $3
*** HOLE CARDS ***
Velbor107: raises $3 to $6
manly70: calls $3
*** FLOP *** [3h 7c Td]
manly70: checks
Velbor107: bets $3
manly70: calls $3
*** TURN *** [3h 7c Td] [6h]
manly70: checks
Velbor107: bets $6
manly70: calls $6
*** RIVER *** [3h 7c Td 6h] [As]
manly70: checks
Velbor107: checks
*** SHOW DOWN ***
manly70: shows [4d 6d] (a pair of Sixes)
Velbor107: shows [6c 9c] (a pair of Sixes - Ace+Ten+Nine kicker)
Velbor107 collected $29.50 from pot
*** SUMMARY ***
Total pot $30 | Rake $0.50
Board [3h 7c Td 6h As]
Seat 4: manly70 (big blind) showed [4d 6d] and lost with a pair of Sixes
Seat 5: Velbor107 (button) (small blind) showed [6c 9c] and won ($29.50) with a pair of Sixes


PokerStars Hand #154910522237:  Hold'em Limit ($3/$6 USD) - 2016/06/18 18:18:24 ET
Table 'Rhodesia' 6-max Seat #4 is the button
Seat 4: manly70 ($105.83 in chips)
Seat 5: Velbor107 ($322.30 in chips)
manly70: posts small blind $1
Velbor107: posts big blind $3
*** HOLE CARDS ***
manly70: raises $3 to $6
Velbor107: raises $3 to $9
manly70: calls $3
*** FLOP *** [8c 2s 5s]
Velbor107: bets $3
manly70: calls $3
*** TURN *** [8c 2s 5s] [8h]
Velbor107: bets $6
manly70: calls $6
*** RIVER *** [8c 2s 5s 8h] [Tc]
Velbor107: checks
manly70: checks
*** SHOW DOWN ***
Velbor107: shows [Qd Kd] (a pair of Eights)
manly70: shows [7s Ac] (a pair of Eights - Ace kicker)
manly70 collected $35.50 from pot
*** SUMMARY ***
Total pot $36 | Rake $0.50
Board [8c 2s 5s 8h Tc]
Seat 4: manly70 (button) (small blind) showed [7s Ac] and won ($35.50) with a pair of Eights
Seat 5: Velbor107 (big blind) showed [Qd Kd] and lost with a pair of Eights


PokerStars Hand #154910538390:  Hold'em Limit ($3/$6 USD) - 2016/06/18 18:18:48 ET
Table 'Rhodesia' 6-max Seat #5 is the button
Seat 4: manly70 ($123.33 in chips)
Seat 5: Velbor107 ($304.30 in chips)
Velbor107: posts small blind $1
manly70: posts big blind $3
*** HOLE CARDS ***
Velbor107: raises $3 to $6
manly70: calls $3
*** FLOP *** [Qd 6c 6h]
manly70: checks
Velbor107: bets $3
manly70: calls $3
*** TURN *** [Qd 6c 6h] [8s]
manly70: checks
Velbor107: bets $6
manly70: calls $6
*** RIVER *** [Qd 6c 6h 8s] [2s]
manly70: checks
Velbor107: bets $6
manly70: calls $6
*** SHOW DOWN ***
Velbor107: shows [Qs As] (two pair, Queens and Sixes)
manly70: mucks hand
Velbor107 collected $41.50 from pot
*** SUMMARY ***
Total pot $42 | Rake $0.50
Board [Qd 6c 6h 8s 2s]
Seat 4: manly70 (big blind) mucked
Seat 5: Velbor107 (button) (small blind) showed [Qs As] and won ($41.50) with two pair, Queens and Sixes


PokerStars Hand #154910560226:  Hold'em Limit ($3/$6 USD) - 2016/06/18 18:19:21 ET
Table 'Rhodesia' 6-max Seat #4 is the button
Seat 4: manly70 ($102.33 in chips)
Seat 5: Velbor107 ($324.80 in chips)
manly70: posts small blind $1
Velbor107: posts big blind $3
*** HOLE CARDS ***
manly70: folds
Uncalled bet ($2) returned to Velbor107
Velbor107 collected $2 from pot
*** SUMMARY ***
Total pot $2 | Rake $0
Seat 4: manly70 (button) (small blind) folded before Flop
Seat 5: Velbor107 (big blind) collected ($2)


PokerStars Hand #154910564701:  Hold'em Limit ($3/$6 USD) - 2016/06/18 18:19:28 ET
Table 'Rhodesia' 6-max Seat #5 is the button
Seat 4: manly70 ($101.33 in chips)
Seat 5: Velbor107 ($325.80 in chips)
Velbor107: posts small blind $1
manly70: posts big blind $3
*** HOLE CARDS ***
Velbor107: raises $3 to $6
manly70: calls $3
*** FLOP *** [2s 7d Th]
manly70: checks
Velbor107: bets $3
manly70: calls $3
*** TURN *** [2s 7d Th] [4h]
manly70: checks
Velbor107: bets $6
manly70: calls $6
*** RIVER *** [2s 7d Th 4h] [2c]
manly70: checks
Velbor107: bets $6
manly70: calls $6
*** SHOW DOWN ***
Velbor107: shows [6h Tc] (two pair, Tens and Deuces)
manly70: mucks hand
Velbor107 collected $41.50 from pot
*** SUMMARY ***
Total pot $42 | Rake $0.50
Board [2s 7d Th 4h 2c]
Seat 4: manly70 (big blind) mucked
Seat 5: Velbor107 (button) (small blind) showed [6h Tc] and won ($41.50) with two pair, Tens and Deuces


PokerStars Hand #154910584254:  Hold'em Limit ($3/$6 USD) - 2016/06/18 18:19:57 ET
Table 'Rhodesia' 6-max Seat #4 is the button
Seat 4: manly70 ($80.33 in chips)
Seat 5: Velbor107 ($346.30 in chips)
manly70: posts small blind $1
Velbor107: posts big blind $3
*** HOLE CARDS ***
manly70: raises $3 to $6
Velbor107: calls $3
*** FLOP *** [Ks Kh 2d]
Velbor107: checks
manly70: bets $3
Velbor107: calls $3
*** TURN *** [Ks Kh 2d] [6s]
Velbor107: checks
manly70: checks
*** RIVER *** [Ks Kh 2d 6s] [8c]
Velbor107: bets $6
manly70: folds
Uncalled bet ($6) returned to Velbor107
Velbor107 collected $17.64 from pot
*** SUMMARY ***
Total pot $18 | Rake $0.36
Board [Ks Kh 2d 6s 8c]
Seat 4: manly70 (button) (small blind) folded on the River
Seat 5: Velbor107 (big blind) collected ($17.64)


PokerStars Hand #154910598792:  Hold'em Limit ($3/$6 USD) - 2016/06/18 18:20:20 ET
Table 'Rhodesia' 6-max Seat #5 is the button
Seat 4: manly70 ($71.33 in chips)
Seat 5: Velbor107 ($354.94 in chips)
Velbor107: posts small blind $1
manly70: posts big blind $3
*** HOLE CARDS ***
Velbor107: raises $3 to $6
manly70: calls $3
*** FLOP *** [5s 9d Kh]
manly70: checks
Velbor107: bets $3
manly70: calls $3
*** TURN *** [5s 9d Kh] [Qh]
manly70: checks
Velbor107: checks
*** RIVER *** [5s 9d Kh Qh] [Js]
manly70: checks
Velbor107: bets $6
manly70: calls $6
*** SHOW DOWN ***
Velbor107: shows [9h Jh] (two pair, Jacks and Nines)
manly70: mucks hand
Velbor107 collected $29.50 from pot
*** SUMMARY ***
Total pot $30 | Rake $0.50
Board [5s 9d Kh Qh Js]
Seat 4: manly70 (big blind) mucked
Seat 5: Velbor107 (button) (small blind) showed [9h Jh] and won ($29.50) with two pair, Jacks and Nines


PokerStars Hand #154910615771:  Hold'em Limit ($3/$6 USD) - 2016/06/18 18:20:45 ET
Table 'Rhodesia' 6-max Seat #4 is the button
Seat 4: manly70 ($56.33 in chips)
Seat 5: Velbor107 ($369.44 in chips)
manly70: posts small blind $1
Velbor107: posts big blind $3
*** HOLE CARDS ***
manly70: raises $3 to $6
Velbor107: calls $3
*** FLOP *** [2c As 6h]
Velbor107: checks
manly70: bets $3
Velbor107: calls $3
*** TURN *** [2c As 6h] [6s]
Velbor107: checks
manly70: checks
*** RIVER *** [2c As 6h 6s] [Ah]
Velbor107: checks
manly70: bets $6
Velbor107: folds
Uncalled bet ($6) returned to manly70
manly70 collected $17.64 from pot
*** SUMMARY ***
Total pot $18 | Rake $0.36
Board [2c As 6h 6s Ah]
Seat 4: manly70 (button) (small blind) collected ($17.64)
Seat 5: Velbor107 (big blind) folded on the River


PokerStars Hand #154910662235:  Hold'em Limit ($3/$6 USD) - 2016/06/18 18:21:56 ET
Table 'Rhodesia' 6-max Seat #5 is the button
Seat 4: manly70 ($82.47 in chips)
Seat 5: Velbor107 ($342.44 in chips)
Velbor107: posts small blind $1
manly70: posts big blind $3
*** HOLE CARDS ***
Velbor107: raises $3 to $6
manly70: calls $3
*** FLOP *** [3d Ac 6d]
manly70: checks
Velbor107: bets $3
manly70: folds
Uncalled bet ($3) returned to Velbor107
Velbor107 collected $11.76 from pot
*** SUMMARY ***
Total pot $12 | Rake $0.24
Board [3d Ac 6d]
Seat 4: manly70 (big blind) folded on the Flop
Seat 5: Velbor107 (button) (small blind) collected ($11.76)


PokerStars Hand #154910657175:  Hold'em Limit ($3/$6 USD) - 2016/06/18 18:21:48 ET
Table 'Rhodesia' 6-max Seat #4 is the button
Seat 4: manly70 ($79.47 in chips)
Seat 5: Velbor107 ($345.44 in chips)
manly70: posts small blind $1
Velbor107: posts big blind $3
*** HOLE CARDS ***
manly70: raises $3 to $6
Velbor107: folds
Uncalled bet ($3) returned to manly70
manly70 collected $6 from pot
*** SUMMARY ***
Total pot $6 | Rake $0
Seat 4: manly70 (button) (small blind) collected ($6)
Seat 5: Velbor107 (big blind) folded before Flop


PokerStars Hand #154910640263:  Hold'em Limit ($3/$6 USD) - 2016/06/18 18:21:23 ET
Table 'Rhodesia' 6-max Seat #5 is the button
Seat 4: manly70 ($64.97 in chips)
Seat 5: Velbor107 ($360.44 in chips)
Velbor107: posts small blind $1
manly70: posts big blind $3
*** HOLE CARDS ***
Velbor107: raises $3 to $6
manly70: calls $3
*** FLOP *** [Kc Tc 5c]
manly70: checks
Velbor107: bets $3
manly70: calls $3
*** TURN *** [Kc Tc 5c] [8h]
manly70: checks
Velbor107: bets $6
manly70: calls $6
*** RIVER *** [Kc Tc 5c 8h] [Qc]
manly70: checks
Velbor107: checks
*** SHOW DOWN ***
manly70: shows [2c Js] (a flush, King high)
Velbor107: mucks hand
manly70 collected $29.50 from pot
*** SUMMARY ***
Total pot $30 | Rake $0.50
Board [Kc Tc 5c 8h Qc]
Seat 4: manly70 (big blind) showed [2c Js] and won ($29.50) with a flush, King high
Seat 5: Velbor107 (button) (small blind) mucked


PokerStars Hand #154910695737:  Hold'em Limit ($3/$6 USD) - 2016/06/18 18:22:47 ET
Table 'Rhodesia' 6-max Seat #5 is the button
Seat 4: manly70 ($85.11 in chips)
Seat 5: Velbor107 ($339.20 in chips)
Velbor107: posts small blind $1
manly70: posts big blind $3
*** HOLE CARDS ***
Velbor107: raises $3 to $6
manly70: calls $3
*** FLOP *** [3c Jc 4s]
manly70: checks
Velbor107: bets $3
manly70: calls $3
*** TURN *** [3c Jc 4s] [4h]
manly70: checks
Velbor107: bets $6
manly70: raises $6 to $12
Velbor107: folds
Uncalled bet ($6) returned to manly70
manly70 collected $29.50 from pot
*** SUMMARY ***
Total pot $30 | Rake $0.50
Board [3c Jc 4s 4h]
Seat 4: manly70 (big blind) collected ($29.50)
Seat 5: Velbor107 (button) (small blind) folded on the Turn


PokerStars Hand #154910720429:  Hold'em Limit ($3/$6 USD) - 2016/06/18 18:23:19 ET
Table 'Rhodesia' 6-max Seat #4 is the button
Seat 4: manly70 ($99.61 in chips)
Seat 5: Velbor107 ($324.20 in chips)
manly70: posts small blind $1
Velbor107: posts big blind $3
*** HOLE CARDS ***
manly70: raises $3 to $6
Velbor107: folds
Uncalled bet ($3) returned to manly70
manly70 collected $6 from pot
*** SUMMARY ***
Total pot $6 | Rake $0
Seat 4: manly70 (button) (small blind) collected ($6)
Seat 5: Velbor107 (big blind) folded before Flop


PokerStars Hand #154910670169:  Hold'em Limit ($3/$6 USD) - 2016/06/18 18:22:08 ET
Table 'Rhodesia' 6-max Seat #4 is the button
Seat 4: manly70 ($76.47 in chips)
Seat 5: Velbor107 ($348.20 in chips)
manly70: posts small blind $1
Velbor107: posts big blind $3
*** HOLE CARDS ***
manly70: raises $3 to $6
Velbor107: calls $3
*** FLOP *** [Jc Ks 7s]
Velbor107: checks
manly70: bets $3
Velbor107: calls $3
*** TURN *** [Jc Ks 7s] [3h]
Velbor107: checks
manly70: bets $6
Velbor107: folds
Uncalled bet ($6) returned to manly70
manly70 collected $17.64 from pot
*** SUMMARY ***
Total pot $18 | Rake $0.36
Board [Jc Ks 7s 3h]
Seat 4: manly70 (button) (small blind) collected ($17.64)
Seat 5: Velbor107 (big blind) folded on the Turn


PokerStars Hand #154910731976:  Hold'em Limit ($3/$6 USD) - 2016/06/18 18:23:37 ET
Table 'Rhodesia' 6-max Seat #5 is the button
Seat 4: manly70 ($102.61 in chips)
Seat 5: Velbor107 ($321.20 in chips)
Velbor107: posts small blind $1
manly70: posts big blind $3
*** HOLE CARDS ***
Velbor107: raises $3 to $6
manly70: calls $3
*** FLOP *** [4h Th Ts]
manly70: checks
Velbor107: bets $3
manly70: calls $3
*** TURN *** [4h Th Ts] [Js]
manly70: checks
Velbor107: checks
*** RIVER *** [4h Th Ts Js] [8c]
manly70: bets $6
Velbor107: folds
Uncalled bet ($6) returned to manly70
manly70 collected $17.64 from pot
*** SUMMARY ***
Total pot $18 | Rake $0.36
Board [4h Th Ts Js 8c]
Seat 4: manly70 (big blind) collected ($17.64)
Seat 5: Velbor107 (button) (small blind) folded on the River


PokerStars Hand #154910749017:  Hold'em Limit ($3/$6 USD) - 2016/06/18 18:24:03 ET
Table 'Rhodesia' 6-max Seat #4 is the button
Seat 4: manly70 ($111.25 in chips)
Seat 5: Velbor107 ($312.20 in chips)
manly70: posts small blind $1
Velbor107: posts big blind $3
*** HOLE CARDS ***
manly70: raises $3 to $6
Velbor107: calls $3
*** FLOP *** [6s 2c 8c]
Velbor107: bets $3
manly70: calls $3
*** TURN *** [6s 2c 8c] [7s]
Velbor107: bets $6
manly70: calls $6
*** RIVER *** [6s 2c 8c 7s] [9h]
jackRizzar joins the table at seat #6
Velbor107: bets $6
manly70: calls $6
*** SHOW DOWN ***
Velbor107: shows [7c 9c] (two pair, Nines and Sevens)
manly70: mucks hand
Velbor107 collected $41.50 from pot
*** SUMMARY ***
Total pot $42 | Rake $0.50
Board [6s 2c 8c 7s 9h]
Seat 4: manly70 (button) (small blind) mucked
Seat 5: Velbor107 (big blind) showed [7c 9c] and won ($41.50) with two pair, Nines and Sevens


PokerStars Hand #154913186587:  Hold'em Limit ($3/$6 USD) - 2016/06/18 19:34:00 ET
Table 'Rhodesia' 6-max Seat #1 is the button
Seat 1: AAAA_FULL_72 ($130.48 in chips)
Seat 3: AzureCaper ($72 in chips)
AAAA_FULL_72: posts small blind $1
AzureCaper: posts big blind $3
*** HOLE CARDS ***
AAAA_FULL_72: raises $3 to $6
Pelurile leaves the table
AzureCaper: calls $3
*** FLOP *** [Ac Js Tc]
AzureCaper: checks
AAAA_FULL_72: bets $3
AzureCaper: calls $3
*** TURN *** [Ac Js Tc] [9h]
AzureCaper: checks
AAAA_FULL_72: bets $6
AzureCaper: folds
Uncalled bet ($6) returned to AAAA_FULL_72
AAAA_FULL_72 collected $17.64 from pot
*** SUMMARY ***
Total pot $18 | Rake $0.36
Board [Ac Js Tc 9h]
Seat 1: AAAA_FULL_72 (button) (small blind) collected ($17.64)
Seat 3: AzureCaper (big blind) folded on the Turn


PokerStars Hand #154913175542:  Hold'em Limit ($3/$6 USD) - 2016/06/18 19:33:38 ET
Table 'Rhodesia' 6-max Seat #3 is the button
Seat 1: AAAA_FULL_72 ($94.98 in chips)
Seat 3: AzureCaper ($90.11 in chips)
AzureCaper: posts small blind $1
millchar: is sitting out
AAAA_FULL_72: posts big blind $3
*** HOLE CARDS ***
CaolilaH2O joins the table at seat #5
AzureCaper: raises $3 to $6
AAAA_FULL_72: raises $3 to $9
millchar leaves the table
AzureCaper: calls $3
*** FLOP *** [4s 5c Qh]
AAAA_FULL_72: bets $3
AzureCaper: calls $3
*** TURN *** [4s 5c Qh] [2s]
AAAA_FULL_72: bets $6
AzureCaper: raises $6 to $12
AAAA_FULL_72: raises $6 to $18
AzureCaper: calls $6
*** RIVER *** [4s 5c Qh 2s] [As]
AAAA_FULL_72: bets $6
AzureCaper: calls $6
*** SHOW DOWN ***
AAAA_FULL_72: shows [Js 5s] (a flush, Ace high)
AzureCaper: mucks hand
AAAA_FULL_72 collected $71.50 from pot
*** SUMMARY ***
Total pot $72 | Rake $0.50
Board [4s 5c Qh 2s As]
Seat 1: AAAA_FULL_72 (big blind) showed [Js 5s] and won ($71.50) with a flush, Ace high
Seat 3: AzureCaper (button) (small blind) mucked


PokerStars Hand #154913294959:  Hold'em Limit ($3/$6 USD) - 2016/06/18 19:37:23 ET
Table 'Rhodesia' 6-max Seat #3 is the button
Seat 1: AAAA_FULL_72 ($147.27 in chips)
Seat 3: AzureCaper ($110.56 in chips)
AzureCaper: posts small blind $1
AAAA_FULL_72: posts big blind $3
*** HOLE CARDS ***
AzureCaper: folds
Uncalled bet ($2) returned to AAAA_FULL_72
AAAA_FULL_72 collected $2 from pot
*** SUMMARY ***
Total pot $2 | Rake $0
Seat 1: AAAA_FULL_72 (big blind) collected ($2)
Seat 3: AzureCaper (button) (small blind) folded before Flop


PokerStars Hand #154913284333:  Hold'em Limit ($3/$6 USD) - 2016/06/18 19:37:13 ET
Table 'Rhodesia' 6-max Seat #1 is the button
Seat 1: AAAA_FULL_72 ($144.27 in chips)
Seat 3: AzureCaper ($113.56 in chips)
AAAA_FULL_72: posts small blind $1
AzureCaper: posts big blind $3
*** HOLE CARDS ***
AAAA_FULL_72: raises $3 to $6
AzureCaper: folds
Uncalled bet ($3) returned to AAAA_FULL_72
AAAA_FULL_72 collected $6 from pot
*** SUMMARY ***
Total pot $6 | Rake $0
Seat 1: AAAA_FULL_72 (button) (small blind) collected ($6)
Seat 3: AzureCaper (big blind) folded before Flop


PokerStars Hand #154913281987:  Hold'em Limit ($3/$6 USD) - 2016/06/18 19:37:08 ET
Table 'Rhodesia' 6-max Seat #3 is the button
Seat 1: AAAA_FULL_72 ($143.27 in chips)
Seat 3: AzureCaper ($114.56 in chips)
AzureCaper: posts small blind $1
AAAA_FULL_72: posts big blind $3
*** HOLE CARDS ***
AzureCaper: folds
Uncalled bet ($2) returned to AAAA_FULL_72
AAAA_FULL_72 collected $2 from pot
*** SUMMARY ***
Total pot $2 | Rake $0
Seat 1: AAAA_FULL_72 (big blind) collected ($2)
Seat 3: AzureCaper (button) (small blind) folded before Flop


PokerStars Hand #154913273872:  Hold'em Limit ($3/$6 USD) - 2016/06/18 19:36:52 ET
Table 'Rhodesia' 6-max Seat #1 is the button
Seat 1: AAAA_FULL_72 ($152.27 in chips)
Seat 3: AzureCaper ($105.92 in chips)
AAAA_FULL_72: posts small blind $1
AzureCaper: posts big blind $3
*** HOLE CARDS ***
AAAA_FULL_72: raises $3 to $6
AzureCaper: calls $3
*** FLOP *** [4d 3h Qd]
AzureCaper: checks
AAAA_FULL_72: bets $3
AzureCaper: calls $3
*** TURN *** [4d 3h Qd] [6s]
AzureCaper: checks
AAAA_FULL_72: checks
*** RIVER *** [4d 3h Qd 6s] [7s]
AzureCaper: bets $6
AAAA_FULL_72: folds
Uncalled bet ($6) returned to AzureCaper
AzureCaper collected $17.64 from pot
AzureCaper: doesn't show hand
*** SUMMARY ***
Total pot $18 | Rake $0.36
Board [4d 3h Qd 6s 7s]
Seat 1: AAAA_FULL_72 (button) (small blind) folded on the River
Seat 3: AzureCaper (big blind) collected ($17.64)


PokerStars Hand #154913297294:  Hold'em Limit ($3/$6 USD) - 2016/06/18 19:37:28 ET
Table 'Rhodesia' 6-max Seat #1 is the button
Seat 1: AAAA_FULL_72 ($148.27 in chips)
Seat 3: AzureCaper ($109.56 in chips)
AAAA_FULL_72: posts small blind $1
AzureCaper: posts big blind $3
*** HOLE CARDS ***
AAAA_FULL_72: raises $3 to $6
AzureCaper: calls $3
*** FLOP *** [4d 7h 9h]
AzureCaper: checks
AAAA_FULL_72: bets $3
AzureCaper: calls $3
*** TURN *** [4d 7h 9h] [2s]
AzureCaper: checks
AAAA_FULL_72: bets $6
AzureCaper: calls $6
*** RIVER *** [4d 7h 9h 2s] [Jd]
AzureCaper: checks
AAAA_FULL_72: checks
*** SHOW DOWN ***
AzureCaper: shows [Ts Ad] (high card Ace)
AAAA_FULL_72: shows [6c 9s] (a pair of Nines)
AAAA_FULL_72 collected $29.50 from pot
*** SUMMARY ***
Total pot $30 | Rake $0.50
Board [4d 7h 9h 2s Jd]
Seat 1: AAAA_FULL_72 (button) (small blind) showed [6c 9s] and won ($29.50) with a pair of Nines
Seat 3: AzureCaper (big blind) showed [Ts Ad] and lost with high card Ace


PokerStars Hand #154913329160:  Hold'em Limit ($3/$6 USD) - 2016/06/18 19:38:30 ET
Table 'Rhodesia' 6-max Seat #3 is the button
Seat 1: AAAA_FULL_72 ($150.27 in chips)
Seat 3: AzureCaper ($106.06 in chips)
AzureCaper: posts small blind $1
AAAA_FULL_72: posts big blind $3
*** HOLE CARDS ***
AzureCaper: raises $3 to $6
AAAA_FULL_72: raises $3 to $9
AzureCaper: calls $3
*** FLOP *** [3d 5c Kh]
AAAA_FULL_72: bets $3
AzureCaper: calls $3
*** TURN *** [3d 5c Kh] [3c]
AAAA_FULL_72: bets $6
AzureCaper: folds
Uncalled bet ($6) returned to AAAA_FULL_72
AAAA_FULL_72 collected $23.52 from pot
*** SUMMARY ***
Total pot $24 | Rake $0.48
Board [3d 5c Kh 3c]
Seat 1: AAAA_FULL_72 (big blind) collected ($23.52)
Seat 3: AzureCaper (button) (small blind) folded on the Turn


PokerStars Hand #154913318647:  Hold'em Limit ($3/$6 USD) - 2016/06/18 19:38:10 ET
Table 'Rhodesia' 6-max Seat #1 is the button
Seat 1: AAAA_FULL_72 ($177.27 in chips)
Seat 3: AzureCaper ($79.56 in chips)
AAAA_FULL_72: posts small blind $1
AzureCaper: posts big blind $3
*** HOLE CARDS ***
AAAA_FULL_72: raises $3 to $6
AzureCaper: calls $3
*** FLOP *** [8h 5s Ac]
AzureCaper: checks
AAAA_FULL_72: bets $3
AzureCaper: calls $3
*** TURN *** [8h 5s Ac] [7d]
AzureCaper: checks
AAAA_FULL_72: bets $6
AzureCaper: calls $6
*** RIVER *** [8h 5s Ac 7d] [Jc]
AzureCaper: checks
AAAA_FULL_72: bets $6
AzureCaper: raises $6 to $12
AAAA_FULL_72: calls $6
*** SHOW DOWN ***
AzureCaper: shows [9s Ts] (a straight, Seven to Jack)
AAAA_FULL_72: shows [4s Ah] (a pair of Aces)
AzureCaper collected $53.50 from pot
*** SUMMARY ***
Total pot $54 | Rake $0.50
Board [8h 5s Ac 7d Jc]
Seat 1: AAAA_FULL_72 (button) (small blind) showed [4s Ah] and lost with a pair of Aces
Seat 3: AzureCaper (big blind) showed [9s Ts] and won ($53.50) with a straight, Seven to Jack


PokerStars Hand #154913308763:  Hold'em Limit ($3/$6 USD) - 2016/06/18 19:37:50 ET
Table 'Rhodesia' 6-max Seat #3 is the button
Seat 1: AAAA_FULL_72 ($162.77 in chips)
Seat 3: AzureCaper ($94.56 in chips)
AzureCaper: posts small blind $1
AAAA_FULL_72: posts big blind $3
*** HOLE CARDS ***
AzureCaper: raises $3 to $6
AAAA_FULL_72: calls $3
*** FLOP *** [7c Jc 2d]
AAAA_FULL_72: checks
AzureCaper: bets $3
AAAA_FULL_72: calls $3
*** TURN *** [7c Jc 2d] [5d]
AAAA_FULL_72: checks
AzureCaper: checks
*** RIVER *** [7c Jc 2d 5d] [Jd]
AAAA_FULL_72: bets $6
AzureCaper: calls $6
*** SHOW DOWN ***
AAAA_FULL_72: shows [5c Js] (a full house, Jacks full of Fives)
AzureCaper: mucks hand
AAAA_FULL_72 collected $29.50 from pot
*** SUMMARY ***
Total pot $30 | Rake $0.50
Board [7c Jc 2d 5d Jd]
Seat 1: AAAA_FULL_72 (big blind) showed [5c Js] and won ($29.50) with a full house, Jacks full of Fives
Seat 3: AzureCaper (button) (small blind) mucked


PokerStars Hand #154913338413:  Hold'em Limit ($3/$6 USD) - 2016/06/18 19:38:48 ET
Table 'Rhodesia' 6-max Seat #3 is the button
Seat 1: AAAA_FULL_72 ($160.79 in chips)
Seat 3: AzureCaper ($95.06 in chips)
AzureCaper: posts small blind $1
AAAA_FULL_72: posts big blind $3
*** HOLE CARDS ***
AzureCaper: folds
Uncalled bet ($2) returned to AAAA_FULL_72
AAAA_FULL_72 collected $2 from pot
*** SUMMARY ***
Total pot $2 | Rake $0
Seat 1: AAAA_FULL_72 (big blind) collected ($2)
Seat 3: AzureCaper (button) (small blind) folded before Flop


PokerStars Hand #154913335977:  Hold'em Limit ($3/$6 USD) - 2016/06/18 19:38:43 ET
Table 'Rhodesia' 6-max Seat #1 is the button
Seat 1: AAAA_FULL_72 ($161.79 in chips)
Seat 3: AzureCaper ($94.06 in chips)
AAAA_FULL_72: posts small blind $1
AzureCaper: posts big blind $3
*** HOLE CARDS ***
AAAA_FULL_72: folds
Uncalled bet ($2) returned to AzureCaper
AzureCaper collected $2 from pot
AzureCaper: doesn't show hand
*** SUMMARY ***
Total pot $2 | Rake $0
Seat 1: AAAA_FULL_72 (button) (small blind) folded before Flop
Seat 3: AzureCaper (big blind) collected ($2)


PokerStars Hand #154913358053:  Hold'em Limit ($3/$6 USD) - 2016/06/18 19:39:27 ET
Table 'Rhodesia' 6-max Seat #1 is the button
Seat 1: AAAA_FULL_72 ($168.55 in chips)
Seat 3: AzureCaper ($87.06 in chips)
AAAA_FULL_72: posts small blind $1
AzureCaper: posts big blind $3
*** HOLE CARDS ***
AAAA_FULL_72: folds
Uncalled bet ($2) returned to AzureCaper
AzureCaper collected $2 from pot
AzureCaper: doesn't show hand
*** SUMMARY ***
Total pot $2 | Rake $0
Seat 1: AAAA_FULL_72 (button) (small blind) folded before Flop
Seat 3: AzureCaper (big blind) collected ($2)


PokerStars Hand #154913355263:  Hold'em Limit ($3/$6 USD) - 2016/06/18 19:39:21 ET
Table 'Rhodesia' 6-max Seat #3 is the button
Seat 1: AAAA_FULL_72 ($171.55 in chips)
Seat 3: AzureCaper ($84.06 in chips)
AzureCaper: posts small blind $1
AAAA_FULL_72: posts big blind $3
*** HOLE CARDS ***
AzureCaper: raises $3 to $6
AAAA_FULL_72: folds
Uncalled bet ($3) returned to AzureCaper
AzureCaper collected $6 from pot
AzureCaper: doesn't show hand
*** SUMMARY ***
Total pot $6 | Rake $0
Seat 1: AAAA_FULL_72 (big blind) folded before Flop
Seat 3: AzureCaper (button) (small blind) collected ($6)


PokerStars Hand #154913349853:  Hold'em Limit ($3/$6 USD) - 2016/06/18 19:39:11 ET
Table 'Rhodesia' 6-max Seat #1 is the button
Seat 1: AAAA_FULL_72 ($168.55 in chips)
Seat 3: AzureCaper ($87.06 in chips)
AAAA_FULL_72: posts small blind $1
AzureCaper: posts big blind $3
*** HOLE CARDS ***
AAAA_FULL_72: raises $3 to $6
AzureCaper: folds
Uncalled bet ($3) returned to AAAA_FULL_72
AAAA_FULL_72 collected $6 from pot
*** SUMMARY ***
Total pot $6 | Rake $0
Seat 1: AAAA_FULL_72 (button) (small blind) collected ($6)
Seat 3: AzureCaper (big blind) folded before Flop


PokerStars Hand #154913347617:  Hold'em Limit ($3/$6 USD) - 2016/06/18 19:39:06 ET
Table 'Rhodesia' 6-max Seat #3 is the button
Seat 1: AAAA_FULL_72 ($167.55 in chips)
Seat 3: AzureCaper ($88.06 in chips)
AzureCaper: posts small blind $1
AAAA_FULL_72: posts big blind $3
*** HOLE CARDS ***
AzureCaper: folds
Uncalled bet ($2) returned to AAAA_FULL_72
AAAA_FULL_72 collected $2 from pot
*** SUMMARY ***
Total pot $2 | Rake $0
Seat 1: AAAA_FULL_72 (big blind) collected ($2)
Seat 3: AzureCaper (button) (small blind) folded before Flop


PokerStars Hand #154913340813:  Hold'em Limit ($3/$6 USD) - 2016/06/18 19:38:53 ET
Table 'Rhodesia' 6-max Seat #1 is the button
Seat 1: AAAA_FULL_72 ($161.79 in chips)
Seat 3: AzureCaper ($94.06 in chips)
AAAA_FULL_72: posts small blind $1
AzureCaper: posts big blind $3
*** HOLE CARDS ***
AAAA_FULL_72: raises $3 to $6
AzureCaper: calls $3
*** FLOP *** [8h Jd Kc]
AzureCaper: checks
AAAA_FULL_72: checks
*** TURN *** [8h Jd Kc] [2c]
AzureCaper: checks
AAAA_FULL_72: checks
*** RIVER *** [8h Jd Kc 2c] [Tc]
AzureCaper: checks
AAAA_FULL_72: bets $6
AzureCaper: folds
Uncalled bet ($6) returned to AAAA_FULL_72
AAAA_FULL_72 collected $11.76 from pot
AAAA_FULL_72: shows [3c Ac] (a flush, Ace high)
*** SUMMARY ***
Total pot $12 | Rake $0.24
Board [8h Jd Kc 2c Tc]
Seat 1: AAAA_FULL_72 (button) (small blind) collected ($11.76)
Seat 3: AzureCaper (big blind) folded on the River


PokerStars Hand #154913377889:  Hold'em Limit ($3/$6 USD) - 2016/06/18 19:40:06 ET
Table 'Rhodesia' 6-max Seat #1 is the button
Seat 1: AAAA_FULL_72 ($146.55 in chips)
Seat 3: AzureCaper ($108.56 in chips)
AAAA_FULL_72: posts small blind $1
AzureCaper: posts big blind $3
*** HOLE CARDS ***
AAAA_FULL_72: raises $3 to $6
AzureCaper: calls $3
*** FLOP *** [3c 4c Jh]
AzureCaper: checks
AAAA_FULL_72: checks
*** TURN *** [3c 4c Jh] [Ac]
AzureCaper: checks
AAAA_FULL_72: checks
*** RIVER *** [3c 4c Jh Ac] [Ks]
AzureCaper: checks
AAAA_FULL_72: checks
*** SHOW DOWN ***
AzureCaper: shows [6s Qd] (high card Ace)
AAAA_FULL_72: shows [Kd 9c] (a pair of Kings)
AAAA_FULL_72 collected $11.76 from pot
*** SUMMARY ***
Total pot $12 | Rake $0.24
Board [3c 4c Jh Ac Ks]
Seat 1: AAAA_FULL_72 (button) (small blind) showed [Kd 9c] and won ($11.76) with a pair of Kings
Seat 3: AzureCaper (big blind) showed [6s Qd] and lost with high card Ace


PokerStars Hand #154913360662:  Hold'em Limit ($3/$6 USD) - 2016/06/18 19:39:32 ET
Table 'Rhodesia' 6-max Seat #3 is the button
Seat 1: AAAA_FULL_72 ($167.55 in chips)
Seat 3: AzureCaper ($88.06 in chips)
AzureCaper: posts small blind $1
AAAA_FULL_72: posts big blind $3
*** HOLE CARDS ***
AzureCaper: raises $3 to $6
AAAA_FULL_72: raises $3 to $9
AzureCaper: raises $3 to $12
Betting is capped
AAAA_FULL_72: calls $3
*** FLOP *** [Ts Qs 6h]
AAAA_FULL_72: checks
AzureCaper: bets $3
AAAA_FULL_72: calls $3
*** TURN *** [Ts Qs 6h] [Jc]
AAAA_FULL_72: checks
AzureCaper: bets $6
AAAA_FULL_72: calls $6
*** RIVER *** [Ts Qs 6h Jc] [5c]
AAAA_FULL_72: checks
AzureCaper: bets $6
AAAA_FULL_72: folds
Uncalled bet ($6) returned to AzureCaper
AzureCaper collected $41.50 from pot
AzureCaper: doesn't show hand
*** SUMMARY ***
Total pot $42 | Rake $0.50
Board [Ts Qs 6h Jc 5c]
Seat 1: AAAA_FULL_72 (big blind) folded on the River
Seat 3: AzureCaper (button) (small blind) collected ($41.50)


PokerStars Hand #154913450691:  Hold'em Limit ($3/$6 USD) - 2016/06/18 19:42:31 ET
Table 'Rhodesia' 6-max Seat #2 is the button
Seat 2: Hi Im Alexey ($72 in chips)
Seat 4: GOREZ-KKKK ($128.64 in chips)
Hi Im Alexey: posts small blind $1
GOREZ-KKKK: posts big blind $3
*** HOLE CARDS ***
Hi Im Alexey: folds
Uncalled bet ($2) returned to GOREZ-KKKK
GOREZ-KKKK collected $2 from pot
GOREZ-KKKK: doesn't show hand
*** SUMMARY ***
Total pot $2 | Rake $0
Seat 2: Hi Im Alexey (button) (small blind) folded before Flop
Seat 4: GOREZ-KKKK (big blind) collected ($2)


PokerStars Hand #154913435072:  Hold'em Limit ($3/$6 USD) - 2016/06/18 19:42:00 ET
Table 'Rhodesia' 6-max Seat #4 is the button
Seat 2: Hi Im Alexey ($72 in chips)
Seat 4: GOREZ-KKKK ($120 in chips)
GOREZ-KKKK: posts small blind $1
Hi Im Alexey: posts big blind $3
*** HOLE CARDS ***
GOREZ-KKKK: raises $3 to $6
Hi Im Alexey: calls $3
*** FLOP *** [Ts Qd Ad]
Hi Im Alexey: checks
GOREZ-KKKK: bets $3
Hi Im Alexey: calls $3
*** TURN *** [Ts Qd Ad] [Th]
Hi Im Alexey: checks
GOREZ-KKKK: checks
*** RIVER *** [Ts Qd Ad Th] [Td]
Hi Im Alexey: checks
GOREZ-KKKK: checks
*** SHOW DOWN ***
Hi Im Alexey: shows [2d Kd] (a flush, Ace high)
GOREZ-KKKK: shows [5s 5h] (a full house, Tens full of Fives)
GOREZ-KKKK collected $17.64 from pot
*** SUMMARY ***
Total pot $18 | Rake $0.36
Board [Ts Qd Ad Th Td]
Seat 2: Hi Im Alexey (big blind) showed [2d Kd] and lost with a flush, Ace high
Seat 4: GOREZ-KKKK (button) (small blind) showed [5s 5h] and won ($17.64) with a full house, Tens full of Fives


PokerStars Hand #154913453076:  Hold'em Limit ($3/$6 USD) - 2016/06/18 19:42:36 ET
Table 'Rhodesia' 6-max Seat #4 is the button
Seat 2: Hi Im Alexey ($72 in chips)
Seat 4: GOREZ-KKKK ($129.64 in chips)
GOREZ-KKKK: posts small blind $1
Hi Im Alexey: posts big blind $3
*** HOLE CARDS ***
GOREZ-KKKK: folds
Uncalled bet ($2) returned to Hi Im Alexey
Hi Im Alexey collected $2 from pot
*** SUMMARY ***
Total pot $2 | Rake $0
Seat 2: Hi Im Alexey (big blind) collected ($2)
Seat 4: GOREZ-KKKK (button) (small blind) folded before Flop


PokerStars Hand #154913456056:  Hold'em Limit ($3/$6 USD) - 2016/06/18 19:42:42 ET
Table 'Rhodesia' 6-max Seat #2 is the button
Seat 2: Hi Im Alexey ($73 in chips)
Seat 4: GOREZ-KKKK ($128.64 in chips)
Hi Im Alexey: posts small blind $1
GOREZ-KKKK: posts big blind $3
*** HOLE CARDS ***
Hi Im Alexey: raises $3 to $6
GOREZ-KKKK: raises $3 to $9
Hi Im Alexey: calls $3
*** FLOP *** [4h Kd 5c]
GOREZ-KKKK: bets $3
Hi Im Alexey: calls $3
*** TURN *** [4h Kd 5c] [3h]
GOREZ-KKKK: bets $6
Hi Im Alexey: calls $6
*** RIVER *** [4h Kd 5c 3h] [Ah]
GOREZ-KKKK: bets $6
Hi Im Alexey: calls $6
*** SHOW DOWN ***
GOREZ-KKKK: shows [5s Ac] (two pair, Aces and Fives)
Hi Im Alexey: mucks hand
GOREZ-KKKK collected $47.50 from pot
*** SUMMARY ***
Total pot $48 | Rake $0.50
Board [4h Kd 5c 3h Ah]
Seat 2: Hi Im Alexey (button) (small blind) mucked
Seat 4: GOREZ-KKKK (big blind) showed [5s Ac] and won ($47.50) with two pair, Aces and Fives


PokerStars Hand #154913490147:  Hold'em Limit ($3/$6 USD) - 2016/06/18 19:43:49 ET
Table 'Rhodesia' 6-max Seat #2 is the button
Seat 2: Hi Im Alexey ($72 in chips)
Seat 4: GOREZ-KKKK ($175.64 in chips)
Hi Im Alexey: posts small blind $1
GOREZ-KKKK: posts big blind $3
*** HOLE CARDS ***
Hi Im Alexey: folds
Uncalled bet ($2) returned to GOREZ-KKKK
GOREZ-KKKK collected $2 from pot
GOREZ-KKKK: doesn't show hand
*** SUMMARY ***
Total pot $2 | Rake $0
Seat 2: Hi Im Alexey (button) (small blind) folded before Flop
Seat 4: GOREZ-KKKK (big blind) collected ($2)


PokerStars Hand #154913476191:  Hold'em Limit ($3/$6 USD) - 2016/06/18 19:43:22 ET
Table 'Rhodesia' 6-max Seat #4 is the button
Seat 2: Hi Im Alexey ($72 in chips)
Seat 4: GOREZ-KKKK ($152.14 in chips)
GOREZ-KKKK: posts small blind $1
Hi Im Alexey: posts big blind $3
*** HOLE CARDS ***
GOREZ-KKKK: raises $3 to $6
Hi Im Alexey: calls $3
*** FLOP *** [9h Js Ts]
Hi Im Alexey: checks
GOREZ-KKKK: bets $3
Hi Im Alexey: raises $3 to $6
GOREZ-KKKK: calls $3
*** TURN *** [9h Js Ts] [6s]
Hi Im Alexey: bets $6
GOREZ-KKKK: raises $6 to $12
Hi Im Alexey: calls $6
*** RIVER *** [9h Js Ts 6s] [Td]
Hi Im Alexey: checks
GOREZ-KKKK: bets $6
Hi Im Alexey: folds
Uncalled bet ($6) returned to GOREZ-KKKK
GOREZ-KKKK collected $47.50 from pot
GOREZ-KKKK: doesn't show hand
*** SUMMARY ***
Total pot $48 | Rake $0.50
Board [9h Js Ts 6s Td]
Seat 2: Hi Im Alexey (big blind) folded on the River
Seat 4: GOREZ-KKKK (button) (small blind) collected ($47.50)


PokerStars Hand #154913495430:  Hold'em Limit ($3/$6 USD) - 2016/06/18 19:44:00 ET
Table 'Rhodesia' 6-max Seat #2 is the button
Seat 2: Hi Im Alexey ($72 in chips)
Seat 4: GOREZ-KKKK ($179.64 in chips)
Hi Im Alexey: posts small blind $1
GOREZ-KKKK: posts big blind $3
*** HOLE CARDS ***
Hi Im Alexey: folds
Uncalled bet ($2) returned to GOREZ-KKKK
GOREZ-KKKK collected $2 from pot
GOREZ-KKKK: doesn't show hand
*** SUMMARY ***
Total pot $2 | Rake $0
Seat 2: Hi Im Alexey (button) (small blind) folded before Flop
Seat 4: GOREZ-KKKK (big blind) collected ($2)


PokerStars Hand #154913492397:  Hold'em Limit ($3/$6 USD) - 2016/06/18 19:43:54 ET
Table 'Rhodesia' 6-max Seat #4 is the button
Seat 2: Hi Im Alexey ($72 in chips)
Seat 4: GOREZ-KKKK ($176.64 in chips)
GOREZ-KKKK: posts small blind $1
Hi Im Alexey: posts big blind $3
*** HOLE CARDS ***
GOREZ-KKKK: raises $3 to $6
Hi Im Alexey: folds
Uncalled bet ($3) returned to GOREZ-KKKK
GOREZ-KKKK collected $6 from pot
GOREZ-KKKK: doesn't show hand
*** SUMMARY ***
Total pot $6 | Rake $0
Seat 2: Hi Im Alexey (big blind) folded before Flop
Seat 4: GOREZ-KKKK (button) (small blind) collected ($6)


PokerStars Hand #154913497877:  Hold'em Limit ($3/$6 USD) - 2016/06/18 19:44:05 ET
Table 'Rhodesia' 6-max Seat #4 is the button
Seat 2: Hi Im Alexey ($72 in chips)
Seat 4: GOREZ-KKKK ($180.64 in chips)
GOREZ-KKKK: posts small blind $1
Hi Im Alexey: posts big blind $3
*** HOLE CARDS ***
GOREZ-KKKK: raises $3 to $6
Hi Im Alexey: calls $3
*** FLOP *** [Th Tc 8s]
Hi Im Alexey: checks
GOREZ-KKKK: bets $3
Hi Im Alexey: calls $3
*** TURN *** [Th Tc 8s] [As]
Hi Im Alexey: checks
GOREZ-KKKK: bets $6
Hi Im Alexey: folds
Uncalled bet ($6) returned to GOREZ-KKKK
GOREZ-KKKK collected $17.64 from pot
GOREZ-KKKK: doesn't show hand
*** SUMMARY ***
Total pot $18 | Rake $0.36
Board [Th Tc 8s As]
Seat 2: Hi Im Alexey (big blind) folded on the Turn
Seat 4: GOREZ-KKKK (button) (small blind) collected ($17.64)


PokerStars Hand #154913505017:  Hold'em Limit ($3/$6 USD) - 2016/06/18 19:44:19 ET
Table 'Rhodesia' 6-max Seat #2 is the button
Seat 2: Hi Im Alexey ($72 in chips)
Seat 4: GOREZ-KKKK ($189.28 in chips)
Hi Im Alexey: posts small blind $1
GOREZ-KKKK: posts big blind $3
*** HOLE CARDS ***
Hi Im Alexey: raises $3 to $6
GOREZ-KKKK: raises $3 to $9
Hi Im Alexey: calls $3
*** FLOP *** [Ts Kh 6d]
GOREZ-KKKK: bets $3
Hi Im Alexey: calls $3
*** TURN *** [Ts Kh 6d] [Ad]
GOREZ-KKKK: checks
Hi Im Alexey: checks
*** RIVER *** [Ts Kh 6d Ad] [7h]
GOREZ-KKKK: bets $6
Hi Im Alexey: folds
Uncalled bet ($6) returned to GOREZ-KKKK
GOREZ-KKKK collected $23.52 from pot
GOREZ-KKKK: doesn't show hand
*** SUMMARY ***
Total pot $24 | Rake $0.48
Board [Ts Kh 6d Ad 7h]
Seat 2: Hi Im Alexey (button) (small blind) folded on the River
Seat 4: GOREZ-KKKK (big blind) collected ($23.52)


PokerStars Hand #154913518961:  Hold'em Limit ($3/$6 USD) - 2016/06/18 19:44:47 ET
Table 'Rhodesia' 6-max Seat #2 is the button
Seat 2: Hi Im Alexey ($80.64 in chips)
Seat 4: GOREZ-KKKK ($191.80 in chips)
Hi Im Alexey: posts small blind $1
GOREZ-KKKK: posts big blind $3
*** HOLE CARDS ***
Hi Im Alexey: folds
Uncalled bet ($2) returned to GOREZ-KKKK
GOREZ-KKKK collected $2 from pot
GOREZ-KKKK: doesn't show hand
*** SUMMARY ***
Total pot $2 | Rake $0
Seat 2: Hi Im Alexey (button) (small blind) folded before Flop
Seat 4: GOREZ-KKKK (big blind) collected ($2)


PokerStars Hand #154913513663:  Hold'em Limit ($3/$6 USD) - 2016/06/18 19:44:36 ET
Table 'Rhodesia' 6-max Seat #4 is the button
Seat 2: Hi Im Alexey ($72 in chips)
Seat 4: GOREZ-KKKK ($200.80 in chips)
GOREZ-KKKK: posts small blind $1
Hi Im Alexey: posts big blind $3
*** HOLE CARDS ***
GOREZ-KKKK: raises $3 to $6
Hi Im Alexey: raises $3 to $9
GOREZ-KKKK: calls $3
*** FLOP *** [7c 6h Qd]
Hi Im Alexey: bets $3
GOREZ-KKKK: folds
Uncalled bet ($3) returned to Hi Im Alexey
Hi Im Alexey collected $17.64 from pot
*** SUMMARY ***
Total pot $18 | Rake $0.36
Board [7c 6h Qd]
Seat 2: Hi Im Alexey (big blind) collected ($17.64)
Seat 4: GOREZ-KKKK (button) (small blind) folded on the Flop


PokerStars Hand #154913521052:  Hold'em Limit ($3/$6 USD) - 2016/06/18 19:44:51 ET
Table 'Rhodesia' 6-max Seat #4 is the button
Seat 2: Hi Im Alexey ($79.64 in chips)
Seat 4: GOREZ-KKKK ($192.80 in chips)
GOREZ-KKKK: posts small blind $1
Hi Im Alexey: posts big blind $3
*** HOLE CARDS ***
GOREZ-KKKK: raises $3 to $6
Hi Im Alexey: calls $3
*** FLOP *** [5h Qh 7c]
Hi Im Alexey: checks
GOREZ-KKKK: bets $3
Hi Im Alexey: calls $3
*** TURN *** [5h Qh 7c] [Ah]
Hi Im Alexey: checks
GOREZ-KKKK: bets $6
Hi Im Alexey: calls $6
*** RIVER *** [5h Qh 7c Ah] [Ks]
Hi Im Alexey: checks
GOREZ-KKKK: bets $6
Hi Im Alexey: calls $6
*** SHOW DOWN ***
GOREZ-KKKK: shows [Ac Kd] (two pair, Aces and Kings)
Hi Im Alexey: mucks hand
GOREZ-KKKK collected $41.50 from pot
*** SUMMARY ***
Total pot $42 | Rake $0.50
Board [5h Qh 7c Ah Ks]
Seat 2: Hi Im Alexey (big blind) mucked
Seat 4: GOREZ-KKKK (button) (small blind) showed [Ac Kd] and won ($41.50) with two pair, Aces and Kings


PokerStars Hand #154913530567:  Hold'em Limit ($3/$6 USD) - 2016/06/18 19:45:10 ET
Table 'Rhodesia' 6-max Seat #2 is the button
Seat 2: Hi Im Alexey ($72 in chips)
Seat 4: GOREZ-KKKK ($213.30 in chips)
Hi Im Alexey: posts small blind $1
GOREZ-KKKK: posts big blind $3
*** HOLE CARDS ***
Hi Im Alexey: raises $3 to $6
GOREZ-KKKK: raises $3 to $9
Hi Im Alexey: calls $3
*** FLOP *** [2h 6d 3h]
GOREZ-KKKK: bets $3
Hi Im Alexey: raises $3 to $6
GOREZ-KKKK: calls $3
*** TURN *** [2h 6d 3h] [Ks]
GOREZ-KKKK: checks
Hi Im Alexey: bets $6
GOREZ-KKKK: folds
Uncalled bet ($6) returned to Hi Im Alexey
Hi Im Alexey collected $29.50 from pot
*** SUMMARY ***
Total pot $30 | Rake $0.50
Board [2h 6d 3h Ks]
Seat 2: Hi Im Alexey (button) (small blind) collected ($29.50)
Seat 4: GOREZ-KKKK (big blind) folded on the Turn


PokerStars Hand #154913549196:  Hold'em Limit ($3/$6 USD) - 2016/06/18 19:45:48 ET
Table 'Rhodesia' 6-max Seat #2 is the button
Seat 2: Hi Im Alexey ($110 in chips)
Seat 4: GOREZ-KKKK ($174.30 in chips)
Hi Im Alexey: posts small blind $1
GOREZ-KKKK: posts big blind $3
*** HOLE CARDS ***
Hi Im Alexey: raises $3 to $6
GOREZ-KKKK: folds
Uncalled bet ($3) returned to Hi Im Alexey
Hi Im Alexey collected $6 from pot
*** SUMMARY ***
Total pot $6 | Rake $0
Seat 2: Hi Im Alexey (button) (small blind) collected ($6)
Seat 4: GOREZ-KKKK (big blind) folded before Flop


PokerStars Hand #154913538759:  Hold'em Limit ($3/$6 USD) - 2016/06/18 19:45:27 ET
Table 'Rhodesia' 6-max Seat #4 is the button
Seat 2: Hi Im Alexey ($86.50 in chips)
Seat 4: GOREZ-KKKK ($198.30 in chips)
GOREZ-KKKK: posts small blind $1
Hi Im Alexey: posts big blind $3
*** HOLE CARDS ***
GOREZ-KKKK: raises $3 to $6
Hi Im Alexey: raises $3 to $9
GOREZ-KKKK: calls $3
*** FLOP *** [Ks 6h 2s]
Hi Im Alexey: bets $3
GOREZ-KKKK: raises $3 to $6
Hi Im Alexey: raises $3 to $9
GOREZ-KKKK: calls $3
*** TURN *** [Ks 6h 2s] [5h]
Hi Im Alexey: bets $6
GOREZ-KKKK: calls $6
*** RIVER *** [Ks 6h 2s 5h] [3c]
Hi Im Alexey: bets $6
GOREZ-KKKK: folds
Uncalled bet ($6) returned to Hi Im Alexey
Hi Im Alexey collected $47.50 from pot
*** SUMMARY ***
Total pot $48 | Rake $0.50
Board [Ks 6h 2s 5h 3c]
Seat 2: Hi Im Alexey (big blind) collected ($47.50)
Seat 4: GOREZ-KKKK (button) (small blind) folded on the River


PokerStars Hand #154913554841:  Hold'em Limit ($3/$6 USD) - 2016/06/18 19:45:59 ET
Table 'Rhodesia' 6-max Seat #2 is the button
Seat 2: Hi Im Alexey ($114 in chips)
Seat 4: GOREZ-KKKK ($170.30 in chips)
Hi Im Alexey: posts small blind $1
GOREZ-KKKK: posts big blind $3
*** HOLE CARDS ***
Hi Im Alexey: folds
Uncalled bet ($2) returned to GOREZ-KKKK
GOREZ-KKKK collected $2 from pot
GOREZ-KKKK: doesn't show hand
*** SUMMARY ***
Total pot $2 | Rake $0
Seat 2: Hi Im Alexey (button) (small blind) folded before Flop
Seat 4: GOREZ-KKKK (big blind) collected ($2)


PokerStars Hand #154913552151:  Hold'em Limit ($3/$6 USD) - 2016/06/18 19:45:54 ET
Table 'Rhodesia' 6-max Seat #4 is the button
Seat 2: Hi Im Alexey ($113 in chips)
Seat 4: GOREZ-KKKK ($171.30 in chips)
GOREZ-KKKK: posts small blind $1
Hi Im Alexey: posts big blind $3
*** HOLE CARDS ***
GOREZ-KKKK: folds
Uncalled bet ($2) returned to Hi Im Alexey
Hi Im Alexey collected $2 from pot
*** SUMMARY ***
Total pot $2 | Rake $0
Seat 2: Hi Im Alexey (big blind) collected ($2)
Seat 4: GOREZ-KKKK (button) (small blind) folded before Flop


PokerStars Hand #154913568907:  Hold'em Limit ($3/$6 USD) - 2016/06/18 19:46:28 ET
Table 'Rhodesia' 6-max Seat #2 is the button
Seat 2: Hi Im Alexey ($104 in chips)
Seat 4: GOREZ-KKKK ($179.94 in chips)
Hi Im Alexey: posts small blind $1
GOREZ-KKKK: posts big blind $3
*** HOLE CARDS ***
Hi Im Alexey: raises $3 to $6
GOREZ-KKKK: raises $3 to $9
Hi Im Alexey: calls $3
*** FLOP *** [2d Td 9c]
GOREZ-KKKK: bets $3
Hi Im Alexey: calls $3
*** TURN *** [2d Td 9c] [Ad]
GOREZ-KKKK: bets $6
Hi Im Alexey: raises $6 to $12
GOREZ-KKKK: calls $6
*** RIVER *** [2d Td 9c Ad] [8c]
GOREZ-KKKK: checks
Hi Im Alexey: bets $6
GOREZ-KKKK: calls $6
*** SHOW DOWN ***
Hi Im Alexey: shows [3c Ac] (a pair of Aces)
GOREZ-KKKK: mucks hand
Hi Im Alexey collected $59.50 from pot
*** SUMMARY ***
Total pot $60 | Rake $0.50
Board [2d Td 9c Ad 8c]
Seat 2: Hi Im Alexey (button) (small blind) showed [3c Ac] and won ($59.50) with a pair of Aces
Seat 4: GOREZ-KKKK (big blind) mucked


PokerStars Hand #154913590689:  Hold'em Limit ($3/$6 USD) - 2016/06/18 19:47:12 ET
Table 'Rhodesia' 6-max Seat #2 is the button
Seat 2: Hi Im Alexey ($118.50 in chips)
Seat 4: GOREZ-KKKK ($164.44 in chips)
Hi Im Alexey: posts small blind $1
GOREZ-KKKK: posts big blind $3
*** HOLE CARDS ***
Hi Im Alexey: folds
Uncalled bet ($2) returned to GOREZ-KKKK
GOREZ-KKKK collected $2 from pot
GOREZ-KKKK: doesn't show hand
*** SUMMARY ***
Total pot $2 | Rake $0
Seat 2: Hi Im Alexey (button) (small blind) folded before Flop
Seat 4: GOREZ-KKKK (big blind) collected ($2)


PokerStars Hand #154913581535:  Hold'em Limit ($3/$6 USD) - 2016/06/18 19:46:53 ET
Table 'Rhodesia' 6-max Seat #4 is the button
Seat 2: Hi Im Alexey ($133.50 in chips)
Seat 4: GOREZ-KKKK ($149.94 in chips)
GOREZ-KKKK: posts small blind $1
Hi Im Alexey: posts big blind $3
*** HOLE CARDS ***
GOREZ-KKKK: raises $3 to $6
Hi Im Alexey: calls $3
*** FLOP *** [Js 2c 3d]
Hi Im Alexey: checks
GOREZ-KKKK: bets $3
Hi Im Alexey: calls $3
*** TURN *** [Js 2c 3d] [Qh]
Hi Im Alexey: checks
GOREZ-KKKK: bets $6
Hi Im Alexey: calls $6
*** RIVER *** [Js 2c 3d Qh] [6d]
Hi Im Alexey: checks
GOREZ-KKKK: checks
*** SHOW DOWN ***
Hi Im Alexey: shows [Kd 8s] (high card King)
GOREZ-KKKK: shows [Kh Tc] (high card King - Queen+Jack+Ten kicker)
GOREZ-KKKK collected $29.50 from pot
*** SUMMARY ***
Total pot $30 | Rake $0.50
Board [Js 2c 3d Qh 6d]
Seat 2: Hi Im Alexey (big blind) showed [Kd 8s] and lost with high card King
Seat 4: GOREZ-KKKK (button) (small blind) showed [Kh Tc] and won ($29.50) with high card King


PokerStars Hand #154913592811:  Hold'em Limit ($3/$6 USD) - 2016/06/18 19:47:16 ET
Table 'Rhodesia' 6-max Seat #4 is the button
Seat 2: Hi Im Alexey ($117.50 in chips)
Seat 4: GOREZ-KKKK ($165.44 in chips)
GOREZ-KKKK: posts small blind $1
Hi Im Alexey: posts big blind $3
*** HOLE CARDS ***
GOREZ-KKKK: raises $3 to $6
Hi Im Alexey: calls $3
*** FLOP *** [Jh Ts 9h]
Hi Im Alexey: checks
GOREZ-KKKK: bets $3
Hi Im Alexey: calls $3
*** TURN *** [Jh Ts 9h] [8c]
Hi Im Alexey: checks
GOREZ-KKKK: bets $6
Hi Im Alexey: calls $6
*** RIVER *** [Jh Ts 9h 8c] [Js]
Hi Im Alexey: checks
GOREZ-KKKK: bets $6
Hi Im Alexey: calls $6
*** SHOW DOWN ***
GOREZ-KKKK: shows [9s Qc] (a straight, Eight to Queen)
Hi Im Alexey: mucks hand
GOREZ-KKKK collected $41.50 from pot
*** SUMMARY ***
Total pot $42 | Rake $0.50
Board [Jh Ts 9h 8c Js]
Seat 2: Hi Im Alexey (big blind) mucked
Seat 4: GOREZ-KKKK (button) (small blind) showed [9s Qc] and won ($41.50) with a straight, Eight to Queen


PokerStars Hand #154913606254:  Hold'em Limit ($3/$6 USD) - 2016/06/18 19:47:44 ET
Table 'Rhodesia' 6-max Seat #2 is the button
Seat 2: Hi Im Alexey ($96.50 in chips)
Seat 4: GOREZ-KKKK ($185.94 in chips)
Hi Im Alexey: posts small blind $1
GOREZ-KKKK: posts big blind $3
*** HOLE CARDS ***
Hi Im Alexey: raises $3 to $6
GOREZ-KKKK: raises $3 to $9
Hi Im Alexey: calls $3
*** FLOP *** [Qd Kh Ts]
GOREZ-KKKK: bets $3
Hi Im Alexey: raises $3 to $6
GOREZ-KKKK: calls $3
*** TURN *** [Qd Kh Ts] [4s]
GOREZ-KKKK: bets $6
Hi Im Alexey: folds
Uncalled bet ($6) returned to GOREZ-KKKK
GOREZ-KKKK collected $29.50 from pot
GOREZ-KKKK: doesn't show hand
*** SUMMARY ***
Total pot $30 | Rake $0.50
Board [Qd Kh Ts 4s]
Seat 2: Hi Im Alexey (button) (small blind) folded on the Turn
Seat 4: GOREZ-KKKK (big blind) collected ($29.50)


PokerStars Hand #154913614984:  Hold'em Limit ($3/$6 USD) - 2016/06/18 19:48:01 ET
Table 'Rhodesia' 6-max Seat #4 is the button
Seat 2: Hi Im Alexey ($81.50 in chips)
Seat 4: GOREZ-KKKK ($200.44 in chips)
GOREZ-KKKK: posts small blind $1
Hi Im Alexey: posts big blind $3
*** HOLE CARDS ***
GOREZ-KKKK: folds
Uncalled bet ($2) returned to Hi Im Alexey
Hi Im Alexey collected $2 from pot
*** SUMMARY ***
Total pot $2 | Rake $0
Seat 2: Hi Im Alexey (big blind) collected ($2)
Seat 4: GOREZ-KKKK (button) (small blind) folded before Flop


PokerStars Hand #154913617938:  Hold'em Limit ($3/$6 USD) - 2016/06/18 19:48:07 ET
Table 'Rhodesia' 6-max Seat #2 is the button
Seat 2: Hi Im Alexey ($82.50 in chips)
Seat 4: GOREZ-KKKK ($199.44 in chips)
Hi Im Alexey: posts small blind $1
GOREZ-KKKK: posts big blind $3
*** HOLE CARDS ***
Hi Im Alexey: raises $3 to $6
GOREZ-KKKK: folds
Uncalled bet ($3) returned to Hi Im Alexey
Hi Im Alexey collected $6 from pot
*** SUMMARY ***
Total pot $6 | Rake $0
Seat 2: Hi Im Alexey (button) (small blind) collected ($6)
Seat 4: GOREZ-KKKK (big blind) folded before Flop


PokerStars Hand #154913623168:  Hold'em Limit ($3/$6 USD) - 2016/06/18 19:48:18 ET
Table 'Rhodesia' 6-max Seat #4 is the button
Seat 2: Hi Im Alexey ($85.50 in chips)
Seat 4: GOREZ-KKKK ($196.44 in chips)
GOREZ-KKKK: posts small blind $1
Hi Im Alexey: posts big blind $3
*** HOLE CARDS ***
GOREZ-KKKK: raises $3 to $6
Hi Im Alexey: raises $3 to $9
GOREZ-KKKK: calls $3
*** FLOP *** [2c 5s Js]
Hi Im Alexey: bets $3
GOREZ-KKKK: raises $3 to $6
Hi Im Alexey: calls $3
*** TURN *** [2c 5s Js] [9h]
Hi Im Alexey: checks
GOREZ-KKKK: bets $6
Hi Im Alexey: calls $6
*** RIVER *** [2c 5s Js 9h] [Kc]
Hi Im Alexey: checks
GOREZ-KKKK: bets $6
Hi Im Alexey: calls $6
*** SHOW DOWN ***
GOREZ-KKKK: shows [Jc Qs] (a pair of Jacks)
Hi Im Alexey: mucks hand
GOREZ-KKKK collected $53.50 from pot
*** SUMMARY ***
Total pot $54 | Rake $0.50
Board [2c 5s Js 9h Kc]
Seat 2: Hi Im Alexey (big blind) mucked
Seat 4: GOREZ-KKKK (button) (small blind) showed [Jc Qs] and won ($53.50) with a pair of Jacks


PokerStars Hand #154913634895:  Hold'em Limit ($3/$6 USD) - 2016/06/18 19:48:42 ET
Table 'Rhodesia' 6-max Seat #2 is the button
Seat 2: Hi Im Alexey ($72 in chips)
Seat 4: GOREZ-KKKK ($222.94 in chips)
Hi Im Alexey: posts small blind $1
GOREZ-KKKK: posts big blind $3
*** HOLE CARDS ***
Hi Im Alexey: raises $3 to $6
GOREZ-KKKK: raises $3 to $9
Hi Im Alexey: calls $3
*** FLOP *** [3d 7h 7s]
GOREZ-KKKK: bets $3
Hi Im Alexey: calls $3
*** TURN *** [3d 7h 7s] [Ks]
GOREZ-KKKK: bets $6
Hi Im Alexey: folds
Uncalled bet ($6) returned to GOREZ-KKKK
GOREZ-KKKK collected $23.52 from pot
GOREZ-KKKK: doesn't show hand
*** SUMMARY ***
Total pot $24 | Rake $0.48
Board [3d 7h 7s Ks]
Seat 2: Hi Im Alexey (button) (small blind) folded on the Turn
Seat 4: GOREZ-KKKK (big blind) collected ($23.52)


PokerStars Hand #154913642784:  Hold'em Limit ($3/$6 USD) - 2016/06/18 19:48:58 ET
Table 'Rhodesia' 6-max Seat #4 is the button
Seat 2: Hi Im Alexey ($72 in chips)
Seat 4: GOREZ-KKKK ($234.46 in chips)
GOREZ-KKKK: posts small blind $1
Hi Im Alexey: posts big blind $3
*** HOLE CARDS ***
GOREZ-KKKK: raises $3 to $6
Hi Im Alexey: raises $3 to $9
GOREZ-KKKK: calls $3
*** FLOP *** [Qh Kd 7h]
Hi Im Alexey: bets $3
GOREZ-KKKK: raises $3 to $6
Hi Im Alexey: calls $3
*** TURN *** [Qh Kd 7h] [8c]
Hi Im Alexey: checks
GOREZ-KKKK: bets $6
Hi Im Alexey: raises $6 to $12
GOREZ-KKKK: calls $6
*** RIVER *** [Qh Kd 7h 8c] [4s]
Hi Im Alexey: bets $6
GOREZ-KKKK: raises $6 to $12
Hi Im Alexey: calls $6
*** SHOW DOWN ***
GOREZ-KKKK: shows [7d Kh] (two pair, Kings and Sevens)
Hi Im Alexey: mucks hand
GOREZ-KKKK collected $77.50 from pot
*** SUMMARY ***
Total pot $78 | Rake $0.50
Board [Qh Kd 7h 8c 4s]
Seat 2: Hi Im Alexey (big blind) mucked
Seat 4: GOREZ-KKKK (button) (small blind) showed [7d Kh] and won ($77.50) with two pair, Kings and Sevens


PokerStars Hand #154913653380:  Hold'em Limit ($3/$6 USD) - 2016/06/18 19:49:20 ET
Table 'Rhodesia' 6-max Seat #2 is the button
Seat 2: Hi Im Alexey ($72 in chips)
Seat 4: GOREZ-KKKK ($272.96 in chips)
Hi Im Alexey: posts small blind $1
GOREZ-KKKK: posts big blind $3
*** HOLE CARDS ***
Hi Im Alexey: raises $3 to $6
GOREZ-KKKK: calls $3
*** FLOP *** [5s Th 7h]
GOREZ-KKKK: checks
Hi Im Alexey: bets $3
GOREZ-KKKK: calls $3
*** TURN *** [5s Th 7h] [5h]
GOREZ-KKKK: checks
Hi Im Alexey: checks
*** RIVER *** [5s Th 7h 5h] [Kc]
GOREZ-KKKK: checks
Hi Im Alexey: checks
*** SHOW DOWN ***
GOREZ-KKKK: shows [4c 2c] (a pair of Fives)
Hi Im Alexey: shows [3d Jd] (a pair of Fives - King+Jack kicker)
Hi Im Alexey collected $17.64 from pot
*** SUMMARY ***
Total pot $18 | Rake $0.36
Board [5s Th 7h 5h Kc]
Seat 2: Hi Im Alexey (button) (small blind) showed [3d Jd] and won ($17.64) with a pair of Fives
Seat 4: GOREZ-KKKK (big blind) showed [4c 2c] and lost with a pair of Fives


PokerStars Hand #154913665611:  Hold'em Limit ($3/$6 USD) - 2016/06/18 19:49:45 ET
Table 'Rhodesia' 6-max Seat #4 is the button
Seat 2: Hi Im Alexey ($80.64 in chips)
Seat 4: GOREZ-KKKK ($263.96 in chips)
GOREZ-KKKK: posts small blind $1
Hi Im Alexey: posts big blind $3
*** HOLE CARDS ***
GOREZ-KKKK: raises $3 to $6
Hi Im Alexey: calls $3
*** FLOP *** [Tc 4s Ks]
Hi Im Alexey: checks
GOREZ-KKKK: bets $3
Hi Im Alexey: calls $3
*** TURN *** [Tc 4s Ks] [7h]
Hi Im Alexey: checks
GOREZ-KKKK: checks
*** RIVER *** [Tc 4s Ks 7h] [9s]
Hi Im Alexey: bets $6
GOREZ-KKKK: folds
Uncalled bet ($6) returned to Hi Im Alexey
Hi Im Alexey collected $17.64 from pot
*** SUMMARY ***
Total pot $18 | Rake $0.36
Board [Tc 4s Ks 7h 9s]
Seat 2: Hi Im Alexey (big blind) collected ($17.64)
Seat 4: GOREZ-KKKK (button) (small blind) folded on the River


PokerStars Hand #154913679165:  Hold'em Limit ($3/$6 USD) - 2016/06/18 19:50:13 ET
Table 'Rhodesia' 6-max Seat #2 is the button
Seat 2: Hi Im Alexey ($89.28 in chips)
Seat 4: GOREZ-KKKK ($254.96 in chips)
Hi Im Alexey: posts small blind $1
GOREZ-KKKK: posts big blind $3
*** HOLE CARDS ***
Hi Im Alexey: raises $3 to $6
GOREZ-KKKK: raises $3 to $9
Hi Im Alexey: raises $3 to $12
Betting is capped
GOREZ-KKKK: calls $3
*** FLOP *** [Qh 8c 5s]
GOREZ-KKKK: checks
Hi Im Alexey: bets $3
GOREZ-KKKK: folds
Uncalled bet ($3) returned to Hi Im Alexey
Hi Im Alexey collected $23.52 from pot
*** SUMMARY ***
Total pot $24 | Rake $0.48
Board [Qh 8c 5s]
Seat 2: Hi Im Alexey (button) (small blind) collected ($23.52)
Seat 4: GOREZ-KKKK (big blind) folded on the Flop


PokerStars Hand #154913690015:  Hold'em Limit ($3/$6 USD) - 2016/06/18 19:50:35 ET
Table 'Rhodesia' 6-max Seat #4 is the button
Seat 2: Hi Im Alexey ($100.80 in chips)
Seat 4: GOREZ-KKKK ($242.96 in chips)
GOREZ-KKKK: posts small blind $1
Hi Im Alexey: posts big blind $3
*** HOLE CARDS ***
GOREZ-KKKK: raises $3 to $6
Hi Im Alexey: raises $3 to $9
GOREZ-KKKK: calls $3
*** FLOP *** [2c Jh 3c]
Hi Im Alexey: bets $3
GOREZ-KKKK: folds
Uncalled bet ($3) returned to Hi Im Alexey
Hi Im Alexey collected $17.64 from pot
*** SUMMARY ***
Total pot $18 | Rake $0.36
Board [2c Jh 3c]
Seat 2: Hi Im Alexey (big blind) collected ($17.64)
Seat 4: GOREZ-KKKK (button) (small blind) folded on the Flop


PokerStars Hand #154913704494:  Hold'em Limit ($3/$6 USD) - 2016/06/18 19:51:05 ET
Table 'Rhodesia' 6-max Seat #2 is the button
Seat 2: Hi Im Alexey ($113.44 in chips)
Seat 4: GOREZ-KKKK ($229.96 in chips)
Hi Im Alexey: posts small blind $1
GOREZ-KKKK: posts big blind $3
*** HOLE CARDS ***
Hi Im Alexey: raises $3 to $6
GOREZ-KKKK: folds
Uncalled bet ($3) returned to Hi Im Alexey
Hi Im Alexey collected $6 from pot
*** SUMMARY ***
Total pot $6 | Rake $0
Seat 2: Hi Im Alexey (button) (small blind) collected ($6)
Seat 4: GOREZ-KKKK (big blind) folded before Flop


PokerStars Hand #154913707704:  Hold'em Limit ($3/$6 USD) - 2016/06/18 19:51:11 ET
Table 'Rhodesia' 6-max Seat #4 is the button
Seat 2: Hi Im Alexey ($116.44 in chips)
Seat 4: GOREZ-KKKK ($226.96 in chips)
GOREZ-KKKK: posts small blind $1
Hi Im Alexey: posts big blind $3
*** HOLE CARDS ***
GOREZ-KKKK: folds
Uncalled bet ($2) returned to Hi Im Alexey
Hi Im Alexey collected $2 from pot
*** SUMMARY ***
Total pot $2 | Rake $0
Seat 2: Hi Im Alexey (big blind) collected ($2)
Seat 4: GOREZ-KKKK (button) (small blind) folded before Flop


PokerStars Hand #154913711145:  Hold'em Limit ($3/$6 USD) - 2016/06/18 19:51:18 ET
Table 'Rhodesia' 6-max Seat #2 is the button
Seat 2: Hi Im Alexey ($117.44 in chips)
Seat 4: GOREZ-KKKK ($225.96 in chips)
Hi Im Alexey: posts small blind $1
GOREZ-KKKK: posts big blind $3
*** HOLE CARDS ***
Hi Im Alexey: raises $3 to $6
GOREZ-KKKK: raises $3 to $9
Hi Im Alexey: calls $3
*** FLOP *** [Ah Kc Ad]
GOREZ-KKKK: checks
Hi Im Alexey: checks
*** TURN *** [Ah Kc Ad] [Kh]
GOREZ-KKKK: checks
Hi Im Alexey: checks
*** RIVER *** [Ah Kc Ad Kh] [Tc]
GOREZ-KKKK: bets $6
Hi Im Alexey: calls $6
*** SHOW DOWN ***
GOREZ-KKKK: shows [9d Td] (two pair, Aces and Kings)
Hi Im Alexey: shows [Jc 5s] (two pair, Aces and Kings - Jack kicker)
Hi Im Alexey collected $29.50 from pot
*** SUMMARY ***
Total pot $30 | Rake $0.50
Board [Ah Kc Ad Kh Tc]
Seat 2: Hi Im Alexey (button) (small blind) showed [Jc 5s] and won ($29.50) with two pair, Aces and Kings
Seat 4: GOREZ-KKKK (big blind) showed [9d Td] and lost with two pair, Aces and Kings


PokerStars Hand #154913701989:  Hold'em Limit ($3/$6 USD) - 2016/06/18 19:51:00 ET
Table 'Rhodesia' 6-max Seat #4 is the button
Seat 2: Hi Im Alexey ($112.44 in chips)
Seat 4: GOREZ-KKKK ($230.96 in chips)
GOREZ-KKKK: posts small blind $1
Hi Im Alexey: posts big blind $3
*** HOLE CARDS ***
GOREZ-KKKK: folds
Uncalled bet ($2) returned to Hi Im Alexey
Hi Im Alexey collected $2 from pot
*** SUMMARY ***
Total pot $2 | Rake $0
Seat 2: Hi Im Alexey (big blind) collected ($2)
Seat 4: GOREZ-KKKK (button) (small blind) folded before Flop


PokerStars Hand #154913698183:  Hold'em Limit ($3/$6 USD) - 2016/06/18 19:50:52 ET
Table 'Rhodesia' 6-max Seat #2 is the button
Seat 2: Hi Im Alexey ($109.44 in chips)
Seat 4: GOREZ-KKKK ($233.96 in chips)
Hi Im Alexey: posts small blind $1
GOREZ-KKKK: posts big blind $3
*** HOLE CARDS ***
Hi Im Alexey: raises $3 to $6
GOREZ-KKKK: folds
Uncalled bet ($3) returned to Hi Im Alexey
Hi Im Alexey collected $6 from pot
*** SUMMARY ***
Total pot $6 | Rake $0
Seat 2: Hi Im Alexey (button) (small blind) collected ($6)
Seat 4: GOREZ-KKKK (big blind) folded before Flop


PokerStars Hand #154913729628:  Hold'em Limit ($3/$6 USD) - 2016/06/18 19:51:57 ET
Table 'Rhodesia' 6-max Seat #4 is the button
Seat 2: Hi Im Alexey ($131.94 in chips)
Seat 4: GOREZ-KKKK ($210.96 in chips)
GOREZ-KKKK: posts small blind $1
Hi Im Alexey: posts big blind $3
*** HOLE CARDS ***
GOREZ-KKKK: raises $3 to $6
Hi Im Alexey: calls $3
*** FLOP *** [Ks 4s Jd]
Hi Im Alexey: checks
GOREZ-KKKK: bets $3
Hi Im Alexey: folds
Uncalled bet ($3) returned to GOREZ-KKKK
GOREZ-KKKK collected $11.76 from pot
GOREZ-KKKK: doesn't show hand
*** SUMMARY ***
Total pot $12 | Rake $0.24
Board [Ks 4s Jd]
Seat 2: Hi Im Alexey (big blind) folded on the Flop
Seat 4: GOREZ-KKKK (button) (small blind) collected ($11.76)


PokerStars Hand #154913740566:  Hold'em Limit ($3/$6 USD) - 2016/06/18 19:52:19 ET
Table 'Rhodesia' 6-max Seat #2 is the button
Seat 2: Hi Im Alexey ($125.94 in chips)
Seat 4: GOREZ-KKKK ($216.72 in chips)
Hi Im Alexey: posts small blind $1
GOREZ-KKKK: posts big blind $3
*** HOLE CARDS ***
Hi Im Alexey: raises $3 to $6
GOREZ-KKKK: folds
Uncalled bet ($3) returned to Hi Im Alexey
Hi Im Alexey collected $6 from pot
*** SUMMARY ***
Total pot $6 | Rake $0
Seat 2: Hi Im Alexey (button) (small blind) collected ($6)
Seat 4: GOREZ-KKKK (big blind) folded before Flop


PokerStars Hand #154913774278:  Hold'em Limit ($3/$6 USD) - 2016/06/18 19:53:29 ET
Table 'Rhodesia' 6-max Seat #2 is the button
Seat 2: Hi Im Alexey ($159.94 in chips)
Seat 4: GOREZ-KKKK ($181.72 in chips)
Hi Im Alexey: posts small blind $1
GOREZ-KKKK: posts big blind $3
*** HOLE CARDS ***
Hi Im Alexey: raises $3 to $6
GOREZ-KKKK: folds
Uncalled bet ($3) returned to Hi Im Alexey
Hi Im Alexey collected $6 from pot
*** SUMMARY ***
Total pot $6 | Rake $0
Seat 2: Hi Im Alexey (button) (small blind) collected ($6)
Seat 4: GOREZ-KKKK (big blind) folded before Flop


PokerStars Hand #154913761595:  Hold'em Limit ($3/$6 USD) - 2016/06/18 19:53:03 ET
Table 'Rhodesia' 6-max Seat #4 is the button
Seat 2: Hi Im Alexey ($145.44 in chips)
Seat 4: GOREZ-KKKK ($196.72 in chips)
GOREZ-KKKK: posts small blind $1
Hi Im Alexey: posts big blind $3
*** HOLE CARDS ***
GOREZ-KKKK: raises $3 to $6
Hi Im Alexey: calls $3
*** FLOP *** [Ah 4d Ts]
Hi Im Alexey: checks
GOREZ-KKKK: bets $3
Hi Im Alexey: calls $3
*** TURN *** [Ah 4d Ts] [8s]
Hi Im Alexey: checks
GOREZ-KKKK: bets $6
Hi Im Alexey: calls $6
*** RIVER *** [Ah 4d Ts 8s] [Td]
Hi Im Alexey: checks
GOREZ-KKKK: checks
*** SHOW DOWN ***
Hi Im Alexey: shows [Kc 3c] (a pair of Tens)
GOREZ-KKKK: mucks hand
Hi Im Alexey collected $29.50 from pot
*** SUMMARY ***
Total pot $30 | Rake $0.50
Board [Ah 4d Ts 8s Td]
Seat 2: Hi Im Alexey (big blind) showed [Kc 3c] and won ($29.50) with a pair of Tens
Seat 4: GOREZ-KKKK (button) (small blind) mucked


PokerStars Hand #154913783552:  Hold'em Limit ($3/$6 USD) - 2016/06/18 19:53:49 ET
Table 'Rhodesia' 6-max Seat #2 is the button
Seat 2: Hi Im Alexey ($171.58 in chips)
Seat 4: GOREZ-KKKK ($169.72 in chips)
Hi Im Alexey: posts small blind $1
GOREZ-KKKK: posts big blind $3
*** HOLE CARDS ***
Hi Im Alexey: folds
Uncalled bet ($2) returned to GOREZ-KKKK
GOREZ-KKKK collected $2 from pot
GOREZ-KKKK: doesn't show hand
*** SUMMARY ***
Total pot $2 | Rake $0
Seat 2: Hi Im Alexey (button) (small blind) folded before Flop
Seat 4: GOREZ-KKKK (big blind) collected ($2)


PokerStars Hand #154913777686:  Hold'em Limit ($3/$6 USD) - 2016/06/18 19:53:36 ET
Table 'Rhodesia' 6-max Seat #4 is the button
Seat 2: Hi Im Alexey ($162.94 in chips)
Seat 4: GOREZ-KKKK ($178.72 in chips)
GOREZ-KKKK: posts small blind $1
Hi Im Alexey: posts big blind $3
*** HOLE CARDS ***
GOREZ-KKKK: raises $3 to $6
Hi Im Alexey: raises $3 to $9
GOREZ-KKKK: calls $3
*** FLOP *** [5c 9d Ad]
Hi Im Alexey: bets $3
GOREZ-KKKK: folds
Uncalled bet ($3) returned to Hi Im Alexey
Hi Im Alexey collected $17.64 from pot
*** SUMMARY ***
Total pot $18 | Rake $0.36
Board [5c 9d Ad]
Seat 2: Hi Im Alexey (big blind) collected ($17.64)
Seat 4: GOREZ-KKKK (button) (small blind) folded on the Flop


PokerStars Hand #154913759166:  Hold'em Limit ($3/$6 USD) - 2016/06/18 19:52:58 ET
Table 'Rhodesia' 6-max Seat #2 is the button
Seat 2: Hi Im Alexey ($146.44 in chips)
Seat 4: GOREZ-KKKK ($195.72 in chips)
Hi Im Alexey: posts small blind $1
GOREZ-KKKK: posts big blind $3
*** HOLE CARDS ***
Hi Im Alexey: folds
Uncalled bet ($2) returned to GOREZ-KKKK
GOREZ-KKKK collected $2 from pot
GOREZ-KKKK: doesn't show hand
*** SUMMARY ***
Total pot $2 | Rake $0
Seat 2: Hi Im Alexey (button) (small blind) folded before Flop
Seat 4: GOREZ-KKKK (big blind) collected ($2)


PokerStars Hand #154913747867:  Hold'em Limit ($3/$6 USD) - 2016/06/18 19:52:34 ET
Table 'Rhodesia' 6-max Seat #4 is the button
Seat 2: Hi Im Alexey ($128.94 in chips)
Seat 4: GOREZ-KKKK ($213.72 in chips)
GOREZ-KKKK: posts small blind $1
Hi Im Alexey: posts big blind $3
*** HOLE CARDS ***
GOREZ-KKKK: raises $3 to $6
Hi Im Alexey: calls $3
*** FLOP *** [Tc 6s 3s]
Hi Im Alexey: checks
GOREZ-KKKK: bets $3
Hi Im Alexey: raises $3 to $6
GOREZ-KKKK: calls $3
*** TURN *** [Tc 6s 3s] [Qd]
Hi Im Alexey: bets $6
GOREZ-KKKK: calls $6
*** RIVER *** [Tc 6s 3s Qd] [3d]
Hi Im Alexey: bets $6
GOREZ-KKKK: folds
Uncalled bet ($6) returned to Hi Im Alexey
Hi Im Alexey collected $35.50 from pot
*** SUMMARY ***
Total pot $36 | Rake $0.50
Board [Tc 6s 3s Qd 3d]
Seat 2: Hi Im Alexey (big blind) collected ($35.50)
Seat 4: GOREZ-KKKK (button) (small blind) folded on the River


PokerStars Hand #154913793164:  Hold'em Limit ($3/$6 USD) - 2016/06/18 19:54:08 ET
Table 'Rhodesia' 6-max Seat #4 is the button
Seat 2: Hi Im Alexey ($170.58 in chips)
Seat 4: GOREZ-KKKK ($170.72 in chips)
GOREZ-KKKK: posts small blind $1
Hi Im Alexey: posts big blind $3
*** HOLE CARDS ***
GOREZ-KKKK: raises $3 to $6
Hi Im Alexey: folds
Uncalled bet ($3) returned to GOREZ-KKKK
GOREZ-KKKK collected $6 from pot
GOREZ-KKKK: doesn't show hand
*** SUMMARY ***
Total pot $6 | Rake $0
Seat 2: Hi Im Alexey (big blind) folded before Flop
Seat 4: GOREZ-KKKK (button) (small blind) collected ($6)


PokerStars Hand #154913790093:  Hold'em Limit ($3/$6 USD) - 2016/06/18 19:54:02 ET
Table 'Rhodesia' 6-max Seat #2 is the button
Seat 2: Hi Im Alexey ($167.58 in chips)
Seat 4: GOREZ-KKKK ($173.72 in chips)
Hi Im Alexey: posts small blind $1
GOREZ-KKKK: posts big blind $3
*** HOLE CARDS ***
Hi Im Alexey: raises $3 to $6
GOREZ-KKKK: folds
Uncalled bet ($3) returned to Hi Im Alexey
Hi Im Alexey collected $6 from pot
*** SUMMARY ***
Total pot $6 | Rake $0
Seat 2: Hi Im Alexey (button) (small blind) collected ($6)
Seat 4: GOREZ-KKKK (big blind) folded before Flop


PokerStars Hand #154913797087:  Hold'em Limit ($3/$6 USD) - 2016/06/18 19:54:17 ET
Table 'Rhodesia' 6-max Seat #2 is the button
Seat 2: Hi Im Alexey ($167.58 in chips)
Seat 4: GOREZ-KKKK ($173.72 in chips)
Hi Im Alexey: posts small blind $1
GOREZ-KKKK: posts big blind $3
*** HOLE CARDS ***
Hi Im Alexey: raises $3 to $6
GOREZ-KKKK: folds
Uncalled bet ($3) returned to Hi Im Alexey
Hi Im Alexey collected $6 from pot
*** SUMMARY ***
Total pot $6 | Rake $0
Seat 2: Hi Im Alexey (button) (small blind) collected ($6)
Seat 4: GOREZ-KKKK (big blind) folded before Flop


PokerStars Hand #154913786440:  Hold'em Limit ($3/$6 USD) - 2016/06/18 19:53:55 ET
Table 'Rhodesia' 6-max Seat #4 is the button
Seat 2: Hi Im Alexey ($170.58 in chips)
Seat 4: GOREZ-KKKK ($170.72 in chips)
GOREZ-KKKK: posts small blind $1
Hi Im Alexey: posts big blind $3
*** HOLE CARDS ***
GOREZ-KKKK: raises $3 to $6
Hi Im Alexey: folds
Uncalled bet ($3) returned to GOREZ-KKKK
GOREZ-KKKK collected $6 from pot
GOREZ-KKKK: doesn't show hand
*** SUMMARY ***
Total pot $6 | Rake $0
Seat 2: Hi Im Alexey (big blind) folded before Flop
Seat 4: GOREZ-KKKK (button) (small blind) collected ($6)


PokerStars Hand #154913801088:  Hold'em Limit ($3/$6 USD) - 2016/06/18 19:54:25 ET
Table 'Rhodesia' 6-max Seat #4 is the button
Seat 2: Hi Im Alexey ($170.58 in chips)
Seat 4: GOREZ-KKKK ($170.72 in chips)
GOREZ-KKKK: posts small blind $1
Hi Im Alexey: posts big blind $3
*** HOLE CARDS ***
GOREZ-KKKK: raises $3 to $6
Hi Im Alexey: calls $3
*** FLOP *** [5d As 4c]
Hi Im Alexey: checks
GOREZ-KKKK: bets $3
Hi Im Alexey: raises $3 to $6
GOREZ-KKKK: folds
Uncalled bet ($3) returned to Hi Im Alexey
Hi Im Alexey collected $17.64 from pot
*** SUMMARY ***
Total pot $18 | Rake $0.36
Board [5d As 4c]
Seat 2: Hi Im Alexey (big blind) collected ($17.64)
Seat 4: GOREZ-KKKK (button) (small blind) folded on the Flop


PokerStars Hand #154913822245:  Hold'em Limit ($3/$6 USD) - 2016/06/18 19:55:09 ET
Table 'Rhodesia' 6-max Seat #4 is the button
Seat 2: Hi Im Alexey ($155.22 in chips)
Seat 4: GOREZ-KKKK ($185.22 in chips)
GOREZ-KKKK: posts small blind $1
Hi Im Alexey: posts big blind $3
*** HOLE CARDS ***
GOREZ-KKKK: folds
Uncalled bet ($2) returned to Hi Im Alexey
Hi Im Alexey collected $2 from pot
*** SUMMARY ***
Total pot $2 | Rake $0
Seat 2: Hi Im Alexey (big blind) collected ($2)
Seat 4: GOREZ-KKKK (button) (small blind) folded before Flop


PokerStars Hand #154913828222:  Hold'em Limit ($3/$6 USD) - 2016/06/18 19:55:23 ET
Table 'Rhodesia' 6-max Seat #2 is the button
Seat 2: Hi Im Alexey ($156.22 in chips)
Seat 4: GOREZ-KKKK ($184.22 in chips)
Hi Im Alexey: posts small blind $1
GOREZ-KKKK: posts big blind $3
*** HOLE CARDS ***
Hi Im Alexey: folds
Uncalled bet ($2) returned to GOREZ-KKKK
GOREZ-KKKK collected $2 from pot
GOREZ-KKKK: doesn't show hand
*** SUMMARY ***
Total pot $2 | Rake $0
Seat 2: Hi Im Alexey (button) (small blind) folded before Flop
Seat 4: GOREZ-KKKK (big blind) collected ($2)


PokerStars Hand #154913833892:  Hold'em Limit ($3/$6 USD) - 2016/06/18 19:55:38 ET
Table 'Rhodesia' 6-max Seat #4 is the button
Seat 2: Hi Im Alexey ($155.22 in chips)
Seat 4: GOREZ-KKKK ($185.22 in chips)
GOREZ-KKKK: posts small blind $1
Hi Im Alexey: posts big blind $3
*** HOLE CARDS ***
GOREZ-KKKK: raises $3 to $6
Hi Im Alexey: raises $3 to $9
GOREZ-KKKK: calls $3
*** FLOP *** [6h Jd Ts]
Hi Im Alexey: bets $3
GOREZ-KKKK: folds
Uncalled bet ($3) returned to Hi Im Alexey
Hi Im Alexey collected $17.64 from pot
*** SUMMARY ***
Total pot $18 | Rake $0.36
Board [6h Jd Ts]
Seat 2: Hi Im Alexey (big blind) collected ($17.64)
Seat 4: GOREZ-KKKK (button) (small blind) folded on the Flop


PokerStars Hand #154913807941:  Hold'em Limit ($3/$6 USD) - 2016/06/18 19:54:39 ET
Table 'Rhodesia' 6-max Seat #2 is the button
Seat 2: Hi Im Alexey ($179.22 in chips)
Seat 4: GOREZ-KKKK ($161.72 in chips)
Hi Im Alexey: posts small blind $1
GOREZ-KKKK: posts big blind $3
*** HOLE CARDS ***
Hi Im Alexey: raises $3 to $6
GOREZ-KKKK: raises $3 to $9
Hi Im Alexey: calls $3
*** FLOP *** [Jc Qh 6c]
GOREZ-KKKK: bets $3
Hi Im Alexey: calls $3
*** TURN *** [Jc Qh 6c] [Th]
GOREZ-KKKK: bets $6
Hi Im Alexey: calls $6
*** RIVER *** [Jc Qh 6c Th] [4d]
GOREZ-KKKK: bets $6
Hi Im Alexey: calls $6
*** SHOW DOWN ***
GOREZ-KKKK: shows [Ac Qs] (a pair of Queens)
Hi Im Alexey: mucks hand
GOREZ-KKKK collected $47.50 from pot
*** SUMMARY ***
Total pot $48 | Rake $0.50
Board [Jc Qh 6c Th 4d]
Seat 2: Hi Im Alexey (button) (small blind) mucked
Seat 4: GOREZ-KKKK (big blind) showed [Ac Qs] and won ($47.50) with a pair of Queens


PokerStars Hand #154913863971:  Hold'em Limit ($3/$6 USD) - 2016/06/18 19:56:49 ET
Table 'Rhodesia' 6-max Seat #2 is the button
Seat 2: Hi Im Alexey ($166.62 in chips)
Seat 4: GOREZ-KKKK ($173.22 in chips)
Hi Im Alexey: posts small blind $1
GOREZ-KKKK: posts big blind $3
*** HOLE CARDS ***
Hi Im Alexey: raises $3 to $6
GOREZ-KKKK: folds
Uncalled bet ($3) returned to Hi Im Alexey
Hi Im Alexey collected $6 from pot
*** SUMMARY ***
Total pot $6 | Rake $0
Seat 2: Hi Im Alexey (button) (small blind) collected ($6)
Seat 4: GOREZ-KKKK (big blind) folded before Flop


PokerStars Hand #154913860729:  Hold'em Limit ($3/$6 USD) - 2016/06/18 19:56:41 ET
Table 'Rhodesia' 6-max Seat #4 is the button
Seat 2: Hi Im Alexey ($169.62 in chips)
Seat 4: GOREZ-KKKK ($170.22 in chips)
GOREZ-KKKK: posts small blind $1
Hi Im Alexey: posts big blind $3
*** HOLE CARDS ***
GOREZ-KKKK: raises $3 to $6
Hi Im Alexey: folds
Uncalled bet ($3) returned to GOREZ-KKKK
GOREZ-KKKK collected $6 from pot
GOREZ-KKKK: doesn't show hand
*** SUMMARY ***
Total pot $6 | Rake $0
Seat 2: Hi Im Alexey (big blind) folded before Flop
Seat 4: GOREZ-KKKK (button) (small blind) collected ($6)


PokerStars Hand #154913857342:  Hold'em Limit ($3/$6 USD) - 2016/06/18 19:56:33 ET
Table 'Rhodesia' 6-max Seat #2 is the button
Seat 2: Hi Im Alexey ($170.62 in chips)
Seat 4: GOREZ-KKKK ($169.22 in chips)
Hi Im Alexey: posts small blind $1
GOREZ-KKKK: posts big blind $3
*** HOLE CARDS ***
Hi Im Alexey: folds
Uncalled bet ($2) returned to GOREZ-KKKK
GOREZ-KKKK collected $2 from pot
GOREZ-KKKK: doesn't show hand
*** SUMMARY ***
Total pot $2 | Rake $0
Seat 2: Hi Im Alexey (button) (small blind) folded before Flop
Seat 4: GOREZ-KKKK (big blind) collected ($2)


PokerStars Hand #154913855360:  Hold'em Limit ($3/$6 USD) - 2016/06/18 19:56:28 ET
Table 'Rhodesia' 6-max Seat #4 is the button
Seat 2: Hi Im Alexey ($169.62 in chips)
Seat 4: GOREZ-KKKK ($170.22 in chips)
GOREZ-KKKK: posts small blind $1
Hi Im Alexey: posts big blind $3
*** HOLE CARDS ***
GOREZ-KKKK: folds
Uncalled bet ($2) returned to Hi Im Alexey
Hi Im Alexey collected $2 from pot
*** SUMMARY ***
Total pot $2 | Rake $0
Seat 2: Hi Im Alexey (big blind) collected ($2)
Seat 4: GOREZ-KKKK (button) (small blind) folded before Flop


PokerStars Hand #154913852156:  Hold'em Limit ($3/$6 USD) - 2016/06/18 19:56:21 ET
Table 'Rhodesia' 6-max Seat #2 is the button
Seat 2: Hi Im Alexey ($166.62 in chips)
Seat 4: GOREZ-KKKK ($173.22 in chips)
Hi Im Alexey: posts small blind $1
GOREZ-KKKK: posts big blind $3
*** HOLE CARDS ***
Hi Im Alexey: raises $3 to $6
GOREZ-KKKK: folds
Uncalled bet ($3) returned to Hi Im Alexey
Hi Im Alexey collected $6 from pot
*** SUMMARY ***
Total pot $6 | Rake $0
Seat 2: Hi Im Alexey (button) (small blind) collected ($6)
Seat 4: GOREZ-KKKK (big blind) folded before Flop


PokerStars Hand #154913848944:  Hold'em Limit ($3/$6 USD) - 2016/06/18 19:56:13 ET
Table 'Rhodesia' 6-max Seat #4 is the button
Seat 2: Hi Im Alexey ($169.62 in chips)
Seat 4: GOREZ-KKKK ($170.22 in chips)
GOREZ-KKKK: posts small blind $1
Hi Im Alexey: posts big blind $3
*** HOLE CARDS ***
GOREZ-KKKK: raises $3 to $6
Hi Im Alexey: folds
Uncalled bet ($3) returned to GOREZ-KKKK
GOREZ-KKKK collected $6 from pot
GOREZ-KKKK: doesn't show hand
*** SUMMARY ***
Total pot $6 | Rake $0
Seat 2: Hi Im Alexey (big blind) folded before Flop
Seat 4: GOREZ-KKKK (button) (small blind) collected ($6)


PokerStars Hand #154913840696:  Hold'em Limit ($3/$6 USD) - 2016/06/18 19:55:53 ET
Table 'Rhodesia' 6-max Seat #2 is the button
Seat 2: Hi Im Alexey ($163.86 in chips)
Seat 4: GOREZ-KKKK ($176.22 in chips)
Hi Im Alexey: posts small blind $1
GOREZ-KKKK: posts big blind $3
*** HOLE CARDS ***
Hi Im Alexey: raises $3 to $6
GOREZ-KKKK: calls $3
*** FLOP *** [6h 9s Js]
GOREZ-KKKK: checks
Hi Im Alexey: bets $3
GOREZ-KKKK: folds
Uncalled bet ($3) returned to Hi Im Alexey
Hi Im Alexey collected $11.76 from pot
*** SUMMARY ***
Total pot $12 | Rake $0.24
Board [6h 9s Js]
Seat 2: Hi Im Alexey (button) (small blind) collected ($11.76)
Seat 4: GOREZ-KKKK (big blind) folded on the Flop


PokerStars Hand #154913882926:  Hold'em Limit ($3/$6 USD) - 2016/06/18 19:57:35 ET
Table 'Rhodesia' 6-max Seat #2 is the button
Seat 2: Hi Im Alexey ($196.12 in chips)
Seat 4: GOREZ-KKKK ($143.22 in chips)
Hi Im Alexey: posts small blind $1
GOREZ-KKKK: posts big blind $3
*** HOLE CARDS ***
Hi Im Alexey: raises $3 to $6
GOREZ-KKKK: folds
Uncalled bet ($3) returned to Hi Im Alexey
Hi Im Alexey collected $6 from pot
*** SUMMARY ***
Total pot $6 | Rake $0
Seat 2: Hi Im Alexey (button) (small blind) collected ($6)
Seat 4: GOREZ-KKKK (big blind) folded before Flop


PokerStars Hand #154913866805:  Hold'em Limit ($3/$6 USD) - 2016/06/18 19:56:56 ET
Table 'Rhodesia' 6-max Seat #4 is the button
Seat 2: Hi Im Alexey ($169.62 in chips)
Seat 4: GOREZ-KKKK ($170.22 in chips)
GOREZ-KKKK: posts small blind $1
Hi Im Alexey: posts big blind $3
*** HOLE CARDS ***
GOREZ-KKKK: raises $3 to $6
Hi Im Alexey: calls $3
*** FLOP *** [Ks 3d Kd]
Hi Im Alexey: checks
GOREZ-KKKK: bets $3
Hi Im Alexey: calls $3
*** TURN *** [Ks 3d Kd] [8h]
Hi Im Alexey: checks
GOREZ-KKKK: bets $6
Hi Im Alexey: raises $6 to $12
GOREZ-KKKK: calls $6
*** RIVER *** [Ks 3d Kd 8h] [2h]
Hi Im Alexey: bets $6
GOREZ-KKKK: calls $6
*** SHOW DOWN ***
Hi Im Alexey: shows [8d 9s] (two pair, Kings and Eights)
GOREZ-KKKK: mucks hand
Hi Im Alexey collected $53.50 from pot
*** SUMMARY ***
Total pot $54 | Rake $0.50
Board [Ks 3d Kd 8h 2h]
Seat 2: Hi Im Alexey (big blind) showed [8d 9s] and won ($53.50) with two pair, Kings and Eights
Seat 4: GOREZ-KKKK (button) (small blind) mucked


PokerStars Hand #154913907249:  Hold'em Limit ($3/$6 USD) - 2016/06/18 19:58:35 ET
Table 'Rhodesia' 6-max Seat #4 is the button
Seat 2: Hi Im Alexey ($189.12 in chips)
Seat 4: GOREZ-KKKK ($149.86 in chips)
GOREZ-KKKK: posts small blind $1
Hi Im Alexey: posts big blind $3
*** HOLE CARDS ***
GOREZ-KKKK: folds
Uncalled bet ($2) returned to Hi Im Alexey
Hi Im Alexey collected $2 from pot
*** SUMMARY ***
Total pot $2 | Rake $0
Seat 2: Hi Im Alexey (big blind) collected ($2)
Seat 4: GOREZ-KKKK (button) (small blind) folded before Flop


PokerStars Hand #154913905129:  Hold'em Limit ($3/$6 USD) - 2016/06/18 19:58:29 ET
Table 'Rhodesia' 6-max Seat #2 is the button
Seat 2: Hi Im Alexey ($190.12 in chips)
Seat 4: GOREZ-KKKK ($148.86 in chips)
Hi Im Alexey: posts small blind $1
GOREZ-KKKK: posts big blind $3
*** HOLE CARDS ***
Hi Im Alexey: folds
Uncalled bet ($2) returned to GOREZ-KKKK
GOREZ-KKKK collected $2 from pot
GOREZ-KKKK: doesn't show hand
*** SUMMARY ***
Total pot $2 | Rake $0
Seat 2: Hi Im Alexey (button) (small blind) folded before Flop
Seat 4: GOREZ-KKKK (big blind) collected ($2)


PokerStars Hand #154913902654:  Hold'em Limit ($3/$6 USD) - 2016/06/18 19:58:23 ET
Table 'Rhodesia' 6-max Seat #4 is the button
Seat 2: Hi Im Alexey ($193.12 in chips)
Seat 4: GOREZ-KKKK ($145.86 in chips)
GOREZ-KKKK: posts small blind $1
Hi Im Alexey: posts big blind $3
*** HOLE CARDS ***
GOREZ-KKKK: raises $3 to $6
Hi Im Alexey: folds
Uncalled bet ($3) returned to GOREZ-KKKK
GOREZ-KKKK collected $6 from pot
GOREZ-KKKK: doesn't show hand
*** SUMMARY ***
Total pot $6 | Rake $0
Seat 2: Hi Im Alexey (big blind) folded before Flop
Seat 4: GOREZ-KKKK (button) (small blind) collected ($6)


PokerStars Hand #154913896115:  Hold'em Limit ($3/$6 USD) - 2016/06/18 19:58:07 ET
Table 'Rhodesia' 6-max Seat #2 is the button
Seat 2: Hi Im Alexey ($190.12 in chips)
Seat 4: GOREZ-KKKK ($148.86 in chips)
Hi Im Alexey: posts small blind $1
GOREZ-KKKK: posts big blind $3
*** HOLE CARDS ***
Hi Im Alexey: raises $3 to $6
GOREZ-KKKK: folds
Uncalled bet ($3) returned to Hi Im Alexey
Hi Im Alexey collected $6 from pot
*** SUMMARY ***
Total pot $6 | Rake $0
Seat 2: Hi Im Alexey (button) (small blind) collected ($6)
Seat 4: GOREZ-KKKK (big blind) folded before Flop


PokerStars Hand #154913886457:  Hold'em Limit ($3/$6 USD) - 2016/06/18 19:57:44 ET
Table 'Rhodesia' 6-max Seat #4 is the button
Seat 2: Hi Im Alexey ($199.12 in chips)
Seat 4: GOREZ-KKKK ($140.22 in chips)
GOREZ-KKKK: posts small blind $1
Hi Im Alexey: posts big blind $3
*** HOLE CARDS ***
GOREZ-KKKK: raises $3 to $6
Hi Im Alexey: calls $3
*** FLOP *** [2s Qd 4c]
Hi Im Alexey: checks
GOREZ-KKKK: bets $3
Hi Im Alexey: calls $3
*** TURN *** [2s Qd 4c] [6c]
Hi Im Alexey: checks
GOREZ-KKKK: bets $6
Hi Im Alexey: folds
Uncalled bet ($6) returned to GOREZ-KKKK
GOREZ-KKKK collected $17.64 from pot
GOREZ-KKKK: doesn't show hand
*** SUMMARY ***
Total pot $18 | Rake $0.36
Board [2s Qd 4c 6c]
Seat 2: Hi Im Alexey (big blind) folded on the Turn
Seat 4: GOREZ-KKKK (button) (small blind) collected ($17.64)


PokerStars Hand #154913909490:  Hold'em Limit ($3/$6 USD) - 2016/06/18 19:58:40 ET
Table 'Rhodesia' 6-max Seat #2 is the button
Seat 2: Hi Im Alexey ($190.12 in chips)
Seat 4: GOREZ-KKKK ($148.86 in chips)
Hi Im Alexey: posts small blind $1
GOREZ-KKKK: posts big blind $3
*** HOLE CARDS ***
Hi Im Alexey: raises $3 to $6
GOREZ-KKKK: folds
Uncalled bet ($3) returned to Hi Im Alexey
GOREZ-KKKK leaves the table
Hi Im Alexey collected $6 from pot
*** SUMMARY ***
Total pot $6 | Rake $0
Seat 2: Hi Im Alexey (button) (small blind) collected ($6)
Seat 4: GOREZ-KKKK (big blind) folded before Flop


