PokerStars Hand #146078151477:  Hold'em Limit ($3/$6 USD) - 2015/12/28 16:11:32 ET
Table 'Ricarda' 6-max Seat #1 is the button
Seat 1: craaa ($143.50 in chips)
Seat 6: conkris ($96 in chips)
craaa: posts small blind $1
conkris: posts big blind $3
*** HOLE CARDS ***
GoliafUa leaves the table
craaa: raises $3 to $6
conkris: raises $3 to $9
craaa: calls $3
*** FLOP *** [9h 8c 2s]
conkris: bets $3
craaa: calls $3
*** TURN *** [9h 8c 2s] [8d]
conkris: bets $6
craaa: calls $6
*** RIVER *** [9h 8c 2s 8d] [Kh]
conkris: bets $6
craaa: calls $6
*** SHOW DOWN ***
conkris: shows [9s Ac] (two pair, Nines and Eights)
craaa: mucks hand
conkris collected $47.50 from pot
*** SUMMARY ***
Total pot $48 | Rake $0.50
Board [9h 8c 2s 8d Kh]
Seat 1: craaa (button) (small blind) mucked
Seat 6: conkris (big blind) showed [9s Ac] and won ($47.50) with two pair, Nines and Eights


PokerStars Hand #146078227990:  Hold'em Limit ($3/$6 USD) - 2015/12/28 16:12:48 ET
Table 'Ricarda' 6-max Seat #6 is the button
Seat 1: craaa ($95.26 in chips)
Seat 6: conkris ($143 in chips)
conkris: posts small blind $1
craaa: posts big blind $3
*** HOLE CARDS ***
conkris: calls $2
craaa: checks
*** FLOP *** [8h As Kd]
craaa: checks
conkris: checks
*** TURN *** [8h As Kd] [5c]
craaa: bets $6
conkris: folds
Uncalled bet ($6) returned to craaa
craaa collected $5.88 from pot
craaa: doesn't show hand
*** SUMMARY ***
Total pot $6 | Rake $0.12
Board [8h As Kd 5c]
Seat 1: craaa (big blind) collected ($5.88)
Seat 6: conkris (button) (small blind) folded on the Turn


PokerStars Hand #146078216244:  Hold'em Limit ($3/$6 USD) - 2015/12/28 16:12:36 ET
Table 'Ricarda' 6-max Seat #1 is the button
Seat 1: craaa ($89.50 in chips)
Seat 6: conkris ($149 in chips)
craaa: posts small blind $1
conkris: posts big blind $3
*** HOLE CARDS ***
craaa: raises $3 to $6
conkris: calls $3
*** FLOP *** [Qd 8h 8c]
conkris: checks
craaa: bets $3
conkris: folds
Uncalled bet ($3) returned to craaa
craaa collected $11.76 from pot
craaa: doesn't show hand
*** SUMMARY ***
Total pot $12 | Rake $0.24
Board [Qd 8h 8c]
Seat 1: craaa (button) (small blind) collected ($11.76)
Seat 6: conkris (big blind) folded on the Flop


PokerStars Hand #146078171252:  Hold'em Limit ($3/$6 USD) - 2015/12/28 16:11:52 ET
Table 'Ricarda' 6-max Seat #6 is the button
Seat 1: craaa ($119.50 in chips)
Seat 6: conkris ($119.50 in chips)
conkris: posts small blind $1
craaa: posts big blind $3
*** HOLE CARDS ***
conkris: raises $3 to $6
craaa: calls $3
*** FLOP *** [2s Ts 7d]
craaa: checks
conkris: bets $3
craaa: raises $3 to $6
conkris: calls $3
*** TURN *** [2s Ts 7d] [Jc]
craaa: bets $6
conkris: raises $6 to $12
craaa: calls $6
*** RIVER *** [2s Ts 7d Jc] [3s]
craaa: checks
conkris: bets $6
craaa: calls $6
*** SHOW DOWN ***
conkris: shows [Js Ks] (a flush, King high)
craaa: mucks hand
conkris collected $59.50 from pot
*** SUMMARY ***
Total pot $60 | Rake $0.50
Board [2s Ts 7d Jc 3s]
Seat 1: craaa (big blind) mucked
Seat 6: conkris (button) (small blind) showed [Js Ks] and won ($59.50) with a flush, King high


PokerStars Hand #146078270595:  Hold'em Limit ($3/$6 USD) - 2015/12/28 16:13:30 ET
Table 'Ricarda' 6-max Seat #6 is the button
Seat 1: craaa ($103.90 in chips)
Seat 6: conkris ($134 in chips)
conkris: posts small blind $1
craaa: posts big blind $3
*** HOLE CARDS ***
conkris: raises $3 to $6
craaa: raises $3 to $9
conkris: calls $3
*** FLOP *** [3s Qd Jc]
craaa: bets $3
conkris: calls $3
*** TURN *** [3s Qd Jc] [As]
craaa: bets $6
conkris: calls $6
*** RIVER *** [3s Qd Jc As] [7d]
craaa: checks
conkris: checks
*** SHOW DOWN ***
craaa: shows [8c 9c] (high card Ace)
conkris: shows [Jd Ts] (a pair of Jacks)
conkris collected $35.50 from pot
*** SUMMARY ***
Total pot $36 | Rake $0.50
Board [3s Qd Jc As 7d]
Seat 1: craaa (big blind) showed [8c 9c] and lost with high card Ace
Seat 6: conkris (button) (small blind) showed [Jd Ts] and won ($35.50) with a pair of Jacks


PokerStars Hand #146078254387:  Hold'em Limit ($3/$6 USD) - 2015/12/28 16:13:14 ET
Table 'Ricarda' 6-max Seat #1 is the button
Seat 1: craaa ($98.14 in chips)
Seat 6: conkris ($140 in chips)
craaa: posts small blind $1
conkris: posts big blind $3
*** HOLE CARDS ***
craaa: raises $3 to $6
conkris: calls $3
*** FLOP *** [Ah 6s Tc]
conkris: checks
craaa: bets $3
conkris: folds
Uncalled bet ($3) returned to craaa
craaa collected $11.76 from pot
craaa: doesn't show hand
*** SUMMARY ***
Total pot $12 | Rake $0.24
Board [Ah 6s Tc]
Seat 1: craaa (button) (small blind) collected ($11.76)
Seat 6: conkris (big blind) folded on the Flop


PokerStars Hand #146078357376:  Hold'em Limit ($3/$6 USD) - 2015/12/28 16:14:55 ET
Table 'Ricarda' 6-max Seat #6 is the button
Seat 1: craaa ($109.16 in chips)
Seat 6: conkris ($127.50 in chips)
conkris: posts small blind $1
craaa: posts big blind $3
*** HOLE CARDS ***
conkris: calls $2
craaa: raises $3 to $6
conkris: calls $3
*** FLOP *** [2c 2h Qh]
craaa: bets $3
conkris: folds
Uncalled bet ($3) returned to craaa
craaa collected $11.76 from pot
craaa: doesn't show hand
*** SUMMARY ***
Total pot $12 | Rake $0.24
Board [2c 2h Qh]
Seat 1: craaa (big blind) collected ($11.76)
Seat 6: conkris (button) (small blind) folded on the Flop


PokerStars Hand #146078336792:  Hold'em Limit ($3/$6 USD) - 2015/12/28 16:14:35 ET
Table 'Ricarda' 6-max Seat #1 is the button
Seat 1: craaa ($103.40 in chips)
Seat 6: conkris ($133.50 in chips)
craaa: posts small blind $1
conkris: posts big blind $3
*** HOLE CARDS ***
craaa: raises $3 to $6
conkris: calls $3
*** FLOP *** [Jh Th 2h]
conkris: checks
craaa: bets $3
conkris: folds
Uncalled bet ($3) returned to craaa
craaa collected $11.76 from pot
craaa: doesn't show hand
*** SUMMARY ***
Total pot $12 | Rake $0.24
Board [Jh Th 2h]
Seat 1: craaa (button) (small blind) collected ($11.76)
Seat 6: conkris (big blind) folded on the Flop


PokerStars Hand #146078326222:  Hold'em Limit ($3/$6 USD) - 2015/12/28 16:14:25 ET
Table 'Ricarda' 6-max Seat #6 is the button
Seat 1: craaa ($106.40 in chips)
Seat 6: conkris ($130.50 in chips)
conkris: posts small blind $1
craaa: posts big blind $3
*** HOLE CARDS ***
conkris: raises $3 to $6
craaa: folds
Uncalled bet ($3) returned to conkris
conkris collected $6 from pot
conkris: doesn't show hand
*** SUMMARY ***
Total pot $6 | Rake $0
Seat 1: craaa (big blind) folded before Flop
Seat 6: conkris (button) (small blind) collected ($6)


PokerStars Hand #146078300608:  Hold'em Limit ($3/$6 USD) - 2015/12/28 16:14:00 ET
Table 'Ricarda' 6-max Seat #1 is the button
Seat 1: craaa ($85.90 in chips)
Seat 6: conkris ($151.50 in chips)
craaa: posts small blind $1
conkris: posts big blind $3
*** HOLE CARDS ***
craaa: raises $3 to $6
conkris: calls $3
*** FLOP *** [Kd Ac 3c]
conkris: checks
craaa: bets $3
conkris: calls $3
*** TURN *** [Kd Ac 3c] [4s]
conkris: checks
craaa: bets $6
conkris: calls $6
*** RIVER *** [Kd Ac 3c 4s] [Qh]
conkris: checks
craaa: bets $6
conkris: calls $6
*** SHOW DOWN ***
craaa: shows [Ad 3d] (two pair, Aces and Threes)
conkris: mucks hand
craaa collected $41.50 from pot
*** SUMMARY ***
Total pot $42 | Rake $0.50
Board [Kd Ac 3c 4s Qh]
Seat 1: craaa (button) (small blind) showed [Ad 3d] and won ($41.50) with two pair, Aces and Threes
Seat 6: conkris (big blind) mucked


PokerStars Hand #146078423989:  Hold'em Limit ($3/$6 USD) - 2015/12/28 16:16:01 ET
Table 'Ricarda' 6-max Seat #6 is the button
Seat 1: craaa ($97.92 in chips)
Seat 6: conkris ($138 in chips)
conkris: posts small blind $1
craaa: posts big blind $3
*** HOLE CARDS ***
conkris: raises $3 to $6
craaa: folds
Uncalled bet ($3) returned to conkris
conkris collected $6 from pot
conkris: doesn't show hand
*** SUMMARY ***
Total pot $6 | Rake $0
Seat 1: craaa (big blind) folded before Flop
Seat 6: conkris (button) (small blind) collected ($6)


PokerStars Hand #146078394385:  Hold'em Limit ($3/$6 USD) - 2015/12/28 16:15:32 ET
Table 'Ricarda' 6-max Seat #1 is the button
Seat 1: craaa ($118.92 in chips)
Seat 6: conkris ($117.50 in chips)
craaa: posts small blind $1
conkris: posts big blind $3
*** HOLE CARDS ***
craaa: raises $3 to $6
conkris: calls $3
*** FLOP *** [2c 9c Ad]
conkris: checks
craaa: bets $3
conkris: calls $3
*** TURN *** [2c 9c Ad] [Kc]
conkris: checks
craaa: bets $6
conkris: calls $6
*** RIVER *** [2c 9c Ad Kc] [Qc]
conkris: bets $6
craaa: calls $6
*** SHOW DOWN ***
conkris: shows [Ac 3d] (a flush, Ace high)
craaa: mucks hand
conkris collected $41.50 from pot
*** SUMMARY ***
Total pot $42 | Rake $0.50
Board [2c 9c Ad Kc Qc]
Seat 1: craaa (button) (small blind) mucked
Seat 6: conkris (big blind) showed [Ac 3d] and won ($41.50) with a flush, Ace high


PokerStars Hand #146078389535:  Hold'em Limit ($3/$6 USD) - 2015/12/28 16:15:27 ET
Table 'Ricarda' 6-max Seat #6 is the button
Seat 1: craaa ($117.92 in chips)
Seat 6: conkris ($118.50 in chips)
conkris: posts small blind $1
craaa: posts big blind $3
*** HOLE CARDS ***
conkris: folds
Uncalled bet ($2) returned to craaa
craaa collected $2 from pot
craaa: doesn't show hand
*** SUMMARY ***
Total pot $2 | Rake $0
Seat 1: craaa (big blind) collected ($2)
Seat 6: conkris (button) (small blind) folded before Flop


PokerStars Hand #146078376730:  Hold'em Limit ($3/$6 USD) - 2015/12/28 16:15:14 ET
Table 'Ricarda' 6-max Seat #1 is the button
Seat 1: craaa ($114.92 in chips)
Seat 6: conkris ($121.50 in chips)
craaa: posts small blind $1
conkris: posts big blind $3
*** HOLE CARDS ***
craaa: raises $3 to $6
conkris: folds
Uncalled bet ($3) returned to craaa
craaa collected $6 from pot
craaa: doesn't show hand
*** SUMMARY ***
Total pot $6 | Rake $0
Seat 1: craaa (button) (small blind) collected ($6)
Seat 6: conkris (big blind) folded before Flop


PokerStars Hand #146078482090:  Hold'em Limit ($3/$6 USD) - 2015/12/28 16:16:57 ET
Table 'Ricarda' 6-max Seat #6 is the button
Seat 1: craaa ($86.92 in chips)
Seat 6: conkris ($148.52 in chips)
conkris: posts small blind $1
craaa: posts big blind $3
*** HOLE CARDS ***
conkris: folds
Uncalled bet ($2) returned to craaa
craaa collected $2 from pot
craaa: doesn't show hand
*** SUMMARY ***
Total pot $2 | Rake $0
Seat 1: craaa (big blind) collected ($2)
Seat 6: conkris (button) (small blind) folded before Flop


PokerStars Hand #146078457235:  Hold'em Limit ($3/$6 USD) - 2015/12/28 16:16:33 ET
Table 'Ricarda' 6-max Seat #1 is the button
Seat 1: craaa ($98.92 in chips)
Seat 6: conkris ($137 in chips)
craaa: posts small blind $1
conkris: posts big blind $3
*** HOLE CARDS ***
craaa: raises $3 to $6
conkris: raises $3 to $9
craaa: calls $3
*** FLOP *** [2h 9s 5s]
conkris: bets $3
craaa: calls $3
*** TURN *** [2h 9s 5s] [4d]
conkris: bets $6
craaa: folds
Uncalled bet ($6) returned to conkris
conkris collected $23.52 from pot
conkris: doesn't show hand
*** SUMMARY ***
Total pot $24 | Rake $0.48
Board [2h 9s 5s 4d]
Seat 1: craaa (button) (small blind) folded on the Turn
Seat 6: conkris (big blind) collected ($23.52)


PokerStars Hand #146078450823:  Hold'em Limit ($3/$6 USD) - 2015/12/28 16:16:27 ET
Table 'Ricarda' 6-max Seat #6 is the button
Seat 1: craaa ($97.92 in chips)
Seat 6: conkris ($138 in chips)
conkris: posts small blind $1
craaa: posts big blind $3
*** HOLE CARDS ***
conkris: folds
Uncalled bet ($2) returned to craaa
craaa collected $2 from pot
craaa: doesn't show hand
*** SUMMARY ***
Total pot $2 | Rake $0
Seat 1: craaa (big blind) collected ($2)
Seat 6: conkris (button) (small blind) folded before Flop


PokerStars Hand #146078442927:  Hold'em Limit ($3/$6 USD) - 2015/12/28 16:16:19 ET
Table 'Ricarda' 6-max Seat #1 is the button
Seat 1: craaa ($94.92 in chips)
Seat 6: conkris ($141 in chips)
craaa: posts small blind $1
conkris: posts big blind $3
*** HOLE CARDS ***
craaa: raises $3 to $6
conkris: folds
Uncalled bet ($3) returned to craaa
craaa collected $6 from pot
craaa: doesn't show hand
*** SUMMARY ***
Total pot $6 | Rake $0
Seat 1: craaa (button) (small blind) collected ($6)
Seat 6: conkris (big blind) folded before Flop


PokerStars Hand #146078438161:  Hold'em Limit ($3/$6 USD) - 2015/12/28 16:16:14 ET
Table 'Ricarda' 6-max Seat #6 is the button
Seat 1: craaa ($93.92 in chips)
Seat 6: conkris ($142 in chips)
conkris: posts small blind $1
craaa: posts big blind $3
*** HOLE CARDS ***
conkris: folds
Uncalled bet ($2) returned to craaa
craaa collected $2 from pot
craaa: doesn't show hand
*** SUMMARY ***
Total pot $2 | Rake $0
Seat 1: craaa (big blind) collected ($2)
Seat 6: conkris (button) (small blind) folded before Flop


PokerStars Hand #146078433395:  Hold'em Limit ($3/$6 USD) - 2015/12/28 16:16:10 ET
Table 'Ricarda' 6-max Seat #1 is the button
Seat 1: craaa ($94.92 in chips)
Seat 6: conkris ($141 in chips)
craaa: posts small blind $1
conkris: posts big blind $3
*** HOLE CARDS ***
craaa: folds
Uncalled bet ($2) returned to conkris
conkris collected $2 from pot
conkris: doesn't show hand
*** SUMMARY ***
Total pot $2 | Rake $0
Seat 1: craaa (button) (small blind) folded before Flop
Seat 6: conkris (big blind) collected ($2)


PokerStars Hand #146078533510:  Hold'em Limit ($3/$6 USD) - 2015/12/28 16:17:47 ET
Table 'Ricarda' 6-max Seat #6 is the button
Seat 1: craaa ($97.68 in chips)
Seat 6: conkris ($137.52 in chips)
conkris: posts small blind $1
craaa: posts big blind $3
*** HOLE CARDS ***
conkris: folds
Uncalled bet ($2) returned to craaa
craaa collected $2 from pot
craaa: doesn't show hand
*** SUMMARY ***
Total pot $2 | Rake $0
Seat 1: craaa (big blind) collected ($2)
Seat 6: conkris (button) (small blind) folded before Flop


PokerStars Hand #146078523548:  Hold'em Limit ($3/$6 USD) - 2015/12/28 16:17:37 ET
Table 'Ricarda' 6-max Seat #1 is the button
Seat 1: craaa ($98.68 in chips)
Seat 6: conkris ($136.52 in chips)
craaa: posts small blind $1
conkris: posts big blind $3
*** HOLE CARDS ***
SmellyToes4u joins the table at seat #2
craaa: folds
Uncalled bet ($2) returned to conkris
conkris collected $2 from pot
conkris: doesn't show hand
*** SUMMARY ***
Total pot $2 | Rake $0
Seat 1: craaa (button) (small blind) folded before Flop
Seat 6: conkris (big blind) collected ($2)


PokerStars Hand #146078517848:  Hold'em Limit ($3/$6 USD) - 2015/12/28 16:17:32 ET
Table 'Ricarda' 6-max Seat #6 is the button
Seat 1: craaa ($97.68 in chips)
Seat 6: conkris ($137.52 in chips)
conkris: posts small blind $1
craaa: posts big blind $3
*** HOLE CARDS ***
conkris: folds
Uncalled bet ($2) returned to craaa
craaa collected $2 from pot
craaa: doesn't show hand
*** SUMMARY ***
Total pot $2 | Rake $0
Seat 1: craaa (big blind) collected ($2)
Seat 6: conkris (button) (small blind) folded before Flop


PokerStars Hand #146078503581:  Hold'em Limit ($3/$6 USD) - 2015/12/28 16:17:18 ET
Table 'Ricarda' 6-max Seat #1 is the button
Seat 1: craaa ($91.92 in chips)
Seat 6: conkris ($143.52 in chips)
craaa: posts small blind $1
conkris: posts big blind $3
*** HOLE CARDS ***
craaa: raises $3 to $6
conkris: calls $3
*** FLOP *** [3d 6s 3c]
conkris: checks
craaa: bets $3
conkris: folds
Uncalled bet ($3) returned to craaa
craaa collected $11.76 from pot
craaa: doesn't show hand
*** SUMMARY ***
Total pot $12 | Rake $0.24
Board [3d 6s 3c]
Seat 1: craaa (button) (small blind) collected ($11.76)
Seat 6: conkris (big blind) folded on the Flop


PokerStars Hand #146078497870:  Hold'em Limit ($3/$6 USD) - 2015/12/28 16:17:12 ET
Table 'Ricarda' 6-max Seat #6 is the button
Seat 1: craaa ($90.92 in chips)
Seat 6: conkris ($144.52 in chips)
conkris: posts small blind $1
craaa: posts big blind $3
*** HOLE CARDS ***
conkris: folds
Uncalled bet ($2) returned to craaa
craaa collected $2 from pot
craaa: doesn't show hand
*** SUMMARY ***
Total pot $2 | Rake $0
Seat 1: craaa (big blind) collected ($2)
Seat 6: conkris (button) (small blind) folded before Flop


PokerStars Hand #146078488019:  Hold'em Limit ($3/$6 USD) - 2015/12/28 16:17:03 ET
Table 'Ricarda' 6-max Seat #1 is the button
Seat 1: craaa ($87.92 in chips)
Seat 6: conkris ($147.52 in chips)
craaa: posts small blind $1
conkris: posts big blind $3
*** HOLE CARDS ***
craaa: raises $3 to $6
conkris: folds
Uncalled bet ($3) returned to craaa
craaa collected $6 from pot
craaa: doesn't show hand
*** SUMMARY ***
Total pot $6 | Rake $0
Seat 1: craaa (button) (small blind) collected ($6)
Seat 6: conkris (big blind) folded before Flop


PokerStars Hand #146081294398:  Hold'em Limit ($3/$6 USD) - 2015/12/28 17:04:43 ET
Table 'Ricarda' 6-max Seat #4 is the button
Seat 4: 12groszy666 ($156.76 in chips)
Seat 6: ciiba ($95.32 in chips)
12groszy666: posts small blind $1
ciiba: posts big blind $3
*** HOLE CARDS ***
12groszy666: folds
Uncalled bet ($2) returned to ciiba
ciiba collected $2 from pot
ciiba: doesn't show hand
*** SUMMARY ***
Total pot $2 | Rake $0
Seat 4: 12groszy666 (button) (small blind) folded before Flop
Seat 6: ciiba (big blind) collected ($2)


PokerStars Hand #146081287825:  Hold'em Limit ($3/$6 USD) - 2015/12/28 17:04:37 ET
Table 'Ricarda' 6-max Seat #6 is the button
Seat 4: 12groszy666 ($155.76 in chips)
Seat 6: ciiba ($96.32 in chips)
ciiba: posts small blind $1
12groszy666: posts big blind $3
*** HOLE CARDS ***
ciiba: folds
Uncalled bet ($2) returned to 12groszy666
12groszy666 collected $2 from pot
12groszy666: doesn't show hand
*** SUMMARY ***
Total pot $2 | Rake $0
Seat 4: 12groszy666 (big blind) collected ($2)
Seat 6: ciiba (button) (small blind) folded before Flop


PokerStars Hand #146081322073:  Hold'em Limit ($3/$6 USD) - 2015/12/28 17:05:11 ET
Table 'Ricarda' 6-max Seat #4 is the button
Seat 4: 12groszy666 ($151 in chips)
Seat 6: ciiba ($102.08 in chips)
12groszy666: posts small blind $1
ciiba: posts big blind $3
*** HOLE CARDS ***
12groszy666: raises $3 to $6
ciiba: folds
Uncalled bet ($3) returned to 12groszy666
12groszy666 collected $6 from pot
12groszy666: doesn't show hand
*** SUMMARY ***
Total pot $6 | Rake $0
Seat 4: 12groszy666 (button) (small blind) collected ($6)
Seat 6: ciiba (big blind) folded before Flop


PokerStars Hand #146081317112:  Hold'em Limit ($3/$6 USD) - 2015/12/28 17:05:06 ET
Table 'Ricarda' 6-max Seat #6 is the button
Seat 4: 12groszy666 ($150 in chips)
Seat 6: ciiba ($103.08 in chips)
ciiba: posts small blind $1
12groszy666: posts big blind $3
*** HOLE CARDS ***
ciiba: folds
Uncalled bet ($2) returned to 12groszy666
12groszy666 collected $2 from pot
12groszy666: doesn't show hand
vestimokrec joins the table at seat #2
*** SUMMARY ***
Total pot $2 | Rake $0
Seat 4: 12groszy666 (big blind) collected ($2)
Seat 6: ciiba (button) (small blind) folded before Flop


PokerStars Hand #146081312345:  Hold'em Limit ($3/$6 USD) - 2015/12/28 17:05:01 ET
Table 'Ricarda' 6-max Seat #4 is the button
Seat 4: 12groszy666 ($150 in chips)
Seat 6: ciiba ($102.08 in chips)
12groszy666: posts small blind $1
ciiba: posts big blind $3
*** HOLE CARDS ***
12groszy666: folds
Uncalled bet ($2) returned to ciiba
ciiba collected $2 from pot
ciiba: doesn't show hand
*** SUMMARY ***
Total pot $2 | Rake $0
Seat 4: 12groszy666 (button) (small blind) folded before Flop
Seat 6: ciiba (big blind) collected ($2)


PokerStars Hand #146081299773:  Hold'em Limit ($3/$6 USD) - 2015/12/28 17:04:49 ET
Table 'Ricarda' 6-max Seat #6 is the button
Seat 4: 12groszy666 ($155.76 in chips)
Seat 6: ciiba ($96.32 in chips)
ciiba: posts small blind $1
12groszy666: posts big blind $3
*** HOLE CARDS ***
ciiba: raises $3 to $6
12groszy666: calls $3
*** FLOP *** [Js 8s 8d]
12groszy666: checks
ciiba: bets $3
12groszy666: folds
Uncalled bet ($3) returned to ciiba
ciiba collected $11.76 from pot
ciiba: doesn't show hand
*** SUMMARY ***
Total pot $12 | Rake $0.24
Board [Js 8s 8d]
Seat 4: 12groszy666 (big blind) folded on the Flop
Seat 6: ciiba (button) (small blind) collected ($11.76)


PokerStars Hand #146081273265:  Hold'em Limit ($3/$6 USD) - 2015/12/28 17:04:22 ET
Table 'Ricarda' 6-max Seat #4 is the button
Seat 4: 12groszy666 ($150 in chips)
Seat 6: ciiba ($102.32 in chips)
12groszy666: posts small blind $1
ciiba: posts big blind $3
*** HOLE CARDS ***
12groszy666: raises $3 to $6
ciiba: calls $3
*** FLOP *** [Ad 5h Js]
ciiba: checks
12groszy666: bets $3
ciiba: folds
Uncalled bet ($3) returned to 12groszy666
12groszy666 collected $11.76 from pot
*** SUMMARY ***
Total pot $12 | Rake $0.24
Board [Ad 5h Js]
Seat 4: 12groszy666 (button) (small blind) collected ($11.76)
Seat 6: ciiba (big blind) folded on the Flop


PokerStars Hand #146081359677:  Hold'em Limit ($3/$6 USD) - 2015/12/28 17:05:49 ET
Table 'Ricarda' 6-max Seat #6 is the button
Seat 4: 12groszy666 ($150 in chips)
Seat 6: ciiba ($123.58 in chips)
ciiba: posts small blind $1
12groszy666: posts big blind $3
*** HOLE CARDS ***
ciiba: folds
Uncalled bet ($2) returned to 12groszy666
12groszy666 collected $2 from pot
12groszy666: doesn't show hand
*** SUMMARY ***
Total pot $2 | Rake $0
Seat 4: 12groszy666 (big blind) collected ($2)
Seat 6: ciiba (button) (small blind) folded before Flop


PokerStars Hand #146081371197:  Hold'em Limit ($3/$6 USD) - 2015/12/28 17:06:00 ET
Table 'Ricarda' 6-max Seat #6 is the button
Seat 4: 12groszy666 ($154 in chips)
Seat 6: ciiba ($119.58 in chips)
ciiba: posts small blind $1
12groszy666: posts big blind $3
*** HOLE CARDS ***
ciiba: raises $3 to $6
12groszy666: raises $3 to $9
ciiba: calls $3
*** FLOP *** [Kc Qs Js]
Dennis410 joins the table at seat #5
12groszy666: bets $3
Kajind joins the table at seat #1
ciiba: folds
Uncalled bet ($3) returned to 12groszy666
12groszy666 collected $17.64 from pot
12groszy666: doesn't show hand
*** SUMMARY ***
Total pot $18 | Rake $0.36
Board [Kc Qs Js]
Seat 4: 12groszy666 (big blind) collected ($17.64)
Seat 6: ciiba (button) (small blind) folded on the Flop


PokerStars Hand #146081354099:  Hold'em Limit ($3/$6 USD) - 2015/12/28 17:05:43 ET
Table 'Ricarda' 6-max Seat #4 is the button
Seat 4: 12groszy666 ($150 in chips)
Seat 6: ciiba ($122.58 in chips)
12groszy666: posts small blind $1
ciiba: posts big blind $3
*** HOLE CARDS ***
12groszy666: folds
Uncalled bet ($2) returned to ciiba
ciiba collected $2 from pot
ciiba: doesn't show hand
*** SUMMARY ***
Total pot $2 | Rake $0
Seat 4: 12groszy666 (button) (small blind) folded before Flop
Seat 6: ciiba (big blind) collected ($2)


PokerStars Hand #146081330858:  Hold'em Limit ($3/$6 USD) - 2015/12/28 17:05:20 ET
Table 'Ricarda' 6-max Seat #6 is the button
Seat 4: 12groszy666 ($154 in chips)
Seat 6: ciiba ($99.08 in chips)
ciiba: posts small blind $1
12groszy666: posts big blind $3
*** HOLE CARDS ***
lausangeleno joins the table at seat #3
ciiba: raises $3 to $6
12groszy666: raises $3 to $9
ciiba: calls $3
*** FLOP *** [4h 6d 8c]
12groszy666: bets $3
ciiba: calls $3
*** TURN *** [4h 6d 8c] [As]
12groszy666: bets $6
GoliafUa leaves the table
ciiba: calls $6
*** RIVER *** [4h 6d 8c As] [8s]
12groszy666: checks
ciiba: bets $6
12groszy666: calls $6
*** SHOW DOWN ***
ciiba: shows [Ac Qd] (two pair, Aces and Eights)
12groszy666: mucks hand
ciiba collected $47.50 from pot
*** SUMMARY ***
Total pot $48 | Rake $0.50
Board [4h 6d 8c As 8s]
Seat 4: 12groszy666 (big blind) mucked
Seat 6: ciiba (button) (small blind) showed [Ac Qd] and won ($47.50) with two pair, Aces and Eights


PokerStars Hand #146081364743:  Hold'em Limit ($3/$6 USD) - 2015/12/28 17:05:54 ET
Table 'Ricarda' 6-max Seat #4 is the button
Seat 4: 12groszy666 ($151 in chips)
Seat 6: ciiba ($122.58 in chips)
12groszy666: posts small blind $1
ciiba: posts big blind $3
*** HOLE CARDS ***
12groszy666: raises $3 to $6
ciiba: folds
Uncalled bet ($3) returned to 12groszy666
12groszy666 collected $6 from pot
12groszy666: doesn't show hand
*** SUMMARY ***
Total pot $6 | Rake $0
Seat 4: 12groszy666 (button) (small blind) collected ($6)
Seat 6: ciiba (big blind) folded before Flop


