PokerStars Hand #146090543004:  Hold'em Limit ($3/$6 USD) - 2015/12/28 20:06:40 ET
Table 'Ricarda' 6-max Seat #1 is the button
Seat 1: pokercarabin ($76.88 in chips)
Seat 3: SmellyToes4u ($132.80 in chips)
pokercarabin: posts small blind $1
SmellyToes4u: posts big blind $3
*** HOLE CARDS ***
pokercarabin: folds
Uncalled bet ($2) returned to SmellyToes4u
SmellyToes4u collected $2 from pot
SmellyToes4u: doesn't show hand
*** SUMMARY ***
Total pot $2 | Rake $0
Seat 1: pokercarabin (button) (small blind) folded before Flop
Seat 3: SmellyToes4u (big blind) collected ($2)


PokerStars Hand #146090537473:  Hold'em Limit ($3/$6 USD) - 2015/12/28 20:06:32 ET
Table 'Ricarda' 6-max Seat #3 is the button
Seat 1: pokercarabin ($75.88 in chips)
Seat 3: SmellyToes4u ($133.80 in chips)
SmellyToes4u: posts small blind $1
pokercarabin: posts big blind $3
*** HOLE CARDS ***
SmellyToes4u: folds
Uncalled bet ($2) returned to pokercarabin
pokercarabin collected $2 from pot
pokercarabin: doesn't show hand
*** SUMMARY ***
Total pot $2 | Rake $0
Seat 1: pokercarabin (big blind) collected ($2)
Seat 3: SmellyToes4u (button) (small blind) folded before Flop


PokerStars Hand #146090562044:  Hold'em Limit ($3/$6 USD) - 2015/12/28 20:07:11 ET
Table 'Ricarda' 6-max Seat #3 is the button
Seat 1: pokercarabin ($65.88 in chips)
Seat 3: SmellyToes4u ($143.44 in chips)
SmellyToes4u: posts small blind $1
pokercarabin: posts big blind $3
*** HOLE CARDS ***
SmellyToes4u: raises $3 to $6
pokercarabin: raises $3 to $9
SmellyToes4u: calls $3
*** FLOP *** [Ks 7c 9c]
pokercarabin: bets $3
SmellyToes4u: folds
Uncalled bet ($3) returned to pokercarabin
pokercarabin collected $17.64 from pot
pokercarabin: doesn't show hand
*** SUMMARY ***
Total pot $18 | Rake $0.36
Board [Ks 7c 9c]
Seat 1: pokercarabin (big blind) collected ($17.64)
Seat 3: SmellyToes4u (button) (small blind) folded on the Flop


PokerStars Hand #146090558854:  Hold'em Limit ($3/$6 USD) - 2015/12/28 20:07:06 ET
Table 'Ricarda' 6-max Seat #1 is the button
Seat 1: pokercarabin ($66.88 in chips)
Seat 3: SmellyToes4u ($142.44 in chips)
pokercarabin: posts small blind $1
SmellyToes4u: posts big blind $3
*** HOLE CARDS ***
pokercarabin: folds
Uncalled bet ($2) returned to SmellyToes4u
SmellyToes4u collected $2 from pot
SmellyToes4u: doesn't show hand
*** SUMMARY ***
Total pot $2 | Rake $0
Seat 1: pokercarabin (button) (small blind) folded before Flop
Seat 3: SmellyToes4u (big blind) collected ($2)


PokerStars Hand #146090546405:  Hold'em Limit ($3/$6 USD) - 2015/12/28 20:06:46 ET
Table 'Ricarda' 6-max Seat #3 is the button
Seat 1: pokercarabin ($75.88 in chips)
Seat 3: SmellyToes4u ($133.80 in chips)
SmellyToes4u: posts small blind $1
pokercarabin: posts big blind $3
*** HOLE CARDS ***
SmellyToes4u: raises $3 to $6
pokercarabin: calls $3
*** FLOP *** [9c 7c 6s]
pokercarabin: bets $3
SmellyToes4u: calls $3
*** TURN *** [9c 7c 6s] [9s]
pokercarabin: checks
SmellyToes4u: bets $6
pokercarabin: folds
Uncalled bet ($6) returned to SmellyToes4u
SmellyToes4u collected $17.64 from pot
SmellyToes4u: doesn't show hand
*** SUMMARY ***
Total pot $18 | Rake $0.36
Board [9c 7c 6s 9s]
Seat 1: pokercarabin (big blind) folded on the Turn
Seat 3: SmellyToes4u (button) (small blind) collected ($17.64)


PokerStars Hand #146090585308:  Hold'em Limit ($3/$6 USD) - 2015/12/28 20:07:49 ET
Table 'Ricarda' 6-max Seat #3 is the button
Seat 1: pokercarabin ($92.02 in chips)
Seat 3: SmellyToes4u ($116.44 in chips)
SmellyToes4u: posts small blind $1
pokercarabin: posts big blind $3
*** HOLE CARDS ***
SmellyToes4u: raises $3 to $6
pokercarabin: folds
Uncalled bet ($3) returned to SmellyToes4u
SmellyToes4u collected $6 from pot
SmellyToes4u: doesn't show hand
*** SUMMARY ***
Total pot $6 | Rake $0
Seat 1: pokercarabin (big blind) folded before Flop
Seat 3: SmellyToes4u (button) (small blind) collected ($6)


PokerStars Hand #146090570817:  Hold'em Limit ($3/$6 USD) - 2015/12/28 20:07:25 ET
Table 'Ricarda' 6-max Seat #1 is the button
Seat 1: pokercarabin ($74.52 in chips)
Seat 3: SmellyToes4u ($134.44 in chips)
pokercarabin: posts small blind $1
SmellyToes4u: posts big blind $3
*** HOLE CARDS ***
pokercarabin: raises $3 to $6
SmellyToes4u: calls $3
*** FLOP *** [7c 4d Jc]
SmellyToes4u: checks
pokercarabin: checks
*** TURN *** [7c 4d Jc] [Kh]
SmellyToes4u: checks
pokercarabin: checks
*** RIVER *** [7c 4d Jc Kh] [8s]
SmellyToes4u: bets $6
pokercarabin: raises $6 to $12
SmellyToes4u: calls $6
*** SHOW DOWN ***
pokercarabin: shows [5d Ks] (a pair of Kings)
SmellyToes4u: mucks hand
pokercarabin collected $35.50 from pot
*** SUMMARY ***
Total pot $36 | Rake $0.50
Board [7c 4d Jc Kh 8s]
Seat 1: pokercarabin (button) (small blind) showed [5d Ks] and won ($35.50) with a pair of Kings
Seat 3: SmellyToes4u (big blind) mucked


PokerStars Hand #146090640984:  Hold'em Limit ($3/$6 USD) - 2015/12/28 20:09:18 ET
Table 'Ricarda' 6-max Seat #3 is the button
Seat 1: pokercarabin ($125.04 in chips)
Seat 3: SmellyToes4u ($82.44 in chips)
SmellyToes4u: posts small blind $1
pokercarabin: posts big blind $3
*** HOLE CARDS ***
SmellyToes4u: raises $3 to $6
pokercarabin: raises $3 to $9
zlo4146 joins the table at seat #2
SmellyToes4u: calls $3
*** FLOP *** [4c Td 8s]
pokercarabin: bets $3
SmellyToes4u: calls $3
*** TURN *** [4c Td 8s] [Ad]
pokercarabin: bets $6
SmellyToes4u: calls $6
*** RIVER *** [4c Td 8s Ad] [Th]
pokercarabin: bets $6
SmellyToes4u: calls $6
*** SHOW DOWN ***
pokercarabin: shows [As Qs] (two pair, Aces and Tens)
SmellyToes4u: mucks hand
pokercarabin collected $47.50 from pot
*** SUMMARY ***
Total pot $48 | Rake $0.50
Board [4c Td 8s Ad Th]
Seat 1: pokercarabin (big blind) showed [As Qs] and won ($47.50) with two pair, Aces and Tens
Seat 3: SmellyToes4u (button) (small blind) mucked


PokerStars Hand #146090626351:  Hold'em Limit ($3/$6 USD) - 2015/12/28 20:08:55 ET
Table 'Ricarda' 6-max Seat #1 is the button
Seat 1: pokercarabin ($101.54 in chips)
Seat 3: SmellyToes4u ($106.44 in chips)
pokercarabin: posts small blind $1
SmellyToes4u: posts big blind $3
*** HOLE CARDS ***
pokercarabin: raises $3 to $6
SmellyToes4u: raises $3 to $9
pokercarabin: calls $3
*** FLOP *** [3h 3s 6s]
SmellyToes4u: bets $3
pokercarabin: calls $3
*** TURN *** [3h 3s 6s] [9h]
SmellyToes4u: bets $6
pokercarabin: calls $6
*** RIVER *** [3h 3s 6s 9h] [9c]
SmellyToes4u: bets $6
pokercarabin: calls $6
*** SHOW DOWN ***
SmellyToes4u: shows [Ts Js] (two pair, Nines and Threes)
pokercarabin: shows [Kh Jc] (two pair, Nines and Threes - King kicker)
pokercarabin collected $47.50 from pot
*** SUMMARY ***
Total pot $48 | Rake $0.50
Board [3h 3s 6s 9h 9c]
Seat 1: pokercarabin (button) (small blind) showed [Kh Jc] and won ($47.50) with two pair, Nines and Threes
Seat 3: SmellyToes4u (big blind) showed [Ts Js] and lost with two pair, Nines and Threes


PokerStars Hand #146090622950:  Hold'em Limit ($3/$6 USD) - 2015/12/28 20:08:49 ET
Table 'Ricarda' 6-max Seat #3 is the button
Seat 1: pokercarabin ($100.54 in chips)
Seat 3: SmellyToes4u ($107.44 in chips)
SmellyToes4u: posts small blind $1
pokercarabin: posts big blind $3
*** HOLE CARDS ***
SmellyToes4u: folds
Uncalled bet ($2) returned to pokercarabin
pokercarabin collected $2 from pot
pokercarabin: doesn't show hand
*** SUMMARY ***
Total pot $2 | Rake $0
Seat 1: pokercarabin (big blind) collected ($2)
Seat 3: SmellyToes4u (button) (small blind) folded before Flop


PokerStars Hand #146090594393:  Hold'em Limit ($3/$6 USD) - 2015/12/28 20:08:03 ET
Table 'Ricarda' 6-max Seat #1 is the button
Seat 1: pokercarabin ($89.02 in chips)
Seat 3: SmellyToes4u ($119.44 in chips)
pokercarabin: posts small blind $1
SmellyToes4u: posts big blind $3
*** HOLE CARDS ***
pokercarabin: calls $2
SmellyToes4u: checks
*** FLOP *** [3c 2c 6d]
SmellyToes4u: checks
pokercarabin: bets $3
SmellyToes4u: calls $3
*** TURN *** [3c 2c 6d] [Jh]
SmellyToes4u: checks
pokercarabin: checks
*** RIVER *** [3c 2c 6d Jh] [8d]
SmellyToes4u: checks
pokercarabin: bets $6
SmellyToes4u: calls $6
*** SHOW DOWN ***
pokercarabin: shows [7s Ad] (high card Ace)
SmellyToes4u: mucks hand
pokercarabin collected $23.52 from pot
*** SUMMARY ***
Total pot $24 | Rake $0.48
Board [3c 2c 6d Jh 8d]
Seat 1: pokercarabin (button) (small blind) showed [7s Ad] and won ($23.52) with high card Ace
Seat 3: SmellyToes4u (big blind) mucked


PokerStars Hand #146092244516:  Hold'em Limit ($3/$6 USD) - 2015/12/28 20:56:01 ET
Table 'Ricarda' 6-max Seat #2 is the button
Seat 2: HAL9QQQ ($120 in chips)
Seat 5: 19woody58 ($185.67 in chips)
HAL9QQQ: posts small blind $1
alexslep: is sitting out
19woody58: posts big blind $3
*** HOLE CARDS ***
HAL9QQQ: raises $3 to $6
19woody58: calls $3
*** FLOP *** [Ad Qh 3c]
19woody58: checks
HAL9QQQ: bets $3
19woody58: calls $3
*** TURN *** [Ad Qh 3c] [4c]
19woody58: checks
HAL9QQQ: checks
*** RIVER *** [Ad Qh 3c 4c] [Kd]
19woody58: bets $6
HAL9QQQ: folds
Uncalled bet ($6) returned to 19woody58
19woody58 collected $17.64 from pot
*** SUMMARY ***
Total pot $18 | Rake $0.36
Board [Ad Qh 3c 4c Kd]
Seat 2: HAL9QQQ (button) (small blind) folded on the River
Seat 5: 19woody58 (big blind) collected ($17.64)


PokerStars Hand #146093409772:  Hold'em Limit ($3/$6 USD) - 2015/12/28 21:35:39 ET
Table 'Ricarda' 6-max Seat #6 is the button
Seat 3: LifeisagameX ($60 in chips)
Seat 6: dalton135 ($58.36 in chips)
dalton135: posts small blind $1
LifeisagameX: posts big blind $3
*** HOLE CARDS ***
dalton135: raises $3 to $6
LifeisagameX: calls $3
*** FLOP *** [Qd 9c 7c]
LifeisagameX: checks
dalton135: bets $3
LifeisagameX: folds
Uncalled bet ($3) returned to dalton135
dalton135 collected $11.76 from pot
dalton135: doesn't show hand
*** SUMMARY ***
Total pot $12 | Rake $0.24
Board [Qd 9c 7c]
Seat 3: LifeisagameX (big blind) folded on the Flop
Seat 6: dalton135 (button) (small blind) collected ($11.76)


PokerStars Hand #146093443832:  Hold'em Limit ($3/$6 USD) - 2015/12/28 21:36:53 ET
Table 'Ricarda' 6-max Seat #3 is the button
Seat 3: LifeisagameX ($60.76 in chips)
Seat 6: dalton135 ($57.12 in chips)
LifeisagameX: posts small blind $1
dalton135: posts big blind $3
*** HOLE CARDS ***
LifeisagameX: raises $3 to $6
dalton135: folds
Uncalled bet ($3) returned to LifeisagameX
LifeisagameX collected $6 from pot
LifeisagameX: doesn't show hand
*** SUMMARY ***
Total pot $6 | Rake $0
Seat 3: LifeisagameX (button) (small blind) collected ($6)
Seat 6: dalton135 (big blind) folded before Flop


PokerStars Hand #146093448569:  Hold'em Limit ($3/$6 USD) - 2015/12/28 21:37:03 ET
Table 'Ricarda' 6-max Seat #6 is the button
Seat 3: LifeisagameX ($63.76 in chips)
Seat 6: dalton135 ($54.12 in chips)
dalton135: posts small blind $1
LifeisagameX: posts big blind $3
*** HOLE CARDS ***
dalton135: folds
Uncalled bet ($2) returned to LifeisagameX
LifeisagameX collected $2 from pot
LifeisagameX: doesn't show hand
*** SUMMARY ***
Total pot $2 | Rake $0
Seat 3: LifeisagameX (big blind) collected ($2)
Seat 6: dalton135 (button) (small blind) folded before Flop


PokerStars Hand #146093451267:  Hold'em Limit ($3/$6 USD) - 2015/12/28 21:37:09 ET
Table 'Ricarda' 6-max Seat #3 is the button
Seat 3: LifeisagameX ($64.76 in chips)
Seat 6: dalton135 ($53.12 in chips)
LifeisagameX: posts small blind $1
dalton135: posts big blind $3
*** HOLE CARDS ***
LifeisagameX: raises $3 to $6
dalton135: folds
Uncalled bet ($3) returned to LifeisagameX
LifeisagameX collected $6 from pot
LifeisagameX: doesn't show hand
*** SUMMARY ***
Total pot $6 | Rake $0
Seat 3: LifeisagameX (button) (small blind) collected ($6)
Seat 6: dalton135 (big blind) folded before Flop


PokerStars Hand #146093441352:  Hold'em Limit ($3/$6 USD) - 2015/12/28 21:36:47 ET
Table 'Ricarda' 6-max Seat #6 is the button
Seat 3: LifeisagameX ($59.76 in chips)
Seat 6: dalton135 ($58.12 in chips)
dalton135: posts small blind $1
LifeisagameX: posts big blind $3
*** HOLE CARDS ***
dalton135: folds
Uncalled bet ($2) returned to LifeisagameX
LifeisagameX collected $2 from pot
LifeisagameX: doesn't show hand
*** SUMMARY ***
Total pot $2 | Rake $0
Seat 3: LifeisagameX (big blind) collected ($2)
Seat 6: dalton135 (button) (small blind) folded before Flop


PokerStars Hand #146093430022:  Hold'em Limit ($3/$6 USD) - 2015/12/28 21:36:23 ET
Table 'Ricarda' 6-max Seat #3 is the button
Seat 3: LifeisagameX ($54 in chips)
Seat 6: dalton135 ($64.12 in chips)
LifeisagameX: posts small blind $1
dalton135: posts big blind $3
*** HOLE CARDS ***
LifeisagameX: raises $3 to $6
dalton135: calls $3
*** FLOP *** [Js 2c Kd]
dalton135: checks
LifeisagameX: bets $3
dalton135: folds
Uncalled bet ($3) returned to LifeisagameX
LifeisagameX collected $11.76 from pot
LifeisagameX: doesn't show hand
*** SUMMARY ***
Total pot $12 | Rake $0.24
Board [Js 2c Kd]
Seat 3: LifeisagameX (button) (small blind) collected ($11.76)
Seat 6: dalton135 (big blind) folded on the Flop


PokerStars Hand #146093471576:  Hold'em Limit ($3/$6 USD) - 2015/12/28 21:37:53 ET
Table 'Ricarda' 6-max Seat #3 is the button
Seat 3: LifeisagameX ($61.76 in chips)
Seat 6: dalton135 ($55.88 in chips)
LifeisagameX: posts small blind $1
dalton135: posts big blind $3
*** HOLE CARDS ***
LifeisagameX: raises $3 to $6
dalton135: folds
Uncalled bet ($3) returned to LifeisagameX
LifeisagameX collected $6 from pot
LifeisagameX: doesn't show hand
*** SUMMARY ***
Total pot $6 | Rake $0
Seat 3: LifeisagameX (button) (small blind) collected ($6)
Seat 6: dalton135 (big blind) folded before Flop


PokerStars Hand #146093456481:  Hold'em Limit ($3/$6 USD) - 2015/12/28 21:37:20 ET
Table 'Ricarda' 6-max Seat #6 is the button
Seat 3: LifeisagameX ($67.76 in chips)
Seat 6: dalton135 ($50.12 in chips)
dalton135: posts small blind $1
LifeisagameX: posts big blind $3
*** HOLE CARDS ***
dalton135: raises $3 to $6
LifeisagameX: calls $3
*** FLOP *** [4d Ts Kd]
LifeisagameX: checks
dalton135: bets $3
LifeisagameX: folds
Uncalled bet ($3) returned to dalton135
dalton135 collected $11.76 from pot
dalton135: doesn't show hand
*** SUMMARY ***
Total pot $12 | Rake $0.24
Board [4d Ts Kd]
Seat 3: LifeisagameX (big blind) folded on the Flop
Seat 6: dalton135 (button) (small blind) collected ($11.76)


PokerStars Hand #146093495660:  Hold'em Limit ($3/$6 USD) - 2015/12/28 21:38:45 ET
Table 'Ricarda' 6-max Seat #6 is the button
Seat 3: LifeisagameX ($64.76 in chips)
Seat 6: dalton135 ($52.88 in chips)
dalton135: posts small blind $1
LifeisagameX: posts big blind $3
*** HOLE CARDS ***
dalton135: raises $3 to $6
LifeisagameX: calls $3
*** FLOP *** [7c 2h 9c]
LifeisagameX: checks
dalton135: bets $3
LifeisagameX: folds
Uncalled bet ($3) returned to dalton135
dalton135 collected $11.76 from pot
dalton135: doesn't show hand
*** SUMMARY ***
Total pot $12 | Rake $0.24
Board [7c 2h 9c]
Seat 3: LifeisagameX (big blind) folded on the Flop
Seat 6: dalton135 (button) (small blind) collected ($11.76)


PokerStars Hand #146093506747:  Hold'em Limit ($3/$6 USD) - 2015/12/28 21:39:09 ET
Table 'Ricarda' 6-max Seat #3 is the button
Seat 3: LifeisagameX ($58.76 in chips)
Seat 6: dalton135 ($58.64 in chips)
LifeisagameX: posts small blind $1
dalton135: posts big blind $3
*** HOLE CARDS ***
LifeisagameX: raises $3 to $6
dalton135: raises $3 to $9
LifeisagameX: calls $3
*** FLOP *** [2d Js Ad]
dalton135: bets $3
LifeisagameX: folds
Uncalled bet ($3) returned to dalton135
dalton135 collected $17.64 from pot
dalton135: doesn't show hand
*** SUMMARY ***
Total pot $18 | Rake $0.36
Board [2d Js Ad]
Seat 3: LifeisagameX (button) (small blind) folded on the Flop
Seat 6: dalton135 (big blind) collected ($17.64)


PokerStars Hand #146093519115:  Hold'em Limit ($3/$6 USD) - 2015/12/28 21:39:36 ET
Table 'Ricarda' 6-max Seat #6 is the button
Seat 3: LifeisagameX ($49.76 in chips)
Seat 6: dalton135 ($67.28 in chips)
dalton135: posts small blind $1
LifeisagameX: posts big blind $3
*** HOLE CARDS ***
dalton135: raises $3 to $6
LifeisagameX: folds
Uncalled bet ($3) returned to dalton135
dalton135 collected $6 from pot
dalton135: doesn't show hand
*** SUMMARY ***
Total pot $6 | Rake $0
Seat 3: LifeisagameX (big blind) folded before Flop
Seat 6: dalton135 (button) (small blind) collected ($6)


PokerStars Hand #146093528350:  Hold'em Limit ($3/$6 USD) - 2015/12/28 21:39:56 ET
Table 'Ricarda' 6-max Seat #3 is the button
Seat 3: LifeisagameX ($46.76 in chips)
Seat 6: dalton135 ($70.28 in chips)
LifeisagameX: posts small blind $1
dalton135: posts big blind $3
*** HOLE CARDS ***
LifeisagameX: raises $3 to $6
dalton135: calls $3
*** FLOP *** [Kd 9h 5s]
dalton135: checks
LifeisagameX: bets $3
dalton135: folds
Uncalled bet ($3) returned to LifeisagameX
LifeisagameX collected $11.76 from pot
LifeisagameX: doesn't show hand
*** SUMMARY ***
Total pot $12 | Rake $0.24
Board [Kd 9h 5s]
Seat 3: LifeisagameX (button) (small blind) collected ($11.76)
Seat 6: dalton135 (big blind) folded on the Flop


PokerStars Hand #146093537548:  Hold'em Limit ($3/$6 USD) - 2015/12/28 21:40:16 ET
Table 'Ricarda' 6-max Seat #6 is the button
Seat 3: LifeisagameX ($52.52 in chips)
Seat 6: dalton135 ($64.28 in chips)
dalton135: posts small blind $1
LifeisagameX: posts big blind $3
*** HOLE CARDS ***
dalton135: raises $3 to $6
LifeisagameX: calls $3
*** FLOP *** [9h 7s Qc]
LifeisagameX: checks
dalton135: bets $3
LifeisagameX: raises $3 to $6
dalton135: calls $3
*** TURN *** [9h 7s Qc] [4h]
LifeisagameX: bets $6
dalton135: calls $6
*** RIVER *** [9h 7s Qc 4h] [Js]
LifeisagameX: bets $6
dalton135: folds
Uncalled bet ($6) returned to LifeisagameX
LifeisagameX collected $35.50 from pot
LifeisagameX: doesn't show hand
*** SUMMARY ***
Total pot $36 | Rake $0.50
Board [9h 7s Qc 4h Js]
Seat 3: LifeisagameX (big blind) collected ($35.50)
Seat 6: dalton135 (button) (small blind) folded on the River


PokerStars Hand #146093560833:  Hold'em Limit ($3/$6 USD) - 2015/12/28 21:41:07 ET
Table 'Ricarda' 6-max Seat #6 is the button
Seat 3: LifeisagameX ($58.02 in chips)
Seat 6: dalton135 ($57.80 in chips)
dalton135: posts small blind $1
LifeisagameX: posts big blind $3
*** HOLE CARDS ***
dalton135: folds
Uncalled bet ($2) returned to LifeisagameX
LifeisagameX collected $2 from pot
*** SUMMARY ***
Total pot $2 | Rake $0
Seat 3: LifeisagameX (big blind) collected ($2)
Seat 6: dalton135 (button) (small blind) folded before Flop


PokerStars Hand #146093551529:  Hold'em Limit ($3/$6 USD) - 2015/12/28 21:40:47 ET
Table 'Ricarda' 6-max Seat #3 is the button
Seat 3: LifeisagameX ($70.02 in chips)
Seat 6: dalton135 ($46.28 in chips)
LifeisagameX: posts small blind $1
dalton135: posts big blind $3
*** HOLE CARDS ***
LifeisagameX: raises $3 to $6
dalton135: raises $3 to $9
LifeisagameX: calls $3
*** FLOP *** [9h As 5h]
dalton135: bets $3
LifeisagameX: calls $3
*** TURN *** [9h As 5h] [6s]
dalton135: bets $6
LifeisagameX: folds
Uncalled bet ($6) returned to dalton135
dalton135 collected $23.52 from pot
dalton135: doesn't show hand
*** SUMMARY ***
Total pot $24 | Rake $0.48
Board [9h As 5h 6s]
Seat 3: LifeisagameX (button) (small blind) folded on the Turn
Seat 6: dalton135 (big blind) collected ($23.52)


PokerStars Hand #146093563890:  Hold'em Limit ($3/$6 USD) - 2015/12/28 21:41:14 ET
Table 'Ricarda' 6-max Seat #3 is the button
Seat 3: LifeisagameX ($59.02 in chips)
Seat 6: dalton135 ($56.80 in chips)
LifeisagameX: posts small blind $1
dalton135: posts big blind $3
*** HOLE CARDS ***
LifeisagameX: raises $3 to $6
dalton135: raises $3 to $9
LifeisagameX: calls $3
*** FLOP *** [Qc Jh Ac]
dalton135: bets $3
LifeisagameX: calls $3
*** TURN *** [Qc Jh Ac] [7h]
dalton135: checks
LifeisagameX: bets $6
dalton135: calls $6
*** RIVER *** [Qc Jh Ac 7h] [8d]
dalton135: checks
LifeisagameX: bets $6
dalton135: calls $6
*** SHOW DOWN ***
LifeisagameX: shows [2d As] (a pair of Aces)
dalton135: mucks hand
LifeisagameX collected $47.50 from pot
*** SUMMARY ***
Total pot $48 | Rake $0.50
Board [Qc Jh Ac 7h 8d]
Seat 3: LifeisagameX (button) (small blind) showed [2d As] and won ($47.50) with a pair of Aces
Seat 6: dalton135 (big blind) mucked


PokerStars Hand #146093581919:  Hold'em Limit ($3/$6 USD) - 2015/12/28 21:41:54 ET
Table 'Ricarda' 6-max Seat #6 is the button
Seat 3: LifeisagameX ($82.52 in chips)
Seat 6: dalton135 ($32.80 in chips)
dalton135: posts small blind $1
LifeisagameX: posts big blind $3
*** HOLE CARDS ***
dalton135: folds
Uncalled bet ($2) returned to LifeisagameX
LifeisagameX collected $2 from pot
LifeisagameX: doesn't show hand
*** SUMMARY ***
Total pot $2 | Rake $0
Seat 3: LifeisagameX (big blind) collected ($2)
Seat 6: dalton135 (button) (small blind) folded before Flop


PokerStars Hand #146093588064:  Hold'em Limit ($3/$6 USD) - 2015/12/28 21:42:07 ET
Table 'Ricarda' 6-max Seat #6 is the button
Seat 3: LifeisagameX ($86.52 in chips)
Seat 6: dalton135 ($28.80 in chips)
dalton135: posts small blind $1
LifeisagameX: posts big blind $3
*** HOLE CARDS ***
dalton135: folds
Uncalled bet ($2) returned to LifeisagameX
LifeisagameX collected $2 from pot
LifeisagameX: doesn't show hand
*** SUMMARY ***
Total pot $2 | Rake $0
Seat 3: LifeisagameX (big blind) collected ($2)
Seat 6: dalton135 (button) (small blind) folded before Flop


PokerStars Hand #146093584277:  Hold'em Limit ($3/$6 USD) - 2015/12/28 21:41:59 ET
Table 'Ricarda' 6-max Seat #3 is the button
Seat 3: LifeisagameX ($83.52 in chips)
Seat 6: dalton135 ($31.80 in chips)
LifeisagameX: posts small blind $1
dalton135: posts big blind $3
*** HOLE CARDS ***
LifeisagameX: raises $3 to $6
dalton135: folds
Uncalled bet ($3) returned to LifeisagameX
LifeisagameX collected $6 from pot
LifeisagameX: doesn't show hand
*** SUMMARY ***
Total pot $6 | Rake $0
Seat 3: LifeisagameX (button) (small blind) collected ($6)
Seat 6: dalton135 (big blind) folded before Flop


PokerStars Hand #146093590573:  Hold'em Limit ($3/$6 USD) - 2015/12/28 21:42:12 ET
Table 'Ricarda' 6-max Seat #3 is the button
Seat 3: LifeisagameX ($87.52 in chips)
Seat 6: dalton135 ($27.80 in chips)
LifeisagameX: posts small blind $1
dalton135: posts big blind $3
*** HOLE CARDS ***
LifeisagameX: raises $3 to $6
dalton135: calls $3
*** FLOP *** [Qc 6c 9d]
dalton135: bets $3
LifeisagameX: calls $3
*** TURN *** [Qc 6c 9d] [2s]
dalton135: bets $6
LifeisagameX: folds
Uncalled bet ($6) returned to dalton135
dalton135 collected $17.64 from pot
dalton135: doesn't show hand
*** SUMMARY ***
Total pot $18 | Rake $0.36
Board [Qc 6c 9d 2s]
Seat 3: LifeisagameX (button) (small blind) folded on the Turn
Seat 6: dalton135 (big blind) collected ($17.64)


PokerStars Hand #146093598319:  Hold'em Limit ($3/$6 USD) - 2015/12/28 21:42:29 ET
Table 'Ricarda' 6-max Seat #6 is the button
Seat 3: LifeisagameX ($78.52 in chips)
Seat 6: dalton135 ($36.44 in chips)
dalton135: posts small blind $1
LifeisagameX: posts big blind $3
*** HOLE CARDS ***
dalton135: raises $3 to $6
LifeisagameX: raises $3 to $9
dalton135: calls $3
*** FLOP *** [Kc 5d Th]
LifeisagameX: bets $3
dalton135: calls $3
*** TURN *** [Kc 5d Th] [5s]
LifeisagameX: bets $6
dalton135: folds
Uncalled bet ($6) returned to LifeisagameX
LifeisagameX collected $23.52 from pot
LifeisagameX: doesn't show hand
*** SUMMARY ***
Total pot $24 | Rake $0.48
Board [Kc 5d Th 5s]
Seat 3: LifeisagameX (big blind) collected ($23.52)
Seat 6: dalton135 (button) (small blind) folded on the Turn


PokerStars Hand #146093712823:  Hold'em Limit ($3/$6 USD) - 2015/12/28 21:46:43 ET
Table 'Ricarda' 6-max Seat #4 is the button
Seat 3: LifeisagameX ($113.98 in chips)
Seat 4: SALZHERZ ($120 in chips)
SALZHERZ: posts small blind $1
LifeisagameX: posts big blind $3
*** HOLE CARDS ***
SALZHERZ: folds
Uncalled bet ($2) returned to LifeisagameX
LifeisagameX collected $2 from pot
LifeisagameX: doesn't show hand
*** SUMMARY ***
Total pot $2 | Rake $0
Seat 3: LifeisagameX (big blind) collected ($2)
Seat 4: SALZHERZ (button) (small blind) folded before Flop


PokerStars Hand #146093719357:  Hold'em Limit ($3/$6 USD) - 2015/12/28 21:46:58 ET
Table 'Ricarda' 6-max Seat #3 is the button
Seat 3: LifeisagameX ($114.98 in chips)
Seat 4: SALZHERZ ($119 in chips)
LifeisagameX: posts small blind $1
SALZHERZ: posts big blind $3
*** HOLE CARDS ***
LifeisagameX: raises $3 to $6
SALZHERZ: calls $3
*** FLOP *** [Kc 3c 4s]
SALZHERZ: checks
beard173 joins the table at seat #6
LifeisagameX: bets $3
SALZHERZ: calls $3
*** TURN *** [Kc 3c 4s] [6s]
SALZHERZ: checks
LifeisagameX: bets $6
SALZHERZ: calls $6
*** RIVER *** [Kc 3c 4s 6s] [2s]
SALZHERZ: checks
LifeisagameX: checks
*** SHOW DOWN ***
SALZHERZ: shows [4c Qc] (a pair of Fours)
LifeisagameX: shows [6d 9s] (a pair of Sixes)
LifeisagameX collected $29.50 from pot
*** SUMMARY ***
Total pot $30 | Rake $0.50
Board [Kc 3c 4s 6s 2s]
Seat 3: LifeisagameX (button) (small blind) showed [6d 9s] and won ($29.50) with a pair of Sixes
Seat 4: SALZHERZ (big blind) showed [4c Qc] and lost with a pair of Fours


PokerStars Hand #146093785419:  Hold'em Limit ($3/$6 USD) - 2015/12/28 21:49:26 ET
Table 'Ricarda' 6-max Seat #4 is the button
Seat 4: SALZHERZ ($116.20 in chips)
Seat 6: beard173 ($120 in chips)
SALZHERZ: posts small blind $1
beard173: posts big blind $3
*** HOLE CARDS ***
SALZHERZ: folds
Uncalled bet ($2) returned to beard173
beard173 collected $2 from pot
beard173: doesn't show hand
*** SUMMARY ***
Total pot $2 | Rake $0
Seat 4: SALZHERZ (button) (small blind) folded before Flop
Seat 6: beard173 (big blind) collected ($2)


PokerStars Hand #146093788089:  Hold'em Limit ($3/$6 USD) - 2015/12/28 21:49:32 ET
Table 'Ricarda' 6-max Seat #6 is the button
Seat 4: SALZHERZ ($115.20 in chips)
Seat 6: beard173 ($121 in chips)
beard173: posts small blind $1
SALZHERZ: posts big blind $3
*** HOLE CARDS ***
LifeisagameX leaves the table
beard173: raises $3 to $6
SALZHERZ: calls $3
*** FLOP *** [6s 3h Td]
SALZHERZ: checks
beard173: bets $3
SALZHERZ: folds
Uncalled bet ($3) returned to beard173
beard173 collected $11.76 from pot
beard173: doesn't show hand
*** SUMMARY ***
Total pot $12 | Rake $0.24
Board [6s 3h Td]
Seat 4: SALZHERZ (big blind) folded on the Flop
Seat 6: beard173 (button) (small blind) collected ($11.76)


PokerStars Hand #146093794748:  Hold'em Limit ($3/$6 USD) - 2015/12/28 21:49:47 ET
Table 'Ricarda' 6-max Seat #4 is the button
Seat 4: SALZHERZ ($109.20 in chips)
Seat 6: beard173 ($126.76 in chips)
SALZHERZ: posts small blind $1
beard173: posts big blind $3
*** HOLE CARDS ***
SALZHERZ: raises $3 to $6
beard173: calls $3
*** FLOP *** [Jc 9s Ad]
beard173: checks
SALZHERZ: bets $3
beard173: calls $3
*** TURN *** [Jc 9s Ad] [8s]
beard173: checks
SALZHERZ: checks
*** RIVER *** [Jc 9s Ad 8s] [7s]
beard173: bets $6
SALZHERZ: raises $6 to $12
beard173: calls $6
*** SHOW DOWN ***
SALZHERZ: shows [Tc 2h] (a straight, Seven to Jack)
beard173: mucks hand
SALZHERZ collected $41.50 from pot
*** SUMMARY ***
Total pot $42 | Rake $0.50
Board [Jc 9s Ad 8s 7s]
Seat 4: SALZHERZ (button) (small blind) showed [Tc 2h] and won ($41.50) with a straight, Seven to Jack
Seat 6: beard173 (big blind) mucked


PokerStars Hand #146093809756:  Hold'em Limit ($3/$6 USD) - 2015/12/28 21:50:22 ET
Table 'Ricarda' 6-max Seat #4 is the button
Seat 4: SALZHERZ ($147.20 in chips)
Seat 6: beard173 ($87.76 in chips)
SALZHERZ: posts small blind $1
beard173: posts big blind $3
*** HOLE CARDS ***
SALZHERZ: folds
Uncalled bet ($2) returned to beard173
beard173 collected $2 from pot
beard173: doesn't show hand
*** SUMMARY ***
Total pot $2 | Rake $0
Seat 4: SALZHERZ (button) (small blind) folded before Flop
Seat 6: beard173 (big blind) collected ($2)


PokerStars Hand #146093803301:  Hold'em Limit ($3/$6 USD) - 2015/12/28 21:50:07 ET
Table 'Ricarda' 6-max Seat #6 is the button
Seat 4: SALZHERZ ($129.70 in chips)
Seat 6: beard173 ($105.76 in chips)
beard173: posts small blind $1
SALZHERZ: posts big blind $3
*** HOLE CARDS ***
beard173: calls $2
SALZHERZ: checks
*** FLOP *** [4c 6h Th]
SALZHERZ: bets $3
beard173: calls $3
*** TURN *** [4c 6h Th] [5d]
SALZHERZ: bets $6
beard173: calls $6
*** RIVER *** [4c 6h Th 5d] [2s]
SALZHERZ: bets $6
beard173: calls $6
*** SHOW DOWN ***
SALZHERZ: shows [3d 7c] (a straight, Three to Seven)
beard173: mucks hand
SALZHERZ collected $35.50 from pot
*** SUMMARY ***
Total pot $36 | Rake $0.50
Board [4c 6h Th 5d 2s]
Seat 4: SALZHERZ (big blind) showed [3d 7c] and won ($35.50) with a straight, Three to Seven
Seat 6: beard173 (button) (small blind) mucked


PokerStars Hand #146093811951:  Hold'em Limit ($3/$6 USD) - 2015/12/28 21:50:27 ET
Table 'Ricarda' 6-max Seat #6 is the button
Seat 4: SALZHERZ ($146.20 in chips)
Seat 6: beard173 ($88.76 in chips)
beard173: posts small blind $1
SALZHERZ: posts big blind $3
*** HOLE CARDS ***
beard173: calls $2
SALZHERZ: checks
*** FLOP *** [Js Ad 8h]
SALZHERZ: bets $3
beard173: calls $3
*** TURN *** [Js Ad 8h] [5d]
SALZHERZ: checks
beard173: bets $6
SALZHERZ: folds
Uncalled bet ($6) returned to beard173
beard173 collected $11.76 from pot
beard173: doesn't show hand
*** SUMMARY ***
Total pot $12 | Rake $0.24
Board [Js Ad 8h 5d]
Seat 4: SALZHERZ (big blind) folded on the Turn
Seat 6: beard173 (button) (small blind) collected ($11.76)


PokerStars Hand #146093824764:  Hold'em Limit ($3/$6 USD) - 2015/12/28 21:50:56 ET
Table 'Ricarda' 6-max Seat #4 is the button
Seat 4: SALZHERZ ($132.20 in chips)
Seat 6: beard173 ($102.16 in chips)
SALZHERZ: posts small blind $1
beard173: posts big blind $3
*** HOLE CARDS ***
SALZHERZ: raises $3 to $6
beard173: calls $3
*** FLOP *** [9c 7h Ah]
beard173: checks
SALZHERZ: bets $3
beard173: calls $3
*** TURN *** [9c 7h Ah] [8s]
beard173: checks
SALZHERZ: bets $6
beard173: calls $6
*** RIVER *** [9c 7h Ah 8s] [5s]
beard173: checks
SALZHERZ: bets $6
beard173: folds
Uncalled bet ($6) returned to SALZHERZ
SALZHERZ collected $29.50 from pot
SALZHERZ: doesn't show hand
*** SUMMARY ***
Total pot $30 | Rake $0.50
Board [9c 7h Ah 8s 5s]
Seat 4: SALZHERZ (button) (small blind) collected ($29.50)
Seat 6: beard173 (big blind) folded on the River


PokerStars Hand #146093822568:  Hold'em Limit ($3/$6 USD) - 2015/12/28 21:50:51 ET
Table 'Ricarda' 6-max Seat #6 is the button
Seat 4: SALZHERZ ($131.20 in chips)
Seat 6: beard173 ($103.16 in chips)
beard173: posts small blind $1
SALZHERZ: posts big blind $3
*** HOLE CARDS ***
beard173: folds
Uncalled bet ($2) returned to SALZHERZ
SALZHERZ collected $2 from pot
SALZHERZ: doesn't show hand
*** SUMMARY ***
Total pot $2 | Rake $0
Seat 4: SALZHERZ (big blind) collected ($2)
Seat 6: beard173 (button) (small blind) folded before Flop


PokerStars Hand #146093818032:  Hold'em Limit ($3/$6 USD) - 2015/12/28 21:50:40 ET
Table 'Ricarda' 6-max Seat #4 is the button
Seat 4: SALZHERZ ($140.20 in chips)
Seat 6: beard173 ($94.52 in chips)
SALZHERZ: posts small blind $1
beard173: posts big blind $3
*** HOLE CARDS ***
SALZHERZ: raises $3 to $6
beard173: raises $3 to $9
SALZHERZ: calls $3
*** FLOP *** [Ks 8h Qh]
beard173: bets $3
SALZHERZ: folds
Uncalled bet ($3) returned to beard173
beard173 collected $17.64 from pot
beard173: doesn't show hand
*** SUMMARY ***
Total pot $18 | Rake $0.36
Board [Ks 8h Qh]
Seat 4: SALZHERZ (button) (small blind) folded on the Flop
Seat 6: beard173 (big blind) collected ($17.64)


PokerStars Hand #146093837038:  Hold'em Limit ($3/$6 USD) - 2015/12/28 21:51:24 ET
Table 'Ricarda' 6-max Seat #6 is the button
Seat 4: SALZHERZ ($146.70 in chips)
Seat 6: beard173 ($87.16 in chips)
beard173: posts small blind $1
SALZHERZ: posts big blind $3
*** HOLE CARDS ***
beard173: calls $2
SALZHERZ: raises $3 to $6
beard173: calls $3
*** FLOP *** [Th 9c 7d]
SALZHERZ: bets $3
beard173: calls $3
*** TURN *** [Th 9c 7d] [Ts]
SALZHERZ: bets $6
beard173: calls $6
*** RIVER *** [Th 9c 7d Ts] [Ah]
SALZHERZ: checks
beard173: bets $6
SALZHERZ: folds
Uncalled bet ($6) returned to beard173
beard173 collected $29.50 from pot
beard173: doesn't show hand
*** SUMMARY ***
Total pot $30 | Rake $0.50
Board [Th 9c 7d Ts Ah]
Seat 4: SALZHERZ (big blind) folded on the River
Seat 6: beard173 (button) (small blind) collected ($29.50)


PokerStars Hand #146093863612:  Hold'em Limit ($3/$6 USD) - 2015/12/28 21:52:25 ET
Table 'Ricarda' 6-max Seat #6 is the button
Seat 4: SALZHERZ ($147.20 in chips)
Seat 6: beard173 ($85.42 in chips)
beard173: posts small blind $1
SALZHERZ: posts big blind $3
*** HOLE CARDS ***
beard173: folds
Uncalled bet ($2) returned to SALZHERZ
SALZHERZ collected $2 from pot
SALZHERZ: doesn't show hand
*** SUMMARY ***
Total pot $2 | Rake $0
Seat 4: SALZHERZ (big blind) collected ($2)
Seat 6: beard173 (button) (small blind) folded before Flop


PokerStars Hand #146093856053:  Hold'em Limit ($3/$6 USD) - 2015/12/28 21:52:08 ET
Table 'Ricarda' 6-max Seat #4 is the button
Seat 4: SALZHERZ ($126.70 in chips)
Seat 6: beard173 ($106.42 in chips)
SALZHERZ: posts small blind $1
beard173: posts big blind $3
*** HOLE CARDS ***
SALZHERZ: raises $3 to $6
beard173: calls $3
*** FLOP *** [2d 7h 3d]
beard173: bets $3
SALZHERZ: calls $3
*** TURN *** [2d 7h 3d] [Kc]
beard173: bets $6
SALZHERZ: calls $6
*** RIVER *** [2d 7h 3d Kc] [7c]
beard173: bets $6
SALZHERZ: calls $6
*** SHOW DOWN ***
beard173: shows [2s 5c] (two pair, Sevens and Deuces)
SALZHERZ: shows [Qh Qd] (two pair, Queens and Sevens)
SALZHERZ collected $41.50 from pot
*** SUMMARY ***
Total pot $42 | Rake $0.50
Board [2d 7h 3d Kc 7c]
Seat 4: SALZHERZ (button) (small blind) showed [Qh Qd] and won ($41.50) with two pair, Queens and Sevens
Seat 6: beard173 (big blind) showed [2s 5c] and lost with two pair, Sevens and Deuces


PokerStars Hand #146093854047:  Hold'em Limit ($3/$6 USD) - 2015/12/28 21:52:03 ET
Table 'Ricarda' 6-max Seat #6 is the button
Seat 4: SALZHERZ ($125.70 in chips)
Seat 6: beard173 ($107.42 in chips)
beard173: posts small blind $1
SALZHERZ: posts big blind $3
*** HOLE CARDS ***
beard173: folds
Uncalled bet ($2) returned to SALZHERZ
SALZHERZ collected $2 from pot
SALZHERZ: doesn't show hand
*** SUMMARY ***
Total pot $2 | Rake $0
Seat 4: SALZHERZ (big blind) collected ($2)
Seat 6: beard173 (button) (small blind) folded before Flop


PokerStars Hand #146093844835:  Hold'em Limit ($3/$6 USD) - 2015/12/28 21:51:42 ET
Table 'Ricarda' 6-max Seat #4 is the button
Seat 4: SALZHERZ ($131.70 in chips)
Seat 6: beard173 ($101.66 in chips)
SALZHERZ: posts small blind $1
beard173: posts big blind $3
*** HOLE CARDS ***
SALZHERZ: raises $3 to $6
beard173: calls $3
*** FLOP *** [Kh Jc 3s]
beard173: checks
SALZHERZ: checks
*** TURN *** [Kh Jc 3s] [Kd]
beard173: bets $6
SALZHERZ: folds
Uncalled bet ($6) returned to beard173
beard173 collected $11.76 from pot
beard173: doesn't show hand
*** SUMMARY ***
Total pot $12 | Rake $0.24
Board [Kh Jc 3s Kd]
Seat 4: SALZHERZ (button) (small blind) folded on the Turn
Seat 6: beard173 (big blind) collected ($11.76)


PokerStars Hand #146093866841:  Hold'em Limit ($3/$6 USD) - 2015/12/28 21:52:32 ET
Table 'Ricarda' 6-max Seat #4 is the button
Seat 4: SALZHERZ ($148.20 in chips)
Seat 6: beard173 ($84.42 in chips)
SALZHERZ: posts small blind $1
beard173: posts big blind $3
*** HOLE CARDS ***
millon joins the table at seat #3
SALZHERZ: raises $3 to $6
beard173: folds
Uncalled bet ($3) returned to SALZHERZ
SALZHERZ collected $6 from pot
SALZHERZ: doesn't show hand
*** SUMMARY ***
Total pot $6 | Rake $0
Seat 4: SALZHERZ (button) (small blind) collected ($6)
Seat 6: beard173 (big blind) folded before Flop


PokerStars Hand #146095833030:  Hold'em Limit ($3/$6 USD) - 2015/12/28 23:20:54 ET
Table 'Ricarda' 6-max Seat #2 is the button
Seat 2: chapala111 ($215.82 in chips)
Seat 5: AzureCaper ($231.57 in chips)
chapala111: posts small blind $1
HAL9QQQ: is sitting out
AzureCaper: posts big blind $3
*** HOLE CARDS ***
chapala111: raises $3 to $6
HAL9QQQ leaves the table
AzureCaper: calls $3
*** FLOP *** [5d 8h 8d]
AzureCaper: checks
chapala111: checks
*** TURN *** [5d 8h 8d] [Jd]
AzureCaper: checks
chapala111: bets $6
AzureCaper: folds
Uncalled bet ($6) returned to chapala111
chapala111 collected $11.76 from pot
chapala111: doesn't show hand
*** SUMMARY ***
Total pot $12 | Rake $0.24
Board [5d 8h 8d Jd]
Seat 2: chapala111 (button) (small blind) collected ($11.76)
Seat 5: AzureCaper (big blind) folded on the Turn


