PokerStars Hand #169037450587:  Hold'em Limit ($3/$6 USD) - 2017/04/14 14:52:07 ET
Table 'Riceia' 6-max Seat #3 is the button
Seat 3: Dron21200 ($118.52 in chips)
Seat 4: RockKillerTY ($118.76 in chips)
Dron21200: posts small blind $1
RockKillerTY: posts big blind $3
*** HOLE CARDS ***
Dron21200: raises $3 to $6
RockKillerTY: raises $3 to $9
Dron21200: calls $3
*** FLOP *** [Ac 6h 2c]
RockKillerTY: bets $3
Dron21200: calls $3
*** TURN *** [Ac 6h 2c] [4s]
RockKillerTY: bets $6
Dron21200: calls $6
*** RIVER *** [Ac 6h 2c 4s] [Jd]
RockKillerTY: bets $6
Dron21200: calls $6
*** SHOW DOWN ***
RockKillerTY: shows [7h 8h] (high card Ace)
Dron21200: shows [Ks 4c] (a pair of Fours)
Dron21200 collected $47.50 from pot
*** SUMMARY ***
Total pot $48 | Rake $0.50
Board [Ac 6h 2c 4s Jd]
Seat 3: Dron21200 (button) (small blind) showed [Ks 4c] and won ($47.50) with a pair of Fours
Seat 4: RockKillerTY (big blind) showed [7h 8h] and lost with high card Ace


PokerStars Hand #169037432840:  Hold'em Limit ($3/$6 USD) - 2017/04/14 14:51:46 ET
Table 'Riceia' 6-max Seat #4 is the button
Seat 3: Dron21200 ($142.52 in chips)
Seat 4: RockKillerTY ($95.26 in chips)
RockKillerTY: posts small blind $1
Dron21200: posts big blind $3
*** HOLE CARDS ***
RockKillerTY: raises $3 to $6
Dron21200: raises $3 to $9
RockKillerTY: calls $3
*** FLOP *** [4d Td 2d]
Dron21200: bets $3
RockKillerTY: calls $3
*** TURN *** [4d Td 2d] [Kd]
Dron21200: bets $6
RockKillerTY: calls $6
*** RIVER *** [4d Td 2d Kd] [4s]
Dron21200: bets $6
RockKillerTY: calls $6
*** SHOW DOWN ***
Dron21200: shows [As Tc] (two pair, Tens and Fours)
RockKillerTY: shows [7d 6d] (a flush, King high)
RockKillerTY collected $47.50 from pot
*** SUMMARY ***
Total pot $48 | Rake $0.50
Board [4d Td 2d Kd 4s]
Seat 3: Dron21200 (big blind) showed [As Tc] and lost with two pair, Tens and Fours
Seat 4: RockKillerTY (button) (small blind) showed [7d 6d] and won ($47.50) with a flush, King high


PokerStars Hand #169037508257:  Hold'em Limit ($3/$6 USD) - 2017/04/14 14:53:17 ET
Table 'Riceia' 6-max Seat #3 is the button
Seat 3: Dron21200 ($186.02 in chips)
Seat 4: RockKillerTY ($120 in chips)
Dron21200: posts small blind $1
RockKillerTY: posts big blind $3
*** HOLE CARDS ***
Dron21200: folds
Uncalled bet ($2) returned to RockKillerTY
RockKillerTY collected $2 from pot
RockKillerTY: doesn't show hand
*** SUMMARY ***
Total pot $2 | Rake $0
Seat 3: Dron21200 (button) (small blind) folded before Flop
Seat 4: RockKillerTY (big blind) collected ($2)


PokerStars Hand #169037491012:  Hold'em Limit ($3/$6 USD) - 2017/04/14 14:52:56 ET
Table 'Riceia' 6-max Seat #4 is the button
Seat 3: Dron21200 ($159.52 in chips)
Seat 4: RockKillerTY ($76.76 in chips)
RockKillerTY: posts small blind $1
Dron21200: posts big blind $3
*** HOLE CARDS ***
RockKillerTY: raises $3 to $6
Dron21200: calls $3
*** FLOP *** [Jh 6h Tc]
Dron21200: checks
RockKillerTY: bets $3
Dron21200: calls $3
*** TURN *** [Jh 6h Tc] [6s]
Dron21200: checks
RockKillerTY: bets $6
Dron21200: raises $6 to $12
RockKillerTY: calls $6
*** RIVER *** [Jh 6h Tc 6s] [3d]
Dron21200: bets $6
RockKillerTY: calls $6
*** SHOW DOWN ***
Dron21200: shows [6c As] (three of a kind, Sixes)
RockKillerTY: mucks hand
Dron21200 collected $53.50 from pot
*** SUMMARY ***
Total pot $54 | Rake $0.50
Board [Jh 6h Tc 6s 3d]
Seat 3: Dron21200 (big blind) showed [6c As] and won ($53.50) with three of a kind, Sixes
Seat 4: RockKillerTY (button) (small blind) mucked


PokerStars Hand #169037487163:  Hold'em Limit ($3/$6 USD) - 2017/04/14 14:52:52 ET
Table 'Riceia' 6-max Seat #3 is the button
Seat 3: Dron21200 ($160.52 in chips)
Seat 4: RockKillerTY ($75.76 in chips)
Dron21200: posts small blind $1
RockKillerTY: posts big blind $3
*** HOLE CARDS ***
Dron21200: folds
Uncalled bet ($2) returned to RockKillerTY
RockKillerTY collected $2 from pot
RockKillerTY: doesn't show hand
*** SUMMARY ***
Total pot $2 | Rake $0
Seat 3: Dron21200 (button) (small blind) folded before Flop
Seat 4: RockKillerTY (big blind) collected ($2)


PokerStars Hand #169037483376:  Hold'em Limit ($3/$6 USD) - 2017/04/14 14:52:47 ET
Table 'Riceia' 6-max Seat #4 is the button
Seat 3: Dron21200 ($159.52 in chips)
Seat 4: RockKillerTY ($76.76 in chips)
RockKillerTY: posts small blind $1
Dron21200: posts big blind $3
*** HOLE CARDS ***
RockKillerTY: folds
Uncalled bet ($2) returned to Dron21200
Dron21200 collected $2 from pot
Dron21200: doesn't show hand
*** SUMMARY ***
Total pot $2 | Rake $0
Seat 3: Dron21200 (big blind) collected ($2)
Seat 4: RockKillerTY (button) (small blind) folded before Flop


PokerStars Hand #169037466234:  Hold'em Limit ($3/$6 USD) - 2017/04/14 14:52:26 ET
Table 'Riceia' 6-max Seat #3 is the button
Seat 3: Dron21200 ($139.02 in chips)
Seat 4: RockKillerTY ($97.76 in chips)
Dron21200: posts small blind $1
RockKillerTY: posts big blind $3
*** HOLE CARDS ***
Dron21200: raises $3 to $6
RockKillerTY: calls $3
*** FLOP *** [2d Ah 9h]
RockKillerTY: checks
Dron21200: bets $3
RockKillerTY: calls $3
*** TURN *** [2d Ah 9h] [Jc]
RockKillerTY: checks
Dron21200: bets $6
RockKillerTY: calls $6
*** RIVER *** [2d Ah 9h Jc] [Js]
RockKillerTY: checks
Dron21200: bets $6
RockKillerTY: calls $6
*** SHOW DOWN ***
Dron21200: shows [5h Ad] (two pair, Aces and Jacks)
RockKillerTY: mucks hand
Dron21200 collected $41.50 from pot
*** SUMMARY ***
Total pot $42 | Rake $0.50
Board [2d Ah 9h Jc Js]
Seat 3: Dron21200 (button) (small blind) showed [5h Ad] and won ($41.50) with two pair, Aces and Jacks
Seat 4: RockKillerTY (big blind) mucked


PokerStars Hand #169037461453:  Hold'em Limit ($3/$6 USD) - 2017/04/14 14:52:20 ET
Table 'Riceia' 6-max Seat #4 is the button
Seat 3: Dron21200 ($142.02 in chips)
Seat 4: RockKillerTY ($94.76 in chips)
RockKillerTY: posts small blind $1
Dron21200: posts big blind $3
*** HOLE CARDS ***
RockKillerTY: raises $3 to $6
Dron21200: folds
Uncalled bet ($3) returned to RockKillerTY
RockKillerTY collected $6 from pot
RockKillerTY: doesn't show hand
*** SUMMARY ***
Total pot $6 | Rake $0
Seat 3: Dron21200 (big blind) folded before Flop
Seat 4: RockKillerTY (button) (small blind) collected ($6)


PokerStars Hand #169037554522:  Hold'em Limit ($3/$6 USD) - 2017/04/14 14:54:13 ET
Table 'Riceia' 6-max Seat #4 is the button
Seat 3: Dron21200 ($174.66 in chips)
Seat 4: RockKillerTY ($130.28 in chips)
RockKillerTY: posts small blind $1
Dron21200: posts big blind $3
*** HOLE CARDS ***
RockKillerTY: folds
Uncalled bet ($2) returned to Dron21200
Dron21200 collected $2 from pot
Dron21200: doesn't show hand
*** SUMMARY ***
Total pot $2 | Rake $0
Seat 3: Dron21200 (big blind) collected ($2)
Seat 4: RockKillerTY (button) (small blind) folded before Flop


PokerStars Hand #169037512024:  Hold'em Limit ($3/$6 USD) - 2017/04/14 14:53:21 ET
Table 'Riceia' 6-max Seat #4 is the button
Seat 3: Dron21200 ($185.02 in chips)
Seat 4: RockKillerTY ($121 in chips)
RockKillerTY: posts small blind $1
Dron21200: posts big blind $3
*** HOLE CARDS ***
RockKillerTY: raises $3 to $6
Dron21200: calls $3
*** FLOP *** [Ks Qd Qh]
Dron21200: checks
RockKillerTY: bets $3
Dron21200: calls $3
*** TURN *** [Ks Qd Qh] [2s]
Dron21200: checks
RockKillerTY: checks
*** RIVER *** [Ks Qd Qh 2s] [Js]
Dron21200: checks
RockKillerTY: checks
*** SHOW DOWN ***
Dron21200: shows [3c 3s] (two pair, Queens and Threes)
RockKillerTY: mucks hand
Dron21200 collected $17.64 from pot
*** SUMMARY ***
Total pot $18 | Rake $0.36
Board [Ks Qd Qh 2s Js]
Seat 3: Dron21200 (big blind) showed [3c 3s] and won ($17.64) with two pair, Queens and Threes
Seat 4: RockKillerTY (button) (small blind) mucked


PokerStars Hand #169037529119:  Hold'em Limit ($3/$6 USD) - 2017/04/14 14:53:42 ET
Table 'Riceia' 6-max Seat #3 is the button
Seat 3: Dron21200 ($193.66 in chips)
Seat 4: RockKillerTY ($112 in chips)
Dron21200: posts small blind $1
RockKillerTY: posts big blind $3
*** HOLE CARDS ***
Dron21200: raises $3 to $6
RockKillerTY: raises $3 to $9
Dron21200: calls $3
*** FLOP *** [As 6h 3d]
RockKillerTY: bets $3
Dron21200: calls $3
*** TURN *** [As 6h 3d] [8c]
RockKillerTY: bets $6
Dron21200: folds
Uncalled bet ($6) returned to RockKillerTY
RockKillerTY collected $23.52 from pot
RockKillerTY: doesn't show hand
*** SUMMARY ***
Total pot $24 | Rake $0.48
Board [As 6h 3d 8c]
Seat 3: Dron21200 (button) (small blind) folded on the Turn
Seat 4: RockKillerTY (big blind) collected ($23.52)


PokerStars Hand #169037550428:  Hold'em Limit ($3/$6 USD) - 2017/04/14 14:54:08 ET
Table 'Riceia' 6-max Seat #3 is the button
Seat 3: Dron21200 ($175.66 in chips)
Seat 4: RockKillerTY ($129.28 in chips)
Dron21200: posts small blind $1
RockKillerTY: posts big blind $3
*** HOLE CARDS ***
Dron21200: folds
Uncalled bet ($2) returned to RockKillerTY
RockKillerTY collected $2 from pot
RockKillerTY: doesn't show hand
*** SUMMARY ***
Total pot $2 | Rake $0
Seat 3: Dron21200 (button) (small blind) folded before Flop
Seat 4: RockKillerTY (big blind) collected ($2)


PokerStars Hand #169037540040:  Hold'em Limit ($3/$6 USD) - 2017/04/14 14:53:56 ET
Table 'Riceia' 6-max Seat #4 is the button
Seat 3: Dron21200 ($181.66 in chips)
Seat 4: RockKillerTY ($123.52 in chips)
RockKillerTY: posts small blind $1
Dron21200: posts big blind $3
*** HOLE CARDS ***
RockKillerTY: raises $3 to $6
Dron21200: calls $3
*** FLOP *** [8h Ad Ah]
Dron21200: checks
RockKillerTY: bets $3
Dron21200: folds
Uncalled bet ($3) returned to RockKillerTY
RockKillerTY collected $11.76 from pot
RockKillerTY: doesn't show hand
*** SUMMARY ***
Total pot $12 | Rake $0.24
Board [8h Ad Ah]
Seat 3: Dron21200 (big blind) folded on the Flop
Seat 4: RockKillerTY (button) (small blind) collected ($11.76)


PokerStars Hand #169037560456:  Hold'em Limit ($3/$6 USD) - 2017/04/14 14:54:20 ET
Table 'Riceia' 6-max Seat #3 is the button
Seat 3: Dron21200 ($175.66 in chips)
Seat 4: RockKillerTY ($129.28 in chips)
Dron21200: posts small blind $1
RockKillerTY: posts big blind $3
*** HOLE CARDS ***
Dron21200: raises $3 to $6
RockKillerTY: calls $3
*** FLOP *** [3s Jc 6s]
RockKillerTY: checks
Dron21200: bets $3
RockKillerTY: calls $3
*** TURN *** [3s Jc 6s] [9h]
RockKillerTY: checks
Dron21200: bets $6
RockKillerTY: calls $6
*** RIVER *** [3s Jc 6s 9h] [6h]
RockKillerTY: checks
Dron21200: checks
*** SHOW DOWN ***
RockKillerTY: shows [3c 7c] (two pair, Sixes and Threes)
Dron21200: mucks hand
RockKillerTY collected $29.50 from pot
*** SUMMARY ***
Total pot $30 | Rake $0.50
Board [3s Jc 6s 9h 6h]
Seat 3: Dron21200 (button) (small blind) mucked
Seat 4: RockKillerTY (big blind) showed [3c 7c] and won ($29.50) with two pair, Sixes and Threes


PokerStars Hand #169037579548:  Hold'em Limit ($3/$6 USD) - 2017/04/14 14:54:44 ET
Table 'Riceia' 6-max Seat #4 is the button
Seat 3: Dron21200 ($160.66 in chips)
Seat 4: RockKillerTY ($143.78 in chips)
RockKillerTY: posts small blind $1
Dron21200: posts big blind $3
*** HOLE CARDS ***
RockKillerTY: folds
Uncalled bet ($2) returned to Dron21200
Dron21200 collected $2 from pot
Dron21200: doesn't show hand
*** SUMMARY ***
Total pot $2 | Rake $0
Seat 3: Dron21200 (big blind) collected ($2)
Seat 4: RockKillerTY (button) (small blind) folded before Flop


PokerStars Hand #169037583258:  Hold'em Limit ($3/$6 USD) - 2017/04/14 14:54:48 ET
Table 'Riceia' 6-max Seat #3 is the button
Seat 3: Dron21200 ($161.66 in chips)
Seat 4: RockKillerTY ($142.78 in chips)
Dron21200: posts small blind $1
RockKillerTY: posts big blind $3
*** HOLE CARDS ***
Dron21200: raises $3 to $6
perten joins the table at seat #1
RockKillerTY: folds
Uncalled bet ($3) returned to Dron21200
Dron21200 collected $6 from pot
Dron21200: doesn't show hand
*** SUMMARY ***
Total pot $6 | Rake $0
Seat 3: Dron21200 (button) (small blind) collected ($6)
Seat 4: RockKillerTY (big blind) folded before Flop


PokerStars Hand #169037638384:  Hold'em Limit ($3/$6 USD) - 2017/04/14 14:56:07 ET
Table 'Riceia' 6-max Seat #1 is the button
Seat 1: perten ($68.85 in chips)
Seat 4: RockKillerTY ($118.39 in chips)
perten: posts small blind $1
Dron21200 is disconnected
Dron21200 has timed out while disconnected
Dron21200: is sitting out
RockKillerTY: posts big blind $3
*** HOLE CARDS ***
perten: raises $3 to $6
RockKillerTY: calls $3
*** FLOP *** [7c 4s Kh]
RockKillerTY: checks
perten: bets $3
RockKillerTY: folds
Uncalled bet ($3) returned to perten
Dron21200 leaves the table
perten collected $11.76 from pot
perten: doesn't show hand
*** SUMMARY ***
Total pot $12 | Rake $0.24
Board [7c 4s Kh]
Seat 1: perten (button) (small blind) collected ($11.76)
Seat 4: RockKillerTY (big blind) folded on the Flop


PokerStars Hand #169037662674:  Hold'em Limit ($3/$6 USD) - 2017/04/14 14:56:44 ET
Table 'Riceia' 6-max Seat #4 is the button
Seat 1: perten ($74.61 in chips)
Seat 4: RockKillerTY ($112.39 in chips)
RockKillerTY: posts small blind $1
perten: posts big blind $3
*** HOLE CARDS ***
RockKillerTY: folds
Uncalled bet ($2) returned to perten
perten collected $2 from pot
perten: doesn't show hand
*** SUMMARY ***
Total pot $2 | Rake $0
Seat 1: perten (big blind) collected ($2)
Seat 4: RockKillerTY (button) (small blind) folded before Flop


PokerStars Hand #169047237732:  Hold'em Limit ($3/$6 USD) - 2017/04/14 18:08:09 ET
Table 'Riceia' 6-max Seat #3 is the button
Seat 3: bg vally ($100.50 in chips)
Seat 4: Actionni13 ($150 in chips)
bg vally: posts small blind $1
Actionni13: posts big blind $3
*** HOLE CARDS ***
bg vally: folds
Uncalled bet ($2) returned to Actionni13
Actionni13 collected $2 from pot
Actionni13: doesn't show hand
*** SUMMARY ***
Total pot $2 | Rake $0
Seat 3: bg vally (button) (small blind) folded before Flop
Seat 4: Actionni13 (big blind) collected ($2)


PokerStars Hand #169047234057:  Hold'em Limit ($3/$6 USD) - 2017/04/14 18:08:04 ET
Table 'Riceia' 6-max Seat #4 is the button
Seat 3: bg vally ($99.50 in chips)
Seat 4: Actionni13 ($150 in chips)
Actionni13: posts small blind $1
bg vally: posts big blind $3
*** HOLE CARDS ***
Actionni13: folds
Uncalled bet ($2) returned to bg vally
bg vally collected $2 from pot
*** SUMMARY ***
Total pot $2 | Rake $0
Seat 3: bg vally (big blind) collected ($2)
Seat 4: Actionni13 (button) (small blind) folded before Flop


PokerStars Hand #169047220447:  Hold'em Limit ($3/$6 USD) - 2017/04/14 18:07:46 ET
Table 'Riceia' 6-max Seat #3 is the button
Seat 3: bg vally ($85 in chips)
Seat 4: Actionni13 ($160.52 in chips)
bg vally: posts small blind $1
Actionni13: posts big blind $3
*** HOLE CARDS ***
bg vally: raises $3 to $6
Actionni13: raises $3 to $9
bg vally: raises $3 to $12
Betting is capped
Actionni13: calls $3
*** FLOP *** [3s 2d 9d]
Actionni13: checks
bg vally: bets $3
Actionni13: calls $3
*** TURN *** [3s 2d 9d] [Jd]
Actionni13: checks
bg vally: bets $6
Actionni13: folds
Uncalled bet ($6) returned to bg vally
bg vally collected $29.50 from pot
*** SUMMARY ***
Total pot $30 | Rake $0.50
Board [3s 2d 9d Jd]
Seat 3: bg vally (button) (small blind) collected ($29.50)
Seat 4: Actionni13 (big blind) folded on the Turn


PokerStars Hand #169047265491:  Hold'em Limit ($3/$6 USD) - 2017/04/14 18:08:45 ET
Table 'Riceia' 6-max Seat #4 is the button
Seat 3: bg vally ($69.50 in chips)
Seat 4: Actionni13 ($180.26 in chips)
Actionni13: posts small blind $1
bg vally: posts big blind $3
*** HOLE CARDS ***
Actionni13: raises $3 to $6
bg vally: calls $3
*** FLOP *** [6s Jd 9c]
bg vally: bets $3
Actionni13: calls $3
*** TURN *** [6s Jd 9c] [6h]
bg vally: bets $6
Actionni13: folds
Uncalled bet ($6) returned to bg vally
bg vally collected $17.64 from pot
bg vally: doesn't show hand
*** SUMMARY ***
Total pot $18 | Rake $0.36
Board [6s Jd 9c 6h]
Seat 3: bg vally (big blind) collected ($17.64)
Seat 4: Actionni13 (button) (small blind) folded on the Turn


PokerStars Hand #169047249170:  Hold'em Limit ($3/$6 USD) - 2017/04/14 18:08:24 ET
Table 'Riceia' 6-max Seat #3 is the button
Seat 3: bg vally ($93.50 in chips)
Seat 4: Actionni13 ($156.76 in chips)
bg vally: posts small blind $1
Actionni13: posts big blind $3
*** HOLE CARDS ***
bg vally: raises $3 to $6
Actionni13: calls $3
*** FLOP *** [Kh 7d 5c]
Actionni13: checks
bg vally: bets $3
Actionni13: raises $3 to $6
bg vally: calls $3
*** TURN *** [Kh 7d 5c] [3d]
Actionni13: bets $6
bg vally: calls $6
*** RIVER *** [Kh 7d 5c 3d] [4d]
Actionni13: bets $6
bg vally: calls $6
*** SHOW DOWN ***
Actionni13: shows [8s 7h] (a pair of Sevens)
bg vally: mucks hand
Actionni13 collected $47.50 from pot
*** SUMMARY ***
Total pot $48 | Rake $0.50
Board [Kh 7d 5c 3d 4d]
Seat 3: bg vally (button) (small blind) mucked
Seat 4: Actionni13 (big blind) showed [8s 7h] and won ($47.50) with a pair of Sevens


PokerStars Hand #169047242198:  Hold'em Limit ($3/$6 USD) - 2017/04/14 18:08:14 ET
Table 'Riceia' 6-max Seat #4 is the button
Seat 3: bg vally ($99.50 in chips)
Seat 4: Actionni13 ($151 in chips)
Actionni13: posts small blind $1
bg vally: posts big blind $3
*** HOLE CARDS ***
Actionni13: raises $3 to $6
bg vally: calls $3
*** FLOP *** [Kc 8h Qs]
bg vally: checks
Actionni13: bets $3
bg vally: folds
Uncalled bet ($3) returned to Actionni13
Actionni13 collected $11.76 from pot
Actionni13: doesn't show hand
*** SUMMARY ***
Total pot $12 | Rake $0.24
Board [Kc 8h Qs]
Seat 3: bg vally (big blind) folded on the Flop
Seat 4: Actionni13 (button) (small blind) collected ($11.76)


PokerStars Hand #169047329443:  Hold'em Limit ($3/$6 USD) - 2017/04/14 18:10:08 ET
Table 'Riceia' 6-max Seat #3 is the button
Seat 3: bg vally ($116.14 in chips)
Seat 4: Actionni13 ($150 in chips)
bg vally: posts small blind $1
Actionni13: posts big blind $3
*** HOLE CARDS ***
bg vally: raises $3 to $6
Actionni13: folds
Uncalled bet ($3) returned to bg vally
hairy1961 joins the table at seat #2
bg vally collected $6 from pot
*** SUMMARY ***
Total pot $6 | Rake $0
Seat 3: bg vally (button) (small blind) collected ($6)
Seat 4: Actionni13 (big blind) folded before Flop


PokerStars Hand #169047309729:  Hold'em Limit ($3/$6 USD) - 2017/04/14 18:09:43 ET
Table 'Riceia' 6-max Seat #4 is the button
Seat 3: bg vally ($101.64 in chips)
Seat 4: Actionni13 ($155.64 in chips)
Actionni13: posts small blind $1
bg vally: posts big blind $3
*** HOLE CARDS ***
Actionni13: raises $3 to $6
bg vally: raises $3 to $9
Actionni13: raises $3 to $12
Betting is capped
bg vally: calls $3
*** FLOP *** [Ac 3s Ah]
bg vally: bets $3
Actionni13: calls $3
*** TURN *** [Ac 3s Ah] [5c]
bg vally: checks
Actionni13: checks
*** RIVER *** [Ac 3s Ah 5c] [5h]
bg vally: bets $6
Actionni13: folds
Uncalled bet ($6) returned to bg vally
bg vally collected $29.50 from pot
bg vally: shows [Td Ad] (a full house, Aces full of Fives)
*** SUMMARY ***
Total pot $30 | Rake $0.50
Board [Ac 3s Ah 5c 5h]
Seat 3: bg vally (big blind) collected ($29.50)
Seat 4: Actionni13 (button) (small blind) folded on the River


PokerStars Hand #169047303737:  Hold'em Limit ($3/$6 USD) - 2017/04/14 18:09:35 ET
Table 'Riceia' 6-max Seat #3 is the button
Seat 3: bg vally ($98.64 in chips)
Seat 4: Actionni13 ($158.64 in chips)
bg vally: posts small blind $1
Actionni13: posts big blind $3
*** HOLE CARDS ***
bg vally: raises $3 to $6
Actionni13: folds
Uncalled bet ($3) returned to bg vally
bg vally collected $6 from pot
bg vally: doesn't show hand
*** SUMMARY ***
Total pot $6 | Rake $0
Seat 3: bg vally (button) (small blind) collected ($6)
Seat 4: Actionni13 (big blind) folded before Flop


PokerStars Hand #169047292452:  Hold'em Limit ($3/$6 USD) - 2017/04/14 18:09:20 ET
Table 'Riceia' 6-max Seat #4 is the button
Seat 3: bg vally ($107.64 in chips)
Seat 4: Actionni13 ($150 in chips)
Actionni13: posts small blind $1
bg vally: posts big blind $3
*** HOLE CARDS ***
Actionni13: raises $3 to $6
bg vally: calls $3
*** FLOP *** [4s 9d 6h]
bg vally: checks
Actionni13: bets $3
bg vally: calls $3
*** TURN *** [4s 9d 6h] [Ts]
bg vally: checks
Actionni13: bets $6
bg vally: folds
Uncalled bet ($6) returned to Actionni13
Actionni13 collected $17.64 from pot
Actionni13: doesn't show hand
*** SUMMARY ***
Total pot $18 | Rake $0.36
Board [4s 9d 6h Ts]
Seat 3: bg vally (big blind) folded on the Turn
Seat 4: Actionni13 (button) (small blind) collected ($17.64)


PokerStars Hand #169047278031:  Hold'em Limit ($3/$6 USD) - 2017/04/14 18:09:01 ET
Table 'Riceia' 6-max Seat #3 is the button
Seat 3: bg vally ($78.14 in chips)
Seat 4: Actionni13 ($171.26 in chips)
bg vally: posts small blind $1
Actionni13: posts big blind $3
*** HOLE CARDS ***
bg vally: raises $3 to $6
Actionni13: calls $3
*** FLOP *** [2h Ad 5s]
Actionni13: checks
bg vally: bets $3
Actionni13: raises $3 to $6
bg vally: raises $3 to $9
Actionni13: raises $3 to $12
Betting is capped
bg vally: calls $3
*** TURN *** [2h Ad 5s] [2s]
Actionni13: bets $6
bg vally: calls $6
*** RIVER *** [2h Ad 5s 2s] [Jc]
Actionni13: bets $6
bg vally: calls $6
*** SHOW DOWN ***
Actionni13: shows [Qd 7h] (a pair of Deuces)
bg vally: shows [6d As] (two pair, Aces and Deuces)
bg vally collected $59.50 from pot
*** SUMMARY ***
Total pot $60 | Rake $0.50
Board [2h Ad 5s 2s Jc]
Seat 3: bg vally (button) (small blind) showed [6d As] and won ($59.50) with two pair, Aces and Deuces
Seat 4: Actionni13 (big blind) showed [Qd 7h] and lost with a pair of Deuces


PokerStars Hand #169047363994:  Hold'em Limit ($3/$6 USD) - 2017/04/14 18:10:53 ET
Table 'Riceia' 6-max Seat #2 is the button
Seat 2: hairy1961 ($52.64 in chips)
Seat 4: Actionni13 ($153 in chips)
hairy1961: posts small blind $1
Actionni13: posts big blind $3
*** HOLE CARDS ***
hairy1961: folds
Uncalled bet ($2) returned to Actionni13
Actionni13 collected $2 from pot
Actionni13: doesn't show hand
*** SUMMARY ***
Total pot $2 | Rake $0
Seat 2: hairy1961 (button) (small blind) folded before Flop
Seat 4: Actionni13 (big blind) collected ($2)


PokerStars Hand #169047359388:  Hold'em Limit ($3/$6 USD) - 2017/04/14 18:10:47 ET
Table 'Riceia' 6-max Seat #4 is the button
Seat 2: hairy1961 ($55.64 in chips)
Seat 4: Actionni13 ($150 in chips)
Actionni13: posts small blind $1
hairy1961: posts big blind $3
*** HOLE CARDS ***
Actionni13: raises $3 to $6
hairy1961: folds
Uncalled bet ($3) returned to Actionni13
Actionni13 collected $6 from pot
Actionni13: doesn't show hand
*** SUMMARY ***
Total pot $6 | Rake $0
Seat 2: hairy1961 (big blind) folded before Flop
Seat 4: Actionni13 (button) (small blind) collected ($6)


PokerStars Hand #169047344898:  Hold'em Limit ($3/$6 USD) - 2017/04/14 18:10:28 ET
Table 'Riceia' 6-max Seat #2 is the button
Seat 2: hairy1961 ($47 in chips)
Seat 4: Actionni13 ($153 in chips)
hairy1961: posts small blind $1
Actionni13: posts big blind $3
*** HOLE CARDS ***
hairy1961: raises $3 to $6
Actionni13: calls $3
*** FLOP *** [3c Ac 4d]
Actionni13: checks
hairy1961: bets $3
Actionni13: calls $3
*** TURN *** [3c Ac 4d] [6s]
Actionni13: checks
hairy1961: bets $6
Actionni13: folds
Uncalled bet ($6) returned to hairy1961
hairy1961 collected $17.64 from pot
*** SUMMARY ***
Total pot $18 | Rake $0.36
Board [3c Ac 4d 6s]
Seat 2: hairy1961 (button) (small blind) collected ($17.64)
Seat 4: Actionni13 (big blind) folded on the Turn


PokerStars Hand #169047388211:  Hold'em Limit ($3/$6 USD) - 2017/04/14 18:11:25 ET
Table 'Riceia' 6-max Seat #2 is the button
Seat 2: hairy1961 ($12.64 in chips)
Seat 4: Actionni13 ($192.50 in chips)
hairy1961: posts small blind $1
Actionni13: posts big blind $3
*** HOLE CARDS ***
hairy1961: raises $3 to $6
Actionni13: calls $3
*** FLOP *** [9h Ks 6c]
Actionni13: checks
hairy1961: bets $3
Actionni13: calls $3
*** TURN *** [9h Ks 6c] [6s]
Actionni13: checks
hairy1961: bets $3.64 and is all-in
Actionni13: calls $3.64
*** RIVER *** [9h Ks 6c 6s] [9c]
*** SHOW DOWN ***
Actionni13: shows [6d 4d] (a full house, Sixes full of Nines)
hairy1961: shows [Jc Js] (two pair, Jacks and Nines)
Actionni13 collected $24.78 from pot
*** SUMMARY ***
Total pot $25.28 | Rake $0.50
Board [9h Ks 6c 6s 9c]
Seat 2: hairy1961 (button) (small blind) showed [Jc Js] and lost with two pair, Jacks and Nines
Seat 4: Actionni13 (big blind) showed [6d 4d] and won ($24.78) with a full house, Sixes full of Nines


PokerStars Hand #169047368388:  Hold'em Limit ($3/$6 USD) - 2017/04/14 18:10:59 ET
Table 'Riceia' 6-max Seat #4 is the button
Seat 2: hairy1961 ($51.64 in chips)
Seat 4: Actionni13 ($154 in chips)
Actionni13: posts small blind $1
hairy1961: posts big blind $3
*** HOLE CARDS ***
Actionni13: raises $3 to $6
hairy1961: calls $3
*** FLOP *** [7c 7h 9c]
hairy1961: bets $3
Actionni13: calls $3
*** TURN *** [7c 7h 9c] [Ts]
hairy1961: bets $6
Actionni13: raises $6 to $12
hairy1961: raises $6 to $18
Actionni13: raises $6 to $24
Betting is capped
hairy1961: calls $6
*** RIVER *** [7c 7h 9c Ts] [Qd]
hairy1961: bets $6
Actionni13: calls $6
*** SHOW DOWN ***
hairy1961: shows [6c Qh] (two pair, Queens and Sevens)
Actionni13: shows [6h 8h] (a straight, Six to Ten)
Actionni13 collected $77.50 from pot
*** SUMMARY ***
Total pot $78 | Rake $0.50
Board [7c 7h 9c Ts Qd]
Seat 2: hairy1961 (big blind) showed [6c Qh] and lost with two pair, Queens and Sevens
Seat 4: Actionni13 (button) (small blind) showed [6h 8h] and won ($77.50) with a straight, Six to Ten


