PokerStars Hand #144959459692:  Hold'em Limit ($3/$6 USD) - 2015/12/07 6:56:32 ET
Table 'Riceia' 6-max Seat #2 is the button
Seat 2: oregordog ($120 in chips)
Seat 3: TbIP-TbIP 88 ($72 in chips)
oregordog: posts small blind $1
TbIP-TbIP 88: posts big blind $3
*** HOLE CARDS ***
oregordog: raises $3 to $6
TbIP-TbIP 88: calls $3
*** FLOP *** [Jh 9d 7d]
donjuanmt joins the table at seat #4
TbIP-TbIP 88: checks
oregordog: bets $3
TbIP-TbIP 88: folds
Uncalled bet ($3) returned to oregordog
oregordog collected $11.76 from pot
oregordog: doesn't show hand
*** SUMMARY ***
Total pot $12 | Rake $0.24
Board [Jh 9d 7d]
Seat 2: oregordog (button) (small blind) collected ($11.76)
Seat 3: TbIP-TbIP 88 (big blind) folded on the Flop


PokerStars Hand #144959899807:  Hold'em Limit ($3/$6 USD) - 2015/12/07 7:09:33 ET
Table 'Riceia' 6-max Seat #6 is the button
Seat 4: donjuanmt ($93.38 in chips)
Seat 6: swics1202 ($115.99 in chips)
swics1202: posts small blind $1
HAL9QQQ: is sitting out
donjuanmt: posts big blind $3
*** HOLE CARDS ***
swics1202: raises $3 to $6
donjuanmt: calls $3
*** FLOP *** [Qc 8d 9h]
donjuanmt: checks
swics1202: bets $3
donjuanmt: folds
Uncalled bet ($3) returned to swics1202
swics1202 collected $11.76 from pot
swics1202: doesn't show hand
*** SUMMARY ***
Total pot $12 | Rake $0.24
Board [Qc 8d 9h]
Seat 4: donjuanmt (big blind) folded on the Flop
Seat 6: swics1202 (button) (small blind) collected ($11.76)


