PokerStars Hand #152128715437:  Hold'em Limit ($3/$6 USD) - 2016/04/19 1:17:01 ET
Table 'Riceia' 6-max Seat #3 is the button
Seat 3: fabricio004 ($120 in chips)
Seat 4: VolkovDmitri ($120 in chips)
fabricio004: posts small blind $1
VolkovDmitri: posts big blind $3
*** HOLE CARDS ***
fabricio004: folds
Uncalled bet ($2) returned to VolkovDmitri
VolkovDmitri collected $2 from pot
VolkovDmitri: doesn't show hand
*** SUMMARY ***
Total pot $2 | Rake $0
Seat 3: fabricio004 (button) (small blind) folded before Flop
Seat 4: VolkovDmitri (big blind) collected ($2)


PokerStars Hand #152128730413:  Hold'em Limit ($3/$6 USD) - 2016/04/19 1:18:00 ET
Table 'Riceia' 6-max Seat #3 is the button
Seat 3: fabricio004 ($130.52 in chips)
Seat 4: VolkovDmitri ($120 in chips)
fabricio004: posts small blind $1
VolkovDmitri: posts big blind $3
*** HOLE CARDS ***
fabricio004: folds
Uncalled bet ($2) returned to VolkovDmitri
VolkovDmitri collected $2 from pot
VolkovDmitri: doesn't show hand
*** SUMMARY ***
Total pot $2 | Rake $0
Seat 3: fabricio004 (button) (small blind) folded before Flop
Seat 4: VolkovDmitri (big blind) collected ($2)


PokerStars Hand #152128717684:  Hold'em Limit ($3/$6 USD) - 2016/04/19 1:17:10 ET
Table 'Riceia' 6-max Seat #4 is the button
Seat 3: fabricio004 ($119 in chips)
Seat 4: VolkovDmitri ($121 in chips)
VolkovDmitri: posts small blind $1
fabricio004: posts big blind $3
*** HOLE CARDS ***
MissEKAmouse joins the table at seat #2
VolkovDmitri: raises $3 to $6
fabricio004: raises $3 to $9
VolkovDmitri: calls $3
*** FLOP *** [Js Ac 4h]
fabricio004: checks
VolkovDmitri: bets $3
fabricio004: calls $3
*** TURN *** [Js Ac 4h] [6s]
fabricio004: checks
VolkovDmitri: checks
*** RIVER *** [Js Ac 4h 6s] [9s]
fabricio004: bets $6
VolkovDmitri: folds
Uncalled bet ($6) returned to fabricio004
fabricio004 collected $23.52 from pot
fabricio004: doesn't show hand
*** SUMMARY ***
Total pot $24 | Rake $0.48
Board [Js Ac 4h 6s 9s]
Seat 3: fabricio004 (big blind) collected ($23.52)
Seat 4: VolkovDmitri (button) (small blind) folded on the River


PokerStars Hand #152129415823:  Hold'em Limit ($3/$6 USD) - 2016/04/19 2:02:33 ET
Table 'Riceia' 6-max Seat #2 is the button
Seat 1: Velbor107 ($344.99 in chips)
Seat 2: oregordog ($83 in chips)
oregordog: posts small blind $1
Velbor107: posts big blind $3
*** HOLE CARDS ***
oregordog: folds
Uncalled bet ($2) returned to Velbor107
Velbor107 collected $2 from pot
*** SUMMARY ***
Total pot $2 | Rake $0
Seat 1: Velbor107 (big blind) collected ($2)
Seat 2: oregordog (button) (small blind) folded before Flop


PokerStars Hand #152129429306:  Hold'em Limit ($3/$6 USD) - 2016/04/19 2:03:25 ET
Table 'Riceia' 6-max Seat #1 is the button
Seat 1: Velbor107 ($338.99 in chips)
Seat 2: oregordog ($88.76 in chips)
Velbor107: posts small blind $1
oregordog: posts big blind $3
*** HOLE CARDS ***
Velbor107: folds
Uncalled bet ($2) returned to oregordog
oregordog collected $2 from pot
*** SUMMARY ***
Total pot $2 | Rake $0
Seat 1: Velbor107 (button) (small blind) folded before Flop
Seat 2: oregordog (big blind) collected ($2)


PokerStars Hand #152129423019:  Hold'em Limit ($3/$6 USD) - 2016/04/19 2:03:01 ET
Table 'Riceia' 6-max Seat #2 is the button
Seat 1: Velbor107 ($344.99 in chips)
Seat 2: oregordog ($83 in chips)
oregordog: posts small blind $1
Velbor107: posts big blind $3
*** HOLE CARDS ***
oregordog: raises $3 to $6
Velbor107: calls $3
*** FLOP *** [8h Ks Kc]
Velbor107: checks
oregordog: checks
*** TURN *** [8h Ks Kc] [Jh]
Velbor107: checks
oregordog: bets $6
Velbor107: folds
Uncalled bet ($6) returned to oregordog
oregordog collected $11.76 from pot
*** SUMMARY ***
Total pot $12 | Rake $0.24
Board [8h Ks Kc Jh]
Seat 1: Velbor107 (big blind) folded on the Turn
Seat 2: oregordog (button) (small blind) collected ($11.76)


PokerStars Hand #152129421126:  Hold'em Limit ($3/$6 USD) - 2016/04/19 2:02:54 ET
Table 'Riceia' 6-max Seat #1 is the button
Seat 1: Velbor107 ($345.99 in chips)
Seat 2: oregordog ($82 in chips)
Velbor107: posts small blind $1
oregordog: posts big blind $3
*** HOLE CARDS ***
Velbor107: folds
Uncalled bet ($2) returned to oregordog
oregordog collected $2 from pot
*** SUMMARY ***
Total pot $2 | Rake $0
Seat 1: Velbor107 (button) (small blind) folded before Flop
Seat 2: oregordog (big blind) collected ($2)


PokerStars Hand #152129418919:  Hold'em Limit ($3/$6 USD) - 2016/04/19 2:02:45 ET
Table 'Riceia' 6-max Seat #2 is the button
Seat 1: Velbor107 ($348.99 in chips)
Seat 2: oregordog ($79 in chips)
oregordog: posts small blind $1
Velbor107: posts big blind $3
*** HOLE CARDS ***
oregordog: raises $3 to $6
Velbor107: folds
Uncalled bet ($3) returned to oregordog
oregordog collected $6 from pot
*** SUMMARY ***
Total pot $6 | Rake $0
Seat 1: Velbor107 (big blind) folded before Flop
Seat 2: oregordog (button) (small blind) collected ($6)


PokerStars Hand #152129417020:  Hold'em Limit ($3/$6 USD) - 2016/04/19 2:02:38 ET
Table 'Riceia' 6-max Seat #1 is the button
Seat 1: Velbor107 ($345.99 in chips)
Seat 2: oregordog ($82 in chips)
Velbor107: posts small blind $1
oregordog: posts big blind $3
*** HOLE CARDS ***
Velbor107: raises $3 to $6
oregordog: folds
Uncalled bet ($3) returned to Velbor107
Velbor107 collected $6 from pot
*** SUMMARY ***
Total pot $6 | Rake $0
Seat 1: Velbor107 (button) (small blind) collected ($6)
Seat 2: oregordog (big blind) folded before Flop


PokerStars Hand #152129440249:  Hold'em Limit ($3/$6 USD) - 2016/04/19 2:04:07 ET
Table 'Riceia' 6-max Seat #1 is the button
Seat 1: Velbor107 ($319.99 in chips)
Seat 2: oregordog ($107.26 in chips)
Velbor107: posts small blind $1
oregordog: posts big blind $3
*** HOLE CARDS ***
Velbor107: raises $3 to $6
oregordog: calls $3
*** FLOP *** [6h 6s Jd]
oregordog: checks
Velbor107: bets $3
oregordog: folds
Uncalled bet ($3) returned to Velbor107
Velbor107 collected $11.76 from pot
*** SUMMARY ***
Total pot $12 | Rake $0.24
Board [6h 6s Jd]
Seat 1: Velbor107 (button) (small blind) collected ($11.76)
Seat 2: oregordog (big blind) folded on the Flop


PokerStars Hand #152129431028:  Hold'em Limit ($3/$6 USD) - 2016/04/19 2:03:32 ET
Table 'Riceia' 6-max Seat #2 is the button
Seat 1: Velbor107 ($337.99 in chips)
Seat 2: oregordog ($89.76 in chips)
oregordog: posts small blind $1
Velbor107: posts big blind $3
*** HOLE CARDS ***
oregordog: raises $3 to $6
Velbor107: calls $3
*** FLOP *** [Ts Kh 2c]
Velbor107: checks
oregordog: checks
*** TURN *** [Ts Kh 2c] [Qd]
Velbor107: bets $6
oregordog: calls $6
*** RIVER *** [Ts Kh 2c Qd] [Td]
Velbor107: bets $6
oregordog: calls $6
*** SHOW DOWN ***
Velbor107: shows [4c 5h] (a pair of Tens)
oregordog: shows [8h As] (a pair of Tens - Ace kicker)
oregordog collected $35.50 from pot
*** SUMMARY ***
Total pot $36 | Rake $0.50
Board [Ts Kh 2c Qd Td]
Seat 1: Velbor107 (big blind) showed [4c 5h] and lost with a pair of Tens
Seat 2: oregordog (button) (small blind) showed [8h As] and won ($35.50) with a pair of Tens


PokerStars Hand #152129451607:  Hold'em Limit ($3/$6 USD) - 2016/04/19 2:04:51 ET
Table 'Riceia' 6-max Seat #1 is the button
Seat 1: Velbor107 ($310.75 in chips)
Seat 2: oregordog ($115.76 in chips)
Velbor107: posts small blind $1
oregordog: posts big blind $3
*** HOLE CARDS ***
Velbor107: raises $3 to $6
oregordog: calls $3
*** FLOP *** [Kh 8d 7c]
oregordog: checks
Velbor107: bets $3
oregordog: calls $3
*** TURN *** [Kh 8d 7c] [Qh]
oregordog: checks
Velbor107: checks
*** RIVER *** [Kh 8d 7c Qh] [As]
oregordog: checks
Velbor107: checks
*** SHOW DOWN ***
oregordog: shows [2d Kc] (a pair of Kings)
Velbor107: mucks hand
oregordog collected $17.64 from pot
*** SUMMARY ***
Total pot $18 | Rake $0.36
Board [Kh 8d 7c Qh As]
Seat 1: Velbor107 (button) (small blind) mucked
Seat 2: oregordog (big blind) showed [2d Kc] and won ($17.64) with a pair of Kings


PokerStars Hand #152129444492:  Hold'em Limit ($3/$6 USD) - 2016/04/19 2:04:24 ET
Table 'Riceia' 6-max Seat #2 is the button
Seat 1: Velbor107 ($325.75 in chips)
Seat 2: oregordog ($101.26 in chips)
oregordog: posts small blind $1
Velbor107: posts big blind $3
*** HOLE CARDS ***
oregordog: raises $3 to $6
Velbor107: calls $3
*** FLOP *** [Kh Qc 7h]
Velbor107: checks
oregordog: bets $3
Velbor107: calls $3
*** TURN *** [Kh Qc 7h] [6s]
Velbor107: checks
oregordog: bets $6
Velbor107: calls $6
*** RIVER *** [Kh Qc 7h 6s] [Th]
Velbor107: checks
oregordog: checks
*** SHOW DOWN ***
Velbor107: shows [2s Ad] (high card Ace)
oregordog: shows [Ts Qs] (two pair, Queens and Tens)
oregordog collected $29.50 from pot
*** SUMMARY ***
Total pot $30 | Rake $0.50
Board [Kh Qc 7h 6s Th]
Seat 1: Velbor107 (big blind) showed [2s Ad] and lost with high card Ace
Seat 2: oregordog (button) (small blind) showed [Ts Qs] and won ($29.50) with two pair, Queens and Tens


PokerStars Hand #152129471756:  Hold'em Limit ($3/$6 USD) - 2016/04/19 2:06:09 ET
Table 'Riceia' 6-max Seat #1 is the button
Seat 1: Velbor107 ($277.75 in chips)
Seat 2: oregordog ($147.90 in chips)
Velbor107: posts small blind $1
oregordog: posts big blind $3
*** HOLE CARDS ***
Velbor107: raises $3 to $6
oregordog: calls $3
*** FLOP *** [Jh 5d Js]
oregordog: checks
Velbor107: bets $3
oregordog: calls $3
*** TURN *** [Jh 5d Js] [Kh]
oregordog: checks
Velbor107: bets $6
oregordog: folds
Uncalled bet ($6) returned to Velbor107
Velbor107 collected $17.64 from pot
*** SUMMARY ***
Total pot $18 | Rake $0.36
Board [Jh 5d Js Kh]
Seat 1: Velbor107 (button) (small blind) collected ($17.64)
Seat 2: oregordog (big blind) folded on the Turn


PokerStars Hand #152129459251:  Hold'em Limit ($3/$6 USD) - 2016/04/19 2:05:21 ET
Table 'Riceia' 6-max Seat #2 is the button
Seat 1: Velbor107 ($301.75 in chips)
Seat 2: oregordog ($124.40 in chips)
oregordog: posts small blind $1
Velbor107: posts big blind $3
*** HOLE CARDS ***
oregordog: raises $3 to $6
Velbor107: raises $3 to $9
oregordog: calls $3
*** FLOP *** [Kh Qd 4d]
Velbor107: bets $3
oregordog: calls $3
*** TURN *** [Kh Qd 4d] [Td]
Velbor107: checks
oregordog: bets $6
Velbor107: calls $6
*** RIVER *** [Kh Qd 4d Td] [Tc]
Velbor107: checks
oregordog: bets $6
Velbor107: calls $6
*** SHOW DOWN ***
oregordog: shows [7d 6d] (a flush, Queen high)
Velbor107: mucks hand
oregordog collected $47.50 from pot
*** SUMMARY ***
Total pot $48 | Rake $0.50
Board [Kh Qd 4d Td Tc]
Seat 1: Velbor107 (big blind) mucked
Seat 2: oregordog (button) (small blind) showed [7d 6d] and won ($47.50) with a flush, Queen high


PokerStars Hand #152129482096:  Hold'em Limit ($3/$6 USD) - 2016/04/19 2:06:50 ET
Table 'Riceia' 6-max Seat #2 is the button
Seat 1: Velbor107 ($282.39 in chips)
Seat 2: oregordog ($142.90 in chips)
oregordog: posts small blind $1
Velbor107: posts big blind $3
*** HOLE CARDS ***
oregordog: raises $3 to $6
Velbor107: calls $3
*** FLOP *** [4h Jd 3d]
Velbor107: checks
oregordog: bets $3
Velbor107: calls $3
*** TURN *** [4h Jd 3d] [Jc]
Velbor107: checks
oregordog: checks
*** RIVER *** [4h Jd 3d Jc] [4s]
Velbor107: checks
oregordog: bets $6
Velbor107: calls $6
*** SHOW DOWN ***
oregordog: shows [6c 3c] (two pair, Jacks and Fours)
Velbor107: shows [Qh Ts] (two pair, Jacks and Fours - Queen kicker)
Velbor107 collected $29.50 from pot
*** SUMMARY ***
Total pot $30 | Rake $0.50
Board [4h Jd 3d Jc 4s]
Seat 1: Velbor107 (big blind) showed [Qh Ts] and won ($29.50) with two pair, Jacks and Fours
Seat 2: oregordog (button) (small blind) showed [6c 3c] and lost with two pair, Jacks and Fours


PokerStars Hand #152129480507:  Hold'em Limit ($3/$6 USD) - 2016/04/19 2:06:44 ET
Table 'Riceia' 6-max Seat #1 is the button
Seat 1: Velbor107 ($283.39 in chips)
Seat 2: oregordog ($141.90 in chips)
Velbor107: posts small blind $1
oregordog: posts big blind $3
*** HOLE CARDS ***
Velbor107: folds
Uncalled bet ($2) returned to oregordog
oregordog collected $2 from pot
*** SUMMARY ***
Total pot $2 | Rake $0
Seat 1: Velbor107 (button) (small blind) folded before Flop
Seat 2: oregordog (big blind) collected ($2)


PokerStars Hand #152129478182:  Hold'em Limit ($3/$6 USD) - 2016/04/19 2:06:34 ET
Table 'Riceia' 6-max Seat #2 is the button
Seat 1: Velbor107 ($286.39 in chips)
Seat 2: oregordog ($138.90 in chips)
oregordog: posts small blind $1
Velbor107: posts big blind $3
*** HOLE CARDS ***
oregordog: raises $3 to $6
Velbor107: folds
Uncalled bet ($3) returned to oregordog
oregordog collected $6 from pot
*** SUMMARY ***
Total pot $6 | Rake $0
Seat 1: Velbor107 (big blind) folded before Flop
Seat 2: oregordog (button) (small blind) collected ($6)


PokerStars Hand #152129506932:  Hold'em Limit ($3/$6 USD) - 2016/04/19 2:08:26 ET
Table 'Riceia' 6-max Seat #1 is the button
Seat 1: Velbor107 ($284.89 in chips)
Seat 2: oregordog ($139.40 in chips)
Velbor107: posts small blind $1
oregordog: posts big blind $3
*** HOLE CARDS ***
Velbor107: folds
Uncalled bet ($2) returned to oregordog
oregordog collected $2 from pot
*** SUMMARY ***
Total pot $2 | Rake $0
Seat 1: Velbor107 (button) (small blind) folded before Flop
Seat 2: oregordog (big blind) collected ($2)


PokerStars Hand #152129505369:  Hold'em Limit ($3/$6 USD) - 2016/04/19 2:08:20 ET
Table 'Riceia' 6-max Seat #2 is the button
Seat 1: Velbor107 ($287.89 in chips)
Seat 2: oregordog ($136.40 in chips)
oregordog: posts small blind $1
Velbor107: posts big blind $3
*** HOLE CARDS ***
oregordog: raises $3 to $6
Velbor107: folds
Uncalled bet ($3) returned to oregordog
oregordog collected $6 from pot
*** SUMMARY ***
Total pot $6 | Rake $0
Seat 1: Velbor107 (big blind) folded before Flop
Seat 2: oregordog (button) (small blind) collected ($6)


PokerStars Hand #152129503788:  Hold'em Limit ($3/$6 USD) - 2016/04/19 2:08:14 ET
Table 'Riceia' 6-max Seat #1 is the button
Seat 1: Velbor107 ($284.89 in chips)
Seat 2: oregordog ($139.40 in chips)
Velbor107: posts small blind $1
oregordog: posts big blind $3
*** HOLE CARDS ***
Velbor107: raises $3 to $6
oregordog: folds
Uncalled bet ($3) returned to Velbor107
Velbor107 collected $6 from pot
*** SUMMARY ***
Total pot $6 | Rake $0
Seat 1: Velbor107 (button) (small blind) collected ($6)
Seat 2: oregordog (big blind) folded before Flop


PokerStars Hand #152129502584:  Hold'em Limit ($3/$6 USD) - 2016/04/19 2:08:09 ET
Table 'Riceia' 6-max Seat #2 is the button
Seat 1: Velbor107 ($283.89 in chips)
Seat 2: oregordog ($140.40 in chips)
oregordog: posts small blind $1
Velbor107: posts big blind $3
*** HOLE CARDS ***
oregordog: folds
Uncalled bet ($2) returned to Velbor107
Velbor107 collected $2 from pot
*** SUMMARY ***
Total pot $2 | Rake $0
Seat 1: Velbor107 (big blind) collected ($2)
Seat 2: oregordog (button) (small blind) folded before Flop


PokerStars Hand #152129501484:  Hold'em Limit ($3/$6 USD) - 2016/04/19 2:08:05 ET
Table 'Riceia' 6-max Seat #1 is the button
Seat 1: Velbor107 ($284.89 in chips)
Seat 2: oregordog ($139.40 in chips)
Velbor107: posts small blind $1
oregordog: posts big blind $3
*** HOLE CARDS ***
Velbor107: folds
Uncalled bet ($2) returned to oregordog
oregordog collected $2 from pot
*** SUMMARY ***
Total pot $2 | Rake $0
Seat 1: Velbor107 (button) (small blind) folded before Flop
Seat 2: oregordog (big blind) collected ($2)


PokerStars Hand #152129494773:  Hold'em Limit ($3/$6 USD) - 2016/04/19 2:07:39 ET
Table 'Riceia' 6-max Seat #2 is the button
Seat 1: Velbor107 ($299.89 in chips)
Seat 2: oregordog ($124.90 in chips)
oregordog: posts small blind $1
Velbor107: posts big blind $3
*** HOLE CARDS ***
oregordog: raises $3 to $6
Velbor107: calls $3
*** FLOP *** [Qd 6h Td]
Velbor107: checks
oregordog: bets $3
Velbor107: calls $3
*** TURN *** [Qd 6h Td] [5h]
Velbor107: checks
oregordog: bets $6
Velbor107: calls $6
*** RIVER *** [Qd 6h Td 5h] [2h]
Velbor107: checks
oregordog: checks
*** SHOW DOWN ***
Velbor107: shows [2c Ah] (a pair of Deuces)
oregordog: shows [8c 6c] (a pair of Sixes)
oregordog collected $29.50 from pot
*** SUMMARY ***
Total pot $30 | Rake $0.50
Board [Qd 6h Td 5h 2h]
Seat 1: Velbor107 (big blind) showed [2c Ah] and lost with a pair of Deuces
Seat 2: oregordog (button) (small blind) showed [8c 6c] and won ($29.50) with a pair of Sixes


PokerStars Hand #152129492945:  Hold'em Limit ($3/$6 USD) - 2016/04/19 2:07:32 ET
Table 'Riceia' 6-max Seat #1 is the button
Seat 1: Velbor107 ($296.89 in chips)
Seat 2: oregordog ($127.90 in chips)
Velbor107: posts small blind $1
oregordog: posts big blind $3
*** HOLE CARDS ***
Velbor107: raises $3 to $6
oregordog: folds
Uncalled bet ($3) returned to Velbor107
Velbor107 collected $6 from pot
*** SUMMARY ***
Total pot $6 | Rake $0
Seat 1: Velbor107 (button) (small blind) collected ($6)
Seat 2: oregordog (big blind) folded before Flop


PokerStars Hand #152129516860:  Hold'em Limit ($3/$6 USD) - 2016/04/19 2:09:05 ET
Table 'Riceia' 6-max Seat #1 is the button
Seat 1: Velbor107 ($292.53 in chips)
Seat 2: oregordog ($131.40 in chips)
Velbor107: posts small blind $1
oregordog: posts big blind $3
*** HOLE CARDS ***
Velbor107: raises $3 to $6
oregordog: folds
Uncalled bet ($3) returned to Velbor107
Velbor107 collected $6 from pot
*** SUMMARY ***
Total pot $6 | Rake $0
Seat 1: Velbor107 (button) (small blind) collected ($6)
Seat 2: oregordog (big blind) folded before Flop


PokerStars Hand #152129518540:  Hold'em Limit ($3/$6 USD) - 2016/04/19 2:09:12 ET
Table 'Riceia' 6-max Seat #2 is the button
Seat 1: Velbor107 ($295.53 in chips)
Seat 2: oregordog ($128.40 in chips)
oregordog: posts small blind $1
Velbor107: posts big blind $3
*** HOLE CARDS ***
oregordog: raises $3 to $6
Velbor107: calls $3
*** FLOP *** [3s 7s Qh]
Velbor107: checks
oregordog: bets $3
Velbor107: calls $3
*** TURN *** [3s 7s Qh] [4d]
Velbor107: checks
oregordog: checks
*** RIVER *** [3s 7s Qh 4d] [9h]
Velbor107: bets $6
oregordog: calls $6
*** SHOW DOWN ***
Velbor107: shows [Jh 9c] (a pair of Nines)
oregordog: mucks hand
Velbor107 collected $29.50 from pot
*** SUMMARY ***
Total pot $30 | Rake $0.50
Board [3s 7s Qh 4d 9h]
Seat 1: Velbor107 (big blind) showed [Jh 9c] and won ($29.50) with a pair of Nines
Seat 2: oregordog (button) (small blind) mucked


PokerStars Hand #152129549720:  Hold'em Limit ($3/$6 USD) - 2016/04/19 2:11:12 ET
Table 'Riceia' 6-max Seat #1 is the button
Seat 1: Velbor107 ($289.03 in chips)
Seat 2: oregordog ($133.66 in chips)
Velbor107: posts small blind $1
oregordog: posts big blind $3
*** HOLE CARDS ***
Velbor107: raises $3 to $6
oregordog: calls $3
*** FLOP *** [Jc Kc 5h]
oregordog: checks
Velbor107: bets $3
oregordog: folds
Uncalled bet ($3) returned to Velbor107
Velbor107 collected $11.76 from pot
*** SUMMARY ***
Total pot $12 | Rake $0.24
Board [Jc Kc 5h]
Seat 1: Velbor107 (button) (small blind) collected ($11.76)
Seat 2: oregordog (big blind) folded on the Flop


PokerStars Hand #152129544233:  Hold'em Limit ($3/$6 USD) - 2016/04/19 2:10:51 ET
Table 'Riceia' 6-max Seat #2 is the button
Seat 1: Velbor107 ($295.03 in chips)
Seat 2: oregordog ($127.90 in chips)
oregordog: posts small blind $1
Velbor107: posts big blind $3
*** HOLE CARDS ***
oregordog: raises $3 to $6
Velbor107: calls $3
*** FLOP *** [8c Ah 9s]
Velbor107: checks
oregordog: bets $3
Velbor107: folds
Uncalled bet ($3) returned to oregordog
oregordog collected $11.76 from pot
*** SUMMARY ***
Total pot $12 | Rake $0.24
Board [8c Ah 9s]
Seat 1: Velbor107 (big blind) folded on the Flop
Seat 2: oregordog (button) (small blind) collected ($11.76)


PokerStars Hand #152129535121:  Hold'em Limit ($3/$6 USD) - 2016/04/19 2:10:16 ET
Table 'Riceia' 6-max Seat #1 is the button
Seat 1: Velbor107 ($310.03 in chips)
Seat 2: oregordog ($113.40 in chips)
Velbor107: posts small blind $1
oregordog: posts big blind $3
*** HOLE CARDS ***
Velbor107: raises $3 to $6
oregordog: calls $3
*** FLOP *** [Th 3d Ad]
oregordog: checks
Velbor107: bets $3
oregordog: calls $3
*** TURN *** [Th 3d Ad] [3c]
oregordog: checks
Velbor107: checks
*** RIVER *** [Th 3d Ad 3c] [2c]
oregordog: bets $6
Velbor107: calls $6
*** SHOW DOWN ***
oregordog: shows [Td 9s] (two pair, Tens and Threes)
Velbor107: mucks hand
oregordog collected $29.50 from pot
*** SUMMARY ***
Total pot $30 | Rake $0.50
Board [Th 3d Ad 3c 2c]
Seat 1: Velbor107 (button) (small blind) mucked
Seat 2: oregordog (big blind) showed [Td 9s] and won ($29.50) with two pair, Tens and Threes


PokerStars Hand #152129556888:  Hold'em Limit ($3/$6 USD) - 2016/04/19 2:11:40 ET
Table 'Riceia' 6-max Seat #1 is the button
Seat 1: Velbor107 ($291.79 in chips)
Seat 2: oregordog ($130.66 in chips)
Velbor107: posts small blind $1
oregordog: posts big blind $3
*** HOLE CARDS ***
Velbor107: raises $3 to $6
oregordog: calls $3
*** FLOP *** [Ah Ts 7h]
oregordog: checks
Velbor107: bets $3
oregordog: calls $3
*** TURN *** [Ah Ts 7h] [3h]
oregordog: checks
Velbor107: checks
*** RIVER *** [Ah Ts 7h 3h] [5s]
oregordog: checks
Velbor107: bets $6
oregordog: calls $6
*** SHOW DOWN ***
Velbor107: shows [Ks Tc] (a pair of Tens)
oregordog: mucks hand
Velbor107 collected $29.50 from pot
*** SUMMARY ***
Total pot $30 | Rake $0.50
Board [Ah Ts 7h 3h 5s]
Seat 1: Velbor107 (button) (small blind) showed [Ks Tc] and won ($29.50) with a pair of Tens
Seat 2: oregordog (big blind) mucked


PokerStars Hand #152129553198:  Hold'em Limit ($3/$6 USD) - 2016/04/19 2:11:25 ET
Table 'Riceia' 6-max Seat #2 is the button
Seat 1: Velbor107 ($294.79 in chips)
Seat 2: oregordog ($127.66 in chips)
oregordog: posts small blind $1
Velbor107: posts big blind $3
*** HOLE CARDS ***
oregordog: raises $3 to $6
Velbor107: folds
Uncalled bet ($3) returned to oregordog
oregordog collected $6 from pot
*** SUMMARY ***
Total pot $6 | Rake $0
Seat 1: Velbor107 (big blind) folded before Flop
Seat 2: oregordog (button) (small blind) collected ($6)


PokerStars Hand #152129566995:  Hold'em Limit ($3/$6 USD) - 2016/04/19 2:12:18 ET
Table 'Riceia' 6-max Seat #2 is the button
Seat 1: Velbor107 ($306.29 in chips)
Seat 2: oregordog ($115.66 in chips)
oregordog: posts small blind $1
Velbor107: posts big blind $3
*** HOLE CARDS ***
oregordog: raises $3 to $6
Velbor107: raises $3 to $9
oregordog: calls $3
*** FLOP *** [6d 9d 3d]
Velbor107: bets $3
oregordog: calls $3
*** TURN *** [6d 9d 3d] [9h]
Velbor107: bets $6
oregordog: raises $6 to $12
Velbor107: calls $6
*** RIVER *** [6d 9d 3d 9h] [6h]
Velbor107: checks
oregordog: checks
*** SHOW DOWN ***
Velbor107: shows [Qd As] (two pair, Nines and Sixes)
oregordog: mucks hand
Velbor107 collected $47.50 from pot
*** SUMMARY ***
Total pot $48 | Rake $0.50
Board [6d 9d 3d 9h 6h]
Seat 1: Velbor107 (big blind) showed [Qd As] and won ($47.50) with two pair, Nines and Sixes
Seat 2: oregordog (button) (small blind) mucked


PokerStars Hand #152129578864:  Hold'em Limit ($3/$6 USD) - 2016/04/19 2:13:03 ET
Table 'Riceia' 6-max Seat #1 is the button
Seat 1: Velbor107 ($329.79 in chips)
Seat 2: oregordog ($91.66 in chips)
Velbor107: posts small blind $1
oregordog: posts big blind $3
*** HOLE CARDS ***
Velbor107: raises $3 to $6
oregordog: calls $3
*** FLOP *** [Tc Kc 8h]
oregordog: checks
Velbor107: bets $3
oregordog: raises $3 to $6
Velbor107: calls $3
*** TURN *** [Tc Kc 8h] [Jc]
oregordog: bets $6
Velbor107: calls $6
*** RIVER *** [Tc Kc 8h Jc] [2s]
oregordog: bets $6
Velbor107: calls $6
*** SHOW DOWN ***
oregordog: shows [Td 9c] (a pair of Tens)
Velbor107: shows [As Kd] (a pair of Kings)
Velbor107 collected $47.50 from pot
*** SUMMARY ***
Total pot $48 | Rake $0.50
Board [Tc Kc 8h Jc 2s]
Seat 1: Velbor107 (button) (small blind) showed [As Kd] and won ($47.50) with a pair of Kings
Seat 2: oregordog (big blind) showed [Td 9c] and lost with a pair of Tens


PokerStars Hand #152129591893:  Hold'em Limit ($3/$6 USD) - 2016/04/19 2:13:53 ET
Table 'Riceia' 6-max Seat #2 is the button
Seat 1: Velbor107 ($353.29 in chips)
Seat 2: oregordog ($67.66 in chips)
oregordog: posts small blind $1
Velbor107: posts big blind $3
*** HOLE CARDS ***
oregordog: raises $3 to $6
Velbor107: raises $3 to $9
oregordog: calls $3
*** FLOP *** [Jd Ac Qh]
Velbor107: bets $3
oregordog: calls $3
*** TURN *** [Jd Ac Qh] [8h]
Velbor107: bets $6
oregordog: calls $6
*** RIVER *** [Jd Ac Qh 8h] [5c]
Velbor107: bets $6
oregordog: calls $6
*** SHOW DOWN ***
Velbor107: shows [Td Ks] (a straight, Ten to Ace)
oregordog: mucks hand
Velbor107 collected $47.50 from pot
*** SUMMARY ***
Total pot $48 | Rake $0.50
Board [Jd Ac Qh 8h 5c]
Seat 1: Velbor107 (big blind) showed [Td Ks] and won ($47.50) with a straight, Ten to Ace
Seat 2: oregordog (button) (small blind) mucked


PokerStars Hand #152129603626:  Hold'em Limit ($3/$6 USD) - 2016/04/19 2:14:38 ET
Table 'Riceia' 6-max Seat #1 is the button
Seat 1: Velbor107 ($376.79 in chips)
Seat 2: oregordog ($43.66 in chips)
Velbor107: posts small blind $1
oregordog: posts big blind $3
*** HOLE CARDS ***
Velbor107: folds
Uncalled bet ($2) returned to oregordog
oregordog collected $2 from pot
*** SUMMARY ***
Total pot $2 | Rake $0
Seat 1: Velbor107 (button) (small blind) folded before Flop
Seat 2: oregordog (big blind) collected ($2)


PokerStars Hand #152129605492:  Hold'em Limit ($3/$6 USD) - 2016/04/19 2:14:45 ET
Table 'Riceia' 6-max Seat #2 is the button
Seat 1: Velbor107 ($375.79 in chips)
Seat 2: oregordog ($44.66 in chips)
oregordog: posts small blind $1
Velbor107: posts big blind $3
*** HOLE CARDS ***
oregordog: raises $3 to $6
Velbor107: raises $3 to $9
oregordog: raises $3 to $12
Betting is capped
Velbor107: calls $3
*** FLOP *** [Ts 3h Ah]
Velbor107: checks
oregordog: bets $3
Velbor107: calls $3
*** TURN *** [Ts 3h Ah] [4s]
Velbor107: checks
oregordog: checks
*** RIVER *** [Ts 3h Ah 4s] [4c]
Velbor107: bets $6
oregordog: folds
Uncalled bet ($6) returned to Velbor107
Velbor107 collected $29.50 from pot
*** SUMMARY ***
Total pot $30 | Rake $0.50
Board [Ts 3h Ah 4s 4c]
Seat 1: Velbor107 (big blind) collected ($29.50)
Seat 2: oregordog (button) (small blind) folded on the River


PokerStars Hand #152129614338:  Hold'em Limit ($3/$6 USD) - 2016/04/19 2:15:19 ET
Table 'Riceia' 6-max Seat #1 is the button
Seat 1: Velbor107 ($390.29 in chips)
Seat 2: oregordog ($29.66 in chips)
Velbor107: posts small blind $1
oregordog: posts big blind $3
*** HOLE CARDS ***
Velbor107: raises $3 to $6
oregordog: raises $3 to $9
Velbor107: calls $3
*** FLOP *** [5s 4c 3d]
oregordog: bets $3
Velbor107: calls $3
*** TURN *** [5s 4c 3d] [8c]
oregordog: bets $6
Velbor107: calls $6
*** RIVER *** [5s 4c 3d 8c] [6s]
oregordog: checks
Velbor107: checks
*** SHOW DOWN ***
oregordog: shows [9s Kh] (high card King)
Velbor107: shows [As Tc] (high card Ace)
Velbor107 collected $35.50 from pot
*** SUMMARY ***
Total pot $36 | Rake $0.50
Board [5s 4c 3d 8c 6s]
Seat 1: Velbor107 (button) (small blind) showed [As Tc] and won ($35.50) with high card Ace
Seat 2: oregordog (big blind) showed [9s Kh] and lost with high card King


PokerStars Hand #152129623020:  Hold'em Limit ($3/$6 USD) - 2016/04/19 2:15:52 ET
Table 'Riceia' 6-max Seat #2 is the button
Seat 1: Velbor107 ($407.79 in chips)
Seat 2: oregordog ($11.66 in chips)
oregordog: posts small blind $1
Velbor107: posts big blind $3
*** HOLE CARDS ***
oregordog: raises $3 to $6
Velbor107: folds
Uncalled bet ($3) returned to oregordog
oregordog collected $6 from pot
*** SUMMARY ***
Total pot $6 | Rake $0
Seat 1: Velbor107 (big blind) folded before Flop
Seat 2: oregordog (button) (small blind) collected ($6)


PokerStars Hand #152129628356:  Hold'em Limit ($3/$6 USD) - 2016/04/19 2:16:12 ET
Table 'Riceia' 6-max Seat #1 is the button
Seat 1: Velbor107 ($404.79 in chips)
Seat 2: oregordog ($14.66 in chips)
Velbor107: posts small blind $1
oregordog: posts big blind $3
*** HOLE CARDS ***
Velbor107: raises $3 to $6
oregordog: calls $3
*** FLOP *** [Qs 4c Kd]
oregordog: checks
Velbor107: bets $3
oregordog: calls $3
*** TURN *** [Qs 4c Kd] [9s]
oregordog: bets $5.66 and is all-in
Velbor107: folds
Uncalled bet ($5.66) returned to oregordog
oregordog collected $17.64 from pot
*** SUMMARY ***
Total pot $18 | Rake $0.36
Board [Qs 4c Kd 9s]
Seat 1: Velbor107 (button) (small blind) folded on the Turn
Seat 2: oregordog (big blind) collected ($17.64)


PokerStars Hand #152129640153:  Hold'em Limit ($3/$6 USD) - 2016/04/19 2:16:56 ET
Table 'Riceia' 6-max Seat #2 is the button
Seat 1: Velbor107 ($395.79 in chips)
Seat 2: oregordog ($23.30 in chips)
oregordog: posts small blind $1
Velbor107: posts big blind $3
*** HOLE CARDS ***
oregordog: folds
Uncalled bet ($2) returned to Velbor107
Velbor107 collected $2 from pot
*** SUMMARY ***
Total pot $2 | Rake $0
Seat 1: Velbor107 (big blind) collected ($2)
Seat 2: oregordog (button) (small blind) folded before Flop


PokerStars Hand #152129654557:  Hold'em Limit ($3/$6 USD) - 2016/04/19 2:17:51 ET
Table 'Riceia' 6-max Seat #2 is the button
Seat 1: Velbor107 ($374.49 in chips)
Seat 2: oregordog ($44.10 in chips)
oregordog: posts small blind $1
Velbor107: posts big blind $3
*** HOLE CARDS ***
oregordog: raises $3 to $6
Velbor107: folds
Uncalled bet ($3) returned to oregordog
oregordog collected $6 from pot
*** SUMMARY ***
Total pot $6 | Rake $0
Seat 1: Velbor107 (big blind) folded before Flop
Seat 2: oregordog (button) (small blind) collected ($6)


PokerStars Hand #152129642044:  Hold'em Limit ($3/$6 USD) - 2016/04/19 2:17:03 ET
Table 'Riceia' 6-max Seat #1 is the button
Seat 1: Velbor107 ($396.79 in chips)
Seat 2: oregordog ($22.30 in chips)
Velbor107: posts small blind $1
oregordog: posts big blind $3
*** HOLE CARDS ***
Velbor107: raises $3 to $6
oregordog: calls $3
*** FLOP *** [4d 9c 3c]
oregordog: checks
Velbor107: bets $3
oregordog: calls $3
*** TURN *** [4d 9c 3c] [Kd]
oregordog: checks
Velbor107: bets $6
oregordog: raises $6 to $12
Velbor107: raises $6 to $18
oregordog: calls $1.30 and is all-in
Uncalled bet ($4.70) returned to Velbor107
*** RIVER *** [4d 9c 3c Kd] [6c]
*** SHOW DOWN ***
oregordog: shows [2d Kc] (a pair of Kings)
Velbor107: shows [8h 9s] (a pair of Nines)
oregordog collected $44.10 from pot
*** SUMMARY ***
Total pot $44.60 | Rake $0.50
Board [4d 9c 3c Kd 6c]
Seat 1: Velbor107 (button) (small blind) showed [8h 9s] and lost with a pair of Nines
Seat 2: oregordog (big blind) showed [2d Kc] and won ($44.10) with a pair of Kings


PokerStars Hand #152129656505:  Hold'em Limit ($3/$6 USD) - 2016/04/19 2:17:58 ET
Table 'Riceia' 6-max Seat #1 is the button
Seat 1: Velbor107 ($371.49 in chips)
Seat 2: oregordog ($47.10 in chips)
Velbor107: posts small blind $1
oregordog: posts big blind $3
*** HOLE CARDS ***
Velbor107: raises $3 to $6
oregordog: folds
Uncalled bet ($3) returned to Velbor107
Velbor107 collected $6 from pot
*** SUMMARY ***
Total pot $6 | Rake $0
Seat 1: Velbor107 (button) (small blind) collected ($6)
Seat 2: oregordog (big blind) folded before Flop


PokerStars Hand #152129659142:  Hold'em Limit ($3/$6 USD) - 2016/04/19 2:18:08 ET
Table 'Riceia' 6-max Seat #2 is the button
Seat 1: Velbor107 ($374.49 in chips)
Seat 2: oregordog ($44.10 in chips)
oregordog: posts small blind $1
Velbor107: posts big blind $3
*** HOLE CARDS ***
oregordog: raises $3 to $6
Velbor107: folds
Uncalled bet ($3) returned to oregordog
oregordog collected $6 from pot
*** SUMMARY ***
Total pot $6 | Rake $0
Seat 1: Velbor107 (big blind) folded before Flop
Seat 2: oregordog (button) (small blind) collected ($6)


PokerStars Hand #152129662558:  Hold'em Limit ($3/$6 USD) - 2016/04/19 2:18:21 ET
Table 'Riceia' 6-max Seat #1 is the button
Seat 1: Velbor107 ($371.49 in chips)
Seat 2: oregordog ($47.10 in chips)
Velbor107: posts small blind $1
oregordog: posts big blind $3
*** HOLE CARDS ***
Velbor107: raises $3 to $6
oregordog: calls $3
*** FLOP *** [9s 6h As]
oregordog: checks
Velbor107: bets $3
oregordog: calls $3
*** TURN *** [9s 6h As] [2h]
oregordog: checks
Velbor107: checks
*** RIVER *** [9s 6h As 2h] [6c]
oregordog: bets $6
Velbor107: calls $6
*** SHOW DOWN ***
oregordog: shows [4c 7h] (a pair of Sixes)
Velbor107: shows [7c Kc] (a pair of Sixes - Ace+King kicker)
Velbor107 collected $29.50 from pot
*** SUMMARY ***
Total pot $30 | Rake $0.50
Board [9s 6h As 2h 6c]
Seat 1: Velbor107 (button) (small blind) showed [7c Kc] and won ($29.50) with a pair of Sixes
Seat 2: oregordog (big blind) showed [4c 7h] and lost with a pair of Sixes


PokerStars Hand #152129676406:  Hold'em Limit ($3/$6 USD) - 2016/04/19 2:19:13 ET
Table 'Riceia' 6-max Seat #2 is the button
Seat 1: Velbor107 ($385.99 in chips)
Seat 2: oregordog ($32.10 in chips)
oregordog: posts small blind $1
Velbor107: posts big blind $3
*** HOLE CARDS ***
oregordog: raises $3 to $6
Velbor107: calls $3
*** FLOP *** [6h 7d Kh]
Velbor107: checks
oregordog: bets $3
Velbor107: raises $3 to $6
oregordog: raises $3 to $9
Velbor107: calls $3
*** TURN *** [6h 7d Kh] [5d]
Velbor107: checks
oregordog: bets $6
Velbor107: calls $6
*** RIVER *** [6h 7d Kh 5d] [6d]
Velbor107: checks
oregordog: checks
*** SHOW DOWN ***
Velbor107: shows [3h Jh] (a pair of Sixes)
oregordog: shows [Kc 4d] (two pair, Kings and Sixes)
oregordog collected $41.50 from pot
*** SUMMARY ***
Total pot $42 | Rake $0.50
Board [6h 7d Kh 5d 6d]
Seat 1: Velbor107 (big blind) showed [3h Jh] and lost with a pair of Sixes
Seat 2: oregordog (button) (small blind) showed [Kc 4d] and won ($41.50) with two pair, Kings and Sixes


PokerStars Hand #152129683831:  Hold'em Limit ($3/$6 USD) - 2016/04/19 2:19:40 ET
Table 'Riceia' 6-max Seat #1 is the button
Seat 1: Velbor107 ($364.99 in chips)
Seat 2: oregordog ($52.60 in chips)
Velbor107: posts small blind $1
oregordog: posts big blind $3
*** HOLE CARDS ***
Velbor107: raises $3 to $6
oregordog: raises $3 to $9
Velbor107: calls $3
*** FLOP *** [Js Td Kc]
oregordog: bets $3
Velbor107: calls $3
*** TURN *** [Js Td Kc] [5d]
oregordog: bets $6
Velbor107: calls $6
*** RIVER *** [Js Td Kc 5d] [8h]
oregordog: bets $6
Velbor107: folds
Uncalled bet ($6) returned to oregordog
oregordog collected $35.50 from pot
*** SUMMARY ***
Total pot $36 | Rake $0.50
Board [Js Td Kc 5d 8h]
Seat 1: Velbor107 (button) (small blind) folded on the River
Seat 2: oregordog (big blind) collected ($35.50)


PokerStars Hand #152129695109:  Hold'em Limit ($3/$6 USD) - 2016/04/19 2:20:23 ET
Table 'Riceia' 6-max Seat #2 is the button
Seat 1: Velbor107 ($346.99 in chips)
Seat 2: oregordog ($70.10 in chips)
oregordog: posts small blind $1
Velbor107: posts big blind $3
*** HOLE CARDS ***
oregordog: raises $3 to $6
Velbor107: folds
Uncalled bet ($3) returned to oregordog
oregordog collected $6 from pot
*** SUMMARY ***
Total pot $6 | Rake $0
Seat 1: Velbor107 (big blind) folded before Flop
Seat 2: oregordog (button) (small blind) collected ($6)


PokerStars Hand #152129698464:  Hold'em Limit ($3/$6 USD) - 2016/04/19 2:20:36 ET
Table 'Riceia' 6-max Seat #1 is the button
Seat 1: Velbor107 ($343.99 in chips)
Seat 2: oregordog ($73.10 in chips)
Velbor107: posts small blind $1
oregordog: posts big blind $3
*** HOLE CARDS ***
Velbor107: raises $3 to $6
oregordog: calls $3
*** FLOP *** [3s Qs 9c]
oregordog: checks
Velbor107: bets $3
oregordog: calls $3
*** TURN *** [3s Qs 9c] [8d]
oregordog: checks
Velbor107: checks
*** RIVER *** [3s Qs 9c 8d] [Tc]
oregordog: checks
Velbor107: bets $6
oregordog: calls $6
*** SHOW DOWN ***
Velbor107: shows [Th 7c] (a pair of Tens)
oregordog: mucks hand
Velbor107 collected $29.50 from pot
*** SUMMARY ***
Total pot $30 | Rake $0.50
Board [3s Qs 9c 8d Tc]
Seat 1: Velbor107 (button) (small blind) showed [Th 7c] and won ($29.50) with a pair of Tens
Seat 2: oregordog (big blind) mucked


PokerStars Hand #152129713980:  Hold'em Limit ($3/$6 USD) - 2016/04/19 2:21:34 ET
Table 'Riceia' 6-max Seat #1 is the button
Seat 1: Velbor107 ($359.49 in chips)
Seat 2: oregordog ($57.10 in chips)
Velbor107: posts small blind $1
oregordog: posts big blind $3
*** HOLE CARDS ***
Velbor107: raises $3 to $6
oregordog: calls $3
*** FLOP *** [Td Tc 3h]
oregordog: checks
Velbor107: bets $3
oregordog: folds
Uncalled bet ($3) returned to Velbor107
Velbor107 collected $11.76 from pot
*** SUMMARY ***
Total pot $12 | Rake $0.24
Board [Td Tc 3h]
Seat 1: Velbor107 (button) (small blind) collected ($11.76)
Seat 2: oregordog (big blind) folded on the Flop


PokerStars Hand #152129728958:  Hold'em Limit ($3/$6 USD) - 2016/04/19 2:22:30 ET
Table 'Riceia' 6-max Seat #1 is the button
Seat 1: Velbor107 ($388.75 in chips)
Seat 2: oregordog ($27.10 in chips)
Velbor107: posts small blind $1
oregordog: posts big blind $3
*** HOLE CARDS ***
Velbor107: raises $3 to $6
oregordog: calls $3
*** FLOP *** [Kd 4d Kc]
oregordog: checks
Velbor107: bets $3
oregordog: raises $3 to $6
Velbor107: calls $3
*** TURN *** [Kd 4d Kc] [9c]
oregordog: bets $6
Velbor107: calls $6
*** RIVER *** [Kd 4d Kc 9c] [Jd]
oregordog: bets $6
Velbor107: folds
Uncalled bet ($6) returned to oregordog
oregordog collected $35.50 from pot
*** SUMMARY ***
Total pot $36 | Rake $0.50
Board [Kd 4d Kc 9c Jd]
Seat 1: Velbor107 (button) (small blind) folded on the River
Seat 2: oregordog (big blind) collected ($35.50)


PokerStars Hand #152130412733:  Hold'em Limit ($3/$6 USD) - 2016/04/19 3:04:43 ET
Table 'Riceia' 6-max Seat #5 is the button
Seat 4: 40 ft cliff ($59.83 in chips)
Seat 5: Tnz204 ($225.49 in chips)
Tnz204: posts small blind $1
40 ft cliff: posts big blind $3
*** HOLE CARDS ***
Tnz204: folds
Uncalled bet ($2) returned to 40 ft cliff
40 ft cliff collected $2 from pot
40 ft cliff: doesn't show hand
*** SUMMARY ***
Total pot $2 | Rake $0
Seat 4: 40 ft cliff (big blind) collected ($2)
Seat 5: Tnz204 (button) (small blind) folded before Flop


PokerStars Hand #152130414338:  Hold'em Limit ($3/$6 USD) - 2016/04/19 3:04:49 ET
Table 'Riceia' 6-max Seat #4 is the button
Seat 4: 40 ft cliff ($60.83 in chips)
Seat 5: Tnz204 ($224.49 in chips)
40 ft cliff: posts small blind $1
Tnz204: posts big blind $3
*** HOLE CARDS ***
40 ft cliff: raises $3 to $6
Tnz204: raises $3 to $9
40 ft cliff: raises $3 to $12
Betting is capped
Tnz204: calls $3
*** FLOP *** [4c Kd Jc]
Tnz204: checks
40 ft cliff: bets $3
Tnz204: calls $3
*** TURN *** [4c Kd Jc] [7c]
Tnz204: checks
40 ft cliff: bets $6
Tnz204: folds
Uncalled bet ($6) returned to 40 ft cliff
40 ft cliff collected $29.50 from pot
40 ft cliff: doesn't show hand
*** SUMMARY ***
Total pot $30 | Rake $0.50
Board [4c Kd Jc 7c]
Seat 4: 40 ft cliff (button) (small blind) collected ($29.50)
Seat 5: Tnz204 (big blind) folded on the Turn


PokerStars Hand #152130473461:  Hold'em Limit ($3/$6 USD) - 2016/04/19 3:08:19 ET
Table 'Riceia' 6-max Seat #4 is the button
Seat 4: 40 ft cliff ($31.80 in chips)
Seat 5: Tnz204 ($282.77 in chips)
40 ft cliff: posts small blind $1
Tnz204: posts big blind $3
*** HOLE CARDS ***
40 ft cliff: calls $2
Tnz204: raises $3 to $6
40 ft cliff: calls $3
*** FLOP *** [4s 8h Qc]
Tnz204: bets $3
40 ft cliff: raises $3 to $6
Tnz204: calls $3
*** TURN *** [4s 8h Qc] [4c]
Tnz204: checks
40 ft cliff: bets $6
Tnz204: raises $6 to $12
40 ft cliff: calls $6
*** RIVER *** [4s 8h Qc 4c] [6d]
Tnz204: bets $6
40 ft cliff: calls $6
*** SHOW DOWN ***
Tnz204: shows [Jh 4h] (three of a kind, Fours)
40 ft cliff: mucks hand
Tnz204 collected $59.50 from pot
*** SUMMARY ***
Total pot $60 | Rake $0.50
Board [4s 8h Qc 4c 6d]
Seat 4: 40 ft cliff (button) (small blind) mucked
Seat 5: Tnz204 (big blind) showed [Jh 4h] and won ($59.50) with three of a kind, Fours


