PokerStars Hand #157840555484:  Hold'em Limit ($3/$6 USD) - 2016/08/28 8:09:06 ET
Table 'Richilde' 6-max Seat #4 is the button
Seat 4: VolkovDmitri ($120 in chips)
Seat 5: Mite1981 ($120 in chips)
VolkovDmitri: posts small blind $1
Mite1981: posts big blind $3
*** HOLE CARDS ***
VolkovDmitri: raises $3 to $6
Mite1981: folds
Uncalled bet ($3) returned to VolkovDmitri
VolkovDmitri collected $6 from pot
VolkovDmitri: doesn't show hand
*** SUMMARY ***
Total pot $6 | Rake $0
Seat 4: VolkovDmitri (button) (small blind) collected ($6)
Seat 5: Mite1981 (big blind) folded before Flop


PokerStars Hand #157840564708:  Hold'em Limit ($3/$6 USD) - 2016/08/28 8:09:25 ET
Table 'Richilde' 6-max Seat #5 is the button
Seat 4: VolkovDmitri ($123 in chips)
Seat 5: Mite1981 ($117 in chips)
Mite1981: posts small blind $1
VolkovDmitri: posts big blind $3
*** HOLE CARDS ***
Mite1981: raises $3 to $6
VolkovDmitri: calls $3
*** FLOP *** [4s Td Ah]
VolkovDmitri: checks
Mite1981: bets $3
VolkovDmitri: folds
Uncalled bet ($3) returned to Mite1981
Mite1981 collected $11.76 from pot
Mite1981: doesn't show hand
*** SUMMARY ***
Total pot $12 | Rake $0.24
Board [4s Td Ah]
Seat 4: VolkovDmitri (big blind) folded on the Flop
Seat 5: Mite1981 (button) (small blind) collected ($11.76)


PokerStars Hand #157840570562:  Hold'em Limit ($3/$6 USD) - 2016/08/28 8:09:37 ET
Table 'Richilde' 6-max Seat #4 is the button
Seat 4: VolkovDmitri ($120 in chips)
Seat 5: Mite1981 ($122.76 in chips)
VolkovDmitri: posts small blind $1
Mite1981: posts big blind $3
*** HOLE CARDS ***
VolkovDmitri: raises $3 to $6
Mite1981: calls $3
*** FLOP *** [7d 9d 4d]
Mite1981: checks
VolkovDmitri: bets $3
Mite1981: calls $3
*** TURN *** [7d 9d 4d] [4c]
Mite1981: checks
VolkovDmitri: checks
*** RIVER *** [7d 9d 4d 4c] [Ah]
Mite1981: checks
VolkovDmitri: bets $6
Mite1981: raises $6 to $12
VolkovDmitri: calls $6
*** SHOW DOWN ***
Mite1981: shows [Jd 7h] (two pair, Sevens and Fours)
VolkovDmitri: shows [Kh Ac] (two pair, Aces and Fours)
VolkovDmitri collected $41.50 from pot
*** SUMMARY ***
Total pot $42 | Rake $0.50
Board [7d 9d 4d 4c Ah]
Seat 4: VolkovDmitri (button) (small blind) showed [Kh Ac] and won ($41.50) with two pair, Aces and Fours
Seat 5: Mite1981 (big blind) showed [Jd 7h] and lost with two pair, Sevens and Fours


PokerStars Hand #157840590194:  Hold'em Limit ($3/$6 USD) - 2016/08/28 8:10:17 ET
Table 'Richilde' 6-max Seat #5 is the button
Seat 4: VolkovDmitri ($140.50 in chips)
Seat 5: Mite1981 ($101.76 in chips)
Mite1981: posts small blind $1
VolkovDmitri: posts big blind $3
*** HOLE CARDS ***
Mite1981: raises $3 to $6
VolkovDmitri: calls $3
*** FLOP *** [4c Ac 3d]
VolkovDmitri: checks
Mite1981: bets $3
VolkovDmitri: calls $3
*** TURN *** [4c Ac 3d] [2c]
VolkovDmitri: checks
Mite1981: checks
*** RIVER *** [4c Ac 3d 2c] [3h]
VolkovDmitri: checks
Mite1981: checks
*** SHOW DOWN ***
VolkovDmitri: shows [8h Kh] (a pair of Threes)
Mite1981: mucks hand
VolkovDmitri collected $17.64 from pot
*** SUMMARY ***
Total pot $18 | Rake $0.36
Board [4c Ac 3d 2c 3h]
Seat 4: VolkovDmitri (big blind) showed [8h Kh] and won ($17.64) with a pair of Threes
Seat 5: Mite1981 (button) (small blind) mucked


