PokerStars Hand #150530123014:  Hold'em Limit ($3/$6 USD) - 2016/03/18 5:52:06 ET
Table 'Ricouxa' 6-max Seat #4 is the button
Seat 4: Agrotait ($69 in chips)
Seat 6: cyco14 ($123 in chips)
Agrotait: posts small blind $1
cyco14: posts big blind $3
*** HOLE CARDS ***
Agrotait: raises $3 to $6
cyco14: calls $3
*** FLOP *** [Qs Jd As]
cyco14: checks
Agrotait: bets $3
cyco14: folds
Uncalled bet ($3) returned to Agrotait
Agrotait collected $11.76 from pot
Agrotait: doesn't show hand
*** SUMMARY ***
Total pot $12 | Rake $0.24
Board [Qs Jd As]
Seat 4: Agrotait (button) (small blind) collected ($11.76)
Seat 6: cyco14 (big blind) folded on the Flop


PokerStars Hand #150530112536:  Hold'em Limit ($3/$6 USD) - 2016/03/18 5:51:40 ET
Table 'Ricouxa' 6-max Seat #6 is the button
Seat 4: Agrotait ($72 in chips)
Seat 6: cyco14 ($120 in chips)
cyco14: posts small blind $1
Agrotait: posts big blind $3
*** HOLE CARDS ***
cyco14: raises $3 to $6
Agrotait: folds
Uncalled bet ($3) returned to cyco14
cyco14 collected $6 from pot
cyco14: doesn't show hand
*** SUMMARY ***
Total pot $6 | Rake $0
Seat 4: Agrotait (big blind) folded before Flop
Seat 6: cyco14 (button) (small blind) collected ($6)


PokerStars Hand #150530129789:  Hold'em Limit ($3/$6 USD) - 2016/03/18 5:52:23 ET
Table 'Ricouxa' 6-max Seat #6 is the button
Seat 4: Agrotait ($74.76 in chips)
Seat 6: cyco14 ($117 in chips)
cyco14: posts small blind $1
Agrotait: posts big blind $3
*** HOLE CARDS ***
cyco14: raises $3 to $6
Agrotait: raises $3 to $9
cyco14: calls $3
*** FLOP *** [Jc Js Qc]
Agrotait: bets $3
cyco14: folds
Uncalled bet ($3) returned to Agrotait
Agrotait collected $17.64 from pot
Agrotait: doesn't show hand
*** SUMMARY ***
Total pot $18 | Rake $0.36
Board [Jc Js Qc]
Seat 4: Agrotait (big blind) collected ($17.64)
Seat 6: cyco14 (button) (small blind) folded on the Flop


PokerStars Hand #150530137056:  Hold'em Limit ($3/$6 USD) - 2016/03/18 5:52:41 ET
Table 'Ricouxa' 6-max Seat #4 is the button
Seat 4: Agrotait ($83.40 in chips)
Seat 6: cyco14 ($108 in chips)
Agrotait: posts small blind $1
cyco14: posts big blind $3
*** HOLE CARDS ***
Agrotait: raises $3 to $6
cyco14: raises $3 to $9
TbIP-TbIP 88 joins the table at seat #1
Agrotait: calls $3
*** FLOP *** [4c 3h 4s]
cyco14: bets $3
Agrotait: calls $3
*** TURN *** [4c 3h 4s] [9s]
cyco14: bets $6
Agrotait: calls $6
*** RIVER *** [4c 3h 4s 9s] [3c]
cyco14: checks
Agrotait: bets $6
cyco14: calls $6
*** SHOW DOWN ***
Agrotait: shows [As Jd] (two pair, Fours and Threes)
cyco14: mucks hand
Agrotait collected $47.50 from pot
*** SUMMARY ***
Total pot $48 | Rake $0.50
Board [4c 3h 4s 9s 3c]
Seat 4: Agrotait (button) (small blind) showed [As Jd] and won ($47.50) with two pair, Fours and Threes
Seat 6: cyco14 (big blind) mucked


PokerStars Hand #150530969254:  Hold'em Limit ($3/$6 USD) - 2016/03/18 6:26:31 ET
Table 'Ricouxa' 6-max Seat #6 is the button
Seat 2: pepponni ($167.27 in chips)
Seat 6: Grieserix ($101 in chips)
Grieserix: posts small blind $1
pepponni: posts big blind $3
*** HOLE CARDS ***
Grieserix: raises $3 to $6
Agrotait leaves the table
Agrotait joins the table at seat #1
pepponni: folds
Uncalled bet ($3) returned to Grieserix
Grieserix collected $6 from pot
*** SUMMARY ***
Total pot $6 | Rake $0
Seat 2: pepponni (big blind) folded before Flop
Seat 6: Grieserix (button) (small blind) collected ($6)


PokerStars Hand #150530966778:  Hold'em Limit ($3/$6 USD) - 2016/03/18 6:26:26 ET
Table 'Ricouxa' 6-max Seat #2 is the button
Seat 2: pepponni ($168.27 in chips)
Seat 6: Grieserix ($100 in chips)
pepponni: posts small blind $1
Agrotait: is sitting out
RockKillerTY: is sitting out
Grieserix: posts big blind $3
*** HOLE CARDS ***
RockKillerTY leaves the table
pepponni: folds
Uncalled bet ($2) returned to Grieserix
Grieserix collected $2 from pot
Grieserix: doesn't show hand
*** SUMMARY ***
Total pot $2 | Rake $0
Seat 2: pepponni (button) (small blind) folded before Flop
Seat 6: Grieserix (big blind) collected ($2)


PokerStars Hand #150531002700:  Hold'em Limit ($3/$6 USD) - 2016/03/18 6:27:48 ET
Table 'Ricouxa' 6-max Seat #1 is the button
Seat 1: Agrotait ($73 in chips)
Seat 6: Grieserix ($125.25 in chips)
Agrotait: posts small blind $1
Grieserix: posts big blind $3
*** HOLE CARDS ***
Agrotait: raises $3 to $6
Grieserix: calls $3
*** FLOP *** [Td 2s 7s]
Grieserix: checks
Agrotait: bets $3
Grieserix: calls $3
*** TURN *** [Td 2s 7s] [4h]
Grieserix: checks
Agrotait: bets $6
Grieserix: folds
Uncalled bet ($6) returned to Agrotait
Agrotait collected $17.64 from pot
Agrotait: doesn't show hand
*** SUMMARY ***
Total pot $18 | Rake $0.36
Board [Td 2s 7s 4h]
Seat 1: Agrotait (button) (small blind) collected ($17.64)
Seat 6: Grieserix (big blind) folded on the Turn


PokerStars Hand #150531000657:  Hold'em Limit ($3/$6 USD) - 2016/03/18 6:27:43 ET
Table 'Ricouxa' 6-max Seat #6 is the button
Seat 1: Agrotait ($72 in chips)
Seat 6: Grieserix ($126.25 in chips)
Grieserix: posts small blind $1
Agrotait: posts big blind $3
*** HOLE CARDS ***
Grieserix: folds
Uncalled bet ($2) returned to Agrotait
Agrotait collected $2 from pot
Agrotait: doesn't show hand
*** SUMMARY ***
Total pot $2 | Rake $0
Seat 1: Agrotait (big blind) collected ($2)
Seat 6: Grieserix (button) (small blind) folded before Flop


PokerStars Hand #150530987269:  Hold'em Limit ($3/$6 USD) - 2016/03/18 6:27:13 ET
Table 'Ricouxa' 6-max Seat #1 is the button
Seat 1: Agrotait ($73 in chips)
Seat 6: Grieserix ($102.75 in chips)
Agrotait: posts small blind $1
pepponni: is sitting out
Grieserix: posts big blind $3
*** HOLE CARDS ***
pepponni leaves the table
Agrotait: raises $3 to $6
Grieserix: raises $3 to $9
Agrotait: calls $3
*** FLOP *** [6c Qc Kh]
Grieserix: bets $3
Agrotait: calls $3
*** TURN *** [6c Qc Kh] [5s]
Grieserix: bets $6
Agrotait: calls $6
*** RIVER *** [6c Qc Kh 5s] [Jc]
Grieserix: bets $6
Agrotait: calls $6
*** SHOW DOWN ***
Grieserix: shows [Js Jh] (three of a kind, Jacks)
Agrotait: mucks hand
Grieserix collected $47.50 from pot
*** SUMMARY ***
Total pot $48 | Rake $0.50
Board [6c Qc Kh 5s Jc]
Seat 1: Agrotait (button) (small blind) mucked
Seat 6: Grieserix (big blind) showed [Js Jh] and won ($47.50) with three of a kind, Jacks


PokerStars Hand #150530976647:  Hold'em Limit ($3/$6 USD) - 2016/03/18 6:26:48 ET
Table 'Ricouxa' 6-max Seat #2 is the button
Seat 2: pepponni ($164.27 in chips)
Seat 6: Grieserix ($104 in chips)
pepponni: posts small blind $1
Grieserix: posts big blind $3
*** HOLE CARDS ***
pepponni: raises $3 to $6
Grieserix: calls $3
*** FLOP *** [Ks 8c Ac]
Grieserix: checks
pepponni: bets $3
Grieserix: calls $3
*** TURN *** [Ks 8c Ac] [8d]
Grieserix: checks
pepponni: bets $6
Grieserix: calls $6
*** RIVER *** [Ks 8c Ac 8d] [Kd]
Grieserix: checks
pepponni: checks
*** SHOW DOWN ***
Grieserix: shows [Qc 9c] (two pair, Kings and Eights)
pepponni: shows [Ts 9d] (two pair, Kings and Eights)
Grieserix collected $14.75 from pot
pepponni collected $14.75 from pot
*** SUMMARY ***
Total pot $30 | Rake $0.50
Board [Ks 8c Ac 8d Kd]
Seat 2: pepponni (button) (small blind) showed [Ts 9d] and won ($14.75) with two pair, Kings and Eights
Seat 6: Grieserix (big blind) showed [Qc 9c] and won ($14.75) with two pair, Kings and Eights


PokerStars Hand #150531026850:  Hold'em Limit ($3/$6 USD) - 2016/03/18 6:28:43 ET
Table 'Ricouxa' 6-max Seat #1 is the button
Seat 1: Agrotait ($79.40 in chips)
Seat 6: Grieserix ($117.89 in chips)
Agrotait: posts small blind $1
Grieserix: posts big blind $3
*** HOLE CARDS ***
Agrotait: raises $3 to $6
Grieserix: calls $3
*** FLOP *** [3s 8c Js]
Grieserix: bets $3
Agrotait: folds
Uncalled bet ($3) returned to Grieserix
Grieserix collected $11.76 from pot
*** SUMMARY ***
Total pot $12 | Rake $0.24
Board [3s 8c Js]
Seat 1: Agrotait (button) (small blind) folded on the Flop
Seat 6: Grieserix (big blind) collected ($11.76)


PokerStars Hand #150531017461:  Hold'em Limit ($3/$6 USD) - 2016/03/18 6:28:22 ET
Table 'Ricouxa' 6-max Seat #6 is the button
Seat 1: Agrotait ($88.40 in chips)
Seat 6: Grieserix ($109.25 in chips)
Grieserix: posts small blind $1
Agrotait: posts big blind $3
*** HOLE CARDS ***
Grieserix: raises $3 to $6
Agrotait: calls $3
*** FLOP *** [Ac Jd Ad]
Agrotait: checks
Grieserix: bets $3
Agrotait: calls $3
*** TURN *** [Ac Jd Ad] [Jc]
Agrotait: checks
Grieserix: bets $6
Agrotait: folds
Uncalled bet ($6) returned to Grieserix
Grieserix collected $17.64 from pot
Grieserix: doesn't show hand
*** SUMMARY ***
Total pot $18 | Rake $0.36
Board [Ac Jd Ad Jc]
Seat 1: Agrotait (big blind) folded on the Turn
Seat 6: Grieserix (button) (small blind) collected ($17.64)


PokerStars Hand #150531010746:  Hold'em Limit ($3/$6 USD) - 2016/03/18 6:28:07 ET
Table 'Ricouxa' 6-max Seat #1 is the button
Seat 1: Agrotait ($82.64 in chips)
Seat 6: Grieserix ($115.25 in chips)
Agrotait: posts small blind $1
Grieserix: posts big blind $3
*** HOLE CARDS ***
Agrotait: raises $3 to $6
Grieserix: calls $3
*** FLOP *** [2s 4d Jh]
Grieserix: checks
Agrotait: bets $3
Grieserix: folds
Uncalled bet ($3) returned to Agrotait
Agrotait collected $11.76 from pot
Agrotait: doesn't show hand
*** SUMMARY ***
Total pot $12 | Rake $0.24
Board [2s 4d Jh]
Seat 1: Agrotait (button) (small blind) collected ($11.76)
Seat 6: Grieserix (big blind) folded on the Flop


PokerStars Hand #150531008782:  Hold'em Limit ($3/$6 USD) - 2016/03/18 6:28:02 ET
Table 'Ricouxa' 6-max Seat #6 is the button
Seat 1: Agrotait ($81.64 in chips)
Seat 6: Grieserix ($116.25 in chips)
Grieserix: posts small blind $1
Agrotait: posts big blind $3
*** HOLE CARDS ***
Grieserix: folds
Uncalled bet ($2) returned to Agrotait
Agrotait collected $2 from pot
Agrotait: doesn't show hand
*** SUMMARY ***
Total pot $2 | Rake $0
Seat 1: Agrotait (big blind) collected ($2)
Seat 6: Grieserix (button) (small blind) folded before Flop


PokerStars Hand #150531045807:  Hold'em Limit ($3/$6 USD) - 2016/03/18 6:29:27 ET
Table 'Ricouxa' 6-max Seat #6 is the button
Seat 1: Agrotait ($84.16 in chips)
Seat 6: Grieserix ($112.65 in chips)
Grieserix: posts small blind $1
Agrotait: posts big blind $3
*** HOLE CARDS ***
Grieserix: raises $3 to $6
Agrotait: calls $3
*** FLOP *** [3h Qh 6d]
Agrotait: checks
Grieserix: bets $3
Agrotait: raises $3 to $6
Grieserix: calls $3
*** TURN *** [3h Qh 6d] [2d]
Agrotait: bets $6
Grieserix: calls $6
*** RIVER *** [3h Qh 6d 2d] [7d]
Agrotait: bets $6
Grieserix: folds
Uncalled bet ($6) returned to Agrotait
Agrotait collected $35.50 from pot
Agrotait: doesn't show hand
*** SUMMARY ***
Total pot $36 | Rake $0.50
Board [3h Qh 6d 2d 7d]
Seat 1: Agrotait (big blind) collected ($35.50)
Seat 6: Grieserix (button) (small blind) folded on the River


PokerStars Hand #150531040283:  Hold'em Limit ($3/$6 USD) - 2016/03/18 6:29:15 ET
Table 'Ricouxa' 6-max Seat #1 is the button
Seat 1: Agrotait ($78.40 in chips)
Seat 6: Grieserix ($118.65 in chips)
Agrotait: posts small blind $1
Grieserix: posts big blind $3
*** HOLE CARDS ***
Agrotait: raises $3 to $6
Grieserix: calls $3
*** FLOP *** [8c 6c 5c]
Grieserix: checks
Agrotait: bets $3
Grieserix: folds
Uncalled bet ($3) returned to Agrotait
Agrotait collected $11.76 from pot
Agrotait: doesn't show hand
*** SUMMARY ***
Total pot $12 | Rake $0.24
Board [8c 6c 5c]
Seat 1: Agrotait (button) (small blind) collected ($11.76)
Seat 6: Grieserix (big blind) folded on the Flop


PokerStars Hand #150531038369:  Hold'em Limit ($3/$6 USD) - 2016/03/18 6:29:10 ET
Table 'Ricouxa' 6-max Seat #6 is the button
Seat 1: Agrotait ($77.40 in chips)
Seat 6: Grieserix ($119.65 in chips)
Grieserix: posts small blind $1
Agrotait: posts big blind $3
*** HOLE CARDS ***
Grieserix: folds
Uncalled bet ($2) returned to Agrotait
Agrotait collected $2 from pot
Agrotait: doesn't show hand
*** SUMMARY ***
Total pot $2 | Rake $0
Seat 1: Agrotait (big blind) collected ($2)
Seat 6: Grieserix (button) (small blind) folded before Flop


PokerStars Hand #150531035817:  Hold'em Limit ($3/$6 USD) - 2016/03/18 6:29:04 ET
Table 'Ricouxa' 6-max Seat #1 is the button
Seat 1: Agrotait ($74.40 in chips)
Seat 6: Grieserix ($122.65 in chips)
Agrotait: posts small blind $1
Grieserix: posts big blind $3
*** HOLE CARDS ***
Agrotait: raises $3 to $6
Grieserix: folds
Uncalled bet ($3) returned to Agrotait
Agrotait collected $6 from pot
Agrotait: doesn't show hand
*** SUMMARY ***
Total pot $6 | Rake $0
Seat 1: Agrotait (button) (small blind) collected ($6)
Seat 6: Grieserix (big blind) folded before Flop


PokerStars Hand #150531033573:  Hold'em Limit ($3/$6 USD) - 2016/03/18 6:28:59 ET
Table 'Ricouxa' 6-max Seat #6 is the button
Seat 1: Agrotait ($73.40 in chips)
Seat 6: Grieserix ($123.65 in chips)
Grieserix: posts small blind $1
Agrotait: posts big blind $3
*** HOLE CARDS ***
Grieserix: folds
Uncalled bet ($2) returned to Agrotait
Agrotait collected $2 from pot
Agrotait: doesn't show hand
*** SUMMARY ***
Total pot $2 | Rake $0
Seat 1: Agrotait (big blind) collected ($2)
Seat 6: Grieserix (button) (small blind) folded before Flop


PokerStars Hand #150531068796:  Hold'em Limit ($3/$6 USD) - 2016/03/18 6:30:18 ET
Table 'Ricouxa' 6-max Seat #1 is the button
Seat 1: Agrotait ($117.16 in chips)
Seat 6: Grieserix ($78.65 in chips)
Agrotait: posts small blind $1
Grieserix: posts big blind $3
*** HOLE CARDS ***
Agrotait: raises $3 to $6
Grieserix: calls $3
*** FLOP *** [Qh Js 7s]
Grieserix: checks
Agrotait: bets $3
Grieserix: calls $3
*** TURN *** [Qh Js 7s] [4h]
Grieserix: bets $6
Agrotait: calls $6
*** RIVER *** [Qh Js 7s 4h] [9c]
Grieserix: bets $6
Agrotait: folds
Uncalled bet ($6) returned to Grieserix
Grieserix collected $29.50 from pot
Grieserix: doesn't show hand
*** SUMMARY ***
Total pot $30 | Rake $0.50
Board [Qh Js 7s 4h 9c]
Seat 1: Agrotait (button) (small blind) folded on the River
Seat 6: Grieserix (big blind) collected ($29.50)


PokerStars Hand #150531066826:  Hold'em Limit ($3/$6 USD) - 2016/03/18 6:30:14 ET
Table 'Ricouxa' 6-max Seat #6 is the button
Seat 1: Agrotait ($116.16 in chips)
Seat 6: Grieserix ($79.65 in chips)
Grieserix: posts small blind $1
Agrotait: posts big blind $3
*** HOLE CARDS ***
Grieserix: folds
Uncalled bet ($2) returned to Agrotait
Agrotait collected $2 from pot
Agrotait: doesn't show hand
*** SUMMARY ***
Total pot $2 | Rake $0
Seat 1: Agrotait (big blind) collected ($2)
Seat 6: Grieserix (button) (small blind) folded before Flop


PokerStars Hand #150531055033:  Hold'em Limit ($3/$6 USD) - 2016/03/18 6:29:48 ET
Table 'Ricouxa' 6-max Seat #1 is the button
Seat 1: Agrotait ($101.66 in chips)
Seat 6: Grieserix ($94.65 in chips)
Agrotait: posts small blind $1
Grieserix: posts big blind $3
*** HOLE CARDS ***
Agrotait: raises $3 to $6
Grieserix: calls $3
*** FLOP *** [Kh 5d 2h]
Grieserix: checks
Agrotait: bets $3
Grieserix: calls $3
*** TURN *** [Kh 5d 2h] [Ts]
Grieserix: bets $6
Agrotait: calls $6
*** RIVER *** [Kh 5d 2h Ts] [4d]
Grieserix: checks
Agrotait: bets $6
Grieserix: folds
Uncalled bet ($6) returned to Agrotait
Agrotait collected $29.50 from pot
Agrotait: doesn't show hand
*** SUMMARY ***
Total pot $30 | Rake $0.50
Board [Kh 5d 2h Ts 4d]
Seat 1: Agrotait (button) (small blind) collected ($29.50)
Seat 6: Grieserix (big blind) folded on the River


PokerStars Hand #150531099930:  Hold'em Limit ($3/$6 USD) - 2016/03/18 6:31:26 ET
Table 'Ricouxa' 6-max Seat #6 is the button
Seat 1: Agrotait ($104.92 in chips)
Seat 6: Grieserix ($90.15 in chips)
Grieserix: posts small blind $1
Agrotait: posts big blind $3
*** HOLE CARDS ***
Grieserix: folds
Uncalled bet ($2) returned to Agrotait
Agrotait collected $2 from pot
Agrotait: doesn't show hand
*** SUMMARY ***
Total pot $2 | Rake $0
Seat 1: Agrotait (big blind) collected ($2)
Seat 6: Grieserix (button) (small blind) folded before Flop


PokerStars Hand #150531094285:  Hold'em Limit ($3/$6 USD) - 2016/03/18 6:31:14 ET
Table 'Ricouxa' 6-max Seat #1 is the button
Seat 1: Agrotait ($99.16 in chips)
Seat 6: Grieserix ($96.15 in chips)
Agrotait: posts small blind $1
Grieserix: posts big blind $3
*** HOLE CARDS ***
Agrotait: raises $3 to $6
Grieserix: calls $3
*** FLOP *** [2c 8s Ks]
Grieserix: checks
Agrotait: bets $3
Grieserix: folds
Uncalled bet ($3) returned to Agrotait
Agrotait collected $11.76 from pot
Agrotait: doesn't show hand
*** SUMMARY ***
Total pot $12 | Rake $0.24
Board [2c 8s Ks]
Seat 1: Agrotait (button) (small blind) collected ($11.76)
Seat 6: Grieserix (big blind) folded on the Flop


PokerStars Hand #150531091555:  Hold'em Limit ($3/$6 USD) - 2016/03/18 6:31:08 ET
Table 'Ricouxa' 6-max Seat #6 is the button
Seat 1: Agrotait ($102.16 in chips)
Seat 6: Grieserix ($93.15 in chips)
Grieserix: posts small blind $1
Agrotait: posts big blind $3
*** HOLE CARDS ***
Grieserix: raises $3 to $6
Agrotait: folds
Uncalled bet ($3) returned to Grieserix
Grieserix collected $6 from pot
Grieserix: doesn't show hand
*** SUMMARY ***
Total pot $6 | Rake $0
Seat 1: Agrotait (big blind) folded before Flop
Seat 6: Grieserix (button) (small blind) collected ($6)


PokerStars Hand #150531089254:  Hold'em Limit ($3/$6 USD) - 2016/03/18 6:31:03 ET
Table 'Ricouxa' 6-max Seat #1 is the button
Seat 1: Agrotait ($103.16 in chips)
Seat 6: Grieserix ($92.15 in chips)
Agrotait: posts small blind $1
Grieserix: posts big blind $3
*** HOLE CARDS ***
Agrotait: folds
Uncalled bet ($2) returned to Grieserix
Grieserix collected $2 from pot
Grieserix: doesn't show hand
*** SUMMARY ***
Total pot $2 | Rake $0
Seat 1: Agrotait (button) (small blind) folded before Flop
Seat 6: Grieserix (big blind) collected ($2)


PokerStars Hand #150531087053:  Hold'em Limit ($3/$6 USD) - 2016/03/18 6:30:58 ET
Table 'Ricouxa' 6-max Seat #6 is the button
Seat 1: Agrotait ($102.16 in chips)
Seat 6: Grieserix ($93.15 in chips)
Grieserix: posts small blind $1
Agrotait: posts big blind $3
*** HOLE CARDS ***
Grieserix: folds
Uncalled bet ($2) returned to Agrotait
Agrotait collected $2 from pot
Agrotait: doesn't show hand
*** SUMMARY ***
Total pot $2 | Rake $0
Seat 1: Agrotait (big blind) collected ($2)
Seat 6: Grieserix (button) (small blind) folded before Flop


PokerStars Hand #150531125935:  Hold'em Limit ($3/$6 USD) - 2016/03/18 6:32:22 ET
Table 'Ricouxa' 6-max Seat #1 is the button
Seat 1: Agrotait ($124.42 in chips)
Seat 6: Grieserix ($70.15 in chips)
Agrotait: posts small blind $1
Grieserix: posts big blind $3
*** HOLE CARDS ***
Agrotait: raises $3 to $6
Grieserix: calls $3
*** FLOP *** [7d Ts 9h]
Grieserix: checks
Agrotait: bets $3
Grieserix: folds
Uncalled bet ($3) returned to Agrotait
Agrotait collected $11.76 from pot
Agrotait: doesn't show hand
*** SUMMARY ***
Total pot $12 | Rake $0.24
Board [7d Ts 9h]
Seat 1: Agrotait (button) (small blind) collected ($11.76)
Seat 6: Grieserix (big blind) folded on the Flop


PokerStars Hand #150531123868:  Hold'em Limit ($3/$6 USD) - 2016/03/18 6:32:18 ET
Table 'Ricouxa' 6-max Seat #6 is the button
Seat 1: Agrotait ($123.42 in chips)
Seat 6: Grieserix ($71.15 in chips)
Grieserix: posts small blind $1
Agrotait: posts big blind $3
*** HOLE CARDS ***
Grieserix: folds
Uncalled bet ($2) returned to Agrotait
Agrotait collected $2 from pot
Agrotait: doesn't show hand
*** SUMMARY ***
Total pot $2 | Rake $0
Seat 1: Agrotait (big blind) collected ($2)
Seat 6: Grieserix (button) (small blind) folded before Flop


PokerStars Hand #150531102035:  Hold'em Limit ($3/$6 USD) - 2016/03/18 6:31:30 ET
Table 'Ricouxa' 6-max Seat #1 is the button
Seat 1: Agrotait ($105.92 in chips)
Seat 6: Grieserix ($89.15 in chips)
Agrotait: posts small blind $1
Grieserix: posts big blind $3
*** HOLE CARDS ***
Agrotait: raises $3 to $6
Grieserix: calls $3
*** FLOP *** [Qc Jc 9s]
Grieserix: bets $3
Agrotait: raises $3 to $6
Grieserix: calls $3
*** TURN *** [Qc Jc 9s] [5s]
Grieserix: checks
Agrotait: bets $6
Grieserix: calls $6
*** RIVER *** [Qc Jc 9s 5s] [2d]
Grieserix: checks
Agrotait: bets $6
Grieserix: folds
Uncalled bet ($6) returned to Agrotait
Agrotait collected $35.50 from pot
Agrotait: doesn't show hand
*** SUMMARY ***
Total pot $36 | Rake $0.50
Board [Qc Jc 9s 5s 2d]
Seat 1: Agrotait (button) (small blind) collected ($35.50)
Seat 6: Grieserix (big blind) folded on the River


PokerStars Hand #150531139756:  Hold'em Limit ($3/$6 USD) - 2016/03/18 6:32:52 ET
Table 'Ricouxa' 6-max Seat #6 is the button
Seat 1: Agrotait ($130.18 in chips)
Seat 6: Grieserix ($64.15 in chips)
Grieserix: posts small blind $1
Agrotait: posts big blind $3
*** HOLE CARDS ***
Grieserix: raises $3 to $6
Agrotait: calls $3
*** FLOP *** [7h 4s 7c]
Agrotait has timed out
Agrotait: checks
Grieserix: bets $3
Agrotait: calls $3
*** TURN *** [7h 4s 7c] [9s]
Agrotait: checks
Grieserix: bets $6
Agrotait: calls $6
*** RIVER *** [7h 4s 7c 9s] [2d]
Agrotait: checks
Grieserix: bets $6
Agrotait: calls $6
*** SHOW DOWN ***
Grieserix: shows [Qs 9h] (two pair, Nines and Sevens)
Agrotait: mucks hand
Grieserix collected $41.50 from pot
*** SUMMARY ***
Total pot $42 | Rake $0.50
Board [7h 4s 7c 9s 2d]
Seat 1: Agrotait (big blind) mucked
Seat 6: Grieserix (button) (small blind) showed [Qs 9h] and won ($41.50) with two pair, Nines and Sevens


