PokerStars Hand #154946992942:  Hold'em Limit ($3/$6 USD) - 2016/06/19 15:15:26 ET
Table 'Ricouxa' 6-max Seat #6 is the button
Seat 4: Pelurile ($57 in chips)
Seat 6: BIZE Terence ($97.92 in chips)
BIZE Terence: posts small blind $1
Pelurile: posts big blind $3
*** HOLE CARDS ***
BIZE Terence: raises $3 to $6
Pelurile: calls $3
*** FLOP *** [2h Jd 8h]
Pelurile: checks
BIZE Terence: bets $3
Pelurile: calls $3
*** TURN *** [2h Jd 8h] [7s]
Pelurile: checks
BIZE Terence: bets $6
Pelurile: calls $6
*** RIVER *** [2h Jd 8h 7s] [Th]
Pelurile: checks
BIZE Terence: bets $6
Pelurile: folds
Uncalled bet ($6) returned to BIZE Terence
BIZE Terence collected $29.50 from pot
BIZE Terence: doesn't show hand
*** SUMMARY ***
Total pot $30 | Rake $0.50
Board [2h Jd 8h 7s Th]
Seat 4: Pelurile (big blind) folded on the River
Seat 6: BIZE Terence (button) (small blind) collected ($29.50)


PokerStars Hand #154946983230:  Hold'em Limit ($3/$6 USD) - 2016/06/19 15:15:15 ET
Table 'Ricouxa' 6-max Seat #4 is the button
Seat 4: Pelurile ($54 in chips)
Seat 6: BIZE Terence ($100.92 in chips)
Pelurile: posts small blind $1
Tryptamean: is sitting out
BIZE Terence: posts big blind $3
*** HOLE CARDS ***
Tryptamean leaves the table
Pelurile: raises $3 to $6
BIZE Terence: folds
Uncalled bet ($3) returned to Pelurile
Pelurile collected $6 from pot
Pelurile: doesn't show hand
*** SUMMARY ***
Total pot $6 | Rake $0
Seat 4: Pelurile (button) (small blind) collected ($6)
Seat 6: BIZE Terence (big blind) folded before Flop


PokerStars Hand #154947032343:  Hold'em Limit ($3/$6 USD) - 2016/06/19 15:16:12 ET
Table 'Ricouxa' 6-max Seat #4 is the button
Seat 4: Pelurile ($72 in chips)
Seat 6: BIZE Terence ($112.42 in chips)
Pelurile: posts small blind $1
BIZE Terence: posts big blind $3
*** HOLE CARDS ***
Pelurile: raises $3 to $6
BIZE Terence: calls $3
*** FLOP *** [Th 5s Tc]
BIZE Terence: checks
Pelurile: bets $3
BIZE Terence: folds
Uncalled bet ($3) returned to Pelurile
Pelurile collected $11.76 from pot
Pelurile: doesn't show hand
*** SUMMARY ***
Total pot $12 | Rake $0.24
Board [Th 5s Tc]
Seat 4: Pelurile (button) (small blind) collected ($11.76)
Seat 6: BIZE Terence (big blind) folded on the Flop


PokerStars Hand #154947049748:  Hold'em Limit ($3/$6 USD) - 2016/06/19 15:16:32 ET
Table 'Ricouxa' 6-max Seat #6 is the button
Seat 4: Pelurile ($77.76 in chips)
Seat 6: BIZE Terence ($106.42 in chips)
BIZE Terence: posts small blind $1
Pelurile: posts big blind $3
*** HOLE CARDS ***
BIZE Terence: raises $3 to $6
Pelurile: calls $3
*** FLOP *** [4s 6d Ah]
Pelurile: checks
BIZE Terence: bets $3
Pelurile: calls $3
*** TURN *** [4s 6d Ah] [8c]
Pelurile: checks
BIZE Terence: checks
*** RIVER *** [4s 6d Ah 8c] [3s]
Pelurile: checks
BIZE Terence: checks
*** SHOW DOWN ***
Pelurile: shows [5d 4c] (a pair of Fours)
BIZE Terence: mucks hand
Pelurile collected $17.64 from pot
*** SUMMARY ***
Total pot $18 | Rake $0.36
Board [4s 6d Ah 8c 3s]
Seat 4: Pelurile (big blind) showed [5d 4c] and won ($17.64) with a pair of Fours
Seat 6: BIZE Terence (button) (small blind) mucked


PokerStars Hand #154948944074:  Hold'em Limit ($3/$6 USD) - 2016/06/19 15:53:27 ET
Table 'Ricouxa' 6-max Seat #4 is the button
Seat 3: xcgxcg2005 ($67.83 in chips)
Seat 4: Azrarn ($120 in chips)
Azrarn: posts small blind $1
xcgxcg2005: posts big blind $3
*** HOLE CARDS ***
Azrarn: raises $3 to $6
xcgxcg2005: folds
Uncalled bet ($3) returned to Azrarn
Azrarn collected $6 from pot
*** SUMMARY ***
Total pot $6 | Rake $0
Seat 3: xcgxcg2005 (big blind) folded before Flop
Seat 4: Azrarn (button) (small blind) collected ($6)


PokerStars Hand #154948955825:  Hold'em Limit ($3/$6 USD) - 2016/06/19 15:53:41 ET
Table 'Ricouxa' 6-max Seat #3 is the button
Seat 3: xcgxcg2005 ($64.83 in chips)
Seat 4: Azrarn ($123 in chips)
xcgxcg2005: posts small blind $1
Azrarn: posts big blind $3
*** HOLE CARDS ***
xcgxcg2005: raises $3 to $6
Azrarn: folds
Uncalled bet ($3) returned to xcgxcg2005
xcgxcg2005 collected $6 from pot
xcgxcg2005: doesn't show hand
*** SUMMARY ***
Total pot $6 | Rake $0
Seat 3: xcgxcg2005 (button) (small blind) collected ($6)
Seat 4: Azrarn (big blind) folded before Flop


PokerStars Hand #154948960135:  Hold'em Limit ($3/$6 USD) - 2016/06/19 15:53:46 ET
Table 'Ricouxa' 6-max Seat #4 is the button
Seat 3: xcgxcg2005 ($67.83 in chips)
Seat 4: Azrarn ($120 in chips)
Azrarn: posts small blind $1
xcgxcg2005: posts big blind $3
*** HOLE CARDS ***
Azrarn: raises $3 to $6
xcgxcg2005: calls $3
*** FLOP *** [Qh Kc 9c]
xcgxcg2005: checks
Azrarn: checks
*** TURN *** [Qh Kc 9c] [3c]
xcgxcg2005: bets $6
Azrarn: calls $6
*** RIVER *** [Qh Kc 9c 3c] [6h]
xcgxcg2005: bets $6
Azrarn: calls $6
*** SHOW DOWN ***
xcgxcg2005: shows [7s Qd] (a pair of Queens)
Azrarn: mucks hand
xcgxcg2005 collected $35.50 from pot
*** SUMMARY ***
Total pot $36 | Rake $0.50
Board [Qh Kc 9c 3c 6h]
Seat 3: xcgxcg2005 (big blind) showed [7s Qd] and won ($35.50) with a pair of Queens
Seat 4: Azrarn (button) (small blind) mucked


PokerStars Hand #154948977874:  Hold'em Limit ($3/$6 USD) - 2016/06/19 15:54:06 ET
Table 'Ricouxa' 6-max Seat #4 is the button
Seat 3: xcgxcg2005 ($88.33 in chips)
Seat 4: Azrarn ($99 in chips)
Azrarn: posts small blind $1
xcgxcg2005: posts big blind $3
*** HOLE CARDS ***
Azrarn: raises $3 to $6
xcgxcg2005: folds
Uncalled bet ($3) returned to Azrarn
Azrarn collected $6 from pot
*** SUMMARY ***
Total pot $6 | Rake $0
Seat 3: xcgxcg2005 (big blind) folded before Flop
Seat 4: Azrarn (button) (small blind) collected ($6)


PokerStars Hand #154948973252:  Hold'em Limit ($3/$6 USD) - 2016/06/19 15:54:01 ET
Table 'Ricouxa' 6-max Seat #3 is the button
Seat 3: xcgxcg2005 ($85.33 in chips)
Seat 4: Azrarn ($102 in chips)
xcgxcg2005: posts small blind $1
Azrarn: posts big blind $3
*** HOLE CARDS ***
xcgxcg2005: raises $3 to $6
Azrarn: folds
Uncalled bet ($3) returned to xcgxcg2005
xcgxcg2005 collected $6 from pot
xcgxcg2005: doesn't show hand
*** SUMMARY ***
Total pot $6 | Rake $0
Seat 3: xcgxcg2005 (button) (small blind) collected ($6)
Seat 4: Azrarn (big blind) folded before Flop


PokerStars Hand #154948986882:  Hold'em Limit ($3/$6 USD) - 2016/06/19 15:54:16 ET
Table 'Ricouxa' 6-max Seat #4 is the button
Seat 3: xcgxcg2005 ($84.33 in chips)
Seat 4: Azrarn ($103 in chips)
Azrarn: posts small blind $1
xcgxcg2005: posts big blind $3
*** HOLE CARDS ***
Azrarn: raises $3 to $6
xcgxcg2005: raises $3 to $9
Azrarn: calls $3
*** FLOP *** [9s Jd Ac]
xcgxcg2005: bets $3
Azrarn: folds
Uncalled bet ($3) returned to xcgxcg2005
xcgxcg2005 collected $17.64 from pot
xcgxcg2005: doesn't show hand
*** SUMMARY ***
Total pot $18 | Rake $0.36
Board [9s Jd Ac]
Seat 3: xcgxcg2005 (big blind) collected ($17.64)
Seat 4: Azrarn (button) (small blind) folded on the Flop


PokerStars Hand #154948983015:  Hold'em Limit ($3/$6 USD) - 2016/06/19 15:54:12 ET
Table 'Ricouxa' 6-max Seat #3 is the button
Seat 3: xcgxcg2005 ($85.33 in chips)
Seat 4: Azrarn ($102 in chips)
xcgxcg2005: posts small blind $1
Azrarn: posts big blind $3
*** HOLE CARDS ***
xcgxcg2005: folds
Uncalled bet ($2) returned to Azrarn
Azrarn collected $2 from pot
*** SUMMARY ***
Total pot $2 | Rake $0
Seat 3: xcgxcg2005 (button) (small blind) folded before Flop
Seat 4: Azrarn (big blind) collected ($2)


PokerStars Hand #154949004272:  Hold'em Limit ($3/$6 USD) - 2016/06/19 15:54:37 ET
Table 'Ricouxa' 6-max Seat #4 is the button
Seat 3: xcgxcg2005 ($80.97 in chips)
Seat 4: Azrarn ($105.52 in chips)
Azrarn: posts small blind $1
xcgxcg2005: posts big blind $3
*** HOLE CARDS ***
Azrarn: raises $3 to $6
xcgxcg2005: folds
Uncalled bet ($3) returned to Azrarn
Azrarn collected $6 from pot
*** SUMMARY ***
Total pot $6 | Rake $0
Seat 3: xcgxcg2005 (big blind) folded before Flop
Seat 4: Azrarn (button) (small blind) collected ($6)


PokerStars Hand #154948993936:  Hold'em Limit ($3/$6 USD) - 2016/06/19 15:54:25 ET
Table 'Ricouxa' 6-max Seat #3 is the button
Seat 3: xcgxcg2005 ($92.97 in chips)
Seat 4: Azrarn ($94 in chips)
xcgxcg2005: posts small blind $1
Azrarn: posts big blind $3
*** HOLE CARDS ***
xcgxcg2005: raises $3 to $6
Azrarn: calls $3
*** FLOP *** [Ah Js Kd]
Azrarn: checks
xcgxcg2005: bets $3
Azrarn: raises $3 to $6
xcgxcg2005: calls $3
*** TURN *** [Ah Js Kd] [Jd]
Azrarn: bets $6
xcgxcg2005: folds
Uncalled bet ($6) returned to Azrarn
Azrarn collected $23.52 from pot
*** SUMMARY ***
Total pot $24 | Rake $0.48
Board [Ah Js Kd Jd]
Seat 3: xcgxcg2005 (button) (small blind) folded on the Turn
Seat 4: Azrarn (big blind) collected ($23.52)


PokerStars Hand #154949008830:  Hold'em Limit ($3/$6 USD) - 2016/06/19 15:54:42 ET
Table 'Ricouxa' 6-max Seat #3 is the button
Seat 3: xcgxcg2005 ($77.97 in chips)
Seat 4: Azrarn ($108.52 in chips)
xcgxcg2005: posts small blind $1
Azrarn: posts big blind $3
*** HOLE CARDS ***
xcgxcg2005: folds
Uncalled bet ($2) returned to Azrarn
Azrarn collected $2 from pot
*** SUMMARY ***
Total pot $2 | Rake $0
Seat 3: xcgxcg2005 (button) (small blind) folded before Flop
Seat 4: Azrarn (big blind) collected ($2)


PokerStars Hand #154949012644:  Hold'em Limit ($3/$6 USD) - 2016/06/19 15:54:46 ET
Table 'Ricouxa' 6-max Seat #4 is the button
Seat 3: xcgxcg2005 ($76.97 in chips)
Seat 4: Azrarn ($109.52 in chips)
Azrarn: posts small blind $1
xcgxcg2005: posts big blind $3
*** HOLE CARDS ***
Azrarn: raises $3 to $6
xcgxcg2005: calls $3
*** FLOP *** [Kc Qc 8h]
xcgxcg2005: checks
Azrarn: checks
*** TURN *** [Kc Qc 8h] [9h]
xcgxcg2005: bets $6
Azrarn: raises $6 to $12
xcgxcg2005: calls $6
*** RIVER *** [Kc Qc 8h 9h] [Th]
xcgxcg2005: bets $6
Azrarn: calls $6
*** SHOW DOWN ***
xcgxcg2005: shows [9c Jd] (a straight, Nine to King)
Azrarn: mucks hand
xcgxcg2005 collected $47.50 from pot
*** SUMMARY ***
Total pot $48 | Rake $0.50
Board [Kc Qc 8h 9h Th]
Seat 3: xcgxcg2005 (big blind) showed [9c Jd] and won ($47.50) with a straight, Nine to King
Seat 4: Azrarn (button) (small blind) mucked


PokerStars Hand #154949025684:  Hold'em Limit ($3/$6 USD) - 2016/06/19 15:55:02 ET
Table 'Ricouxa' 6-max Seat #3 is the button
Seat 3: xcgxcg2005 ($100.47 in chips)
Seat 4: Azrarn ($85.52 in chips)
xcgxcg2005: posts small blind $1
Azrarn: posts big blind $3
*** HOLE CARDS ***
xcgxcg2005: folds
Uncalled bet ($2) returned to Azrarn
Azrarn collected $2 from pot
*** SUMMARY ***
Total pot $2 | Rake $0
Seat 3: xcgxcg2005 (button) (small blind) folded before Flop
Seat 4: Azrarn (big blind) collected ($2)


PokerStars Hand #154949030738:  Hold'em Limit ($3/$6 USD) - 2016/06/19 15:55:08 ET
Table 'Ricouxa' 6-max Seat #4 is the button
Seat 3: xcgxcg2005 ($99.47 in chips)
Seat 4: Azrarn ($86.52 in chips)
Azrarn: posts small blind $1
xcgxcg2005: posts big blind $3
*** HOLE CARDS ***
Azrarn: raises $3 to $6
xcgxcg2005: calls $3
*** FLOP *** [8d Qc Kc]
xcgxcg2005: checks
Azrarn: checks
*** TURN *** [8d Qc Kc] [4d]
xcgxcg2005: checks
Azrarn: checks
*** RIVER *** [8d Qc Kc 4d] [Ts]
xcgxcg2005: checks
Azrarn: bets $6
xcgxcg2005: folds
Uncalled bet ($6) returned to Azrarn
Azrarn collected $11.76 from pot
*** SUMMARY ***
Total pot $12 | Rake $0.24
Board [8d Qc Kc 4d Ts]
Seat 3: xcgxcg2005 (big blind) folded on the River
Seat 4: Azrarn (button) (small blind) collected ($11.76)


PokerStars Hand #154949040893:  Hold'em Limit ($3/$6 USD) - 2016/06/19 15:55:25 ET
Table 'Ricouxa' 6-max Seat #3 is the button
Seat 3: xcgxcg2005 ($93.47 in chips)
Seat 4: Azrarn ($92.28 in chips)
xcgxcg2005: posts small blind $1
Azrarn: posts big blind $3
*** HOLE CARDS ***
xcgxcg2005: folds
Uncalled bet ($2) returned to Azrarn
Azrarn collected $2 from pot
*** SUMMARY ***
Total pot $2 | Rake $0
Seat 3: xcgxcg2005 (button) (small blind) folded before Flop
Seat 4: Azrarn (big blind) collected ($2)


PokerStars Hand #154949043595:  Hold'em Limit ($3/$6 USD) - 2016/06/19 15:55:29 ET
Table 'Ricouxa' 6-max Seat #4 is the button
Seat 3: xcgxcg2005 ($92.47 in chips)
Seat 4: Azrarn ($93.28 in chips)
Azrarn: posts small blind $1
xcgxcg2005: posts big blind $3
*** HOLE CARDS ***
Azrarn: raises $3 to $6
xcgxcg2005: calls $3
*** FLOP *** [2s 8h 5s]
xcgxcg2005: checks
Azrarn: bets $3
xcgxcg2005: calls $3
*** TURN *** [2s 8h 5s] [9h]
xcgxcg2005: checks
Azrarn: bets $6
xcgxcg2005: folds
Uncalled bet ($6) returned to Azrarn
Azrarn collected $17.64 from pot
*** SUMMARY ***
Total pot $18 | Rake $0.36
Board [2s 8h 5s 9h]
Seat 3: xcgxcg2005 (big blind) folded on the Turn
Seat 4: Azrarn (button) (small blind) collected ($17.64)


PokerStars Hand #154949052438:  Hold'em Limit ($3/$6 USD) - 2016/06/19 15:55:43 ET
Table 'Ricouxa' 6-max Seat #3 is the button
Seat 3: xcgxcg2005 ($83.47 in chips)
Seat 4: Azrarn ($101.92 in chips)
xcgxcg2005: posts small blind $1
Azrarn: posts big blind $3
*** HOLE CARDS ***
xcgxcg2005: folds
Uncalled bet ($2) returned to Azrarn
Azrarn collected $2 from pot
*** SUMMARY ***
Total pot $2 | Rake $0
Seat 3: xcgxcg2005 (button) (small blind) folded before Flop
Seat 4: Azrarn (big blind) collected ($2)


PokerStars Hand #154949055237:  Hold'em Limit ($3/$6 USD) - 2016/06/19 15:55:48 ET
Table 'Ricouxa' 6-max Seat #4 is the button
Seat 3: xcgxcg2005 ($82.47 in chips)
Seat 4: Azrarn ($102.92 in chips)
Azrarn: posts small blind $1
xcgxcg2005: posts big blind $3
*** HOLE CARDS ***
Azrarn: raises $3 to $6
xcgxcg2005: raises $3 to $9
Azrarn: calls $3
*** FLOP *** [Jd Qh 2s]
xcgxcg2005: bets $3
Azrarn: calls $3
*** TURN *** [Jd Qh 2s] [8c]
xcgxcg2005: bets $6
Azrarn: calls $6
*** RIVER *** [Jd Qh 2s 8c] [3h]
xcgxcg2005: bets $6
Azrarn: calls $6
*** SHOW DOWN ***
xcgxcg2005: shows [Qc 7c] (a pair of Queens)
Azrarn: mucks hand
xcgxcg2005 collected $47.50 from pot
*** SUMMARY ***
Total pot $48 | Rake $0.50
Board [Jd Qh 2s 8c 3h]
Seat 3: xcgxcg2005 (big blind) showed [Qc 7c] and won ($47.50) with a pair of Queens
Seat 4: Azrarn (button) (small blind) mucked


PokerStars Hand #154949062709:  Hold'em Limit ($3/$6 USD) - 2016/06/19 15:56:00 ET
Table 'Ricouxa' 6-max Seat #3 is the button
Seat 3: xcgxcg2005 ($105.97 in chips)
Seat 4: Azrarn ($78.92 in chips)
xcgxcg2005: posts small blind $1
Azrarn: posts big blind $3
*** HOLE CARDS ***
xcgxcg2005: raises $3 to $6
Azrarn: raises $3 to $9
xcgxcg2005: calls $3
*** FLOP *** [7d Ac 3d]
Azrarn: bets $3
xcgxcg2005: raises $3 to $6
Azrarn: calls $3
*** TURN *** [7d Ac 3d] [Td]
Azrarn: checks
xcgxcg2005: bets $6
Azrarn: folds
Uncalled bet ($6) returned to xcgxcg2005
xcgxcg2005 collected $29.50 from pot
xcgxcg2005: doesn't show hand
*** SUMMARY ***
Total pot $30 | Rake $0.50
Board [7d Ac 3d Td]
Seat 3: xcgxcg2005 (button) (small blind) collected ($29.50)
Seat 4: Azrarn (big blind) folded on the Turn


PokerStars Hand #154949081353:  Hold'em Limit ($3/$6 USD) - 2016/06/19 15:56:30 ET
Table 'Ricouxa' 6-max Seat #3 is the button
Seat 3: xcgxcg2005 ($117.47 in chips)
Seat 4: Azrarn ($75 in chips)
xcgxcg2005: posts small blind $1
Azrarn: posts big blind $3
*** HOLE CARDS ***
xcgxcg2005: raises $3 to $6
Azrarn: folds
Uncalled bet ($3) returned to xcgxcg2005
xcgxcg2005 collected $6 from pot
xcgxcg2005: doesn't show hand
*** SUMMARY ***
Total pot $6 | Rake $0
Seat 3: xcgxcg2005 (button) (small blind) collected ($6)
Seat 4: Azrarn (big blind) folded before Flop


PokerStars Hand #154949076225:  Hold'em Limit ($3/$6 USD) - 2016/06/19 15:56:22 ET
Table 'Ricouxa' 6-max Seat #4 is the button
Seat 3: xcgxcg2005 ($120.47 in chips)
Seat 4: Azrarn ($72 in chips)
Azrarn: posts small blind $1
xcgxcg2005: posts big blind $3
*** HOLE CARDS ***
Azrarn: raises $3 to $6
xcgxcg2005: folds
Uncalled bet ($3) returned to Azrarn
Azrarn collected $6 from pot
*** SUMMARY ***
Total pot $6 | Rake $0
Seat 3: xcgxcg2005 (big blind) folded before Flop
Seat 4: Azrarn (button) (small blind) collected ($6)


PokerStars Hand #154949084571:  Hold'em Limit ($3/$6 USD) - 2016/06/19 15:56:35 ET
Table 'Ricouxa' 6-max Seat #4 is the button
Seat 3: xcgxcg2005 ($120.47 in chips)
Seat 4: Azrarn ($72 in chips)
Azrarn: posts small blind $1
xcgxcg2005: posts big blind $3
*** HOLE CARDS ***
Azrarn: raises $3 to $6
xcgxcg2005: raises $3 to $9
Azrarn: calls $3
*** FLOP *** [6c Kd 7d]
xcgxcg2005: bets $3
Azrarn: calls $3
*** TURN *** [6c Kd 7d] [Qs]
xcgxcg2005: checks
Azrarn: bets $6
xcgxcg2005: calls $6
*** RIVER *** [6c Kd 7d Qs] [8h]
xcgxcg2005: checks
Azrarn: bets $6
xcgxcg2005: calls $6
*** SHOW DOWN ***
Azrarn: shows [Qc Qd] (three of a kind, Queens)
xcgxcg2005: mucks hand
Azrarn collected $47.50 from pot
*** SUMMARY ***
Total pot $48 | Rake $0.50
Board [6c Kd 7d Qs 8h]
Seat 3: xcgxcg2005 (big blind) mucked
Seat 4: Azrarn (button) (small blind) showed [Qc Qd] and won ($47.50) with three of a kind, Queens


PokerStars Hand #154949099024:  Hold'em Limit ($3/$6 USD) - 2016/06/19 15:56:58 ET
Table 'Ricouxa' 6-max Seat #4 is the button
Seat 3: xcgxcg2005 ($95.47 in chips)
Seat 4: Azrarn ($96.50 in chips)
Azrarn: posts small blind $1
xcgxcg2005: posts big blind $3
*** HOLE CARDS ***
Azrarn: folds
Uncalled bet ($2) returned to xcgxcg2005
xcgxcg2005 collected $2 from pot
xcgxcg2005: doesn't show hand
*** SUMMARY ***
Total pot $2 | Rake $0
Seat 3: xcgxcg2005 (big blind) collected ($2)
Seat 4: Azrarn (button) (small blind) folded before Flop


PokerStars Hand #154949096247:  Hold'em Limit ($3/$6 USD) - 2016/06/19 15:56:54 ET
Table 'Ricouxa' 6-max Seat #3 is the button
Seat 3: xcgxcg2005 ($96.47 in chips)
Seat 4: Azrarn ($95.50 in chips)
xcgxcg2005: posts small blind $1
Azrarn: posts big blind $3
*** HOLE CARDS ***
xcgxcg2005: folds
Uncalled bet ($2) returned to Azrarn
Azrarn collected $2 from pot
*** SUMMARY ***
Total pot $2 | Rake $0
Seat 3: xcgxcg2005 (button) (small blind) folded before Flop
Seat 4: Azrarn (big blind) collected ($2)


PokerStars Hand #154949101792:  Hold'em Limit ($3/$6 USD) - 2016/06/19 15:57:03 ET
Table 'Ricouxa' 6-max Seat #3 is the button
Seat 3: xcgxcg2005 ($96.47 in chips)
Seat 4: Azrarn ($95.50 in chips)
xcgxcg2005: posts small blind $1
Azrarn: posts big blind $3
*** HOLE CARDS ***
xcgxcg2005: folds
Uncalled bet ($2) returned to Azrarn
Azrarn collected $2 from pot
*** SUMMARY ***
Total pot $2 | Rake $0
Seat 3: xcgxcg2005 (button) (small blind) folded before Flop
Seat 4: Azrarn (big blind) collected ($2)


PokerStars Hand #154949105080:  Hold'em Limit ($3/$6 USD) - 2016/06/19 15:57:08 ET
Table 'Ricouxa' 6-max Seat #4 is the button
Seat 3: xcgxcg2005 ($95.47 in chips)
Seat 4: Azrarn ($96.50 in chips)
Azrarn: posts small blind $1
xcgxcg2005: posts big blind $3
*** HOLE CARDS ***
Azrarn: raises $3 to $6
xcgxcg2005: folds
Uncalled bet ($3) returned to Azrarn
Azrarn collected $6 from pot
*** SUMMARY ***
Total pot $6 | Rake $0
Seat 3: xcgxcg2005 (big blind) folded before Flop
Seat 4: Azrarn (button) (small blind) collected ($6)


PokerStars Hand #154949129557:  Hold'em Limit ($3/$6 USD) - 2016/06/19 15:57:41 ET
Table 'Ricouxa' 6-max Seat #4 is the button
Seat 3: xcgxcg2005 ($68.47 in chips)
Seat 4: Azrarn ($123 in chips)
Azrarn: posts small blind $1
xcgxcg2005: posts big blind $3
*** HOLE CARDS ***
Azrarn: raises $3 to $6
xcgxcg2005: folds
Uncalled bet ($3) returned to Azrarn
Azrarn collected $6 from pot
*** SUMMARY ***
Total pot $6 | Rake $0
Seat 3: xcgxcg2005 (big blind) folded before Flop
Seat 4: Azrarn (button) (small blind) collected ($6)


PokerStars Hand #154949120209:  Hold'em Limit ($3/$6 USD) - 2016/06/19 15:57:26 ET
Table 'Ricouxa' 6-max Seat #3 is the button
Seat 3: xcgxcg2005 ($92.47 in chips)
Seat 4: Azrarn ($99.50 in chips)
xcgxcg2005: posts small blind $1
Azrarn: posts big blind $3
*** HOLE CARDS ***
xcgxcg2005: raises $3 to $6
Azrarn: calls $3
*** FLOP *** [2c 3d 8s]
Azrarn: checks
xcgxcg2005: bets $3
Azrarn: raises $3 to $6
xcgxcg2005: calls $3
*** TURN *** [2c 3d 8s] [As]
Azrarn: checks
xcgxcg2005: bets $6
Azrarn: calls $6
*** RIVER *** [2c 3d 8s As] [Ah]
Azrarn: checks
xcgxcg2005: bets $6
Azrarn: calls $6
*** SHOW DOWN ***
xcgxcg2005: shows [6d 6s] (two pair, Aces and Sixes)
Azrarn: shows [Qh 8h] (two pair, Aces and Eights)
Azrarn collected $47.50 from pot
*** SUMMARY ***
Total pot $48 | Rake $0.50
Board [2c 3d 8s As Ah]
Seat 3: xcgxcg2005 (button) (small blind) showed [6d 6s] and lost with two pair, Aces and Sixes
Seat 4: Azrarn (big blind) showed [Qh 8h] and won ($47.50) with two pair, Aces and Eights


PokerStars Hand #154949132965:  Hold'em Limit ($3/$6 USD) - 2016/06/19 15:57:46 ET
Table 'Ricouxa' 6-max Seat #3 is the button
Seat 3: xcgxcg2005 ($65.47 in chips)
Seat 4: Azrarn ($126 in chips)
xcgxcg2005: posts small blind $1
Azrarn: posts big blind $3
*** HOLE CARDS ***
xcgxcg2005: folds
Uncalled bet ($2) returned to Azrarn
Azrarn collected $2 from pot
*** SUMMARY ***
Total pot $2 | Rake $0
Seat 3: xcgxcg2005 (button) (small blind) folded before Flop
Seat 4: Azrarn (big blind) collected ($2)


PokerStars Hand #154949147069:  Hold'em Limit ($3/$6 USD) - 2016/06/19 15:58:08 ET
Table 'Ricouxa' 6-max Seat #3 is the button
Seat 3: xcgxcg2005 ($40.47 in chips)
Seat 4: Azrarn ($150.50 in chips)
xcgxcg2005: posts small blind $1
Azrarn: posts big blind $3
*** HOLE CARDS ***
xcgxcg2005: folds
Uncalled bet ($2) returned to Azrarn
Azrarn collected $2 from pot
*** SUMMARY ***
Total pot $2 | Rake $0
Seat 3: xcgxcg2005 (button) (small blind) folded before Flop
Seat 4: Azrarn (big blind) collected ($2)


PokerStars Hand #154949135706:  Hold'em Limit ($3/$6 USD) - 2016/06/19 15:57:50 ET
Table 'Ricouxa' 6-max Seat #4 is the button
Seat 3: xcgxcg2005 ($64.47 in chips)
Seat 4: Azrarn ($127 in chips)
Azrarn: posts small blind $1
xcgxcg2005: posts big blind $3
*** HOLE CARDS ***
Azrarn: raises $3 to $6
xcgxcg2005: raises $3 to $9
Azrarn: calls $3
*** FLOP *** [7s 8c Kc]
xcgxcg2005: bets $3
Azrarn: calls $3
*** TURN *** [7s 8c Kc] [8h]
xcgxcg2005: checks
Azrarn: bets $6
xcgxcg2005: calls $6
*** RIVER *** [7s 8c Kc 8h] [7h]
xcgxcg2005: checks
Azrarn: bets $6
xcgxcg2005: calls $6
*** SHOW DOWN ***
Azrarn: shows [3s 8s] (a full house, Eights full of Sevens)
xcgxcg2005: mucks hand
Azrarn collected $47.50 from pot
*** SUMMARY ***
Total pot $48 | Rake $0.50
Board [7s 8c Kc 8h 7h]
Seat 3: xcgxcg2005 (big blind) mucked
Seat 4: Azrarn (button) (small blind) showed [3s 8s] and won ($47.50) with a full house, Eights full of Sevens


PokerStars Hand #154949154542:  Hold'em Limit ($3/$6 USD) - 2016/06/19 15:58:20 ET
Table 'Ricouxa' 6-max Seat #3 is the button
Seat 3: xcgxcg2005 ($36.47 in chips)
Seat 4: Azrarn ($154.50 in chips)
xcgxcg2005: posts small blind $1
Azrarn: posts big blind $3
*** HOLE CARDS ***
xcgxcg2005: folds
Uncalled bet ($2) returned to Azrarn
Azrarn collected $2 from pot
*** SUMMARY ***
Total pot $2 | Rake $0
Seat 3: xcgxcg2005 (button) (small blind) folded before Flop
Seat 4: Azrarn (big blind) collected ($2)


PokerStars Hand #154949150047:  Hold'em Limit ($3/$6 USD) - 2016/06/19 15:58:13 ET
Table 'Ricouxa' 6-max Seat #4 is the button
Seat 3: xcgxcg2005 ($39.47 in chips)
Seat 4: Azrarn ($151.50 in chips)
Azrarn: posts small blind $1
xcgxcg2005: posts big blind $3
*** HOLE CARDS ***
Azrarn: raises $3 to $6
xcgxcg2005: folds
Uncalled bet ($3) returned to Azrarn
Azrarn collected $6 from pot
*** SUMMARY ***
Total pot $6 | Rake $0
Seat 3: xcgxcg2005 (big blind) folded before Flop
Seat 4: Azrarn (button) (small blind) collected ($6)


PokerStars Hand #154949157519:  Hold'em Limit ($3/$6 USD) - 2016/06/19 15:58:24 ET
Table 'Ricouxa' 6-max Seat #4 is the button
Seat 3: xcgxcg2005 ($35.47 in chips)
Seat 4: Azrarn ($155.50 in chips)
Azrarn: posts small blind $1
xcgxcg2005: posts big blind $3
*** HOLE CARDS ***
Azrarn: raises $3 to $6
xcgxcg2005: raises $3 to $9
Azrarn: calls $3
*** FLOP *** [8d 9c Ah]
xcgxcg2005: bets $3
Azrarn: folds
Uncalled bet ($3) returned to xcgxcg2005
xcgxcg2005 collected $17.64 from pot
xcgxcg2005: doesn't show hand
*** SUMMARY ***
Total pot $18 | Rake $0.36
Board [8d 9c Ah]
Seat 3: xcgxcg2005 (big blind) collected ($17.64)
Seat 4: Azrarn (button) (small blind) folded on the Flop


PokerStars Hand #154949164955:  Hold'em Limit ($3/$6 USD) - 2016/06/19 15:58:36 ET
Table 'Ricouxa' 6-max Seat #3 is the button
Seat 3: xcgxcg2005 ($44.11 in chips)
Seat 4: Azrarn ($146.50 in chips)
xcgxcg2005: posts small blind $1
Azrarn: posts big blind $3
*** HOLE CARDS ***
xcgxcg2005: raises $3 to $6
Azrarn: calls $3
*** FLOP *** [6h 9c 6c]
Azrarn: checks
xcgxcg2005: bets $3
Azrarn: raises $3 to $6
xcgxcg2005: raises $3 to $9
Azrarn: calls $3
*** TURN *** [6h 9c 6c] [Jh]
Azrarn: checks
xcgxcg2005: bets $6
Azrarn: raises $6 to $12
xcgxcg2005: raises $6 to $18
Azrarn: raises $6 to $24
Betting is capped
xcgxcg2005: calls $6
*** RIVER *** [6h 9c 6c Jh] [6d]
Azrarn: bets $6
xcgxcg2005: calls $5.11 and is all-in
Uncalled bet ($0.89) returned to Azrarn
*** SHOW DOWN ***
Azrarn: shows [6s 9s] (four of a kind, Sixes)
xcgxcg2005: shows [Js Ah] (a full house, Sixes full of Jacks)
Azrarn collected $87.72 from pot
*** SUMMARY ***
Total pot $88.22 | Rake $0.50
Board [6h 9c 6c Jh 6d]
Seat 3: xcgxcg2005 (button) (small blind) showed [Js Ah] and lost with a full house, Sixes full of Jacks
Seat 4: Azrarn (big blind) showed [6s 9s] and won ($87.72) with four of a kind, Sixes


PokerStars Hand #154949193063:  Hold'em Limit ($3/$6 USD) - 2016/06/19 15:59:20 ET
Table 'Ricouxa' 6-max Seat #3 is the button
Seat 3: xcgxcg2005 ($86.92 in chips)
Seat 4: Azrarn ($193.11 in chips)
xcgxcg2005: posts small blind $1
Azrarn: posts big blind $3
*** HOLE CARDS ***
xcgxcg2005: folds
Uncalled bet ($2) returned to Azrarn
Azrarn collected $2 from pot
*** SUMMARY ***
Total pot $2 | Rake $0
Seat 3: xcgxcg2005 (button) (small blind) folded before Flop
Seat 4: Azrarn (big blind) collected ($2)


PokerStars Hand #154949187937:  Hold'em Limit ($3/$6 USD) - 2016/06/19 15:59:12 ET
Table 'Ricouxa' 6-max Seat #4 is the button
Seat 3: xcgxcg2005 ($89.92 in chips)
Seat 4: Azrarn ($190.11 in chips)
Azrarn: posts small blind $1
xcgxcg2005: posts big blind $3
*** HOLE CARDS ***
Azrarn: raises $3 to $6
xcgxcg2005: folds
Uncalled bet ($3) returned to Azrarn
Azrarn collected $6 from pot
*** SUMMARY ***
Total pot $6 | Rake $0
Seat 3: xcgxcg2005 (big blind) folded before Flop
Seat 4: Azrarn (button) (small blind) collected ($6)


PokerStars Hand #154949196061:  Hold'em Limit ($3/$6 USD) - 2016/06/19 15:59:25 ET
Table 'Ricouxa' 6-max Seat #4 is the button
Seat 3: xcgxcg2005 ($85.92 in chips)
Seat 4: Azrarn ($194.11 in chips)
Azrarn: posts small blind $1
xcgxcg2005: posts big blind $3
*** HOLE CARDS ***
Azrarn: raises $3 to $6
xcgxcg2005: raises $3 to $9
Azrarn: calls $3
*** FLOP *** [5s Ks Kh]
xcgxcg2005: bets $3
Azrarn: folds
Uncalled bet ($3) returned to xcgxcg2005
xcgxcg2005 collected $17.64 from pot
xcgxcg2005: doesn't show hand
*** SUMMARY ***
Total pot $18 | Rake $0.36
Board [5s Ks Kh]
Seat 3: xcgxcg2005 (big blind) collected ($17.64)
Seat 4: Azrarn (button) (small blind) folded on the Flop


PokerStars Hand #154949201091:  Hold'em Limit ($3/$6 USD) - 2016/06/19 15:59:33 ET
Table 'Ricouxa' 6-max Seat #3 is the button
Seat 3: xcgxcg2005 ($94.56 in chips)
Seat 4: Azrarn ($185.11 in chips)
xcgxcg2005: posts small blind $1
Azrarn: posts big blind $3
*** HOLE CARDS ***
xcgxcg2005: raises $3 to $6
Azrarn: calls $3
*** FLOP *** [3c 7h Qh]
Azrarn: checks
xcgxcg2005: bets $3
Azrarn: calls $3
*** TURN *** [3c 7h Qh] [2d]
Azrarn: checks
xcgxcg2005: checks
*** RIVER *** [3c 7h Qh 2d] [8s]
Azrarn: bets $6
xcgxcg2005: folds
Uncalled bet ($6) returned to Azrarn
Azrarn collected $17.64 from pot
*** SUMMARY ***
Total pot $18 | Rake $0.36
Board [3c 7h Qh 2d 8s]
Seat 3: xcgxcg2005 (button) (small blind) folded on the River
Seat 4: Azrarn (big blind) collected ($17.64)


PokerStars Hand #154949217329:  Hold'em Limit ($3/$6 USD) - 2016/06/19 15:59:58 ET
Table 'Ricouxa' 6-max Seat #3 is the button
Seat 3: xcgxcg2005 ($67.56 in chips)
Seat 4: Azrarn ($211.25 in chips)
xcgxcg2005: posts small blind $1
Azrarn: posts big blind $3
*** HOLE CARDS ***
xcgxcg2005: folds
Uncalled bet ($2) returned to Azrarn
Azrarn collected $2 from pot
*** SUMMARY ***
Total pot $2 | Rake $0
Seat 3: xcgxcg2005 (button) (small blind) folded before Flop
Seat 4: Azrarn (big blind) collected ($2)


PokerStars Hand #154949208578:  Hold'em Limit ($3/$6 USD) - 2016/06/19 15:59:44 ET
Table 'Ricouxa' 6-max Seat #4 is the button
Seat 3: xcgxcg2005 ($85.56 in chips)
Seat 4: Azrarn ($193.75 in chips)
Azrarn: posts small blind $1
xcgxcg2005: posts big blind $3
*** HOLE CARDS ***
Azrarn: raises $3 to $6
xcgxcg2005: raises $3 to $9
Azrarn: calls $3
*** FLOP *** [Qh 5h 3d]
xcgxcg2005: bets $3
Azrarn: calls $3
*** TURN *** [Qh 5h 3d] [9c]
xcgxcg2005: bets $6
Azrarn: raises $6 to $12
xcgxcg2005: folds
Uncalled bet ($6) returned to Azrarn
Azrarn collected $35.50 from pot
*** SUMMARY ***
Total pot $36 | Rake $0.50
Board [Qh 5h 3d 9c]
Seat 3: xcgxcg2005 (big blind) folded on the Turn
Seat 4: Azrarn (button) (small blind) collected ($35.50)


PokerStars Hand #154949236022:  Hold'em Limit ($3/$6 USD) - 2016/06/19 16:00:26 ET
Table 'Ricouxa' 6-max Seat #3 is the button
Seat 3: xcgxcg2005 ($48.56 in chips)
Seat 4: Azrarn ($229.75 in chips)
xcgxcg2005: posts small blind $1
Azrarn: posts big blind $3
*** HOLE CARDS ***
xcgxcg2005: folds
Uncalled bet ($2) returned to Azrarn
Azrarn collected $2 from pot
*** SUMMARY ***
Total pot $2 | Rake $0
Seat 3: xcgxcg2005 (button) (small blind) folded before Flop
Seat 4: Azrarn (big blind) collected ($2)


PokerStars Hand #154949238877:  Hold'em Limit ($3/$6 USD) - 2016/06/19 16:00:30 ET
Table 'Ricouxa' 6-max Seat #4 is the button
Seat 3: xcgxcg2005 ($47.56 in chips)
Seat 4: Azrarn ($230.75 in chips)
Azrarn: posts small blind $1
xcgxcg2005: posts big blind $3
*** HOLE CARDS ***
Azrarn: raises $3 to $6
xcgxcg2005: raises $3 to $9
Azrarn: calls $3
*** FLOP *** [Js 4h Td]
xcgxcg2005: bets $3
Azrarn: folds
Uncalled bet ($3) returned to xcgxcg2005
xcgxcg2005 collected $17.64 from pot
xcgxcg2005: doesn't show hand
*** SUMMARY ***
Total pot $18 | Rake $0.36
Board [Js 4h Td]
Seat 3: xcgxcg2005 (big blind) collected ($17.64)
Seat 4: Azrarn (button) (small blind) folded on the Flop


PokerStars Hand #154949245883:  Hold'em Limit ($3/$6 USD) - 2016/06/19 16:00:40 ET
Table 'Ricouxa' 6-max Seat #3 is the button
Seat 3: xcgxcg2005 ($56.20 in chips)
Seat 4: Azrarn ($221.75 in chips)
xcgxcg2005: posts small blind $1
Azrarn: posts big blind $3
*** HOLE CARDS ***
xcgxcg2005: raises $3 to $6
Azrarn: raises $3 to $9
xcgxcg2005: raises $3 to $12
Betting is capped
Azrarn: calls $3
*** FLOP *** [4c 3d Ah]
Azrarn: checks
xcgxcg2005: bets $3
Azrarn: calls $3
*** TURN *** [4c 3d Ah] [4s]
Azrarn: bets $6
xcgxcg2005: folds
Uncalled bet ($6) returned to Azrarn
Azrarn collected $29.50 from pot
*** SUMMARY ***
Total pot $30 | Rake $0.50
Board [4c 3d Ah 4s]
Seat 3: xcgxcg2005 (button) (small blind) folded on the Turn
Seat 4: Azrarn (big blind) collected ($29.50)


PokerStars Hand #154949260766:  Hold'em Limit ($3/$6 USD) - 2016/06/19 16:01:01 ET
Table 'Ricouxa' 6-max Seat #3 is the button
Seat 3: xcgxcg2005 ($38.20 in chips)
Seat 4: Azrarn ($239.25 in chips)
xcgxcg2005: posts small blind $1
Azrarn: posts big blind $3
*** HOLE CARDS ***
xcgxcg2005: folds
Uncalled bet ($2) returned to Azrarn
Azrarn collected $2 from pot
*** SUMMARY ***
Total pot $2 | Rake $0
Seat 3: xcgxcg2005 (button) (small blind) folded before Flop
Seat 4: Azrarn (big blind) collected ($2)


PokerStars Hand #154949256044:  Hold'em Limit ($3/$6 USD) - 2016/06/19 16:00:54 ET
Table 'Ricouxa' 6-max Seat #4 is the button
Seat 3: xcgxcg2005 ($41.20 in chips)
Seat 4: Azrarn ($236.25 in chips)
Azrarn: posts small blind $1
xcgxcg2005: posts big blind $3
*** HOLE CARDS ***
Azrarn: raises $3 to $6
xcgxcg2005: folds
Uncalled bet ($3) returned to Azrarn
Azrarn collected $6 from pot
*** SUMMARY ***
Total pot $6 | Rake $0
Seat 3: xcgxcg2005 (big blind) folded before Flop
Seat 4: Azrarn (button) (small blind) collected ($6)


PokerStars Hand #154949220311:  Hold'em Limit ($3/$6 USD) - 2016/06/19 16:00:02 ET
Table 'Ricouxa' 6-max Seat #4 is the button
Seat 3: xcgxcg2005 ($66.56 in chips)
Seat 4: Azrarn ($212.25 in chips)
Azrarn: posts small blind $1
xcgxcg2005: posts big blind $3
*** HOLE CARDS ***
Azrarn: raises $3 to $6
xcgxcg2005: raises $3 to $9
Azrarn: calls $3
*** FLOP *** [9c Qs 5s]
xcgxcg2005: bets $3
Azrarn: calls $3
*** TURN *** [9c Qs 5s] [4c]
xcgxcg2005: bets $6
Azrarn: calls $6
*** RIVER *** [9c Qs 5s 4c] [Ts]
xcgxcg2005: checks
Azrarn: checks
*** SHOW DOWN ***
xcgxcg2005: shows [7c 3c] (high card Queen)
Azrarn: shows [7h As] (high card Ace)
Azrarn collected $35.50 from pot
*** SUMMARY ***
Total pot $36 | Rake $0.50
Board [9c Qs 5s 4c Ts]
Seat 3: xcgxcg2005 (big blind) showed [7c 3c] and lost with high card Queen
Seat 4: Azrarn (button) (small blind) showed [7h As] and won ($35.50) with high card Ace


PokerStars Hand #154949278768:  Hold'em Limit ($3/$6 USD) - 2016/06/19 16:01:24 ET
Table 'Ricouxa' 6-max Seat #4 is the button
Seat 3: xcgxcg2005 ($59.70 in chips)
Seat 4: Azrarn ($217.25 in chips)
Azrarn: posts small blind $1
xcgxcg2005: posts big blind $3
*** HOLE CARDS ***
Azrarn: raises $3 to $6
xcgxcg2005: raises $3 to $9
Azrarn: calls $3
*** FLOP *** [Kc 3h 8c]
xcgxcg2005: bets $3
Azrarn: calls $3
*** TURN *** [Kc 3h 8c] [4c]
xcgxcg2005: bets $6
Azrarn: raises $6 to $12
xcgxcg2005: raises $6 to $18
Azrarn: calls $6
*** RIVER *** [Kc 3h 8c 4c] [Jd]
xcgxcg2005: bets $6
Azrarn: folds
Uncalled bet ($6) returned to xcgxcg2005
xcgxcg2005 collected $59.50 from pot
xcgxcg2005: doesn't show hand
*** SUMMARY ***
Total pot $60 | Rake $0.50
Board [Kc 3h 8c 4c Jd]
Seat 3: xcgxcg2005 (big blind) collected ($59.50)
Seat 4: Azrarn (button) (small blind) folded on the River


PokerStars Hand #154949293190:  Hold'em Limit ($3/$6 USD) - 2016/06/19 16:01:43 ET
Table 'Ricouxa' 6-max Seat #3 is the button
Seat 3: xcgxcg2005 ($89.20 in chips)
Seat 4: Azrarn ($187.25 in chips)
xcgxcg2005: posts small blind $1
Azrarn: posts big blind $3
*** HOLE CARDS ***
xcgxcg2005: raises $3 to $6
Azrarn: calls $3
*** FLOP *** [Ts Js 6d]
Azrarn: checks
xcgxcg2005: bets $3
Azrarn: raises $3 to $6
xcgxcg2005: folds
Uncalled bet ($3) returned to Azrarn
Azrarn collected $17.64 from pot
*** SUMMARY ***
Total pot $18 | Rake $0.36
Board [Ts Js 6d]
Seat 3: xcgxcg2005 (button) (small blind) folded on the Flop
Seat 4: Azrarn (big blind) collected ($17.64)


PokerStars Hand #154949310670:  Hold'em Limit ($3/$6 USD) - 2016/06/19 16:02:05 ET
Table 'Ricouxa' 6-max Seat #4 is the button
Seat 3: xcgxcg2005 ($80.20 in chips)
Seat 4: Azrarn ($195.89 in chips)
Azrarn: posts small blind $1
xcgxcg2005: posts big blind $3
*** HOLE CARDS ***
Azrarn: folds
Uncalled bet ($2) returned to xcgxcg2005
xcgxcg2005 collected $2 from pot
xcgxcg2005: doesn't show hand
*** SUMMARY ***
Total pot $2 | Rake $0
Seat 3: xcgxcg2005 (big blind) collected ($2)
Seat 4: Azrarn (button) (small blind) folded before Flop


PokerStars Hand #154949275132:  Hold'em Limit ($3/$6 USD) - 2016/06/19 16:01:20 ET
Table 'Ricouxa' 6-max Seat #3 is the button
Seat 3: xcgxcg2005 ($60.70 in chips)
Seat 4: Azrarn ($216.25 in chips)
xcgxcg2005: posts small blind $1
Azrarn: posts big blind $3
*** HOLE CARDS ***
xcgxcg2005: folds
Uncalled bet ($2) returned to Azrarn
Azrarn collected $2 from pot
*** SUMMARY ***
Total pot $2 | Rake $0
Seat 3: xcgxcg2005 (button) (small blind) folded before Flop
Seat 4: Azrarn (big blind) collected ($2)


PokerStars Hand #154949264205:  Hold'em Limit ($3/$6 USD) - 2016/06/19 16:01:05 ET
Table 'Ricouxa' 6-max Seat #4 is the button
Seat 3: xcgxcg2005 ($37.20 in chips)
Seat 4: Azrarn ($240.25 in chips)
Azrarn: posts small blind $1
xcgxcg2005: posts big blind $3
*** HOLE CARDS ***
Azrarn: raises $3 to $6
xcgxcg2005: raises $3 to $9
Azrarn: calls $3
*** FLOP *** [Ks 9h As]
xcgxcg2005: bets $3
Azrarn: calls $3
*** TURN *** [Ks 9h As] [Kc]
xcgxcg2005: bets $6
Azrarn: calls $6
*** RIVER *** [Ks 9h As Kc] [4d]
xcgxcg2005: bets $6
Azrarn: calls $6
*** SHOW DOWN ***
xcgxcg2005: shows [Qc Ah] (two pair, Aces and Kings)
Azrarn: mucks hand
xcgxcg2005 collected $47.50 from pot
*** SUMMARY ***
Total pot $48 | Rake $0.50
Board [Ks 9h As Kc 4d]
Seat 3: xcgxcg2005 (big blind) showed [Qc Ah] and won ($47.50) with two pair, Aces and Kings
Seat 4: Azrarn (button) (small blind) mucked


PokerStars Hand #154949322534:  Hold'em Limit ($3/$6 USD) - 2016/06/19 16:02:18 ET
Table 'Ricouxa' 6-max Seat #4 is the button
Seat 3: xcgxcg2005 ($84.20 in chips)
Seat 4: Azrarn ($191.89 in chips)
Azrarn: posts small blind $1
xcgxcg2005: posts big blind $3
*** HOLE CARDS ***
Azrarn: raises $3 to $6
xcgxcg2005: calls $3
*** FLOP *** [Js Qs 9s]
xcgxcg2005: checks
Azrarn: bets $3
xcgxcg2005: calls $3
*** TURN *** [Js Qs 9s] [8c]
xcgxcg2005: checks
Azrarn: checks
*** RIVER *** [Js Qs 9s 8c] [4s]
xcgxcg2005: checks
Azrarn: checks
*** SHOW DOWN ***
xcgxcg2005: shows [9d Kc] (a pair of Nines)
Azrarn: mucks hand
xcgxcg2005 collected $17.64 from pot
*** SUMMARY ***
Total pot $18 | Rake $0.36
Board [Js Qs 9s 8c 4s]
Seat 3: xcgxcg2005 (big blind) showed [9d Kc] and won ($17.64) with a pair of Nines
Seat 4: Azrarn (button) (small blind) mucked


PokerStars Hand #154949339043:  Hold'em Limit ($3/$6 USD) - 2016/06/19 16:02:38 ET
Table 'Ricouxa' 6-max Seat #4 is the button
Seat 3: xcgxcg2005 ($91.84 in chips)
Seat 4: Azrarn ($183.89 in chips)
Azrarn: posts small blind $1
xcgxcg2005: posts big blind $3
*** HOLE CARDS ***
Azrarn: raises $3 to $6
xcgxcg2005: folds
Uncalled bet ($3) returned to Azrarn
Azrarn collected $6 from pot
*** SUMMARY ***
Total pot $6 | Rake $0
Seat 3: xcgxcg2005 (big blind) folded before Flop
Seat 4: Azrarn (button) (small blind) collected ($6)


PokerStars Hand #154949335465:  Hold'em Limit ($3/$6 USD) - 2016/06/19 16:02:34 ET
Table 'Ricouxa' 6-max Seat #3 is the button
Seat 3: xcgxcg2005 ($92.84 in chips)
Seat 4: Azrarn ($182.89 in chips)
xcgxcg2005: posts small blind $1
Azrarn: posts big blind $3
*** HOLE CARDS ***
xcgxcg2005: folds
Uncalled bet ($2) returned to Azrarn
Azrarn collected $2 from pot
*** SUMMARY ***
Total pot $2 | Rake $0
Seat 3: xcgxcg2005 (button) (small blind) folded before Flop
Seat 4: Azrarn (big blind) collected ($2)


PokerStars Hand #154949343252:  Hold'em Limit ($3/$6 USD) - 2016/06/19 16:02:44 ET
Table 'Ricouxa' 6-max Seat #3 is the button
Seat 3: xcgxcg2005 ($88.84 in chips)
Seat 4: Azrarn ($186.89 in chips)
xcgxcg2005: posts small blind $1
Azrarn: posts big blind $3
*** HOLE CARDS ***
xcgxcg2005: raises $3 to $6
Azrarn: folds
Uncalled bet ($3) returned to xcgxcg2005
xcgxcg2005 collected $6 from pot
xcgxcg2005: doesn't show hand
*** SUMMARY ***
Total pot $6 | Rake $0
Seat 3: xcgxcg2005 (button) (small blind) collected ($6)
Seat 4: Azrarn (big blind) folded before Flop


PokerStars Hand #154949348563:  Hold'em Limit ($3/$6 USD) - 2016/06/19 16:02:49 ET
Table 'Ricouxa' 6-max Seat #4 is the button
Seat 3: xcgxcg2005 ($91.84 in chips)
Seat 4: Azrarn ($183.89 in chips)
Azrarn: posts small blind $1
xcgxcg2005: posts big blind $3
*** HOLE CARDS ***
Azrarn: raises $3 to $6
xcgxcg2005: raises $3 to $9
Azrarn: calls $3
*** FLOP *** [Ts Td Qc]
xcgxcg2005: bets $3
Azrarn: folds
Uncalled bet ($3) returned to xcgxcg2005
xcgxcg2005 collected $17.64 from pot
xcgxcg2005: doesn't show hand
*** SUMMARY ***
Total pot $18 | Rake $0.36
Board [Ts Td Qc]
Seat 3: xcgxcg2005 (big blind) collected ($17.64)
Seat 4: Azrarn (button) (small blind) folded on the Flop


PokerStars Hand #154949317939:  Hold'em Limit ($3/$6 USD) - 2016/06/19 16:02:13 ET
Table 'Ricouxa' 6-max Seat #3 is the button
Seat 3: xcgxcg2005 ($81.20 in chips)
Seat 4: Azrarn ($194.89 in chips)
xcgxcg2005: posts small blind $1
Azrarn: posts big blind $3
*** HOLE CARDS ***
xcgxcg2005: raises $3 to $6
Azrarn: folds
Uncalled bet ($3) returned to xcgxcg2005
xcgxcg2005 collected $6 from pot
xcgxcg2005: doesn't show hand
*** SUMMARY ***
Total pot $6 | Rake $0
Seat 3: xcgxcg2005 (button) (small blind) collected ($6)
Seat 4: Azrarn (big blind) folded before Flop


PokerStars Hand #154949381571:  Hold'em Limit ($3/$6 USD) - 2016/06/19 16:03:28 ET
Table 'Ricouxa' 6-max Seat #3 is the button
Seat 3: xcgxcg2005 ($82.48 in chips)
Seat 4: Azrarn ($192.39 in chips)
xcgxcg2005: posts small blind $1
Azrarn: posts big blind $3
*** HOLE CARDS ***
xcgxcg2005: folds
Uncalled bet ($2) returned to Azrarn
Azrarn collected $2 from pot
*** SUMMARY ***
Total pot $2 | Rake $0
Seat 3: xcgxcg2005 (button) (small blind) folded before Flop
Seat 4: Azrarn (big blind) collected ($2)


PokerStars Hand #154949385862:  Hold'em Limit ($3/$6 USD) - 2016/06/19 16:03:32 ET
Table 'Ricouxa' 6-max Seat #4 is the button
Seat 3: xcgxcg2005 ($81.48 in chips)
Seat 4: Azrarn ($193.39 in chips)
Azrarn: posts small blind $1
xcgxcg2005: posts big blind $3
*** HOLE CARDS ***
Azrarn: folds
Uncalled bet ($2) returned to xcgxcg2005
xcgxcg2005 collected $2 from pot
xcgxcg2005: doesn't show hand
*** SUMMARY ***
Total pot $2 | Rake $0
Seat 3: xcgxcg2005 (big blind) collected ($2)
Seat 4: Azrarn (button) (small blind) folded before Flop


PokerStars Hand #154949402300:  Hold'em Limit ($3/$6 USD) - 2016/06/19 16:03:51 ET
Table 'Ricouxa' 6-max Seat #4 is the button
Seat 3: xcgxcg2005 ($88.24 in chips)
Seat 4: Azrarn ($186.39 in chips)
Azrarn: posts small blind $1
xcgxcg2005: posts big blind $3
*** HOLE CARDS ***
Azrarn: raises $3 to $6
xcgxcg2005: folds
Uncalled bet ($3) returned to Azrarn
Azrarn collected $6 from pot
*** SUMMARY ***
Total pot $6 | Rake $0
Seat 3: xcgxcg2005 (big blind) folded before Flop
Seat 4: Azrarn (button) (small blind) collected ($6)


PokerStars Hand #154949393673:  Hold'em Limit ($3/$6 USD) - 2016/06/19 16:03:41 ET
Table 'Ricouxa' 6-max Seat #3 is the button
Seat 3: xcgxcg2005 ($82.48 in chips)
Seat 4: Azrarn ($192.39 in chips)
xcgxcg2005: posts small blind $1
Azrarn: posts big blind $3
*** HOLE CARDS ***
xcgxcg2005: raises $3 to $6
Azrarn: calls $3
*** FLOP *** [8h As 3s]
Azrarn: checks
xcgxcg2005: bets $3
Azrarn: folds
Uncalled bet ($3) returned to xcgxcg2005
xcgxcg2005 collected $11.76 from pot
xcgxcg2005: doesn't show hand
*** SUMMARY ***
Total pot $12 | Rake $0.24
Board [8h As 3s]
Seat 3: xcgxcg2005 (button) (small blind) collected ($11.76)
Seat 4: Azrarn (big blind) folded on the Flop


PokerStars Hand #154949407802:  Hold'em Limit ($3/$6 USD) - 2016/06/19 16:03:57 ET
Table 'Ricouxa' 6-max Seat #3 is the button
Seat 3: xcgxcg2005 ($85.24 in chips)
Seat 4: Azrarn ($189.39 in chips)
xcgxcg2005: posts small blind $1
Azrarn: posts big blind $3
*** HOLE CARDS ***
xcgxcg2005: folds
Uncalled bet ($2) returned to Azrarn
Azrarn collected $2 from pot
*** SUMMARY ***
Total pot $2 | Rake $0
Seat 3: xcgxcg2005 (button) (small blind) folded before Flop
Seat 4: Azrarn (big blind) collected ($2)


PokerStars Hand #154949377242:  Hold'em Limit ($3/$6 USD) - 2016/06/19 16:03:23 ET
Table 'Ricouxa' 6-max Seat #4 is the button
Seat 3: xcgxcg2005 ($85.48 in chips)
Seat 4: Azrarn ($189.39 in chips)
Azrarn: posts small blind $1
xcgxcg2005: posts big blind $3
*** HOLE CARDS ***
Azrarn: raises $3 to $6
xcgxcg2005: folds
Uncalled bet ($3) returned to Azrarn
Azrarn collected $6 from pot
*** SUMMARY ***
Total pot $6 | Rake $0
Seat 3: xcgxcg2005 (big blind) folded before Flop
Seat 4: Azrarn (button) (small blind) collected ($6)


PokerStars Hand #154949363964:  Hold'em Limit ($3/$6 USD) - 2016/06/19 16:03:07 ET
Table 'Ricouxa' 6-max Seat #3 is the button
Seat 3: xcgxcg2005 ($100.48 in chips)
Seat 4: Azrarn ($174.89 in chips)
xcgxcg2005: posts small blind $1
Azrarn: posts big blind $3
*** HOLE CARDS ***
xcgxcg2005: raises $3 to $6
Azrarn: calls $3
*** FLOP *** [5s 6d 2h]
Azrarn: checks
xcgxcg2005: bets $3
Azrarn: calls $3
*** TURN *** [5s 6d 2h] [Js]
Azrarn: checks
xcgxcg2005: bets $6
Azrarn: calls $6
*** RIVER *** [5s 6d 2h Js] [3s]
Azrarn: checks
xcgxcg2005: checks
*** SHOW DOWN ***
Azrarn: shows [Kd 2d] (a pair of Deuces)
xcgxcg2005: mucks hand
Azrarn collected $29.50 from pot
*** SUMMARY ***
Total pot $30 | Rake $0.50
Board [5s 6d 2h Js 3s]
Seat 3: xcgxcg2005 (button) (small blind) mucked
Seat 4: Azrarn (big blind) showed [Kd 2d] and won ($29.50) with a pair of Deuces


PokerStars Hand #154949434228:  Hold'em Limit ($3/$6 USD) - 2016/06/19 16:04:27 ET
Table 'Ricouxa' 6-max Seat #4 is the button
Seat 3: xcgxcg2005 ($109.74 in chips)
Seat 4: Azrarn ($164.39 in chips)
Azrarn: posts small blind $1
xcgxcg2005: posts big blind $3
*** HOLE CARDS ***
Azrarn: raises $3 to $6
xcgxcg2005: folds
Uncalled bet ($3) returned to Azrarn
Azrarn collected $6 from pot
*** SUMMARY ***
Total pot $6 | Rake $0
Seat 3: xcgxcg2005 (big blind) folded before Flop
Seat 4: Azrarn (button) (small blind) collected ($6)


PokerStars Hand #154949441801:  Hold'em Limit ($3/$6 USD) - 2016/06/19 16:04:36 ET
Table 'Ricouxa' 6-max Seat #3 is the button
Seat 3: xcgxcg2005 ($106.74 in chips)
Seat 4: Azrarn ($167.39 in chips)
xcgxcg2005: posts small blind $1
Azrarn: posts big blind $3
*** HOLE CARDS ***
xcgxcg2005: folds
Uncalled bet ($2) returned to Azrarn
Azrarn collected $2 from pot
*** SUMMARY ***
Total pot $2 | Rake $0
Seat 3: xcgxcg2005 (button) (small blind) folded before Flop
Seat 4: Azrarn (big blind) collected ($2)


PokerStars Hand #154949465723:  Hold'em Limit ($3/$6 USD) - 2016/06/19 16:05:03 ET
Table 'Ricouxa' 6-max Seat #4 is the button
Seat 3: xcgxcg2005 ($77.74 in chips)
Seat 4: Azrarn ($195.89 in chips)
Azrarn: posts small blind $1
xcgxcg2005: posts big blind $3
*** HOLE CARDS ***
Azrarn: raises $3 to $6
xcgxcg2005: folds
Uncalled bet ($3) returned to Azrarn
Azrarn collected $6 from pot
*** SUMMARY ***
Total pot $6 | Rake $0
Seat 3: xcgxcg2005 (big blind) folded before Flop
Seat 4: Azrarn (button) (small blind) collected ($6)


PokerStars Hand #154949461715:  Hold'em Limit ($3/$6 USD) - 2016/06/19 16:04:59 ET
Table 'Ricouxa' 6-max Seat #3 is the button
Seat 3: xcgxcg2005 ($78.74 in chips)
Seat 4: Azrarn ($194.89 in chips)
xcgxcg2005: posts small blind $1
Azrarn: posts big blind $3
*** HOLE CARDS ***
xcgxcg2005: folds
Uncalled bet ($2) returned to Azrarn
Azrarn collected $2 from pot
*** SUMMARY ***
Total pot $2 | Rake $0
Seat 3: xcgxcg2005 (button) (small blind) folded before Flop
Seat 4: Azrarn (big blind) collected ($2)


PokerStars Hand #154949445816:  Hold'em Limit ($3/$6 USD) - 2016/06/19 16:04:41 ET
Table 'Ricouxa' 6-max Seat #4 is the button
Seat 3: xcgxcg2005 ($105.74 in chips)
Seat 4: Azrarn ($168.39 in chips)
Azrarn: posts small blind $1
xcgxcg2005: posts big blind $3
*** HOLE CARDS ***
Azrarn: raises $3 to $6
xcgxcg2005: raises $3 to $9
Azrarn: calls $3
*** FLOP *** [7c Ac 2s]
xcgxcg2005: bets $3
Azrarn: raises $3 to $6
xcgxcg2005: calls $3
*** TURN *** [7c Ac 2s] [Jh]
xcgxcg2005: checks
Azrarn: bets $6
xcgxcg2005: calls $6
*** RIVER *** [7c Ac 2s Jh] [8s]
xcgxcg2005: checks
Azrarn: bets $6
xcgxcg2005: calls $6
*** SHOW DOWN ***
Azrarn: shows [3c Jc] (a pair of Jacks)
xcgxcg2005: mucks hand
Azrarn collected $53.50 from pot
*** SUMMARY ***
Total pot $54 | Rake $0.50
Board [7c Ac 2s Jh 8s]
Seat 3: xcgxcg2005 (big blind) mucked
Seat 4: Azrarn (button) (small blind) showed [3c Jc] and won ($53.50) with a pair of Jacks


PokerStars Hand #154949470070:  Hold'em Limit ($3/$6 USD) - 2016/06/19 16:05:08 ET
Table 'Ricouxa' 6-max Seat #3 is the button
Seat 3: xcgxcg2005 ($74.74 in chips)
Seat 4: Azrarn ($198.89 in chips)
xcgxcg2005: posts small blind $1
Azrarn: posts big blind $3
*** HOLE CARDS ***
xcgxcg2005: raises $3 to $6
Azrarn: calls $3
*** FLOP *** [Tc 9d 9h]
Azrarn: checks
xcgxcg2005: bets $3
Azrarn: folds
Uncalled bet ($3) returned to xcgxcg2005
xcgxcg2005 collected $11.76 from pot
xcgxcg2005: doesn't show hand
*** SUMMARY ***
Total pot $12 | Rake $0.24
Board [Tc 9d 9h]
Seat 3: xcgxcg2005 (button) (small blind) collected ($11.76)
Seat 4: Azrarn (big blind) folded on the Flop


PokerStars Hand #154949430132:  Hold'em Limit ($3/$6 USD) - 2016/06/19 16:04:23 ET
Table 'Ricouxa' 6-max Seat #3 is the button
Seat 3: xcgxcg2005 ($110.74 in chips)
Seat 4: Azrarn ($163.39 in chips)
xcgxcg2005: posts small blind $1
Azrarn: posts big blind $3
*** HOLE CARDS ***
xcgxcg2005: folds
Uncalled bet ($2) returned to Azrarn
Azrarn collected $2 from pot
*** SUMMARY ***
Total pot $2 | Rake $0
Seat 3: xcgxcg2005 (button) (small blind) folded before Flop
Seat 4: Azrarn (big blind) collected ($2)


PokerStars Hand #154949411772:  Hold'em Limit ($3/$6 USD) - 2016/06/19 16:04:02 ET
Table 'Ricouxa' 6-max Seat #4 is the button
Seat 3: xcgxcg2005 ($84.24 in chips)
Seat 4: Azrarn ($190.39 in chips)
Azrarn: posts small blind $1
xcgxcg2005: posts big blind $3
*** HOLE CARDS ***
Azrarn: raises $3 to $6
xcgxcg2005: calls $3
*** FLOP *** [4c 2d 7c]
xcgxcg2005: checks
Azrarn: bets $3
xcgxcg2005: calls $3
*** TURN *** [4c 2d 7c] [5d]
xcgxcg2005: checks
Azrarn: bets $6
xcgxcg2005: raises $6 to $12
Azrarn: calls $6
*** RIVER *** [4c 2d 7c 5d] [Ks]
xcgxcg2005: bets $6
Azrarn: calls $6
*** SHOW DOWN ***
xcgxcg2005: shows [Kd 5s] (two pair, Kings and Fives)
Azrarn: mucks hand
xcgxcg2005 collected $53.50 from pot
*** SUMMARY ***
Total pot $54 | Rake $0.50
Board [4c 2d 7c 5d Ks]
Seat 3: xcgxcg2005 (big blind) showed [Kd 5s] and won ($53.50) with two pair, Kings and Fives
Seat 4: Azrarn (button) (small blind) mucked


PokerStars Hand #154949505956:  Hold'em Limit ($3/$6 USD) - 2016/06/19 16:05:49 ET
Table 'Ricouxa' 6-max Seat #3 is the button
Seat 3: xcgxcg2005 ($62.50 in chips)
Seat 4: Azrarn ($210.39 in chips)
xcgxcg2005: posts small blind $1
Azrarn: posts big blind $3
*** HOLE CARDS ***
xcgxcg2005: folds
Uncalled bet ($2) returned to Azrarn
Azrarn collected $2 from pot
*** SUMMARY ***
Total pot $2 | Rake $0
Seat 3: xcgxcg2005 (button) (small blind) folded before Flop
Seat 4: Azrarn (big blind) collected ($2)


PokerStars Hand #154949477643:  Hold'em Limit ($3/$6 USD) - 2016/06/19 16:05:17 ET
Table 'Ricouxa' 6-max Seat #4 is the button
Seat 3: xcgxcg2005 ($80.50 in chips)
Seat 4: Azrarn ($192.89 in chips)
Azrarn: posts small blind $1
xcgxcg2005: posts big blind $3
*** HOLE CARDS ***
Azrarn: raises $3 to $6
xcgxcg2005: calls $3
*** FLOP *** [8c 7s Qs]
xcgxcg2005: checks
Azrarn: checks
*** TURN *** [8c 7s Qs] [7c]
xcgxcg2005: checks
Azrarn: bets $6
xcgxcg2005: calls $6
*** RIVER *** [8c 7s Qs 7c] [3d]
xcgxcg2005: checks
Azrarn: bets $6
xcgxcg2005: calls $6
*** SHOW DOWN ***
Azrarn: shows [6d 6s] (two pair, Sevens and Sixes)
xcgxcg2005: mucks hand
Azrarn collected $35.50 from pot
*** SUMMARY ***
Total pot $36 | Rake $0.50
Board [8c 7s Qs 7c 3d]
Seat 3: xcgxcg2005 (big blind) mucked
Seat 4: Azrarn (button) (small blind) showed [6d 6s] and won ($35.50) with two pair, Sevens and Sixes


PokerStars Hand #154949509763:  Hold'em Limit ($3/$6 USD) - 2016/06/19 16:05:53 ET
Table 'Ricouxa' 6-max Seat #4 is the button
Seat 3: xcgxcg2005 ($61.50 in chips)
Seat 4: Azrarn ($211.39 in chips)
Azrarn: posts small blind $1
xcgxcg2005: posts big blind $3
*** HOLE CARDS ***
Azrarn: raises $3 to $6
xcgxcg2005: raises $3 to $9
Azrarn: calls $3
*** FLOP *** [Kc 4s 3d]
xcgxcg2005: bets $3
Azrarn: raises $3 to $6
xcgxcg2005: raises $3 to $9
Azrarn: calls $3
*** TURN *** [Kc 4s 3d] [7c]
xcgxcg2005: bets $6
Azrarn: calls $6
*** RIVER *** [Kc 4s 3d 7c] [3c]
xcgxcg2005: checks
Azrarn: bets $6
xcgxcg2005: calls $6
*** SHOW DOWN ***
Azrarn: shows [Js Jc] (two pair, Jacks and Threes)
xcgxcg2005: mucks hand
Azrarn collected $59.50 from pot
*** SUMMARY ***
Total pot $60 | Rake $0.50
Board [Kc 4s 3d 7c 3c]
Seat 3: xcgxcg2005 (big blind) mucked
Seat 4: Azrarn (button) (small blind) showed [Js Jc] and won ($59.50) with two pair, Jacks and Threes


PokerStars Hand #154949543028:  Hold'em Limit ($3/$6 USD) - 2016/06/19 16:06:31 ET
Table 'Ricouxa' 6-max Seat #4 is the button
Seat 3: xcgxcg2005 ($34.50 in chips)
Seat 4: Azrarn ($237.89 in chips)
Azrarn: posts small blind $1
xcgxcg2005: posts big blind $3
*** HOLE CARDS ***
Azrarn: raises $3 to $6
xcgxcg2005: folds
Uncalled bet ($3) returned to Azrarn
Azrarn collected $6 from pot
*** SUMMARY ***
Total pot $6 | Rake $0
Seat 3: xcgxcg2005 (big blind) folded before Flop
Seat 4: Azrarn (button) (small blind) collected ($6)


PokerStars Hand #154949531242:  Hold'em Limit ($3/$6 USD) - 2016/06/19 16:06:18 ET
Table 'Ricouxa' 6-max Seat #3 is the button
Seat 3: xcgxcg2005 ($31.50 in chips)
Seat 4: Azrarn ($240.89 in chips)
xcgxcg2005: posts small blind $1
Azrarn: posts big blind $3
*** HOLE CARDS ***
xcgxcg2005: raises $3 to $6
Azrarn: folds
Uncalled bet ($3) returned to xcgxcg2005
xcgxcg2005 collected $6 from pot
xcgxcg2005: doesn't show hand
*** SUMMARY ***
Total pot $6 | Rake $0
Seat 3: xcgxcg2005 (button) (small blind) collected ($6)
Seat 4: Azrarn (big blind) folded before Flop


PokerStars Hand #154949551944:  Hold'em Limit ($3/$6 USD) - 2016/06/19 16:06:42 ET
Table 'Ricouxa' 6-max Seat #4 is the button
Seat 3: xcgxcg2005 ($30.50 in chips)
Seat 4: Azrarn ($241.89 in chips)
Azrarn: posts small blind $1
xcgxcg2005: posts big blind $3
*** HOLE CARDS ***
Azrarn: raises $3 to $6
xcgxcg2005: folds
Uncalled bet ($3) returned to Azrarn
Azrarn collected $6 from pot
*** SUMMARY ***
Total pot $6 | Rake $0
Seat 3: xcgxcg2005 (big blind) folded before Flop
Seat 4: Azrarn (button) (small blind) collected ($6)


PokerStars Hand #154949547667:  Hold'em Limit ($3/$6 USD) - 2016/06/19 16:06:37 ET
Table 'Ricouxa' 6-max Seat #3 is the button
Seat 3: xcgxcg2005 ($31.50 in chips)
Seat 4: Azrarn ($240.89 in chips)
xcgxcg2005: posts small blind $1
Azrarn: posts big blind $3
*** HOLE CARDS ***
xcgxcg2005: folds
Uncalled bet ($2) returned to Azrarn
Azrarn collected $2 from pot
*** SUMMARY ***
Total pot $2 | Rake $0
Seat 3: xcgxcg2005 (button) (small blind) folded before Flop
Seat 4: Azrarn (big blind) collected ($2)


PokerStars Hand #154949556530:  Hold'em Limit ($3/$6 USD) - 2016/06/19 16:06:47 ET
Table 'Ricouxa' 6-max Seat #3 is the button
Seat 3: xcgxcg2005 ($27.50 in chips)
Seat 4: Azrarn ($244.89 in chips)
xcgxcg2005: posts small blind $1
Azrarn: posts big blind $3
*** HOLE CARDS ***
xcgxcg2005: raises $3 to $6
Azrarn: raises $3 to $9
xcgxcg2005: raises $3 to $12
Betting is capped
Azrarn: calls $3
*** FLOP *** [2s Qd 7s]
Azrarn: bets $3
xcgxcg2005: raises $3 to $6
Azrarn: raises $3 to $9
xcgxcg2005: raises $3 to $12
Betting is capped
Azrarn: calls $3
*** TURN *** [2s Qd 7s] [6c]
Azrarn: bets $6
xcgxcg2005: calls $3.50 and is all-in
Uncalled bet ($2.50) returned to Azrarn
*** RIVER *** [2s Qd 7s 6c] [Ac]
*** SHOW DOWN ***
Azrarn: shows [Qh Qs] (three of a kind, Queens)
xcgxcg2005: shows [Jd As] (a pair of Aces)
Azrarn collected $54.50 from pot
*** SUMMARY ***
Total pot $55 | Rake $0.50
Board [2s Qd 7s 6c Ac]
Seat 3: xcgxcg2005 (button) (small blind) showed [Jd As] and lost with a pair of Aces
Seat 4: Azrarn (big blind) showed [Qh Qs] and won ($54.50) with three of a kind, Queens


PokerStars Hand #154949749869:  Hold'em Limit ($3/$6 USD) - 2016/06/19 16:10:23 ET
Table 'Ricouxa' 6-max Seat #5 is the button
Seat 3: AnVan ($38.88 in chips)
Seat 5: tomte999 ($72 in chips)
tomte999: posts small blind $1
AnVan: posts big blind $3
*** HOLE CARDS ***
tomte999: raises $3 to $6
AnVan: calls $3
*** FLOP *** [Qh 3h 5d]
AnVan: checks
tomte999: bets $3
AnVan: calls $3
*** TURN *** [Qh 3h 5d] [2s]
AnVan: checks
tomte999: checks
*** RIVER *** [Qh 3h 5d 2s] [7c]
AnVan: bets $6
tomte999: calls $6
*** SHOW DOWN ***
AnVan: shows [7d Tc] (a pair of Sevens)
tomte999: mucks hand
AnVan collected $29.50 from pot
*** SUMMARY ***
Total pot $30 | Rake $0.50
Board [Qh 3h 5d 2s 7c]
Seat 3: AnVan (big blind) showed [7d Tc] and won ($29.50) with a pair of Sevens
Seat 5: tomte999 (button) (small blind) mucked


PokerStars Hand #154950032929:  Hold'em Limit ($3/$6 USD) - 2016/06/19 16:15:57 ET
Table 'Ricouxa' 6-max Seat #4 is the button
Seat 3: AnVan ($91.51 in chips)
Seat 4: Azrarn ($300.34 in chips)
Azrarn: posts small blind $1
tomte999: is sitting out
AnVan: posts big blind $3
*** HOLE CARDS ***
Azrarn: raises $3 to $6
AnVan: calls $3
*** FLOP *** [Tc 7d Jd]
AnVan: bets $3
Azrarn: folds
Uncalled bet ($3) returned to AnVan
AnVan collected $11.76 from pot
*** SUMMARY ***
Total pot $12 | Rake $0.24
Board [Tc 7d Jd]
Seat 3: AnVan (big blind) collected ($11.76)
Seat 4: Azrarn (button) (small blind) folded on the Flop


PokerStars Hand #154950080203:  Hold'em Limit ($3/$6 USD) - 2016/06/19 16:16:52 ET
Table 'Ricouxa' 6-max Seat #3 is the button
Seat 3: AnVan ($105.66 in chips)
Seat 4: Azrarn ($285.09 in chips)
AnVan: posts small blind $1
Azrarn: posts big blind $3
*** HOLE CARDS ***
AnVan: calls $2
Azrarn: checks
*** FLOP *** [3h 9d 8c]
Azrarn: checks
AnVan: bets $3
Azrarn: folds
Uncalled bet ($3) returned to AnVan
AnVan collected $5.88 from pot
*** SUMMARY ***
Total pot $6 | Rake $0.12
Board [3h 9d 8c]
Seat 3: AnVan (button) (small blind) collected ($5.88)
Seat 4: Azrarn (big blind) folded on the Flop


PokerStars Hand #154950056426:  Hold'em Limit ($3/$6 USD) - 2016/06/19 16:16:24 ET
Table 'Ricouxa' 6-max Seat #4 is the button
Seat 3: AnVan ($105.91 in chips)
Seat 4: Azrarn ($285.34 in chips)
Azrarn: posts small blind $1
AnVan: posts big blind $3
*** HOLE CARDS ***
Azrarn: raises $3 to $6
AnVan: raises $3 to $9
Azrarn: calls $3
*** FLOP *** [8d 9s 9d]
AnVan: bets $3
Azrarn: calls $3
*** TURN *** [8d 9s 9d] [7c]
AnVan: bets $6
Azrarn: calls $6
*** RIVER *** [8d 9s 9d 7c] [7h]
AnVan: bets $6
Azrarn: calls $6
*** SHOW DOWN ***
AnVan: shows [Jc Ah] (two pair, Nines and Sevens)
Azrarn: shows [As 5c] (two pair, Nines and Sevens)
AnVan collected $23.75 from pot
Azrarn collected $23.75 from pot
*** SUMMARY ***
Total pot $48 | Rake $0.50
Board [8d 9s 9d 7c 7h]
Seat 3: AnVan (big blind) showed [Jc Ah] and won ($23.75) with two pair, Nines and Sevens
Seat 4: Azrarn (button) (small blind) showed [As 5c] and won ($23.75) with two pair, Nines and Sevens


PokerStars Hand #154950044055:  Hold'em Limit ($3/$6 USD) - 2016/06/19 16:16:10 ET
Table 'Ricouxa' 6-max Seat #3 is the button
Seat 3: AnVan ($97.27 in chips)
Seat 4: Azrarn ($294.34 in chips)
AnVan: posts small blind $1
Azrarn: posts big blind $3
*** HOLE CARDS ***
AnVan: raises $3 to $6
Azrarn: calls $3
*** FLOP *** [Kd 9s 7s]
Azrarn: checks
AnVan: bets $3
Azrarn: calls $3
*** TURN *** [Kd 9s 7s] [As]
Azrarn: checks
AnVan: bets $6
Azrarn: folds
Uncalled bet ($6) returned to AnVan
AnVan collected $17.64 from pot
*** SUMMARY ***
Total pot $18 | Rake $0.36
Board [Kd 9s 7s As]
Seat 3: AnVan (button) (small blind) collected ($17.64)
Seat 4: Azrarn (big blind) folded on the Turn


PokerStars Hand #154950100610:  Hold'em Limit ($3/$6 USD) - 2016/06/19 16:17:17 ET
Table 'Ricouxa' 6-max Seat #4 is the button
Seat 3: AnVan ($108.54 in chips)
Seat 4: Azrarn ($282.09 in chips)
Azrarn: posts small blind $1
AnVan: posts big blind $3
*** HOLE CARDS ***
Azrarn: raises $3 to $6
AnVan: calls $3
*** FLOP *** [4d 9c 5s]
AnVan: checks
Azrarn: bets $3
AnVan: calls $3
*** TURN *** [4d 9c 5s] [Th]
AnVan: checks
Azrarn: bets $6
AnVan: calls $6
*** RIVER *** [4d 9c 5s Th] [Qc]
AnVan: bets $6
Azrarn: folds
Uncalled bet ($6) returned to AnVan
AnVan collected $29.50 from pot
*** SUMMARY ***
Total pot $30 | Rake $0.50
Board [4d 9c 5s Th Qc]
Seat 3: AnVan (big blind) collected ($29.50)
Seat 4: Azrarn (button) (small blind) folded on the River


PokerStars Hand #154950139875:  Hold'em Limit ($3/$6 USD) - 2016/06/19 16:18:04 ET
Table 'Ricouxa' 6-max Seat #3 is the button
Seat 3: AnVan ($123.04 in chips)
Seat 4: Azrarn ($267.09 in chips)
AnVan: posts small blind $1
Azrarn: posts big blind $3
*** HOLE CARDS ***
AnVan: calls $2
Azrarn: raises $3 to $6
AnVan: calls $3
*** FLOP *** [7d 5c 2d]
Azrarn: checks
AnVan: bets $3
hubschi joins the table at seat #6
Azrarn: calls $3
*** TURN *** [7d 5c 2d] [Tc]
Azrarn: checks
AnVan: bets $6
Azrarn: raises $6 to $12
AnVan: calls $6
*** RIVER *** [7d 5c 2d Tc] [Kc]
Azrarn: bets $6
AnVan: calls $6
*** SHOW DOWN ***
Azrarn: shows [Th Qs] (a pair of Tens)
AnVan: mucks hand
Azrarn collected $53.50 from pot
*** SUMMARY ***
Total pot $54 | Rake $0.50
Board [7d 5c 2d Tc Kc]
Seat 3: AnVan (button) (small blind) mucked
Seat 4: Azrarn (big blind) showed [Th Qs] and won ($53.50) with a pair of Tens


