PokerStars Hand #145718291051:  Hold'em Limit ($3/$6 USD) - 2015/12/21 20:31:41 ET
Table 'Riema' 6-max Seat #4 is the button
Seat 3: millon ($125.76 in chips)
Seat 4: Karpik09 ($84 in chips)
Karpik09: posts small blind $1
millon: posts big blind $3
*** HOLE CARDS ***
Karpik09: raises $3 to $6
millon: calls $3
*** FLOP *** [4h 5d 5h]
millon: checks
Karpik09: bets $3
millon: folds
Uncalled bet ($3) returned to Karpik09
Karpik09 collected $11.76 from pot
Karpik09: doesn't show hand
*** SUMMARY ***
Total pot $12 | Rake $0.24
Board [4h 5d 5h]
Seat 3: millon (big blind) folded on the Flop
Seat 4: Karpik09 (button) (small blind) collected ($11.76)


PokerStars Hand #145767436819:  Hold'em Limit ($3/$6 USD) - 2015/12/22 18:40:54 ET
Table 'Riema' 6-max Seat #2 is the button
Seat 2: bentinck113 ($121 in chips)
Seat 6: Dubris144 ($137.34 in chips)
bentinck113: posts small blind $1
korrnel: is sitting out
Dubris144: posts big blind $3
*** HOLE CARDS ***
bentinck113: raises $3 to $6
Dubris144: raises $3 to $9
bentinck113: calls $3
*** FLOP *** [8h 9c Ac]
Dubris144: bets $3
bentinck113: calls $3
*** TURN *** [8h 9c Ac] [6h]
chezlaw joins the table at seat #1
Dubris144: checks
bentinck113: bets $6
Dubris144: calls $6
*** RIVER *** [8h 9c Ac 6h] [4s]
Dubris144: checks
bentinck113: bets $6
Dubris144: folds
Uncalled bet ($6) returned to bentinck113
bentinck113 collected $35.50 from pot
bentinck113: doesn't show hand
*** SUMMARY ***
Total pot $36 | Rake $0.50
Board [8h 9c Ac 6h 4s]
Seat 2: bentinck113 (button) (small blind) collected ($35.50)
Seat 6: Dubris144 (big blind) folded on the River


PokerStars Hand #145767457943:  Hold'em Limit ($3/$6 USD) - 2015/12/22 18:41:20 ET
Table 'Riema' 6-max Seat #6 is the button
Seat 1: chezlaw ($120 in chips)
Seat 6: Dubris144 ($119.34 in chips)
Dubris144: posts small blind $1
chezlaw: posts big blind $3
*** HOLE CARDS ***
Dubris144: raises $3 to $6
chezlaw: calls $3
*** FLOP *** [7c 6c 9s]
chezlaw: checks
Dubris144: bets $3
chezlaw: calls $3
*** TURN *** [7c 6c 9s] [6h]
chezlaw: checks
Dubris144: bets $6
bentinck113 leaves the table
chezlaw: calls $6
*** RIVER *** [7c 6c 9s 6h] [4d]
chezlaw: checks
Dubris144: bets $6
chezlaw: calls $6
*** SHOW DOWN ***
Dubris144: shows [9c Kc] (two pair, Nines and Sixes)
chezlaw: mucks hand
Dubris144 collected $41.50 from pot
*** SUMMARY ***
Total pot $42 | Rake $0.50
Board [7c 6c 9s 6h 4d]
Seat 1: chezlaw (big blind) mucked
Seat 6: Dubris144 (button) (small blind) showed [9c Kc] and won ($41.50) with two pair, Nines and Sixes


PokerStars Hand #145767473543:  Hold'em Limit ($3/$6 USD) - 2015/12/22 18:41:40 ET
Table 'Riema' 6-max Seat #1 is the button
Seat 1: chezlaw ($99 in chips)
Seat 6: Dubris144 ($139.84 in chips)
chezlaw: posts small blind $1
Dubris144: posts big blind $3
*** HOLE CARDS ***
chezlaw: raises $3 to $6
Dubris144: calls $3
*** FLOP *** [6s Js 8h]
Dubris144: checks
chezlaw: bets $3
Dubris144: folds
Uncalled bet ($3) returned to chezlaw
chezlaw collected $11.76 from pot
chezlaw: doesn't show hand
*** SUMMARY ***
Total pot $12 | Rake $0.24
Board [6s Js 8h]
Seat 1: chezlaw (button) (small blind) collected ($11.76)
Seat 6: Dubris144 (big blind) folded on the Flop


