PokerStars Hand #156116668431:  Hold'em Limit ($3/$6 USD) - 2016/07/18 2:35:07 ET
Table 'Riema' 6-max Seat #3 is the button
Seat 3: MR_KOKY18121 ($156.90 in chips)
Seat 5: ABATAPP ($129.81 in chips)
MR_KOKY18121: posts small blind $1
ABATAPP: posts big blind $3
*** HOLE CARDS ***
MR_KOKY18121: folds
Uncalled bet ($2) returned to ABATAPP
ABATAPP collected $2 from pot
ABATAPP: doesn't show hand
*** SUMMARY ***
Total pot $2 | Rake $0
Seat 3: MR_KOKY18121 (button) (small blind) folded before Flop
Seat 5: ABATAPP (big blind) collected ($2)


PokerStars Hand #156116666306:  Hold'em Limit ($3/$6 USD) - 2016/07/18 2:34:58 ET
Table 'Riema' 6-max Seat #5 is the button
Seat 3: MR_KOKY18121 ($159.90 in chips)
Seat 5: ABATAPP ($126.81 in chips)
ABATAPP: posts small blind $1
MR_KOKY18121: posts big blind $3
*** HOLE CARDS ***
ABATAPP: raises $3 to $6
MR_KOKY18121: folds
Uncalled bet ($3) returned to ABATAPP
ABATAPP collected $6 from pot
ABATAPP: doesn't show hand
*** SUMMARY ***
Total pot $6 | Rake $0
Seat 3: MR_KOKY18121 (big blind) folded before Flop
Seat 5: ABATAPP (button) (small blind) collected ($6)


PokerStars Hand #156116663943:  Hold'em Limit ($3/$6 USD) - 2016/07/18 2:34:47 ET
Table 'Riema' 6-max Seat #5 is the button
Seat 3: MR_KOKY18121 ($159.90 in chips)
Seat 5: ABATAPP ($126.81 in chips)
ABATAPP: posts small blind $1
MR_KOKY18121: posts big blind $3
*** HOLE CARDS ***
ABATAPP: folds
Uncalled bet ($2) returned to MR_KOKY18121
MR_KOKY18121 collected $2 from pot
MR_KOKY18121: doesn't show hand
*** SUMMARY ***
Total pot $2 | Rake $0
Seat 3: MR_KOKY18121 (big blind) collected ($2)
Seat 5: ABATAPP (button) (small blind) folded before Flop


PokerStars Hand #156116665261:  Hold'em Limit ($3/$6 USD) - 2016/07/18 2:34:53 ET
Table 'Riema' 6-max Seat #3 is the button
Seat 3: MR_KOKY18121 ($160.90 in chips)
Seat 5: ABATAPP ($125.81 in chips)
MR_KOKY18121: posts small blind $1
ABATAPP: posts big blind $3
*** HOLE CARDS ***
MR_KOKY18121: folds
Uncalled bet ($2) returned to ABATAPP
ABATAPP collected $2 from pot
ABATAPP: doesn't show hand
*** SUMMARY ***
Total pot $2 | Rake $0
Seat 3: MR_KOKY18121 (button) (small blind) folded before Flop
Seat 5: ABATAPP (big blind) collected ($2)


PokerStars Hand #156116673339:  Hold'em Limit ($3/$6 USD) - 2016/07/18 2:35:28 ET
Table 'Riema' 6-max Seat #3 is the button
Seat 3: MR_KOKY18121 ($164.54 in chips)
Seat 5: ABATAPP ($121.81 in chips)
MR_KOKY18121: posts small blind $1
ABATAPP: posts big blind $3
*** HOLE CARDS ***
MR_KOKY18121: folds
Uncalled bet ($2) returned to ABATAPP
ABATAPP collected $2 from pot
ABATAPP: doesn't show hand
*** SUMMARY ***
Total pot $2 | Rake $0
Seat 3: MR_KOKY18121 (button) (small blind) folded before Flop
Seat 5: ABATAPP (big blind) collected ($2)


PokerStars Hand #156116669756:  Hold'em Limit ($3/$6 USD) - 2016/07/18 2:35:13 ET
Table 'Riema' 6-max Seat #5 is the button
Seat 3: MR_KOKY18121 ($155.90 in chips)
Seat 5: ABATAPP ($130.81 in chips)
ABATAPP: posts small blind $1
MR_KOKY18121: posts big blind $3
*** HOLE CARDS ***
ABATAPP: raises $3 to $6
MR_KOKY18121: calls $3
*** FLOP *** [4c 2h Js]
MR_KOKY18121: checks
ABATAPP: bets $3
MR_KOKY18121: raises $3 to $6
ABATAPP: folds
Uncalled bet ($3) returned to MR_KOKY18121
MR_KOKY18121 collected $17.64 from pot
MR_KOKY18121: doesn't show hand
*** SUMMARY ***
Total pot $18 | Rake $0.36
Board [4c 2h Js]
Seat 3: MR_KOKY18121 (big blind) collected ($17.64)
Seat 5: ABATAPP (button) (small blind) folded on the Flop


PokerStars Hand #156116682284:  Hold'em Limit ($3/$6 USD) - 2016/07/18 2:36:06 ET
Table 'Riema' 6-max Seat #3 is the button
Seat 3: MR_KOKY18121 ($150.54 in chips)
Seat 5: ABATAPP ($135.31 in chips)
MR_KOKY18121: posts small blind $1
ABATAPP: posts big blind $3
*** HOLE CARDS ***
MR_KOKY18121: raises $3 to $6
ABATAPP: folds
Uncalled bet ($3) returned to MR_KOKY18121
MR_KOKY18121 collected $6 from pot
MR_KOKY18121: doesn't show hand
*** SUMMARY ***
Total pot $6 | Rake $0
Seat 3: MR_KOKY18121 (button) (small blind) collected ($6)
Seat 5: ABATAPP (big blind) folded before Flop


PokerStars Hand #156116674388:  Hold'em Limit ($3/$6 USD) - 2016/07/18 2:35:33 ET
Table 'Riema' 6-max Seat #5 is the button
Seat 3: MR_KOKY18121 ($163.54 in chips)
Seat 5: ABATAPP ($122.81 in chips)
ABATAPP: posts small blind $1
MR_KOKY18121: posts big blind $3
*** HOLE CARDS ***
ABATAPP: folds
Uncalled bet ($2) returned to MR_KOKY18121
MR_KOKY18121 collected $2 from pot
MR_KOKY18121: doesn't show hand
*** SUMMARY ***
Total pot $2 | Rake $0
Seat 3: MR_KOKY18121 (big blind) collected ($2)
Seat 5: ABATAPP (button) (small blind) folded before Flop


PokerStars Hand #156116681087:  Hold'em Limit ($3/$6 USD) - 2016/07/18 2:36:01 ET
Table 'Riema' 6-max Seat #5 is the button
Seat 3: MR_KOKY18121 ($149.54 in chips)
Seat 5: ABATAPP ($136.31 in chips)
ABATAPP: posts small blind $1
MR_KOKY18121: posts big blind $3
*** HOLE CARDS ***
ABATAPP: folds
Uncalled bet ($2) returned to MR_KOKY18121
MR_KOKY18121 collected $2 from pot
MR_KOKY18121: doesn't show hand
*** SUMMARY ***
Total pot $2 | Rake $0
Seat 3: MR_KOKY18121 (big blind) collected ($2)
Seat 5: ABATAPP (button) (small blind) folded before Flop


PokerStars Hand #156116675686:  Hold'em Limit ($3/$6 USD) - 2016/07/18 2:35:38 ET
Table 'Riema' 6-max Seat #3 is the button
Seat 3: MR_KOKY18121 ($164.54 in chips)
Seat 5: ABATAPP ($121.81 in chips)
MR_KOKY18121: posts small blind $1
ABATAPP: posts big blind $3
*** HOLE CARDS ***
MR_KOKY18121: calls $2
ABATAPP: checks
*** FLOP *** [4c 8s 3h]
ABATAPP: bets $3
MR_KOKY18121: raises $3 to $6
ABATAPP: calls $3
*** TURN *** [4c 8s 3h] [9c]
ABATAPP: checks
MR_KOKY18121: checks
*** RIVER *** [4c 8s 3h 9c] [2s]
ABATAPP: bets $6
MR_KOKY18121: calls $6
*** SHOW DOWN ***
ABATAPP: shows [5s Ad] (a straight, Ace to Five)
MR_KOKY18121: mucks hand
ABATAPP collected $29.50 from pot
*** SUMMARY ***
Total pot $30 | Rake $0.50
Board [4c 8s 3h 9c 2s]
Seat 3: MR_KOKY18121 (button) (small blind) mucked
Seat 5: ABATAPP (big blind) showed [5s Ad] and won ($29.50) with a straight, Ace to Five


