PokerStars Hand #168973639145:  Hold'em Limit ($3/$6 USD) - 2017/04/13 8:03:13 ET
Table 'Riema II' 6-max Seat #4 is the button
Seat 4: HamNEgger100 ($117 in chips)
Seat 5: AzureCaper ($72 in chips)
HamNEgger100: posts small blind $1
AzureCaper: posts big blind $3
*** HOLE CARDS ***
HamNEgger100: folds
Uncalled bet ($2) returned to AzureCaper
AzureCaper collected $2 from pot
AzureCaper: doesn't show hand
*** SUMMARY ***
Total pot $2 | Rake $0
Seat 4: HamNEgger100 (button) (small blind) folded before Flop
Seat 5: AzureCaper (big blind) collected ($2)


PokerStars Hand #168973636258:  Hold'em Limit ($3/$6 USD) - 2017/04/13 8:03:07 ET
Table 'Riema II' 6-max Seat #5 is the button
Seat 4: HamNEgger100 ($116 in chips)
Seat 5: AzureCaper ($72 in chips)
AzureCaper: posts small blind $1
sim5sim5: is sitting out
HamNEgger100: posts big blind $3
*** HOLE CARDS ***
AzureCaper: folds
Uncalled bet ($2) returned to HamNEgger100
sim5sim5 leaves the table
HamNEgger100 collected $2 from pot
Agrotait leaves the table
*** SUMMARY ***
Total pot $2 | Rake $0
Seat 4: HamNEgger100 (big blind) collected ($2)
Seat 5: AzureCaper (button) (small blind) folded before Flop


