PokerStars Hand #144912021772:  Hold'em Limit ($3/$6 USD) - 2015/12/06 10:21:08 ET
Table 'Riema III' 2-max Seat #2 is the button
Seat 1: BelSv ($78 in chips)
Seat 2: sherdor752 ($120 in chips)
sherdor752: posts small blind $1
BelSv: posts big blind $3
*** HOLE CARDS ***
sherdor752: raises $3 to $6
BelSv: raises $3 to $9
sherdor752: calls $3
*** FLOP *** [4s 8c Ac]
BelSv: bets $3
sherdor752: calls $3
*** TURN *** [4s 8c Ac] [Kh]
BelSv: bets $6
sherdor752: calls $6
*** RIVER *** [4s 8c Ac Kh] [7d]
BelSv: bets $6
sherdor752: calls $6
*** SHOW DOWN ***
BelSv: shows [Ad Jc] (a pair of Aces)
sherdor752: mucks hand
BelSv collected $47.50 from pot
*** SUMMARY ***
Total pot $48 | Rake $0.50
Board [4s 8c Ac Kh 7d]
Seat 1: BelSv (big blind) showed [Ad Jc] and won ($47.50) with a pair of Aces
Seat 2: sherdor752 (button) (small blind) mucked


PokerStars Hand #144912089575:  Hold'em Limit ($3/$6 USD) - 2015/12/06 10:22:30 ET
Table 'Riema III' 2-max Seat #2 is the button
Seat 1: BelSv ($101 in chips)
Seat 2: sherdor752 ($95.38 in chips)
sherdor752: posts small blind $1
BelSv: posts big blind $3
*** HOLE CARDS ***
sherdor752: raises $3 to $6
BelSv: raises $3 to $9
sherdor752: calls $3
*** FLOP *** [5s Ah 7c]
BelSv: bets $3
sherdor752: calls $3
*** TURN *** [5s Ah 7c] [6d]
BelSv: bets $6
sherdor752: calls $6
*** RIVER *** [5s Ah 7c 6d] [4h]
BelSv: bets $6
sherdor752: raises $6 to $12
BelSv: folds
Uncalled bet ($6) returned to sherdor752
sherdor752 collected $47.50 from pot
sherdor752: doesn't show hand
*** SUMMARY ***
Total pot $48 | Rake $0.50
Board [5s Ah 7c 6d 4h]
Seat 1: BelSv (big blind) folded on the River
Seat 2: sherdor752 (button) (small blind) collected ($47.50)


PokerStars Hand #144912075164:  Hold'em Limit ($3/$6 USD) - 2015/12/06 10:22:13 ET
Table 'Riema III' 2-max Seat #1 is the button
Seat 1: BelSv ($83.50 in chips)
Seat 2: sherdor752 ($113.38 in chips)
BelSv: posts small blind $1
sherdor752: posts big blind $3
*** HOLE CARDS ***
BelSv: raises $3 to $6
sherdor752: calls $3
*** FLOP *** [3h 9c Qh]
sherdor752: checks
BelSv: checks
*** TURN *** [3h 9c Qh] [Qd]
sherdor752: checks
BelSv: bets $6
sherdor752: calls $6
*** RIVER *** [3h 9c Qh Qd] [Ac]
sherdor752: checks
BelSv: bets $6
sherdor752: calls $6
*** SHOW DOWN ***
BelSv: shows [As 6d] (two pair, Aces and Queens)
sherdor752: mucks hand
BelSv collected $35.50 from pot
*** SUMMARY ***
Total pot $36 | Rake $0.50
Board [3h 9c Qh Qd Ac]
Seat 1: BelSv (button) (small blind) showed [As 6d] and won ($35.50) with two pair, Aces and Queens
Seat 2: sherdor752 (big blind) mucked


PokerStars Hand #144912062655:  Hold'em Limit ($3/$6 USD) - 2015/12/06 10:21:58 ET
Table 'Riema III' 2-max Seat #2 is the button
Seat 1: BelSv ($86.50 in chips)
Seat 2: sherdor752 ($110.50 in chips)
sherdor752: posts small blind $1
BelSv: posts big blind $3
*** HOLE CARDS ***
sherdor752: calls $2
BelSv: checks
*** FLOP *** [5h Qs 5d]
BelSv: checks
sherdor752: checks
*** TURN *** [5h Qs 5d] [3c]
BelSv: checks
sherdor752: bets $6
BelSv: folds
Uncalled bet ($6) returned to sherdor752
sherdor752 collected $5.88 from pot
sherdor752: doesn't show hand
*** SUMMARY ***
Total pot $6 | Rake $0.12
Board [5h Qs 5d 3c]
Seat 1: BelSv (big blind) folded on the Turn
Seat 2: sherdor752 (button) (small blind) collected ($5.88)


PokerStars Hand #144912047197:  Hold'em Limit ($3/$6 USD) - 2015/12/06 10:21:39 ET
Table 'Riema III' 2-max Seat #1 is the button
Seat 1: BelSv ($101.50 in chips)
Seat 2: sherdor752 ($96 in chips)
BelSv: posts small blind $1
sherdor752: posts big blind $3
*** HOLE CARDS ***
BelSv: raises $3 to $6
sherdor752: calls $3
*** FLOP *** [2d Th 2s]
sherdor752: checks
BelSv: bets $3
sherdor752: calls $3
*** TURN *** [2d Th 2s] [8h]
sherdor752: checks
BelSv: checks
*** RIVER *** [2d Th 2s 8h] [9s]
sherdor752: bets $6
BelSv: calls $6
*** SHOW DOWN ***
sherdor752: shows [Kh 9d] (two pair, Nines and Deuces)
BelSv: mucks hand
sherdor752 collected $29.50 from pot
*** SUMMARY ***
Total pot $30 | Rake $0.50
Board [2d Th 2s 8h 9s]
Seat 1: BelSv (button) (small blind) mucked
Seat 2: sherdor752 (big blind) showed [Kh 9d] and won ($29.50) with two pair, Nines and Deuces


PokerStars Hand #144912134451:  Hold'em Limit ($3/$6 USD) - 2015/12/06 10:23:24 ET
Table 'Riema III' 2-max Seat #1 is the button
Seat 1: BelSv ($98.50 in chips)
Seat 2: sherdor752 ($109.40 in chips)
BelSv: posts small blind $1
sherdor752: posts big blind $3
*** HOLE CARDS ***
BelSv: raises $3 to $6
sherdor752: raises $3 to $9
BelSv: calls $3
*** FLOP *** [5c 8h 7d]
sherdor752: bets $3
BelSv: calls $3
*** TURN *** [5c 8h 7d] [Ks]
sherdor752: bets $6
BelSv: calls $6
*** RIVER *** [5c 8h 7d Ks] [Jc]
sherdor752: bets $6
BelSv: calls $6
*** SHOW DOWN ***
sherdor752: shows [Ad Th] (high card Ace)
BelSv: shows [8d 9h] (a pair of Eights)
BelSv collected $47.50 from pot
*** SUMMARY ***
Total pot $48 | Rake $0.50
Board [5c 8h 7d Ks Jc]
Seat 1: BelSv (button) (small blind) showed [8d 9h] and won ($47.50) with a pair of Eights
Seat 2: sherdor752 (big blind) showed [Ad Th] and lost with high card Ace


PokerStars Hand #144912119951:  Hold'em Limit ($3/$6 USD) - 2015/12/06 10:23:06 ET
Table 'Riema III' 2-max Seat #2 is the button
Seat 1: BelSv ($78 in chips)
Seat 2: sherdor752 ($130.40 in chips)
sherdor752: posts small blind $1
BelSv: posts big blind $3
*** HOLE CARDS ***
sherdor752: calls $2
BelSv: raises $3 to $6
sherdor752: calls $3
*** FLOP *** [4d 3c Qd]
BelSv: bets $3
sherdor752: calls $3
*** TURN *** [4d 3c Qd] [Ad]
BelSv: bets $6
sherdor752: calls $6
*** RIVER *** [4d 3c Qd Ad] [5s]
BelSv: bets $6
sherdor752: calls $6
*** SHOW DOWN ***
BelSv: shows [7h As] (a pair of Aces)
sherdor752: mucks hand
BelSv collected $41.50 from pot
*** SUMMARY ***
Total pot $42 | Rake $0.50
Board [4d 3c Qd Ad 5s]
Seat 1: BelSv (big blind) showed [7h As] and won ($41.50) with a pair of Aces
Seat 2: sherdor752 (button) (small blind) mucked


PokerStars Hand #144912109606:  Hold'em Limit ($3/$6 USD) - 2015/12/06 10:22:54 ET
Table 'Riema III' 2-max Seat #1 is the button
Seat 1: BelSv ($78 in chips)
Seat 2: sherdor752 ($118.88 in chips)
BelSv: posts small blind $1
sherdor752: posts big blind $3
*** HOLE CARDS ***
BelSv: raises $3 to $6
sherdor752: calls $3
*** FLOP *** [4s 9c 3s]
sherdor752: checks
BelSv: checks
*** TURN *** [4s 9c 3s] [Jc]
sherdor752: bets $6
BelSv: calls $6
*** RIVER *** [4s 9c 3s Jc] [6s]
sherdor752: bets $6
BelSv: folds
Uncalled bet ($6) returned to sherdor752
sherdor752 collected $23.52 from pot
sherdor752: doesn't show hand
*** SUMMARY ***
Total pot $24 | Rake $0.48
Board [4s 9c 3s Jc 6s]
Seat 1: BelSv (button) (small blind) folded on the River
Seat 2: sherdor752 (big blind) collected ($23.52)


PokerStars Hand #144912193305:  Hold'em Limit ($3/$6 USD) - 2015/12/06 10:24:34 ET
Table 'Riema III' 2-max Seat #2 is the button
Seat 1: BelSv ($114 in chips)
Seat 2: sherdor752 ($93.04 in chips)
sherdor752: posts small blind $1
BelSv: posts big blind $3
*** HOLE CARDS ***
sherdor752: folds
Uncalled bet ($2) returned to BelSv
BelSv collected $2 from pot
BelSv: doesn't show hand
*** SUMMARY ***
Total pot $2 | Rake $0
Seat 1: BelSv (big blind) collected ($2)
Seat 2: sherdor752 (button) (small blind) folded before Flop


PokerStars Hand #144912166560:  Hold'em Limit ($3/$6 USD) - 2015/12/06 10:24:02 ET
Table 'Riema III' 2-max Seat #1 is the button
Seat 1: BelSv ($123 in chips)
Seat 2: sherdor752 ($84.40 in chips)
BelSv: posts small blind $1
sherdor752: posts big blind $3
*** HOLE CARDS ***
BelSv: raises $3 to $6
sherdor752: calls $3
*** FLOP *** [9h Qd 3d]
sherdor752: checks
BelSv: bets $3
sherdor752: calls $3
*** TURN *** [9h Qd 3d] [4c]
sherdor752: checks
BelSv: checks
*** RIVER *** [9h Qd 3d 4c] [2s]
sherdor752: bets $6
BelSv: folds
Uncalled bet ($6) returned to sherdor752
sherdor752 collected $17.64 from pot
*** SUMMARY ***
Total pot $18 | Rake $0.36
Board [9h Qd 3d 4c 2s]
Seat 1: BelSv (button) (small blind) folded on the River
Seat 2: sherdor752 (big blind) collected ($17.64)


PokerStars Hand #144912160874:  Hold'em Limit ($3/$6 USD) - 2015/12/06 10:23:55 ET
Table 'Riema III' 2-max Seat #2 is the button
Seat 1: BelSv ($122 in chips)
Seat 2: sherdor752 ($85.40 in chips)
sherdor752: posts small blind $1
BelSv: posts big blind $3
*** HOLE CARDS ***
sherdor752: folds
Uncalled bet ($2) returned to BelSv
BelSv collected $2 from pot
BelSv: doesn't show hand
*** SUMMARY ***
Total pot $2 | Rake $0
Seat 1: BelSv (big blind) collected ($2)
Seat 2: sherdor752 (button) (small blind) folded before Flop


PokerStars Hand #144912234335:  Hold'em Limit ($3/$6 USD) - 2015/12/06 10:25:23 ET
Table 'Riema III' 2-max Seat #1 is the button
Seat 1: BelSv ($88 in chips)
Seat 2: sherdor752 ($118.06 in chips)
BelSv: posts small blind $1
sherdor752: posts big blind $3
*** HOLE CARDS ***
BelSv: raises $3 to $6
sherdor752: raises $3 to $9
BelSv: calls $3
*** FLOP *** [4h Jd 5d]
sherdor752: bets $3
BelSv: calls $3
*** TURN *** [4h Jd 5d] [4c]
sherdor752: bets $6
BelSv: calls $6
*** RIVER *** [4h Jd 5d 4c] [2s]
sherdor752: bets $6
BelSv: calls $6
*** SHOW DOWN ***
sherdor752: shows [7c 7h] (two pair, Sevens and Fours)
BelSv: mucks hand
sherdor752 collected $47.50 from pot
*** SUMMARY ***
Total pot $48 | Rake $0.50
Board [4h Jd 5d 4c 2s]
Seat 1: BelSv (button) (small blind) mucked
Seat 2: sherdor752 (big blind) showed [7c 7h] and won ($47.50) with two pair, Sevens and Fours


PokerStars Hand #144912220693:  Hold'em Limit ($3/$6 USD) - 2015/12/06 10:25:07 ET
Table 'Riema III' 2-max Seat #2 is the button
Seat 1: BelSv ($100 in chips)
Seat 2: sherdor752 ($106.54 in chips)
sherdor752: posts small blind $1
BelSv: posts big blind $3
*** HOLE CARDS ***
sherdor752: raises $3 to $6
BelSv: calls $3
*** FLOP *** [Kc 4d Qc]
BelSv: checks
sherdor752: checks
*** TURN *** [Kc 4d Qc] [7s]
BelSv: bets $6
sherdor752: raises $6 to $12
BelSv: folds
Uncalled bet ($6) returned to sherdor752
sherdor752 collected $23.52 from pot
sherdor752: doesn't show hand
*** SUMMARY ***
Total pot $24 | Rake $0.48
Board [Kc 4d Qc 7s]
Seat 1: BelSv (big blind) folded on the Turn
Seat 2: sherdor752 (button) (small blind) collected ($23.52)


PokerStars Hand #144912199115:  Hold'em Limit ($3/$6 USD) - 2015/12/06 10:24:41 ET
Table 'Riema III' 2-max Seat #1 is the button
Seat 1: BelSv ($115 in chips)
Seat 2: sherdor752 ($92.04 in chips)
BelSv: posts small blind $1
sherdor752: posts big blind $3
*** HOLE CARDS ***
BelSv: raises $3 to $6
sherdor752: raises $3 to $9
BelSv: calls $3
*** FLOP *** [Th 9h 5d]
sherdor752: bets $3
BelSv: raises $3 to $6
sherdor752: calls $3
*** TURN *** [Th 9h 5d] [2c]
sherdor752: checks
BelSv: checks
*** RIVER *** [Th 9h 5d 2c] [Qh]
sherdor752: checks
BelSv: checks
*** SHOW DOWN ***
sherdor752: shows [Kd Ah] (high card Ace)
BelSv: mucks hand
sherdor752 collected $29.50 from pot
*** SUMMARY ***
Total pot $30 | Rake $0.50
Board [Th 9h 5d 2c Qh]
Seat 1: BelSv (button) (small blind) mucked
Seat 2: sherdor752 (big blind) showed [Kd Ah] and won ($29.50) with high card Ace


PokerStars Hand #144912288696:  Hold'em Limit ($3/$6 USD) - 2015/12/06 10:26:27 ET
Table 'Riema III' 2-max Seat #1 is the button
Seat 1: BelSv ($86.64 in chips)
Seat 2: sherdor752 ($132.56 in chips)
BelSv: posts small blind $1
sherdor752: posts big blind $3
*** HOLE CARDS ***
BelSv: raises $3 to $6
sherdor752: raises $3 to $9
BelSv: calls $3
*** FLOP *** [Js 2d Ks]
sherdor752: bets $3
BelSv: calls $3
*** TURN *** [Js 2d Ks] [Ah]
sherdor752: bets $6
BelSv: calls $6
*** RIVER *** [Js 2d Ks Ah] [3c]
sherdor752: bets $6
BelSv: folds
Uncalled bet ($6) returned to sherdor752
sherdor752 collected $35.50 from pot
sherdor752: doesn't show hand
*** SUMMARY ***
Total pot $36 | Rake $0.50
Board [Js 2d Ks Ah 3c]
Seat 1: BelSv (button) (small blind) folded on the River
Seat 2: sherdor752 (big blind) collected ($35.50)


PokerStars Hand #144912252743:  Hold'em Limit ($3/$6 USD) - 2015/12/06 10:25:45 ET
Table 'Riema III' 2-max Seat #2 is the button
Seat 1: BelSv ($78 in chips)
Seat 2: sherdor752 ($141.56 in chips)
sherdor752: posts small blind $1
BelSv: posts big blind $3
*** HOLE CARDS ***
sherdor752: raises $3 to $6
BelSv: calls $3
*** FLOP *** [9c 7c 3d]
BelSv: checks
sherdor752: bets $3
BelSv: calls $3
*** TURN *** [9c 7c 3d] [2s]
BelSv: checks
sherdor752: checks
*** RIVER *** [9c 7c 3d 2s] [7s]
BelSv: checks
sherdor752: checks
*** SHOW DOWN ***
BelSv: shows [5c Ad] (a pair of Sevens)
sherdor752: mucks hand
BelSv collected $17.64 from pot
*** SUMMARY ***
Total pot $18 | Rake $0.36
Board [9c 7c 3d 2s 7s]
Seat 1: BelSv (big blind) showed [5c Ad] and won ($17.64) with a pair of Sevens
Seat 2: sherdor752 (button) (small blind) mucked


PokerStars Hand #144912328272:  Hold'em Limit ($3/$6 USD) - 2015/12/06 10:27:14 ET
Table 'Riema III' 2-max Seat #1 is the button
Seat 1: BelSv ($78 in chips)
Seat 2: sherdor752 ($176.56 in chips)
BelSv: posts small blind $1
sherdor752: posts big blind $3
*** HOLE CARDS ***
BelSv: raises $3 to $6
sherdor752: calls $3
*** FLOP *** [8c Ts 5s]
sherdor752: checks
BelSv: bets $3
sherdor752: raises $3 to $6
BelSv: calls $3
*** TURN *** [8c Ts 5s] [Js]
sherdor752: bets $6
BelSv: calls $6
*** RIVER *** [8c Ts 5s Js] [5c]
sherdor752: bets $6
BelSv: folds
Uncalled bet ($6) returned to sherdor752
sherdor752 collected $35.50 from pot
sherdor752: doesn't show hand
*** SUMMARY ***
Total pot $36 | Rake $0.50
Board [8c Ts 5s Js 5c]
Seat 1: BelSv (button) (small blind) folded on the River
Seat 2: sherdor752 (big blind) collected ($35.50)


PokerStars Hand #144912308890:  Hold'em Limit ($3/$6 USD) - 2015/12/06 10:26:51 ET
Table 'Riema III' 2-max Seat #2 is the button
Seat 1: BelSv ($78 in chips)
Seat 2: sherdor752 ($150.06 in chips)
sherdor752: posts small blind $1
BelSv: posts big blind $3
*** HOLE CARDS ***
sherdor752: raises $3 to $6
BelSv: calls $3
*** FLOP *** [6s Ts 9s]
BelSv: checks
sherdor752: bets $3
BelSv: calls $3
*** TURN *** [6s Ts 9s] [Ks]
BelSv: bets $6
sherdor752: raises $6 to $12
BelSv: calls $6
*** RIVER *** [6s Ts 9s Ks] [4s]
BelSv: checks
sherdor752: bets $6
BelSv: calls $6
*** SHOW DOWN ***
sherdor752: shows [Qh Js] (a flush, King high)
BelSv: mucks hand
sherdor752 collected $53.50 from pot
*** SUMMARY ***
Total pot $54 | Rake $0.50
Board [6s Ts 9s Ks 4s]
Seat 1: BelSv (big blind) mucked
Seat 2: sherdor752 (button) (small blind) showed [Qh Js] and won ($53.50) with a flush, King high


PokerStars Hand #144912352573:  Hold'em Limit ($3/$6 USD) - 2015/12/06 10:27:43 ET
Table 'Riema III' 2-max Seat #2 is the button
Seat 1: BelSv ($78 in chips)
Seat 2: sherdor752 ($194.06 in chips)
sherdor752: posts small blind $1
BelSv: posts big blind $3
*** HOLE CARDS ***
sherdor752: raises $3 to $6
BelSv: calls $3
*** FLOP *** [3h Ks 5c]
BelSv: checks
sherdor752: bets $3
BelSv: calls $3
*** TURN *** [3h Ks 5c] [2d]
BelSv: checks
sherdor752: checks
*** RIVER *** [3h Ks 5c 2d] [Js]
BelSv: bets $6
sherdor752: folds
Uncalled bet ($6) returned to BelSv
BelSv collected $17.64 from pot
BelSv: doesn't show hand
*** SUMMARY ***
Total pot $18 | Rake $0.36
Board [3h Ks 5c 2d Js]
Seat 1: BelSv (big blind) collected ($17.64)
Seat 2: sherdor752 (button) (small blind) folded on the River


