PokerStars Hand #171760397760:  Hold'em Limit ($3/$6 USD) - 2017/06/14 8:37:26 ET
Table 'Rigilkent II' 6-max Seat #3 is the button
Seat 3: pokerkenski ($126 in chips)
Seat 4: Anchig ($120 in chips)
pokerkenski: posts small blind $1
Anchig: posts big blind $3
*** HOLE CARDS ***
pokerkenski: raises $3 to $6
Anchig: calls $3
*** FLOP *** [Qs 8h 6h]
Anchig: checks
pokerkenski: bets $3
Anchig: folds
Uncalled bet ($3) returned to pokerkenski
pokerkenski collected $11.76 from pot
pokerkenski: doesn't show hand
Agrotait leaves the table
*** SUMMARY ***
Total pot $12 | Rake $0.24
Board [Qs 8h 6h]
Seat 3: pokerkenski (button) (small blind) collected ($11.76)
Seat 4: Anchig (big blind) folded on the Flop


PokerStars Hand #171760406060:  Hold'em Limit ($3/$6 USD) - 2017/06/14 8:37:44 ET
Table 'Rigilkent II' 6-max Seat #4 is the button
Seat 3: pokerkenski ($131.76 in chips)
Seat 4: Anchig ($114 in chips)
Anchig: posts small blind $1
pokerkenski: posts big blind $3
*** HOLE CARDS ***
Anchig: raises $3 to $6
pokerkenski: calls $3
*** FLOP *** [Qs Ts Ah]
pokerkenski: checks
Anchig: bets $3
pokerkenski: raises $3 to $6
Anchig: calls $3
*** TURN *** [Qs Ts Ah] [Td]
pokerkenski: bets $6
Anchig: calls $6
*** RIVER *** [Qs Ts Ah Td] [Qc]
pokerkenski: bets $6
Anchig: calls $6
*** SHOW DOWN ***
pokerkenski: shows [9d 5d] (two pair, Queens and Tens)
Anchig: shows [Kh 2s] (two pair, Queens and Tens)
pokerkenski collected $23.75 from pot
Anchig collected $23.75 from pot
*** SUMMARY ***
Total pot $48 | Rake $0.50
Board [Qs Ts Ah Td Qc]
Seat 3: pokerkenski (big blind) showed [9d 5d] and won ($23.75) with two pair, Queens and Tens
Seat 4: Anchig (button) (small blind) showed [Kh 2s] and won ($23.75) with two pair, Queens and Tens


PokerStars Hand #171760419334:  Hold'em Limit ($3/$6 USD) - 2017/06/14 8:38:13 ET
Table 'Rigilkent II' 6-max Seat #4 is the button
Seat 3: pokerkenski ($137.27 in chips)
Seat 4: Anchig ($107.75 in chips)
Anchig: posts small blind $1
pokerkenski: posts big blind $3
*** HOLE CARDS ***
Anchig: raises $3 to $6
pokerkenski: calls $3
*** FLOP *** [9s 6d 7h]
pokerkenski: checks
Anchig: bets $3
pokerkenski: calls $3
*** TURN *** [9s 6d 7h] [7c]
pokerkenski: checks
Anchig: checks
*** RIVER *** [9s 6d 7h 7c] [9d]
pokerkenski: bets $6
Anchig: calls $6
*** SHOW DOWN ***
pokerkenski: shows [7d 8c] (a full house, Sevens full of Nines)
Anchig: mucks hand
pokerkenski collected $29.50 from pot
*** SUMMARY ***
Total pot $30 | Rake $0.50
Board [9s 6d 7h 7c 9d]
Seat 3: pokerkenski (big blind) showed [7d 8c] and won ($29.50) with a full house, Sevens full of Nines
Seat 4: Anchig (button) (small blind) mucked


PokerStars Hand #171760425355:  Hold'em Limit ($3/$6 USD) - 2017/06/14 8:38:26 ET
Table 'Rigilkent II' 6-max Seat #3 is the button
Seat 3: pokerkenski ($151.77 in chips)
Seat 4: Anchig ($92.75 in chips)
pokerkenski: posts small blind $1
Anchig: posts big blind $3
*** HOLE CARDS ***
pokerkenski: folds
Uncalled bet ($2) returned to Anchig
Anchig collected $2 from pot
Anchig: doesn't show hand
*** SUMMARY ***
Total pot $2 | Rake $0
Seat 3: pokerkenski (button) (small blind) folded before Flop
Seat 4: Anchig (big blind) collected ($2)


PokerStars Hand #171760427717:  Hold'em Limit ($3/$6 USD) - 2017/06/14 8:38:31 ET
Table 'Rigilkent II' 6-max Seat #4 is the button
Seat 3: pokerkenski ($150.77 in chips)
Seat 4: Anchig ($93.75 in chips)
Anchig: posts small blind $1
pokerkenski: posts big blind $3
*** HOLE CARDS ***
Anchig: raises $3 to $6
pokerkenski: calls $3
*** FLOP *** [8s 4h Th]
pokerkenski: checks
Anchig: bets $3
pokerkenski: calls $3
*** TURN *** [8s 4h Th] [3h]
B_loJkl joins the table at seat #5
pokerkenski: checks
Anchig: checks
*** RIVER *** [8s 4h Th 3h] [Ad]
pokerkenski: bets $6
Anchig: folds
Uncalled bet ($6) returned to pokerkenski
pokerkenski collected $17.64 from pot
pokerkenski: doesn't show hand
*** SUMMARY ***
Total pot $18 | Rake $0.36
Board [8s 4h Th 3h Ad]
Seat 3: pokerkenski (big blind) collected ($17.64)
Seat 4: Anchig (button) (small blind) folded on the River


PokerStars Hand #171760434948:  Hold'em Limit ($3/$6 USD) - 2017/06/14 8:38:47 ET
Table 'Rigilkent II' 6-max Seat #3 is the button
Seat 3: pokerkenski ($159.41 in chips)
Seat 4: Anchig ($84.75 in chips)
pokerkenski: posts small blind $1
Anchig: posts big blind $3
*** HOLE CARDS ***
pokerkenski: folds
Uncalled bet ($2) returned to Anchig
Anchig collected $2 from pot
Anchig: doesn't show hand
*** SUMMARY ***
Total pot $2 | Rake $0
Seat 3: pokerkenski (button) (small blind) folded before Flop
Seat 4: Anchig (big blind) collected ($2)


PokerStars Hand #171760413964:  Hold'em Limit ($3/$6 USD) - 2017/06/14 8:38:01 ET
Table 'Rigilkent II' 6-max Seat #3 is the button
Seat 3: pokerkenski ($131.51 in chips)
Seat 4: Anchig ($113.75 in chips)
pokerkenski: posts small blind $1
Anchig: posts big blind $3
*** HOLE CARDS ***
pokerkenski: raises $3 to $6
Anchig: calls $3
*** FLOP *** [6d Qd 7s]
Anchig: checks
pokerkenski: bets $3
Anchig: folds
Uncalled bet ($3) returned to pokerkenski
pokerkenski collected $11.76 from pot
pokerkenski: doesn't show hand
*** SUMMARY ***
Total pot $12 | Rake $0.24
Board [6d Qd 7s]
Seat 3: pokerkenski (button) (small blind) collected ($11.76)
Seat 4: Anchig (big blind) folded on the Flop


PokerStars Hand #171760563876:  Hold'em Limit ($3/$6 USD) - 2017/06/14 8:43:30 ET
Table 'Rigilkent II' 6-max Seat #3 is the button
Seat 3: pokerkenski ($209.54 in chips)
Seat 5: B_loJkl ($74.07 in chips)
pokerkenski: posts small blind $1
Anchig: is sitting out
B_loJkl: posts big blind $3
*** HOLE CARDS ***
pokerkenski: folds
Uncalled bet ($2) returned to B_loJkl
B_loJkl collected $2 from pot
B_loJkl: doesn't show hand
*** SUMMARY ***
Total pot $2 | Rake $0
Seat 3: pokerkenski (button) (small blind) folded before Flop
Seat 5: B_loJkl (big blind) collected ($2)


PokerStars Hand #171760588760:  Hold'em Limit ($3/$6 USD) - 2017/06/14 8:44:23 ET
Table 'Rigilkent II' 6-max Seat #3 is the button
Seat 3: pokerkenski ($190.54 in chips)
Seat 5: B_loJkl ($92.57 in chips)
pokerkenski: posts small blind $1
B_loJkl: posts big blind $3
*** HOLE CARDS ***
pokerkenski: raises $3 to $6
B_loJkl: raises $3 to $9
pokerkenski: calls $3
*** FLOP *** [Ac 2d Ts]
B_loJkl: bets $3
pokerkenski: folds
Uncalled bet ($3) returned to B_loJkl
B_loJkl collected $17.64 from pot
B_loJkl: doesn't show hand
*** SUMMARY ***
Total pot $18 | Rake $0.36
Board [Ac 2d Ts]
Seat 3: pokerkenski (button) (small blind) folded on the Flop
Seat 5: B_loJkl (big blind) collected ($17.64)


PokerStars Hand #171760594859:  Hold'em Limit ($3/$6 USD) - 2017/06/14 8:44:36 ET
Table 'Rigilkent II' 6-max Seat #5 is the button
Seat 3: pokerkenski ($181.54 in chips)
Seat 5: B_loJkl ($101.21 in chips)
B_loJkl: posts small blind $1
pokerkenski: posts big blind $3
*** HOLE CARDS ***
B_loJkl: raises $3 to $6
pokerkenski: calls $3
*** FLOP *** [8s Tc 7c]
pokerkenski: checks
B_loJkl: bets $3
pokerkenski: calls $3
*** TURN *** [8s Tc 7c] [Ks]
pokerkenski: checks
B_loJkl: checks
*** RIVER *** [8s Tc 7c Ks] [Qc]
pokerkenski: bets $6
B_loJkl: calls $6
*** SHOW DOWN ***
pokerkenski: shows [Jh Th] (a pair of Tens)
B_loJkl: mucks hand
pokerkenski collected $29.50 from pot
*** SUMMARY ***
Total pot $30 | Rake $0.50
Board [8s Tc 7c Ks Qc]
Seat 3: pokerkenski (big blind) showed [Jh Th] and won ($29.50) with a pair of Tens
Seat 5: B_loJkl (button) (small blind) mucked


PokerStars Hand #171760571423:  Hold'em Limit ($3/$6 USD) - 2017/06/14 8:43:46 ET
Table 'Rigilkent II' 6-max Seat #5 is the button
Seat 3: pokerkenski ($208.54 in chips)
Seat 5: B_loJkl ($75.07 in chips)
B_loJkl: posts small blind $1
pokerkenski: posts big blind $3
*** HOLE CARDS ***
B_loJkl: raises $3 to $6
pokerkenski: calls $3
*** FLOP *** [4s 7h 2d]
pokerkenski: checks
B_loJkl: bets $3
pokerkenski: raises $3 to $6
B_loJkl: calls $3
*** TURN *** [4s 7h 2d] [Ac]
pokerkenski: bets $6
B_loJkl: raises $6 to $12
pokerkenski: folds
Uncalled bet ($6) returned to B_loJkl
B_loJkl collected $35.50 from pot
B_loJkl: doesn't show hand
*** SUMMARY ***
Total pot $36 | Rake $0.50
Board [4s 7h 2d Ac]
Seat 3: pokerkenski (big blind) folded on the Turn
Seat 5: B_loJkl (button) (small blind) collected ($35.50)


PokerStars Hand #171760620186:  Hold'em Limit ($3/$6 USD) - 2017/06/14 8:45:29 ET
Table 'Rigilkent II' 6-max Seat #3 is the button
Seat 3: pokerkenski ($203.68 in chips)
Seat 5: B_loJkl ($78.21 in chips)
pokerkenski: posts small blind $1
B_loJkl: posts big blind $3
*** HOLE CARDS ***
pokerkenski: raises $3 to $6
B_loJkl: calls $3
*** FLOP *** [7c 3s Ah]
B_loJkl: checks
pokerkenski: bets $3
B_loJkl: folds
Uncalled bet ($3) returned to pokerkenski
pokerkenski collected $11.76 from pot
pokerkenski: doesn't show hand
*** SUMMARY ***
Total pot $12 | Rake $0.24
Board [7c 3s Ah]
Seat 3: pokerkenski (button) (small blind) collected ($11.76)
Seat 5: B_loJkl (big blind) folded on the Flop


PokerStars Hand #171760628187:  Hold'em Limit ($3/$6 USD) - 2017/06/14 8:45:46 ET
Table 'Rigilkent II' 6-max Seat #5 is the button
Seat 3: pokerkenski ($209.44 in chips)
Seat 5: B_loJkl ($72.21 in chips)
B_loJkl: posts small blind $1
pokerkenski: posts big blind $3
*** HOLE CARDS ***
B_loJkl: folds
Uncalled bet ($2) returned to pokerkenski
pokerkenski collected $2 from pot
pokerkenski: doesn't show hand
*** SUMMARY ***
Total pot $2 | Rake $0
Seat 3: pokerkenski (big blind) collected ($2)
Seat 5: B_loJkl (button) (small blind) folded before Flop


