PokerStars Hand #152785828271:  Hold'em Limit ($3/$6 USD) - 2016/05/03 4:24:56 ET
Table 'Rimito' 6-max Seat #1 is the button
Seat 1: hairy1961 ($60 in chips)
Seat 4: VolkovDmitri ($120 in chips)
hairy1961: posts small blind $1
VolkovDmitri: posts big blind $3
*** HOLE CARDS ***
hairy1961: raises $3 to $6
VolkovDmitri: calls $3
*** FLOP *** [9s 3c 8s]
VolkovDmitri: checks
hairy1961: bets $3
VolkovDmitri: calls $3
*** TURN *** [9s 3c 8s] [Ad]
VolkovDmitri: checks
hairy1961: bets $6
VolkovDmitri: calls $6
*** RIVER *** [9s 3c 8s Ad] [Qd]
VolkovDmitri: checks
hairy1961: checks
*** SHOW DOWN ***
VolkovDmitri: shows [Kc 7h] (high card Ace)
hairy1961: shows [Tc Ts] (a pair of Tens)
hairy1961 collected $29.50 from pot
*** SUMMARY ***
Total pot $30 | Rake $0.50
Board [9s 3c 8s Ad Qd]
Seat 1: hairy1961 (button) (small blind) showed [Tc Ts] and won ($29.50) with a pair of Tens
Seat 4: VolkovDmitri (big blind) showed [Kc 7h] and lost with high card Ace


PokerStars Hand #152785839799:  Hold'em Limit ($3/$6 USD) - 2016/05/03 4:25:32 ET
Table 'Rimito' 6-max Seat #4 is the button
Seat 1: hairy1961 ($74.50 in chips)
Seat 4: VolkovDmitri ($120 in chips)
VolkovDmitri: posts small blind $1
hairy1961: posts big blind $3
*** HOLE CARDS ***
VolkovDmitri: raises $3 to $6
hairy1961: raises $3 to $9
VolkovDmitri: calls $3
*** FLOP *** [8s 5d Ts]
hairy1961: bets $3
VolkovDmitri: folds
Uncalled bet ($3) returned to hairy1961
hairy1961 collected $17.64 from pot
hairy1961: shows [Kd Kh] (a pair of Kings)
*** SUMMARY ***
Total pot $18 | Rake $0.36
Board [8s 5d Ts]
Seat 1: hairy1961 (big blind) collected ($17.64)
Seat 4: VolkovDmitri (button) (small blind) folded on the Flop


PokerStars Hand #152785851217:  Hold'em Limit ($3/$6 USD) - 2016/05/03 4:26:07 ET
Table 'Rimito' 6-max Seat #1 is the button
Seat 1: hairy1961 ($79.14 in chips)
Seat 4: VolkovDmitri ($124 in chips)
hairy1961: posts small blind $1
VolkovDmitri: posts big blind $3
*** HOLE CARDS ***
hairy1961: raises $3 to $6
VolkovDmitri: folds
Uncalled bet ($3) returned to hairy1961
hairy1961 collected $6 from pot
hairy1961: doesn't show hand
*** SUMMARY ***
Total pot $6 | Rake $0
Seat 1: hairy1961 (button) (small blind) collected ($6)
Seat 4: VolkovDmitri (big blind) folded before Flop


PokerStars Hand #152785863951:  Hold'em Limit ($3/$6 USD) - 2016/05/03 4:26:46 ET
Table 'Rimito' 6-max Seat #1 is the button
Seat 1: hairy1961 ($93.66 in chips)
Seat 4: VolkovDmitri ($120 in chips)
hairy1961: posts small blind $1
VolkovDmitri: posts big blind $3
*** HOLE CARDS ***
hairy1961: folds
Uncalled bet ($2) returned to VolkovDmitri
VolkovDmitri collected $2 from pot
VolkovDmitri: doesn't show hand
*** SUMMARY ***
Total pot $2 | Rake $0
Seat 1: hairy1961 (button) (small blind) folded before Flop
Seat 4: VolkovDmitri (big blind) collected ($2)


PokerStars Hand #152785854070:  Hold'em Limit ($3/$6 USD) - 2016/05/03 4:26:16 ET
Table 'Rimito' 6-max Seat #4 is the button
Seat 1: hairy1961 ($82.14 in chips)
Seat 4: VolkovDmitri ($121 in chips)
VolkovDmitri: posts small blind $1
hairy1961: posts big blind $3
*** HOLE CARDS ***
VolkovDmitri: raises $3 to $6
hairy1961: calls $3
*** FLOP *** [Kc 3h 7c]
hairy1961: checks
VolkovDmitri: bets $3
hairy1961: raises $3 to $6
VolkovDmitri: calls $3
*** TURN *** [Kc 3h 7c] [2h]
hairy1961: bets $6
VolkovDmitri: folds
Uncalled bet ($6) returned to hairy1961
hairy1961 collected $23.52 from pot
hairy1961: doesn't show hand
*** SUMMARY ***
Total pot $24 | Rake $0.48
Board [Kc 3h 7c 2h]
Seat 1: hairy1961 (big blind) collected ($23.52)
Seat 4: VolkovDmitri (button) (small blind) folded on the Turn


PokerStars Hand #152785847170:  Hold'em Limit ($3/$6 USD) - 2016/05/03 4:25:55 ET
Table 'Rimito' 6-max Seat #1 is the button
Seat 1: hairy1961 ($83.14 in chips)
Seat 4: VolkovDmitri ($120 in chips)
hairy1961: posts small blind $1
VolkovDmitri: posts big blind $3
*** HOLE CARDS ***
hairy1961: folds
Uncalled bet ($2) returned to VolkovDmitri
VolkovDmitri collected $2 from pot
VolkovDmitri: doesn't show hand
*** SUMMARY ***
Total pot $2 | Rake $0
Seat 1: hairy1961 (button) (small blind) folded before Flop
Seat 4: VolkovDmitri (big blind) collected ($2)


PokerStars Hand #152785848994:  Hold'em Limit ($3/$6 USD) - 2016/05/03 4:26:01 ET
Table 'Rimito' 6-max Seat #4 is the button
Seat 1: hairy1961 ($82.14 in chips)
Seat 4: VolkovDmitri ($121 in chips)
VolkovDmitri: posts small blind $1
hairy1961: posts big blind $3
*** HOLE CARDS ***
VolkovDmitri: raises $3 to $6
hairy1961: folds
Uncalled bet ($3) returned to VolkovDmitri
VolkovDmitri collected $6 from pot
VolkovDmitri: doesn't show hand
*** SUMMARY ***
Total pot $6 | Rake $0
Seat 1: hairy1961 (big blind) folded before Flop
Seat 4: VolkovDmitri (button) (small blind) collected ($6)


PokerStars Hand #152785884342:  Hold'em Limit ($3/$6 USD) - 2016/05/03 4:27:50 ET
Table 'Rimito' 6-max Seat #1 is the button
Seat 1: hairy1961 ($98.18 in chips)
Seat 4: VolkovDmitri ($123 in chips)
hairy1961: posts small blind $1
VolkovDmitri: posts big blind $3
*** HOLE CARDS ***
hairy1961: folds
Uncalled bet ($2) returned to VolkovDmitri
VolkovDmitri collected $2 from pot
VolkovDmitri: doesn't show hand
*** SUMMARY ***
Total pot $2 | Rake $0
Seat 1: hairy1961 (button) (small blind) folded before Flop
Seat 4: VolkovDmitri (big blind) collected ($2)


PokerStars Hand #152785881601:  Hold'em Limit ($3/$6 USD) - 2016/05/03 4:27:41 ET
Table 'Rimito' 6-max Seat #4 is the button
Seat 1: hairy1961 ($101.18 in chips)
Seat 4: VolkovDmitri ($120 in chips)
VolkovDmitri: posts small blind $1
hairy1961: posts big blind $3
*** HOLE CARDS ***
VolkovDmitri: raises $3 to $6
hairy1961: folds
Uncalled bet ($3) returned to VolkovDmitri
VolkovDmitri collected $6 from pot
VolkovDmitri: doesn't show hand
*** SUMMARY ***
Total pot $6 | Rake $0
Seat 1: hairy1961 (big blind) folded before Flop
Seat 4: VolkovDmitri (button) (small blind) collected ($6)


PokerStars Hand #152785865708:  Hold'em Limit ($3/$6 USD) - 2016/05/03 4:26:52 ET
Table 'Rimito' 6-max Seat #4 is the button
Seat 1: hairy1961 ($92.66 in chips)
Seat 4: VolkovDmitri ($121 in chips)
VolkovDmitri: posts small blind $1
hairy1961: posts big blind $3
*** HOLE CARDS ***
VolkovDmitri: raises $3 to $6
hairy1961: folds
Uncalled bet ($3) returned to VolkovDmitri
VolkovDmitri collected $6 from pot
VolkovDmitri: doesn't show hand
*** SUMMARY ***
Total pot $6 | Rake $0
Seat 1: hairy1961 (big blind) folded before Flop
Seat 4: VolkovDmitri (button) (small blind) collected ($6)


PokerStars Hand #152785867606:  Hold'em Limit ($3/$6 USD) - 2016/05/03 4:26:58 ET
Table 'Rimito' 6-max Seat #1 is the button
Seat 1: hairy1961 ($89.66 in chips)
Seat 4: VolkovDmitri ($124 in chips)
hairy1961: posts small blind $1
VolkovDmitri: posts big blind $3
*** HOLE CARDS ***
hairy1961: raises $3 to $6
VolkovDmitri: calls $3
*** FLOP *** [As Jc 6s]
VolkovDmitri: checks
hairy1961: bets $3
VolkovDmitri: raises $3 to $6
hairy1961: calls $3
*** TURN *** [As Jc 6s] [Kh]
VolkovDmitri: checks
hairy1961: bets $6
VolkovDmitri: folds
Uncalled bet ($6) returned to hairy1961
hairy1961 collected $23.52 from pot
hairy1961: doesn't show hand
*** SUMMARY ***
Total pot $24 | Rake $0.48
Board [As Jc 6s Kh]
Seat 1: hairy1961 (button) (small blind) collected ($23.52)
Seat 4: VolkovDmitri (big blind) folded on the Turn


PokerStars Hand #152785886032:  Hold'em Limit ($3/$6 USD) - 2016/05/03 4:27:55 ET
Table 'Rimito' 6-max Seat #4 is the button
Seat 1: hairy1961 ($97.18 in chips)
Seat 4: VolkovDmitri ($124 in chips)
VolkovDmitri: posts small blind $1
hairy1961: posts big blind $3
*** HOLE CARDS ***
VolkovDmitri: raises $3 to $6
hairy1961: calls $3
*** FLOP *** [2h 6c Th]
hairy1961: checks
VolkovDmitri: bets $3
hairy1961: calls $3
*** TURN *** [2h 6c Th] [9c]
hairy1961: checks
VolkovDmitri: checks
*** RIVER *** [2h 6c Th 9c] [3c]
hairy1961: bets $6
ABATAPP joins the table at seat #2
VolkovDmitri: folds
Uncalled bet ($6) returned to hairy1961
hairy1961 collected $17.64 from pot
hairy1961: doesn't show hand
*** SUMMARY ***
Total pot $18 | Rake $0.36
Board [2h 6c Th 9c 3c]
Seat 1: hairy1961 (big blind) collected ($17.64)
Seat 4: VolkovDmitri (button) (small blind) folded on the River


PokerStars Hand #152785926515:  Hold'em Limit ($3/$6 USD) - 2016/05/03 4:29:59 ET
Table 'Rimito' 6-max Seat #2 is the button
Seat 2: ABATAPP ($102 in chips)
Seat 4: VolkovDmitri ($137.83 in chips)
ABATAPP: posts small blind $1
VolkovDmitri: posts big blind $3
*** HOLE CARDS ***
ABATAPP: raises $3 to $6
VolkovDmitri: calls $3
*** FLOP *** [Qs Kd Tc]
VolkovDmitri: checks
ABATAPP: checks
*** TURN *** [Qs Kd Tc] [2s]
VolkovDmitri: checks
ABATAPP: checks
*** RIVER *** [Qs Kd Tc 2s] [Ks]
VolkovDmitri: checks
ABATAPP: checks
*** SHOW DOWN ***
VolkovDmitri: shows [7d 6s] (a pair of Kings)
ABATAPP: shows [Ac 4h] (a pair of Kings - Ace kicker)
ABATAPP collected $11.76 from pot
*** SUMMARY ***
Total pot $12 | Rake $0.24
Board [Qs Kd Tc 2s Ks]
Seat 2: ABATAPP (button) (small blind) showed [Ac 4h] and won ($11.76) with a pair of Kings
Seat 4: VolkovDmitri (big blind) showed [7d 6s] and lost with a pair of Kings


