PokerStars Hand #164658070345:  Hold'em Limit ($3/$6 USD) - 2017/01/16 4:16:03 ET
Table 'Risha' 6-max Seat #4 is the button
Seat 1: volkovsky ($118.36 in chips)
Seat 4: Chessnok ($194.55 in chips)
Chessnok: posts small blind $1
volkovsky: posts big blind $3
*** HOLE CARDS ***
TbIP-TbIP 88 leaves the table
Chessnok: raises $3 to $6
volkovsky: raises $3 to $9
Chessnok: calls $3
*** FLOP *** [Ah 6s 3d]
volkovsky: bets $3
Chessnok: calls $3
*** TURN *** [Ah 6s 3d] [Jc]
volkovsky: bets $6
Chessnok: calls $6
*** RIVER *** [Ah 6s 3d Jc] [2h]
volkovsky: bets $6
Chessnok: calls $6
*** SHOW DOWN ***
volkovsky: shows [Tc Th] (a pair of Tens)
Chessnok: shows [Ad 5s] (a pair of Aces)
Chessnok collected $47.50 from pot
*** SUMMARY ***
Total pot $48 | Rake $0.50
Board [Ah 6s 3d Jc 2h]
Seat 1: volkovsky (big blind) showed [Tc Th] and lost with a pair of Tens
Seat 4: Chessnok (button) (small blind) showed [Ad 5s] and won ($47.50) with a pair of Aces


PokerStars Hand #164658067111:  Hold'em Limit ($3/$6 USD) - 2017/01/16 4:15:54 ET
Table 'Risha' 6-max Seat #1 is the button
Seat 1: volkovsky ($115.36 in chips)
Seat 4: Chessnok ($197.55 in chips)
volkovsky: posts small blind $1
TbIP-TbIP 88: is sitting out
Chessnok: posts big blind $3
*** HOLE CARDS ***
volkovsky: raises $3 to $6
Chessnok: folds
Uncalled bet ($3) returned to volkovsky
volkovsky collected $6 from pot
volkovsky: doesn't show hand
*** SUMMARY ***
Total pot $6 | Rake $0
Seat 1: volkovsky (button) (small blind) collected ($6)
Seat 4: Chessnok (big blind) folded before Flop


