PokerStars Hand #161780895016:  Hold'em Limit ($3/$6 USD) - 2016/11/22 5:31:06 ET
Table 'Risha' 6-max Seat #1 is the button
Seat 1: anebodil ($111.25 in chips)
Seat 4: MTails ($120 in chips)
anebodil: posts small blind $1
Ale4o joins the table at seat #2
MTails: posts big blind $3
*** HOLE CARDS ***
anebodil: folds
Uncalled bet ($2) returned to MTails
MTails collected $2 from pot
*** SUMMARY ***
Total pot $2 | Rake $0
Seat 1: anebodil (button) (small blind) folded before Flop
Seat 4: MTails (big blind) collected ($2)


PokerStars Hand #161780900695:  Hold'em Limit ($3/$6 USD) - 2016/11/22 5:31:20 ET
Table 'Risha' 6-max Seat #4 is the button
Seat 1: anebodil ($110.25 in chips)
Seat 4: MTails ($121 in chips)
MTails: posts small blind $1
anebodil: posts big blind $3
*** HOLE CARDS ***
MTails: folds
Uncalled bet ($2) returned to anebodil
anebodil collected $2 from pot
*** SUMMARY ***
Total pot $2 | Rake $0
Seat 1: anebodil (big blind) collected ($2)
Seat 4: MTails (button) (small blind) folded before Flop


PokerStars Hand #161780916852:  Hold'em Limit ($3/$6 USD) - 2016/11/22 5:31:58 ET
Table 'Risha' 6-max Seat #2 is the button
Seat 1: anebodil ($93.25 in chips)
Seat 2: Ale4o ($136.92 in chips)
Ale4o: posts small blind $1
MTails: is sitting out
anebodil: posts big blind $3
*** HOLE CARDS ***
Ale4o: raises $3 to $6
anebodil: calls $3
*** FLOP *** [6h 7s 8h]
anebodil: bets $3
Ale4o: folds
Uncalled bet ($3) returned to anebodil
anebodil collected $11.76 from pot
*** SUMMARY ***
Total pot $12 | Rake $0.24
Board [6h 7s 8h]
Seat 1: anebodil (big blind) collected ($11.76)
Seat 2: Ale4o (button) (small blind) folded on the Flop


PokerStars Hand #161780922462:  Hold'em Limit ($3/$6 USD) - 2016/11/22 5:32:11 ET
Table 'Risha' 6-max Seat #1 is the button
Seat 1: anebodil ($99.01 in chips)
Seat 2: Ale4o ($130.92 in chips)
anebodil: posts small blind $1
Ale4o: posts big blind $3
*** HOLE CARDS ***
anebodil: calls $2
Ale4o: raises $3 to $6
anebodil: calls $3
*** FLOP *** [9h 6s Js]
Ale4o: bets $3
anebodil: calls $3
*** TURN *** [9h 6s Js] [9s]
Ale4o: bets $6
anebodil: calls $6
*** RIVER *** [9h 6s Js 9s] [2s]
Ale4o: checks
anebodil: bets $6
Ale4o: calls $6
*** SHOW DOWN ***
anebodil: shows [5c 6h] (two pair, Nines and Sixes)
Ale4o: shows [4c Jc] (two pair, Jacks and Nines)
Ale4o collected $41.50 from pot
*** SUMMARY ***
Total pot $42 | Rake $0.50
Board [9h 6s Js 9s 2s]
Seat 1: anebodil (button) (small blind) showed [5c 6h] and lost with two pair, Nines and Sixes
Seat 2: Ale4o (big blind) showed [4c Jc] and won ($41.50) with two pair, Jacks and Nines


PokerStars Hand #161780936910:  Hold'em Limit ($3/$6 USD) - 2016/11/22 5:32:45 ET
Table 'Risha' 6-max Seat #1 is the button
Seat 1: anebodil ($89.53 in chips)
Seat 2: Ale4o ($139.42 in chips)
anebodil: posts small blind $1
Ale4o: posts big blind $3
*** HOLE CARDS ***
anebodil: folds
Uncalled bet ($2) returned to Ale4o
Ale4o collected $2 from pot
Ale4o: doesn't show hand
*** SUMMARY ***
Total pot $2 | Rake $0
Seat 1: anebodil (button) (small blind) folded before Flop
Seat 2: Ale4o (big blind) collected ($2)


PokerStars Hand #161780930352:  Hold'em Limit ($3/$6 USD) - 2016/11/22 5:32:29 ET
Table 'Risha' 6-max Seat #2 is the button
Seat 1: anebodil ($78.01 in chips)
Seat 2: Ale4o ($151.42 in chips)
Ale4o: posts small blind $1
anebodil: posts big blind $3
*** HOLE CARDS ***
Ale4o: raises $3 to $6
Chuckles1337 joins the table at seat #3
anebodil: calls $3
*** FLOP *** [2h 3s 4s]
anebodil: bets $3
Ale4o: raises $3 to $6
anebodil: calls $3
*** TURN *** [2h 3s 4s] [Ah]
anebodil: bets $6
Ale4o: folds
Uncalled bet ($6) returned to anebodil
anebodil collected $23.52 from pot
*** SUMMARY ***
Total pot $24 | Rake $0.48
Board [2h 3s 4s Ah]
Seat 1: anebodil (big blind) collected ($23.52)
Seat 2: Ale4o (button) (small blind) folded on the Turn


PokerStars Hand #161783984068:  Hold'em Limit ($3/$6 USD) - 2016/11/22 7:22:04 ET
Table 'Risha' 6-max Seat #2 is the button
Seat 2: 181385 ($33.89 in chips)
Seat 4: jackRizzar ($184.93 in chips)
181385: posts small blind $1
jackRizzar: posts big blind $3
*** HOLE CARDS ***
181385: folds
Uncalled bet ($2) returned to jackRizzar
jackRizzar collected $2 from pot
jackRizzar: doesn't show hand
*** SUMMARY ***
Total pot $2 | Rake $0
Seat 2: 181385 (button) (small blind) folded before Flop
Seat 4: jackRizzar (big blind) collected ($2)


PokerStars Hand #161783970992:  Hold'em Limit ($3/$6 USD) - 2016/11/22 7:21:39 ET
Table 'Risha' 6-max Seat #4 is the button
Seat 2: 181385 ($63.89 in chips)
Seat 4: jackRizzar ($155.43 in chips)
jackRizzar: posts small blind $1
Necromadx: is sitting out
181385: posts big blind $3
*** HOLE CARDS ***
jackRizzar: raises $3 to $6
181385: raises $3 to $9
Necromadx leaves the table
jackRizzar: calls $3
*** FLOP *** [9s 5h 4s]
181385: bets $3
jackRizzar: calls $3
*** TURN *** [9s 5h 4s] [Jd]
181385: bets $6
jackRizzar: calls $6
*** RIVER *** [9s 5h 4s Jd] [7s]
181385: bets $6
MilkyWay2016 joins the table at seat #6
jackRizzar: raises $6 to $12
181385: calls $6
*** SHOW DOWN ***
jackRizzar: shows [7h 7c] (three of a kind, Sevens)
181385: mucks hand
jackRizzar collected $59.50 from pot
*** SUMMARY ***
Total pot $60 | Rake $0.50
Board [9s 5h 4s Jd 7s]
Seat 2: 181385 (big blind) mucked
Seat 4: jackRizzar (button) (small blind) showed [7h 7c] and won ($59.50) with three of a kind, Sevens


PokerStars Hand #161788489781:  Hold'em Limit ($3/$6 USD) - 2016/11/22 9:34:59 ET
Table 'Risha' 6-max Seat #6 is the button
Seat 5: grabaz ($233.17 in chips)
Seat 6: italianhero4 ($65.48 in chips)
italianhero4: posts small blind $1
sim5sim5: is sitting out
yoyoma7777: is sitting out
grabaz: posts big blind $3
*** HOLE CARDS ***
italianhero4: raises $3 to $6
grabaz: calls $3
*** FLOP *** [Ks 5d 8h]
grabaz: checks
italianhero4: bets $3
yoyoma7777 leaves the table
sim5sim5 leaves the table
grabaz: calls $3
*** TURN *** [Ks 5d 8h] [4h]
grabaz: checks
italianhero4: checks
*** RIVER *** [Ks 5d 8h 4h] [9c]
grabaz: bets $6
italianhero4: folds
Uncalled bet ($6) returned to grabaz
grabaz collected $17.64 from pot
grabaz: doesn't show hand
italianhero4 leaves the table
*** SUMMARY ***
Total pot $18 | Rake $0.36
Board [Ks 5d 8h 4h 9c]
Seat 5: grabaz (big blind) collected ($17.64)
Seat 6: italianhero4 (button) (small blind) folded on the River


