PokerStars Hand #171682114697:  Hold'em Limit ($3/$6 USD) - 2017/06/12 12:00:05 ET
Table 'Ristenpart II' 6-max Seat #2 is the button
Seat 1: igorkabmw ($31.64 in chips)
Seat 2: Ale4o ($107.38 in chips)
Ale4o: posts small blind $1
igorkabmw: posts big blind $3
*** HOLE CARDS ***
Ale4o: raises $3 to $6
igorkabmw: raises $3 to $9
Ale4o: raises $3 to $12
Betting is capped
igorkabmw: calls $3
*** FLOP *** [8h 3s 9c]
igorkabmw: checks
Ale4o: bets $3
igorkabmw: calls $3
*** TURN *** [8h 3s 9c] [Ac]
igorkabmw: checks
Ale4o: bets $6
igorkabmw: calls $6
*** RIVER *** [8h 3s 9c Ac] [7d]
igorkabmw: checks
Ale4o: bets $6
igorkabmw: calls $6
*** SHOW DOWN ***
Ale4o: shows [Jc As] (a pair of Aces)
igorkabmw: mucks hand
Ale4o collected $53.50 from pot
*** SUMMARY ***
Total pot $54 | Rake $0.50
Board [8h 3s 9c Ac 7d]
Seat 1: igorkabmw (big blind) mucked
Seat 2: Ale4o (button) (small blind) showed [Jc As] and won ($53.50) with a pair of Aces


PokerStars Hand #171682111633:  Hold'em Limit ($3/$6 USD) - 2017/06/12 12:00:00 ET
Table 'Ristenpart II' 6-max Seat #1 is the button
Seat 1: igorkabmw ($32.64 in chips)
Seat 2: Ale4o ($106.38 in chips)
igorkabmw: posts small blind $1
Ale4o: posts big blind $3
*** HOLE CARDS ***
igorkabmw: folds
Uncalled bet ($2) returned to Ale4o
Ale4o collected $2 from pot
Ale4o: doesn't show hand
*** SUMMARY ***
Total pot $2 | Rake $0
Seat 1: igorkabmw (button) (small blind) folded before Flop
Seat 2: Ale4o (big blind) collected ($2)


PokerStars Hand #171682103228:  Hold'em Limit ($3/$6 USD) - 2017/06/12 11:59:45 ET
Table 'Ristenpart II' 6-max Seat #2 is the button
Seat 1: igorkabmw ($24 in chips)
Seat 2: Ale4o ($115.38 in chips)
Ale4o: posts small blind $1
GoliafUa: is sitting out
igorkabmw: posts big blind $3
*** HOLE CARDS ***
Ale4o: raises $3 to $6
GoliafUa leaves the table
igorkabmw: calls $3
*** FLOP *** [Ah 3c 5s]
igorkabmw: checks
Ale4o: bets $3
igorkabmw: calls $3
*** TURN *** [Ah 3c 5s] [Qd]
igorkabmw: checks
Ale4o: checks
*** RIVER *** [Ah 3c 5s Qd] [Kd]
igorkabmw: checks
Ale4o: checks
*** SHOW DOWN ***
igorkabmw: shows [4s 5c] (a pair of Fives)
Ale4o: mucks hand
igorkabmw collected $17.64 from pot
*** SUMMARY ***
Total pot $18 | Rake $0.36
Board [Ah 3c 5s Qd Kd]
Seat 1: igorkabmw (big blind) showed [4s 5c] and won ($17.64) with a pair of Fives
Seat 2: Ale4o (button) (small blind) mucked


PokerStars Hand #171682136148:  Hold'em Limit ($3/$6 USD) - 2017/06/12 12:00:43 ET
Table 'Ristenpart II' 6-max Seat #1 is the button
Seat 1: igorkabmw ($39.64 in chips)
Seat 2: Ale4o ($133.88 in chips)
igorkabmw: posts small blind $1
Ale4o: posts big blind $3
*** HOLE CARDS ***
igorkabmw: calls $2
Ale4o: checks
*** FLOP *** [Jd Qc Ah]
Ale4o: checks
igorkabmw: checks
*** TURN *** [Jd Qc Ah] [8s]
Ale4o: checks
igorkabmw: checks
*** RIVER *** [Jd Qc Ah 8s] [3s]
Ale4o: checks
igorkabmw: bets $6
Ale4o: calls $6
*** SHOW DOWN ***
igorkabmw: shows [Qd 9h] (a pair of Queens)
Ale4o: mucks hand
igorkabmw collected $17.64 from pot
*** SUMMARY ***
Total pot $18 | Rake $0.36
Board [Jd Qc Ah 8s 3s]
Seat 1: igorkabmw (button) (small blind) showed [Qd 9h] and won ($17.64) with a pair of Queens
Seat 2: Ale4o (big blind) mucked


PokerStars Hand #171682161621:  Hold'em Limit ($3/$6 USD) - 2017/06/12 12:01:25 ET
Table 'Ristenpart II' 6-max Seat #2 is the button
Seat 1: igorkabmw ($41.92 in chips)
Seat 2: Ale4o ($130.38 in chips)
Ale4o: posts small blind $1
igorkabmw: posts big blind $3
*** HOLE CARDS ***
Ale4o: raises $3 to $6
igorkabmw: calls $3
*** FLOP *** [5d 7d 4h]
igorkabmw: checks
Ale4o: bets $3
igorkabmw: calls $3
*** TURN *** [5d 7d 4h] [Ad]
igorkabmw: checks
Ale4o: checks
*** RIVER *** [5d 7d 4h Ad] [8c]
igorkabmw: bets $6
Ale4o: raises $6 to $12
igorkabmw: raises $6 to $18
Ale4o: calls $6
*** SHOW DOWN ***
igorkabmw: shows [3d 4d] (a flush, Ace high)
Ale4o: mucks hand
igorkabmw collected $53.50 from pot
*** SUMMARY ***
Total pot $54 | Rake $0.50
Board [5d 7d 4h Ad 8c]
Seat 1: igorkabmw (big blind) showed [3d 4d] and won ($53.50) with a flush, Ace high
Seat 2: Ale4o (button) (small blind) mucked


PokerStars Hand #171682143971:  Hold'em Limit ($3/$6 USD) - 2017/06/12 12:00:56 ET
Table 'Ristenpart II' 6-max Seat #2 is the button
Seat 1: igorkabmw ($48.28 in chips)
Seat 2: Ale4o ($124.88 in chips)
Ale4o: posts small blind $1
igorkabmw: posts big blind $3
*** HOLE CARDS ***
Ale4o: raises $3 to $6
igorkabmw: calls $3
*** FLOP *** [Qc 8s 6c]
igorkabmw: checks
Ale4o: bets $3
igorkabmw: calls $3
*** TURN *** [Qc 8s 6c] [9s]
igorkabmw: checks
Ale4o: checks
*** RIVER *** [Qc 8s 6c 9s] [5s]
igorkabmw: bets $6
Ale4o: calls $6
*** SHOW DOWN ***
igorkabmw: shows [2c 5c] (a pair of Fives)
Ale4o: shows [Kc 8h] (a pair of Eights)
Ale4o collected $29.50 from pot
*** SUMMARY ***
Total pot $30 | Rake $0.50
Board [Qc 8s 6c 9s 5s]
Seat 1: igorkabmw (big blind) showed [2c 5c] and lost with a pair of Fives
Seat 2: Ale4o (button) (small blind) showed [Kc 8h] and won ($29.50) with a pair of Eights


PokerStars Hand #171682153539:  Hold'em Limit ($3/$6 USD) - 2017/06/12 12:01:11 ET
Table 'Ristenpart II' 6-max Seat #1 is the button
Seat 1: igorkabmw ($33.28 in chips)
Seat 2: Ale4o ($139.38 in chips)
igorkabmw: posts small blind $1
Ale4o: posts big blind $3
*** HOLE CARDS ***
igorkabmw: calls $2
Ale4o: raises $3 to $6
igorkabmw: calls $3
*** FLOP *** [Kh 6d Tc]
Ale4o: bets $3
igorkabmw: calls $3
*** TURN *** [Kh 6d Tc] [9c]
Ale4o: checks
igorkabmw: checks
*** RIVER *** [Kh 6d Tc 9c] [8d]
Ale4o: checks
igorkabmw: bets $6
Ale4o: folds
Uncalled bet ($6) returned to igorkabmw
igorkabmw collected $17.64 from pot
*** SUMMARY ***
Total pot $18 | Rake $0.36
Board [Kh 6d Tc 9c 8d]
Seat 1: igorkabmw (button) (small blind) collected ($17.64)
Seat 2: Ale4o (big blind) folded on the River


PokerStars Hand #171682190646:  Hold'em Limit ($3/$6 USD) - 2017/06/12 12:02:11 ET
Table 'Ristenpart II' 6-max Seat #1 is the button
Seat 1: igorkabmw ($56.30 in chips)
Seat 2: Ale4o ($114.88 in chips)
igorkabmw: posts small blind $1
Ale4o: posts big blind $3
*** HOLE CARDS ***
hookonhook joins the table at seat #3
igorkabmw: raises $3 to $6
Ale4o: folds
Uncalled bet ($3) returned to igorkabmw
B_loJkl joins the table at seat #4
igorkabmw collected $6 from pot
*** SUMMARY ***
Total pot $6 | Rake $0
Seat 1: igorkabmw (button) (small blind) collected ($6)
Seat 2: Ale4o (big blind) folded before Flop


PokerStars Hand #171682182041:  Hold'em Limit ($3/$6 USD) - 2017/06/12 12:01:57 ET
Table 'Ristenpart II' 6-max Seat #2 is the button
Seat 1: igorkabmw ($71.30 in chips)
Seat 2: Ale4o ($100.38 in chips)
Ale4o: posts small blind $1
igorkabmw: posts big blind $3
*** HOLE CARDS ***
Ale4o: raises $3 to $6
igorkabmw: calls $3
*** FLOP *** [Kc 2s 4c]
igorkabmw: checks
HAL9QQQ joins the table at seat #5
Ale4o: bets $3
igorkabmw: calls $3
*** TURN *** [Kc 2s 4c] [3h]
igorkabmw: checks
Ale4o: bets $6
igorkabmw: calls $6
*** RIVER *** [Kc 2s 4c 3h] [Ts]
igorkabmw: checks
Ale4o: checks
*** SHOW DOWN ***
igorkabmw: shows [8s Ac] (high card Ace)
Ale4o: shows [7s 3s] (a pair of Threes)
Ale4o collected $29.50 from pot
*** SUMMARY ***
Total pot $30 | Rake $0.50
Board [Kc 2s 4c 3h Ts]
Seat 1: igorkabmw (big blind) showed [8s Ac] and lost with high card Ace
Seat 2: Ale4o (button) (small blind) showed [7s 3s] and won ($29.50) with a pair of Threes


PokerStars Hand #171682171753:  Hold'em Limit ($3/$6 USD) - 2017/06/12 12:01:41 ET
Table 'Ristenpart II' 6-max Seat #1 is the button
Seat 1: igorkabmw ($68.42 in chips)
Seat 2: Ale4o ($103.38 in chips)
igorkabmw: posts small blind $1
Ale4o: posts big blind $3
*** HOLE CARDS ***
igorkabmw: calls $2
Ale4o: checks
*** FLOP *** [8c 9h Kc]
Ale4o: checks
igorkabmw: checks
*** TURN *** [8c 9h Kc] [4h]
Ale4o: checks
igorkabmw: checks
*** RIVER *** [8c 9h Kc 4h] [6d]
Ale4o: checks
igorkabmw: bets $6
Ale4o: folds
Uncalled bet ($6) returned to igorkabmw
igorkabmw collected $5.88 from pot
*** SUMMARY ***
Total pot $6 | Rake $0.12
Board [8c 9h Kc 4h 6d]
Seat 1: igorkabmw (button) (small blind) collected ($5.88)
Seat 2: Ale4o (big blind) folded on the River


PokerStars Hand #171684924553:  Hold'em Limit ($3/$6 USD) - 2017/06/12 13:10:40 ET
Table 'Ristenpart II' 6-max Seat #5 is the button
Seat 4: Great_Kang ($120.88 in chips)
Seat 5: Chessnok ($118.98 in chips)
Chessnok: posts small blind $1
B_loJkl: is sitting out
Great_Kang: posts big blind $3
*** HOLE CARDS ***
vestimokrec leaves the table
Chessnok: raises $3 to $6
Great_Kang: folds
Uncalled bet ($3) returned to Chessnok
Chessnok collected $6 from pot
Chessnok: doesn't show hand
*** SUMMARY ***
Total pot $6 | Rake $0
Seat 4: Great_Kang (big blind) folded before Flop
Seat 5: Chessnok (button) (small blind) collected ($6)


