PokerStars Hand #175566904907:  Hold'em Limit ($3/$6 USD) - 2017/09/12 18:14:43 ET
Table 'Riviera' 10-max Seat #4 is the button
Seat 4: Portland25 ($36 in chips)
Seat 5: bnas9 ($37.09 in chips)
Portland25: posts small blind $1
bnas9: posts big blind $3
*** HOLE CARDS ***
Portland25: raises $3 to $6
bnas9: raises $3 to $9
Portland25: raises $3 to $12
Betting is capped
bnas9: calls $3
*** FLOP *** [Kh 7h Qs]
bnas9: bets $3
Portland25: raises $3 to $6
bnas9: raises $3 to $9
Portland25: raises $3 to $12
Betting is capped
bnas9: calls $3
*** TURN *** [Kh 7h Qs] [2s]
bnas9: bets $6
Portland25: calls $6
*** RIVER *** [Kh 7h Qs 2s] [Kd]
bnas9: bets $6
Portland25: folds
Uncalled bet ($6) returned to bnas9
bnas9 collected $59.50 from pot
bnas9: doesn't show hand
*** SUMMARY ***
Total pot $60 | Rake $0.50
Board [Kh 7h Qs 2s Kd]
Seat 4: Portland25 (button) (small blind) folded on the River
Seat 5: bnas9 (big blind) collected ($59.50)


PokerStars Hand #175566923955:  Hold'em Limit ($3/$6 USD) - 2017/09/12 18:15:10 ET
Table 'Riviera' 10-max Seat #5 is the button
Seat 4: Portland25 ($6 in chips)
Seat 5: bnas9 ($66.59 in chips)
bnas9: posts small blind $1
Portland25: posts big blind $3
*** HOLE CARDS ***
bnas9: calls $2
Portland25: checks
*** FLOP *** [8h 5d Ts]
Portland25: checks
bnas9: checks
*** TURN *** [8h 5d Ts] [8s]
Portland25: checks
bnas9: checks
*** RIVER *** [8h 5d Ts 8s] [7c]
Portland25: checks
bnas9: bets $6
Portland25: folds
Uncalled bet ($6) returned to bnas9
bnas9 collected $5.88 from pot
bnas9: doesn't show hand
*** SUMMARY ***
Total pot $6 | Rake $0.12
Board [8h 5d Ts 8s 7c]
Seat 4: Portland25 (big blind) folded on the River
Seat 5: bnas9 (button) (small blind) collected ($5.88)


PokerStars Hand #175567505680:  Hold'em Limit ($3/$6 USD) - 2017/09/12 18:28:57 ET
Table 'Riviera' 10-max Seat #4 is the button
Seat 4: SeanHellmuth ($90 in chips)
Seat 5: 1blosd ($73.28 in chips)
SeanHellmuth: posts small blind $1
1blosd: posts big blind $3
*** HOLE CARDS ***
SeanHellmuth: raises $3 to $6
1blosd: raises $3 to $9
SeanHellmuth: raises $3 to $12
Betting is capped
1blosd: calls $3
*** FLOP *** [Qh Jd 5s]
1blosd: bets $3
SeanHellmuth: raises $3 to $6
1blosd: raises $3 to $9
SeanHellmuth: raises $3 to $12
Betting is capped
1blosd: calls $3
*** TURN *** [Qh Jd 5s] [6s]
1blosd: bets $6
SeanHellmuth: raises $6 to $12
1blosd: raises $6 to $18
SeanHellmuth: raises $6 to $24
Betting is capped
1blosd: calls $6
*** RIVER *** [Qh Jd 5s 6s] [8c]
1blosd: bets $6
SeanHellmuth: raises $6 to $12
1blosd: raises $6 to $18
SeanHellmuth: calls $6
*** SHOW DOWN ***
1blosd: shows [4h 7h] (a straight, Four to Eight)
SeanHellmuth: mucks hand
1blosd collected $131.50 from pot
*** SUMMARY ***
Total pot $132 | Rake $0.50
Board [Qh Jd 5s 6s 8c]
Seat 4: SeanHellmuth (button) (small blind) mucked
Seat 5: 1blosd (big blind) showed [4h 7h] and won ($131.50) with a straight, Four to Eight


PokerStars Hand #175567482595:  Hold'em Limit ($3/$6 USD) - 2017/09/12 18:28:24 ET
Table 'Riviera' 10-max Seat #5 is the button
Seat 4: SeanHellmuth ($120 in chips)
Seat 5: 1blosd ($43.78 in chips)
1blosd: posts small blind $1
SeanHellmuth: posts big blind $3
*** HOLE CARDS ***
1blosd: raises $3 to $6
SeanHellmuth: raises $3 to $9
1blosd: raises $3 to $12
Betting is capped
SeanHellmuth: calls $3
*** FLOP *** [Qs Ad Ks]
SeanHellmuth: bets $3
1blosd: raises $3 to $6
SeanHellmuth: raises $3 to $9
1blosd: raises $3 to $12
Betting is capped
SeanHellmuth: calls $3
*** TURN *** [Qs Ad Ks] [Jc]
SeanHellmuth: bets $6
1blosd: calls $6
*** RIVER *** [Qs Ad Ks Jc] [9d]
SeanHellmuth: checks
1blosd: bets $6
SeanHellmuth: folds
Uncalled bet ($6) returned to 1blosd
1blosd collected $59.50 from pot
1blosd: doesn't show hand
*** SUMMARY ***
Total pot $60 | Rake $0.50
Board [Qs Ad Ks Jc 9d]
Seat 4: SeanHellmuth (big blind) folded on the River
Seat 5: 1blosd (button) (small blind) collected ($59.50)


