PokerStars Hand #176409648164:  Hold'em Limit ($3/$6 USD) - 2017/10/02 16:24:02 ET
Table 'Riviera' 6-max Seat #3 is the button
Seat 3: TSzalay ($87.04 in chips)
Seat 4: vestimokrec ($120 in chips)
TSzalay: posts small blind $1
vestimokrec: posts big blind $3
*** HOLE CARDS ***
TSzalay: raises $3 to $6
vestimokrec: calls $3
*** FLOP *** [Jc 6d 7d]
vestimokrec: checks
TSzalay: checks
*** TURN *** [Jc 6d 7d] [5d]
GoliafUa leaves the table
vestimokrec: checks
TSzalay: bets $6
blessmyplay joins the table at seat #2
vestimokrec: folds
Uncalled bet ($6) returned to TSzalay
TSzalay collected $11.76 from pot
TSzalay: doesn't show hand
*** SUMMARY ***
Total pot $12 | Rake $0.24
Board [Jc 6d 7d 5d]
Seat 3: TSzalay (button) (small blind) collected ($11.76)
Seat 4: vestimokrec (big blind) folded on the Turn


PokerStars Hand #176411408509:  Hold'em Limit ($3/$6 USD) - 2017/10/02 16:59:51 ET
Table 'Riviera' 6-max Seat #5 is the button
Seat 2: pokertriss ($91.95 in chips)
Seat 5: Datumboy ($212.54 in chips)
Datumboy: posts small blind $1
pokertriss: posts big blind $3
*** HOLE CARDS ***
KAKA1 leaves the table
Datumboy: folds
Uncalled bet ($2) returned to pokertriss
pokertriss collected $2 from pot
pokertriss: doesn't show hand
*** SUMMARY ***
Total pot $2 | Rake $0
Seat 2: pokertriss (big blind) collected ($2)
Seat 5: Datumboy (button) (small blind) folded before Flop


PokerStars Hand #176411411537:  Hold'em Limit ($3/$6 USD) - 2017/10/02 16:59:55 ET
Table 'Riviera' 6-max Seat #2 is the button
Seat 2: pokertriss ($92.95 in chips)
Seat 5: Datumboy ($211.54 in chips)
pokertriss: posts small blind $1
Datumboy: posts big blind $3
*** HOLE CARDS ***
pokertriss: raises $3 to $6
Datumboy: calls $3
*** FLOP *** [Jd Ac 4h]
Datumboy: checks
pokertriss: bets $3
Datumboy: raises $3 to $6
pokertriss: raises $3 to $9
Datumboy: calls $3
*** TURN *** [Jd Ac 4h] [6d]
Datumboy: checks
pokertriss: checks
*** RIVER *** [Jd Ac 4h 6d] [2h]
Datumboy: bets $6
pokertriss: folds
Uncalled bet ($6) returned to Datumboy
Datumboy collected $29.50 from pot
Datumboy: doesn't show hand
*** SUMMARY ***
Total pot $30 | Rake $0.50
Board [Jd Ac 4h 6d 2h]
Seat 2: pokertriss (button) (small blind) folded on the River
Seat 5: Datumboy (big blind) collected ($29.50)


PokerStars Hand #176411476258:  Hold'em Limit ($3/$6 USD) - 2017/10/02 17:01:26 ET
Table 'Riviera' 6-max Seat #5 is the button
Seat 5: Datumboy ($215.04 in chips)
Seat 6: vestimokrec ($120 in chips)
Datumboy: posts small blind $1
vestimokrec: posts big blind $3
*** HOLE CARDS ***
Datumboy: folds
Uncalled bet ($2) returned to vestimokrec
MelaninMan joins the table at seat #3
vestimokrec collected $2 from pot
vestimokrec: doesn't show hand
*** SUMMARY ***
Total pot $2 | Rake $0
Seat 5: Datumboy (button) (small blind) folded before Flop
Seat 6: vestimokrec (big blind) collected ($2)


PokerStars Hand #176411462308:  Hold'em Limit ($3/$6 USD) - 2017/10/02 17:01:08 ET
Table 'Riviera' 6-max Seat #2 is the button
Seat 2: pokertriss ($89.47 in chips)
Seat 5: Datumboy ($214.04 in chips)
pokertriss: posts small blind $1
Datumboy: posts big blind $3
*** HOLE CARDS ***
pokertriss: folds
Uncalled bet ($2) returned to Datumboy
Datumboy collected $2 from pot
Datumboy: doesn't show hand
*** SUMMARY ***
Total pot $2 | Rake $0
Seat 2: pokertriss (button) (small blind) folded before Flop
Seat 5: Datumboy (big blind) collected ($2)


PokerStars Hand #176411442794:  Hold'em Limit ($3/$6 USD) - 2017/10/02 17:00:41 ET
Table 'Riviera' 6-max Seat #5 is the button
Seat 2: pokertriss ($77.95 in chips)
Seat 5: Datumboy ($226.04 in chips)
Datumboy: posts small blind $1
pokertriss: posts big blind $3
*** HOLE CARDS ***
Datumboy: raises $3 to $6
pokertriss: raises $3 to $9
Datumboy: calls $3
*** FLOP *** [Qs 4d 3s]
pokertriss: bets $3
Datumboy: calls $3
*** TURN *** [Qs 4d 3s] [4c]
pokertriss: bets $6
Datumboy: folds
Uncalled bet ($6) returned to pokertriss
pokertriss collected $23.52 from pot
pokertriss: doesn't show hand
*** SUMMARY ***
Total pot $24 | Rake $0.48
Board [Qs 4d 3s 4c]
Seat 2: pokertriss (big blind) collected ($23.52)
Seat 5: Datumboy (button) (small blind) folded on the Turn


PokerStars Hand #176413217712:  Hold'em Limit ($3/$6 USD) - 2017/10/02 17:38:13 ET
Table 'Riviera' 6-max Seat #3 is the button
Seat 3: CharginWapos ($106 in chips)
Seat 4: favete lin ($133.41 in chips)
CharginWapos: posts small blind $1
favete lin: posts big blind $3
*** HOLE CARDS ***
vestimokrec leaves the table
CharginWapos: folds
Uncalled bet ($2) returned to favete lin
favete lin collected $2 from pot
favete lin: doesn't show hand
*** SUMMARY ***
Total pot $2 | Rake $0
Seat 3: CharginWapos (button) (small blind) folded before Flop
Seat 4: favete lin (big blind) collected ($2)


PokerStars Hand #176413227366:  Hold'em Limit ($3/$6 USD) - 2017/10/02 17:38:25 ET
Table 'Riviera' 6-max Seat #4 is the button
Seat 3: CharginWapos ($105 in chips)
Seat 4: favete lin ($134.41 in chips)
favete lin: posts small blind $1
CharginWapos: posts big blind $3
*** HOLE CARDS ***
favete lin: folds
Uncalled bet ($2) returned to CharginWapos
CharginWapos collected $2 from pot
CharginWapos: doesn't show hand
*** SUMMARY ***
Total pot $2 | Rake $0
Seat 3: CharginWapos (big blind) collected ($2)
Seat 4: favete lin (button) (small blind) folded before Flop


PokerStars Hand #176413231572:  Hold'em Limit ($3/$6 USD) - 2017/10/02 17:38:31 ET
Table 'Riviera' 6-max Seat #3 is the button
Seat 3: CharginWapos ($106 in chips)
Seat 4: favete lin ($133.41 in chips)
CharginWapos: posts small blind $1
favete lin: posts big blind $3
*** HOLE CARDS ***
CharginWapos: calls $2
favete lin: checks
*** FLOP *** [4h 8s Js]
favete lin: checks
CharginWapos: checks
*** TURN *** [4h 8s Js] [3c]
favete lin: bets $6
CharginWapos: calls $6
*** RIVER *** [4h 8s Js 3c] [9h]
favete lin: bets $6
CharginWapos: calls $6
*** SHOW DOWN ***
favete lin: shows [8d 3s] (two pair, Eights and Threes)
CharginWapos: mucks hand
favete lin collected $29.50 from pot
*** SUMMARY ***
Total pot $30 | Rake $0.50
Board [4h 8s Js 3c 9h]
Seat 3: CharginWapos (button) (small blind) mucked
Seat 4: favete lin (big blind) showed [8d 3s] and won ($29.50) with two pair, Eights and Threes


PokerStars Hand #176413212603:  Hold'em Limit ($3/$6 USD) - 2017/10/02 17:38:06 ET
Table 'Riviera' 6-max Seat #4 is the button
Seat 3: CharginWapos ($109 in chips)
Seat 4: favete lin ($130.41 in chips)
favete lin: posts small blind $1
DECAlpha: is sitting out
CharginWapos: posts big blind $3
*** HOLE CARDS ***
favete lin: raises $3 to $6
CharginWapos: folds
Uncalled bet ($3) returned to favete lin
DECAlpha leaves the table
favete lin collected $6 from pot
favete lin: doesn't show hand
*** SUMMARY ***
Total pot $6 | Rake $0
Seat 3: CharginWapos (big blind) folded before Flop
Seat 4: favete lin (button) (small blind) collected ($6)


