PokerStars Hand #145229459835:  Hold'em Limit ($3/$6 USD) - 2015/12/12 11:24:53 ET
Table 'Riviera' 2-max Seat #2 is the button
Seat 1: yirkape ($315.76 in chips)
Seat 2: MTails ($120 in chips)
MTails: posts small blind $1
yirkape: posts big blind $3
*** HOLE CARDS ***
MTails: raises $3 to $6
yirkape: calls $3
*** FLOP *** [Ad Kc 4c]
yirkape: checks
MTails: bets $3
yirkape: raises $3 to $6
MTails: folds
Uncalled bet ($3) returned to yirkape
yirkape collected $17.64 from pot
yirkape: doesn't show hand
*** SUMMARY ***
Total pot $18 | Rake $0.36
Board [Ad Kc 4c]
Seat 1: yirkape (big blind) collected ($17.64)
Seat 2: MTails (button) (small blind) folded on the Flop


PokerStars Hand #145229473433:  Hold'em Limit ($3/$6 USD) - 2015/12/12 11:25:10 ET
Table 'Riviera' 2-max Seat #1 is the button
Seat 1: yirkape ($324.40 in chips)
Seat 2: MTails ($111 in chips)
yirkape: posts small blind $1
MTails: posts big blind $3
*** HOLE CARDS ***
yirkape: raises $3 to $6
MTails: calls $3
*** FLOP *** [Ks 5s 6h]
MTails: checks
yirkape: bets $3
MTails: folds
Uncalled bet ($3) returned to yirkape
yirkape collected $11.76 from pot
yirkape: doesn't show hand
*** SUMMARY ***
Total pot $12 | Rake $0.24
Board [Ks 5s 6h]
Seat 1: yirkape (button) (small blind) collected ($11.76)
Seat 2: MTails (big blind) folded on the Flop


