PokerStars Hand #176533882506:  Hold'em Limit ($3/$6 USD) - 2017/10/05 15:47:00 ET
Table 'Riviera II' 6-max Seat #6 is the button
Seat 1: vestimokrec ($127 in chips)
Seat 6: Stingeling ($111 in chips)
Stingeling: posts small blind $1
vestimokrec: posts big blind $3
*** HOLE CARDS ***
Stingeling: folds
Uncalled bet ($2) returned to vestimokrec
vestimokrec collected $2 from pot
vestimokrec: doesn't show hand
*** SUMMARY ***
Total pot $2 | Rake $0
Seat 1: vestimokrec (big blind) collected ($2)
Seat 6: Stingeling (button) (small blind) folded before Flop


PokerStars Hand #176534184609:  Hold'em Limit ($3/$6 USD) - 2017/10/05 15:53:07 ET
Table 'Riviera II' 6-max Seat #6 is the button
Seat 1: vestimokrec ($118.28 in chips)
Seat 6: Stingeling ($118.02 in chips)
Stingeling: posts small blind $1
vestimokrec: posts big blind $3
*** HOLE CARDS ***
Stingeling: raises $3 to $6
vestimokrec: calls $3
*** FLOP *** [Kh 8c Qd]
vestimokrec: checks
Stingeling: bets $3
vestimokrec: folds
Uncalled bet ($3) returned to Stingeling
Stingeling collected $11.76 from pot
Stingeling: doesn't show hand
*** SUMMARY ***
Total pot $12 | Rake $0.24
Board [Kh 8c Qd]
Seat 1: vestimokrec (big blind) folded on the Flop
Seat 6: Stingeling (button) (small blind) collected ($11.76)


PokerStars Hand #176534218174:  Hold'em Limit ($3/$6 USD) - 2017/10/05 15:53:47 ET
Table 'Riviera II' 6-max Seat #1 is the button
Seat 1: vestimokrec ($112.28 in chips)
Seat 6: Stingeling ($123.78 in chips)
vestimokrec: posts small blind $1
Stingeling: posts big blind $3
*** HOLE CARDS ***
vestimokrec: raises $3 to $6
Stingeling: calls $3
*** FLOP *** [Jd 7c 4h]
Stingeling: checks
vestimokrec: checks
*** TURN *** [Jd 7c 4h] [7d]
7 Huligan 7 joins the table at seat #3
Stingeling has timed out
Stingeling: checks
vestimokrec: checks
*** RIVER *** [Jd 7c 4h 7d] [2h]
Stingeling has timed out
Stingeling: checks
vestimokrec: bets $6
Stingeling: calls $6
*** SHOW DOWN ***
vestimokrec: shows [Th 3d] (a pair of Sevens)
Stingeling: shows [6c 2c] (two pair, Sevens and Deuces)
Stingeling collected $23.52 from pot
*** SUMMARY ***
Total pot $24 | Rake $0.48
Board [Jd 7c 4h 7d 2h]
Seat 1: vestimokrec (button) (small blind) showed [Th 3d] and lost with a pair of Sevens
Seat 6: Stingeling (big blind) showed [6c 2c] and won ($23.52) with two pair, Sevens and Deuces


