PokerStars Hand #145861311977:  Hold'em Limit ($3/$6 USD) - 2015/12/24 15:20:20 ET
Table 'Robelmonte' 6-max Seat #4 is the button
Seat 4: stronghawk ($90 in chips)
Seat 6: Dok2920 ($218.26 in chips)
Xerxesklonk will be allowed to play after the button
stronghawk: posts small blind $1
vestimokrec: is sitting out
Dok2920: posts big blind $3
*** HOLE CARDS ***
Dok2920 said, "nice joke hand"
stronghawk: raises $3 to $6
Dok2920: folds
Uncalled bet ($3) returned to stronghawk
stronghawk collected $6 from pot
stronghawk: doesn't show hand
*** SUMMARY ***
Total pot $6 | Rake $0
Seat 4: stronghawk (button) (small blind) collected ($6)
Seat 6: Dok2920 (big blind) folded before Flop


PokerStars Hand #145861317933:  Hold'em Limit ($3/$6 USD) - 2015/12/24 15:20:28 ET
Table 'Robelmonte' 6-max Seat #6 is the button
Seat 4: stronghawk ($93 in chips)
Seat 6: Dok2920 ($215.26 in chips)
Dok2920: posts small blind $1
stronghawk: posts big blind $3
*** HOLE CARDS ***
vestimokrec leaves the table
Xerxesklonk leaves the table
Dok2920: raises $3 to $6
stronghawk: calls $3
*** FLOP *** [7h Tc Qd]
stronghawk: checks
Dok2920: bets $3
stronghawk: folds
Uncalled bet ($3) returned to Dok2920
Dok2920 collected $11.76 from pot
*** SUMMARY ***
Total pot $12 | Rake $0.24
Board [7h Tc Qd]
Seat 4: stronghawk (big blind) folded on the Flop
Seat 6: Dok2920 (button) (small blind) collected ($11.76)


PokerStars Hand #145861337645:  Hold'em Limit ($3/$6 USD) - 2015/12/24 15:20:53 ET
Table 'Robelmonte' 6-max Seat #4 is the button
Seat 4: stronghawk ($90 in chips)
Seat 6: Dok2920 ($221.02 in chips)
stronghawk: posts small blind $1
Dok2920: posts big blind $3
*** HOLE CARDS ***
stronghawk: raises $3 to $6
Dok2920: calls $3
*** FLOP *** [Jc Td 4d]
Dok2920: checks
stronghawk: bets $3
Dok2920: folds
Uncalled bet ($3) returned to stronghawk
stronghawk collected $11.76 from pot
stronghawk: doesn't show hand
*** SUMMARY ***
Total pot $12 | Rake $0.24
Board [Jc Td 4d]
Seat 4: stronghawk (button) (small blind) collected ($11.76)
Seat 6: Dok2920 (big blind) folded on the Flop


