PokerStars Hand #170154607198:  Hold'em Limit ($3/$6 USD) - 2017/05/08 20:16:00 ET
Table 'Roberbauxa' 6-max Seat #2 is the button
Seat 2: B_loJkl ($150 in chips)
Seat 4: Brama Br ($120 in chips)
B_loJkl: posts small blind $1
Brama Br: posts big blind $3
*** HOLE CARDS ***
B_loJkl: raises $3 to $6
Brama Br: calls $3
*** FLOP *** [Js Jc 4c]
Brama Br: checks
B_loJkl: bets $3
Brama Br: calls $3
*** TURN *** [Js Jc 4c] [7h]
Brama Br: checks
B_loJkl: checks
*** RIVER *** [Js Jc 4c 7h] [Kc]
Brama Br: bets $6
B_loJkl: folds
Uncalled bet ($6) returned to Brama Br
Brama Br collected $17.64 from pot
Brama Br: doesn't show hand
*** SUMMARY ***
Total pot $18 | Rake $0.36
Board [Js Jc 4c 7h Kc]
Seat 2: B_loJkl (button) (small blind) folded on the River
Seat 4: Brama Br (big blind) collected ($17.64)


PokerStars Hand #170158526789:  Hold'em Limit ($3/$6 USD) - 2017/05/08 22:48:49 ET
Table 'Roberbauxa' 6-max Seat #6 is the button
Seat 5: RSA53 ($85.28 in chips)
Seat 6: B_loJkl ($149.50 in chips)
B_loJkl: posts small blind $1
RSA53: posts big blind $3
*** HOLE CARDS ***
B_loJkl: raises $3 to $6
RSA53: folds
Uncalled bet ($3) returned to B_loJkl
B_loJkl collected $6 from pot
B_loJkl: doesn't show hand
*** SUMMARY ***
Total pot $6 | Rake $0
Seat 5: RSA53 (big blind) folded before Flop
Seat 6: B_loJkl (button) (small blind) collected ($6)


PokerStars Hand #170158515435:  Hold'em Limit ($3/$6 USD) - 2017/05/08 22:48:15 ET
Table 'Roberbauxa' 6-max Seat #5 is the button
Seat 5: RSA53 ($64.78 in chips)
Seat 6: B_loJkl ($170.50 in chips)
RSA53: posts small blind $1
B_loJkl: posts big blind $3
*** HOLE CARDS ***
RSA53: raises $3 to $6
B_loJkl: calls $3
*** FLOP *** [Tc Ad 2c]
B_loJkl: checks
RSA53: bets $3
B_loJkl: calls $3
*** TURN *** [Tc Ad 2c] [4s]
B_loJkl: checks
RSA53: bets $6
B_loJkl: calls $6
*** RIVER *** [Tc Ad 2c 4s] [Qh]
B_loJkl: checks
RSA53: bets $6
B_loJkl: calls $6
*** SHOW DOWN ***
RSA53: shows [Jc Th] (a pair of Tens)
B_loJkl: mucks hand
RSA53 collected $41.50 from pot
*** SUMMARY ***
Total pot $42 | Rake $0.50
Board [Tc Ad 2c 4s Qh]
Seat 5: RSA53 (button) (small blind) showed [Jc Th] and won ($41.50) with a pair of Tens
Seat 6: B_loJkl (big blind) mucked


PokerStars Hand #170158509100:  Hold'em Limit ($3/$6 USD) - 2017/05/08 22:47:56 ET
Table 'Roberbauxa' 6-max Seat #6 is the button
Seat 5: RSA53 ($88.78 in chips)
Seat 6: B_loJkl ($147 in chips)
B_loJkl: posts small blind $1
TbIP-TbIP 88: is sitting out
RSA53: posts big blind $3
*** HOLE CARDS ***
B_loJkl: raises $3 to $6
RSA53: calls $3
*** FLOP *** [2c 4h 2s]
RSA53: checks
B_loJkl: bets $3
RSA53: raises $3 to $6
B_loJkl: calls $3
*** TURN *** [2c 4h 2s] [9d]
RSA53: bets $6
B_loJkl: calls $6
*** RIVER *** [2c 4h 2s 9d] [6s]
RSA53: bets $6
B_loJkl: calls $6
*** SHOW DOWN ***
RSA53: shows [Ad 5s] (a pair of Deuces)
B_loJkl: shows [Qc As] (a pair of Deuces - Ace+Queen kicker)
B_loJkl collected $47.50 from pot
*** SUMMARY ***
Total pot $48 | Rake $0.50
Board [2c 4h 2s 9d 6s]
Seat 5: RSA53 (big blind) showed [Ad 5s] and lost with a pair of Deuces
Seat 6: B_loJkl (button) (small blind) showed [Qc As] and won ($47.50) with a pair of Deuces


PokerStars Hand #170158551213:  Hold'em Limit ($3/$6 USD) - 2017/05/08 22:50:01 ET
Table 'Roberbauxa' 6-max Seat #5 is the button
Seat 5: RSA53 ($104.44 in chips)
Seat 6: B_loJkl ($129.50 in chips)
RSA53: posts small blind $1
B_loJkl: posts big blind $3
*** HOLE CARDS ***
RSA53: folds
Uncalled bet ($2) returned to B_loJkl
B_loJkl collected $2 from pot
B_loJkl: doesn't show hand
*** SUMMARY ***
Total pot $2 | Rake $0
Seat 5: RSA53 (button) (small blind) folded before Flop
Seat 6: B_loJkl (big blind) collected ($2)


PokerStars Hand #170158549096:  Hold'em Limit ($3/$6 USD) - 2017/05/08 22:49:55 ET
Table 'Roberbauxa' 6-max Seat #6 is the button
Seat 5: RSA53 ($103.44 in chips)
Seat 6: B_loJkl ($130.50 in chips)
B_loJkl: posts small blind $1
RSA53: posts big blind $3
*** HOLE CARDS ***
B_loJkl: folds
Uncalled bet ($2) returned to RSA53
RSA53 collected $2 from pot
*** SUMMARY ***
Total pot $2 | Rake $0
Seat 5: RSA53 (big blind) collected ($2)
Seat 6: B_loJkl (button) (small blind) folded before Flop


PokerStars Hand #170158539034:  Hold'em Limit ($3/$6 USD) - 2017/05/08 22:49:25 ET
Table 'Roberbauxa' 6-max Seat #5 is the button
Seat 5: RSA53 ($91.92 in chips)
Seat 6: B_loJkl ($142.50 in chips)
RSA53: posts small blind $1
B_loJkl: posts big blind $3
*** HOLE CARDS ***
RSA53: calls $2
B_loJkl: raises $3 to $6
RSA53: calls $3
*** FLOP *** [2d 2s 4h]
B_loJkl: bets $3
RSA53: raises $3 to $6
B_loJkl: calls $3
*** TURN *** [2d 2s 4h] [8s]
B_loJkl: checks
RSA53: bets $6
B_loJkl: folds
Uncalled bet ($6) returned to RSA53
RSA53 collected $23.52 from pot
*** SUMMARY ***
Total pot $24 | Rake $0.48
Board [2d 2s 4h 8s]
Seat 5: RSA53 (button) (small blind) collected ($23.52)
Seat 6: B_loJkl (big blind) folded on the Turn


PokerStars Hand #170158537191:  Hold'em Limit ($3/$6 USD) - 2017/05/08 22:49:19 ET
Table 'Roberbauxa' 6-max Seat #6 is the button
Seat 5: RSA53 ($90.92 in chips)
Seat 6: B_loJkl ($143.50 in chips)
B_loJkl: posts small blind $1
RSA53: posts big blind $3
*** HOLE CARDS ***
B_loJkl: folds
Uncalled bet ($2) returned to RSA53
RSA53 collected $2 from pot
*** SUMMARY ***
Total pot $2 | Rake $0
Seat 5: RSA53 (big blind) collected ($2)
Seat 6: B_loJkl (button) (small blind) folded before Flop


PokerStars Hand #170158528772:  Hold'em Limit ($3/$6 USD) - 2017/05/08 22:48:54 ET
Table 'Roberbauxa' 6-max Seat #5 is the button
Seat 5: RSA53 ($82.28 in chips)
Seat 6: B_loJkl ($152.50 in chips)
RSA53: posts small blind $1
B_loJkl: posts big blind $3
*** HOLE CARDS ***
RSA53: raises $3 to $6
B_loJkl: calls $3
*** FLOP *** [Kd 8d 6h]
B_loJkl: checks
RSA53: bets $3
B_loJkl: calls $3
*** TURN *** [Kd 8d 6h] [5d]
B_loJkl: checks
RSA53: bets $6
B_loJkl: folds
Uncalled bet ($6) returned to RSA53
RSA53 collected $17.64 from pot
*** SUMMARY ***
Total pot $18 | Rake $0.36
Board [Kd 8d 6h 5d]
Seat 5: RSA53 (button) (small blind) collected ($17.64)
Seat 6: B_loJkl (big blind) folded on the Turn


PokerStars Hand #170158561681:  Hold'em Limit ($3/$6 USD) - 2017/05/08 22:50:33 ET
Table 'Roberbauxa' 6-max Seat #5 is the button
Seat 5: RSA53 ($120.94 in chips)
Seat 6: B_loJkl ($112.50 in chips)
RSA53: posts small blind $1
B_loJkl: posts big blind $3
*** HOLE CARDS ***
RSA53: raises $3 to $6
B_loJkl: calls $3
*** FLOP *** [7d 7h 7c]
B_loJkl: checks
RSA53: bets $3
B_loJkl: calls $3
*** TURN *** [7d 7h 7c] [4h]
B_loJkl: checks
RSA53: bets $6
B_loJkl: calls $6
*** RIVER *** [7d 7h 7c 4h] [Th]
B_loJkl: checks
RSA53: bets $6
B_loJkl: calls $6
*** SHOW DOWN ***
RSA53: shows [9h 9d] (a full house, Sevens full of Nines)
B_loJkl: mucks hand
RSA53 collected $41.50 from pot
*** SUMMARY ***
Total pot $42 | Rake $0.50
Board [7d 7h 7c 4h Th]
Seat 5: RSA53 (button) (small blind) showed [9h 9d] and won ($41.50) with a full house, Sevens full of Nines
Seat 6: B_loJkl (big blind) mucked


PokerStars Hand #170158552846:  Hold'em Limit ($3/$6 USD) - 2017/05/08 22:50:06 ET
Table 'Roberbauxa' 6-max Seat #6 is the button
Seat 5: RSA53 ($103.44 in chips)
Seat 6: B_loJkl ($130.50 in chips)
B_loJkl: posts small blind $1
RSA53: posts big blind $3
*** HOLE CARDS ***
B_loJkl: raises $3 to $6
RSA53: calls $3
*** FLOP *** [2h 6d Jh]
RSA53: checks
B_loJkl: bets $3
RSA53: raises $3 to $6
B_loJkl: calls $3
*** TURN *** [2h 6d Jh] [8s]
RSA53: bets $6
B_loJkl: calls $6
*** RIVER *** [2h 6d Jh 8s] [As]
RSA53: checks
B_loJkl: checks
*** SHOW DOWN ***
RSA53: shows [2c Ad] (two pair, Aces and Deuces)
B_loJkl: mucks hand
RSA53 collected $35.50 from pot
*** SUMMARY ***
Total pot $36 | Rake $0.50
Board [2h 6d Jh 8s As]
Seat 5: RSA53 (big blind) showed [2c Ad] and won ($35.50) with two pair, Aces and Deuces
Seat 6: B_loJkl (button) (small blind) mucked


