PokerStars Hand #152096322677:  Hold'em Limit ($3/$6 USD) - 2016/04/18 11:01:06 ET
Table 'Robeson II' 10-max Seat #4 is the button
Seat 4: tranduc ($30 in chips)
Seat 6: Great_Kang ($120 in chips)
GoliafUa: is sitting out
tranduc: posts small blind $1
Great_Kang: posts big blind $3
*** HOLE CARDS ***
tranduc: calls $2
Great_Kang: checks
*** FLOP *** [4h 3s Qs]
Great_Kang: checks
tranduc: bets $3
Great_Kang: raises $3 to $6
tranduc: raises $3 to $9
Great_Kang: calls $3
*** TURN *** [4h 3s Qs] [8c]
Great_Kang: checks
tranduc: bets $6
Great_Kang: calls $6
*** RIVER *** [4h 3s Qs 8c] [2c]
Great_Kang: checks
tranduc: bets $6
Great_Kang: calls $6
*** SHOW DOWN ***
tranduc: shows [2s 5s] (a pair of Deuces)
Great_Kang: shows [4c 6h] (a pair of Fours)
Great_Kang collected $47.50 from pot
*** SUMMARY ***
Total pot $48 | Rake $0.50
Board [4h 3s Qs 8c 2c]
Seat 4: tranduc (button) (small blind) showed [2s 5s] and lost with a pair of Deuces
Seat 6: Great_Kang (big blind) showed [4c 6h] and won ($47.50) with a pair of Fours


PokerStars Hand #152096343447:  Hold'em Limit ($3/$6 USD) - 2016/04/18 11:01:40 ET
Table 'Robeson II' 10-max Seat #6 is the button
Seat 4: tranduc ($6 in chips)
Seat 6: Great_Kang ($143.50 in chips)
Great_Kang: posts small blind $1
tranduc: posts big blind $3
*** HOLE CARDS ***
Great_Kang: folds
Uncalled bet ($2) returned to tranduc
tranduc collected $2 from pot
tranduc: doesn't show hand
*** SUMMARY ***
Total pot $2 | Rake $0
Seat 4: tranduc (big blind) collected ($2)
Seat 6: Great_Kang (button) (small blind) folded before Flop


PokerStars Hand #152096348387:  Hold'em Limit ($3/$6 USD) - 2016/04/18 11:01:48 ET
Table 'Robeson II' 10-max Seat #4 is the button
Seat 4: tranduc ($7 in chips)
Seat 6: Great_Kang ($142.50 in chips)
tranduc: posts small blind $1
Great_Kang: posts big blind $3
*** HOLE CARDS ***
tranduc: raises $3 to $6
Great_Kang: raises $3 to $9
tranduc: calls $1 and is all-in
Uncalled bet ($2) returned to Great_Kang
*** FLOP *** [Ah 3s 2d]
*** TURN *** [Ah 3s 2d] [5h]
*** RIVER *** [Ah 3s 2d 5h] [Kd]
*** SHOW DOWN ***
Great_Kang: shows [7c 7s] (a pair of Sevens)
tranduc: shows [5c Kh] (two pair, Kings and Fives)
tranduc collected $13.72 from pot
*** SUMMARY ***
Total pot $14 | Rake $0.28
Board [Ah 3s 2d 5h Kd]
Seat 4: tranduc (button) (small blind) showed [5c Kh] and won ($13.72) with two pair, Kings and Fives
Seat 6: Great_Kang (big blind) showed [7c 7s] and lost with a pair of Sevens


PokerStars Hand #152096357517:  Hold'em Limit ($3/$6 USD) - 2016/04/18 11:02:01 ET
Table 'Robeson II' 10-max Seat #6 is the button
Seat 4: tranduc ($13.72 in chips)
Seat 6: Great_Kang ($135.50 in chips)
Great_Kang: posts small blind $1
tranduc: posts big blind $3
*** HOLE CARDS ***
Great_Kang: folds
Uncalled bet ($2) returned to tranduc
tranduc collected $2 from pot
tranduc: doesn't show hand
*** SUMMARY ***
Total pot $2 | Rake $0
Seat 4: tranduc (big blind) collected ($2)
Seat 6: Great_Kang (button) (small blind) folded before Flop


PokerStars Hand #152096361868:  Hold'em Limit ($3/$6 USD) - 2016/04/18 11:02:08 ET
Table 'Robeson II' 10-max Seat #4 is the button
Seat 4: tranduc ($14.72 in chips)
Seat 6: Great_Kang ($134.50 in chips)
tranduc: posts small blind $1
Great_Kang: posts big blind $3
*** HOLE CARDS ***
tranduc: raises $3 to $6
Great_Kang: calls $3
*** FLOP *** [8d 5c 3s]
Great_Kang: checks
tranduc: bets $3
Great_Kang: calls $3
*** TURN *** [8d 5c 3s] [As]
Great_Kang: checks
tranduc: bets $5.72 and is all-in
Great_Kang: folds
Uncalled bet ($5.72) returned to tranduc
tranduc collected $17.64 from pot
tranduc: doesn't show hand
*** SUMMARY ***
Total pot $18 | Rake $0.36
Board [8d 5c 3s As]
Seat 4: tranduc (button) (small blind) collected ($17.64)
Seat 6: Great_Kang (big blind) folded on the Turn


PokerStars Hand #152096376502:  Hold'em Limit ($3/$6 USD) - 2016/04/18 11:02:31 ET
Table 'Robeson II' 10-max Seat #6 is the button
Seat 4: tranduc ($23.36 in chips)
Seat 6: Great_Kang ($125.50 in chips)
Great_Kang: posts small blind $1
tranduc: posts big blind $3
*** HOLE CARDS ***
Great_Kang: raises $3 to $6
tranduc: raises $3 to $9
Great_Kang: calls $3
*** FLOP *** [3c 7h Th]
tranduc: bets $3
Great_Kang: calls $3
*** TURN *** [3c 7h Th] [8s]
tranduc: bets $6
Great_Kang: raises $6 to $12
tranduc: calls $5.36 and is all-in
Uncalled bet ($0.64) returned to Great_Kang
*** RIVER *** [3c 7h Th 8s] [Js]
*** SHOW DOWN ***
tranduc: shows [5h Ad] (high card Ace)
Great_Kang: shows [Tc Qh] (a pair of Tens)
Great_Kang collected $46.22 from pot
*** SUMMARY ***
Total pot $46.72 | Rake $0.50
Board [3c 7h Th 8s Js]
Seat 4: tranduc (big blind) showed [5h Ad] and lost with high card Ace
Seat 6: Great_Kang (button) (small blind) showed [Tc Qh] and won ($46.22) with a pair of Tens


PokerStars Hand #152096407936:  Hold'em Limit ($3/$6 USD) - 2016/04/18 11:03:13 ET
Table 'Robeson II' 10-max Seat #4 is the button
Seat 4: tranduc ($120 in chips)
Seat 6: Great_Kang ($148.36 in chips)
tranduc: posts small blind $1
Great_Kang: posts big blind $3
*** HOLE CARDS ***
tranduc: raises $3 to $6
Great_Kang: calls $3
*** FLOP *** [Ks 3c 3s]
Great_Kang: checks
tranduc: checks
*** TURN *** [Ks 3c 3s] [8h]
Great_Kang: checks
tranduc: bets $6
Great_Kang: folds
Uncalled bet ($6) returned to tranduc
tranduc collected $11.76 from pot
tranduc: doesn't show hand
*** SUMMARY ***
Total pot $12 | Rake $0.24
Board [Ks 3c 3s 8h]
Seat 4: tranduc (button) (small blind) collected ($11.76)
Seat 6: Great_Kang (big blind) folded on the Turn


PokerStars Hand #152096421502:  Hold'em Limit ($3/$6 USD) - 2016/04/18 11:03:33 ET
Table 'Robeson II' 10-max Seat #6 is the button
Seat 4: tranduc ($125.76 in chips)
Seat 6: Great_Kang ($142.36 in chips)
Great_Kang: posts small blind $1
tranduc: posts big blind $3
*** HOLE CARDS ***
Great_Kang: raises $3 to $6
tranduc: calls $3
*** FLOP *** [2d 3h 3d]
tranduc: checks
Great_Kang: bets $3
tranduc: raises $3 to $6
Great_Kang: calls $3
*** TURN *** [2d 3h 3d] [8d]
tranduc: bets $6
Great_Kang: raises $6 to $12
tranduc: calls $6
*** RIVER *** [2d 3h 3d 8d] [7c]
tranduc: checks
Great_Kang: bets $6
tranduc: calls $6
*** SHOW DOWN ***
Great_Kang: shows [Td 3s] (three of a kind, Threes)
tranduc: mucks hand
Great_Kang collected $59.50 from pot
*** SUMMARY ***
Total pot $60 | Rake $0.50
Board [2d 3h 3d 8d 7c]
Seat 4: tranduc (big blind) mucked
Seat 6: Great_Kang (button) (small blind) showed [Td 3s] and won ($59.50) with three of a kind, Threes


PokerStars Hand #152096433992:  Hold'em Limit ($3/$6 USD) - 2016/04/18 11:03:52 ET
Table 'Robeson II' 10-max Seat #4 is the button
Seat 4: tranduc ($95.76 in chips)
Seat 6: Great_Kang ($171.86 in chips)
tranduc: posts small blind $1
Great_Kang: posts big blind $3
*** HOLE CARDS ***
tranduc: raises $3 to $6
Great_Kang: folds
Uncalled bet ($3) returned to tranduc
tranduc collected $6 from pot
tranduc: doesn't show hand
*** SUMMARY ***
Total pot $6 | Rake $0
Seat 4: tranduc (button) (small blind) collected ($6)
Seat 6: Great_Kang (big blind) folded before Flop


PokerStars Hand #152096438319:  Hold'em Limit ($3/$6 USD) - 2016/04/18 11:03:59 ET
Table 'Robeson II' 10-max Seat #6 is the button
Seat 4: tranduc ($98.76 in chips)
Seat 6: Great_Kang ($168.86 in chips)
Great_Kang: posts small blind $1
tranduc: posts big blind $3
*** HOLE CARDS ***
Great_Kang: raises $3 to $6
tranduc: calls $3
*** FLOP *** [7d Tc Ah]
tranduc: checks
Great_Kang: bets $3
tranduc: raises $3 to $6
Great_Kang: calls $3
*** TURN *** [7d Tc Ah] [4c]
tranduc: bets $6
Great_Kang: calls $6
*** RIVER *** [7d Tc Ah 4c] [Th]
tranduc: bets $6
Great_Kang: raises $6 to $12
tranduc: calls $6
*** SHOW DOWN ***
Great_Kang: shows [2d Ts] (three of a kind, Tens)
tranduc: mucks hand
Great_Kang collected $59.50 from pot
*** SUMMARY ***
Total pot $60 | Rake $0.50
Board [7d Tc Ah 4c Th]
Seat 4: tranduc (big blind) mucked
Seat 6: Great_Kang (button) (small blind) showed [2d Ts] and won ($59.50) with three of a kind, Tens


PokerStars Hand #152096459622:  Hold'em Limit ($3/$6 USD) - 2016/04/18 11:04:31 ET
Table 'Robeson II' 10-max Seat #4 is the button
Seat 4: tranduc ($68.76 in chips)
Seat 6: Great_Kang ($198.36 in chips)
tranduc: posts small blind $1
Great_Kang: posts big blind $3
*** HOLE CARDS ***
tranduc: raises $3 to $6
Great_Kang: calls $3
*** FLOP *** [9h Qs 5d]
Great_Kang: checks
tranduc: bets $3
Great_Kang: calls $3
*** TURN *** [9h Qs 5d] [Qd]
Great_Kang: checks
tranduc: bets $6
Great_Kang: calls $6
*** RIVER *** [9h Qs 5d Qd] [7s]
Great_Kang: checks
tranduc: checks
*** SHOW DOWN ***
Great_Kang: shows [5s Tc] (two pair, Queens and Fives)
tranduc: mucks hand
Great_Kang collected $29.50 from pot
*** SUMMARY ***
Total pot $30 | Rake $0.50
Board [9h Qs 5d Qd 7s]
Seat 4: tranduc (button) (small blind) mucked
Seat 6: Great_Kang (big blind) showed [5s Tc] and won ($29.50) with two pair, Queens and Fives


