PokerStars Hand #160421465152:  Hold'em Limit ($3/$6 USD) - 2016/10/25 12:13:32 ET
Table 'Roberta' 6-max Seat #2 is the button
Seat 2: xcgxcg2005 ($105 in chips)
Seat 3: Azrarn ($134.50 in chips)
xcgxcg2005: posts small blind $1
Azrarn: posts big blind $3
*** HOLE CARDS ***
xcgxcg2005: folds
Uncalled bet ($2) returned to Azrarn
Azrarn collected $2 from pot
*** SUMMARY ***
Total pot $2 | Rake $0
Seat 2: xcgxcg2005 (button) (small blind) folded before Flop
Seat 3: Azrarn (big blind) collected ($2)


PokerStars Hand #160421452909:  Hold'em Limit ($3/$6 USD) - 2016/10/25 12:13:15 ET
Table 'Roberta' 6-max Seat #3 is the button
Seat 2: xcgxcg2005 ($123 in chips)
Seat 3: Azrarn ($117 in chips)
Azrarn: posts small blind $1
xcgxcg2005: posts big blind $3
*** HOLE CARDS ***
Azrarn: raises $3 to $6
xcgxcg2005: calls $3
*** FLOP *** [5s 3s Qd]
xcgxcg2005: checks
Azrarn: checks
*** TURN *** [5s 3s Qd] [8c]
xcgxcg2005: checks
Azrarn: bets $6
xcgxcg2005: calls $6
*** RIVER *** [5s 3s Qd 8c] [Tc]
xcgxcg2005: checks
Azrarn: bets $6
xcgxcg2005: calls $6
*** SHOW DOWN ***
Azrarn: shows [5h 2h] (a pair of Fives)
xcgxcg2005: mucks hand
Azrarn collected $35.50 from pot
*** SUMMARY ***
Total pot $36 | Rake $0.50
Board [5s 3s Qd 8c Tc]
Seat 2: xcgxcg2005 (big blind) mucked
Seat 3: Azrarn (button) (small blind) showed [5h 2h] and won ($35.50) with a pair of Fives


PokerStars Hand #160421473705:  Hold'em Limit ($3/$6 USD) - 2016/10/25 12:13:44 ET
Table 'Roberta' 6-max Seat #2 is the button
Seat 2: xcgxcg2005 ($101 in chips)
Seat 3: Azrarn ($138.50 in chips)
xcgxcg2005: posts small blind $1
Azrarn: posts big blind $3
*** HOLE CARDS ***
xcgxcg2005: folds
Uncalled bet ($2) returned to Azrarn
Azrarn collected $2 from pot
*** SUMMARY ***
Total pot $2 | Rake $0
Seat 2: xcgxcg2005 (button) (small blind) folded before Flop
Seat 3: Azrarn (big blind) collected ($2)


PokerStars Hand #160421468642:  Hold'em Limit ($3/$6 USD) - 2016/10/25 12:13:37 ET
Table 'Roberta' 6-max Seat #3 is the button
Seat 2: xcgxcg2005 ($104 in chips)
Seat 3: Azrarn ($135.50 in chips)
Azrarn: posts small blind $1
xcgxcg2005: posts big blind $3
*** HOLE CARDS ***
Azrarn: raises $3 to $6
xcgxcg2005: folds
Uncalled bet ($3) returned to Azrarn
Azrarn collected $6 from pot
*** SUMMARY ***
Total pot $6 | Rake $0
Seat 2: xcgxcg2005 (big blind) folded before Flop
Seat 3: Azrarn (button) (small blind) collected ($6)


PokerStars Hand #160421485696:  Hold'em Limit ($3/$6 USD) - 2016/10/25 12:14:01 ET
Table 'Roberta' 6-max Seat #2 is the button
Seat 2: xcgxcg2005 ($101 in chips)
Seat 3: Azrarn ($138.50 in chips)
xcgxcg2005: posts small blind $1
Azrarn: posts big blind $3
*** HOLE CARDS ***
xcgxcg2005: folds
Uncalled bet ($2) returned to Azrarn
Azrarn collected $2 from pot
*** SUMMARY ***
Total pot $2 | Rake $0
Seat 2: xcgxcg2005 (button) (small blind) folded before Flop
Seat 3: Azrarn (big blind) collected ($2)


PokerStars Hand #160421489356:  Hold'em Limit ($3/$6 USD) - 2016/10/25 12:14:06 ET
Table 'Roberta' 6-max Seat #3 is the button
Seat 2: xcgxcg2005 ($100 in chips)
Seat 3: Azrarn ($139.50 in chips)
Azrarn: posts small blind $1
xcgxcg2005: posts big blind $3
*** HOLE CARDS ***
Azrarn: raises $3 to $6
xcgxcg2005: raises $3 to $9
Azrarn: calls $3
*** FLOP *** [8d 5d Ks]
xcgxcg2005: bets $3
Azrarn: calls $3
*** TURN *** [8d 5d Ks] [Td]
xcgxcg2005: checks
Azrarn: bets $6
xcgxcg2005: folds
Uncalled bet ($6) returned to Azrarn
Azrarn collected $23.52 from pot
*** SUMMARY ***
Total pot $24 | Rake $0.48
Board [8d 5d Ks Td]
Seat 2: xcgxcg2005 (big blind) folded on the Turn
Seat 3: Azrarn (button) (small blind) collected ($23.52)


PokerStars Hand #160421501323:  Hold'em Limit ($3/$6 USD) - 2016/10/25 12:14:23 ET
Table 'Roberta' 6-max Seat #2 is the button
Seat 2: xcgxcg2005 ($88 in chips)
Seat 3: Azrarn ($151.02 in chips)
xcgxcg2005: posts small blind $1
Azrarn: posts big blind $3
*** HOLE CARDS ***
xcgxcg2005: raises $3 to $6
Michi85757 joins the table at seat #5
Azrarn: folds
Uncalled bet ($3) returned to xcgxcg2005
xcgxcg2005 collected $6 from pot
xcgxcg2005: doesn't show hand
*** SUMMARY ***
Total pot $6 | Rake $0
Seat 2: xcgxcg2005 (button) (small blind) collected ($6)
Seat 3: Azrarn (big blind) folded before Flop


PokerStars Hand #160421477119:  Hold'em Limit ($3/$6 USD) - 2016/10/25 12:13:49 ET
Table 'Roberta' 6-max Seat #3 is the button
Seat 2: xcgxcg2005 ($100 in chips)
Seat 3: Azrarn ($139.50 in chips)
Azrarn: posts small blind $1
xcgxcg2005: posts big blind $3
*** HOLE CARDS ***
Azrarn: folds
Uncalled bet ($2) returned to xcgxcg2005
xcgxcg2005 collected $2 from pot
xcgxcg2005: doesn't show hand
*** SUMMARY ***
Total pot $2 | Rake $0
Seat 2: xcgxcg2005 (big blind) collected ($2)
Seat 3: Azrarn (button) (small blind) folded before Flop


PokerStars Hand #160423479854:  Hold'em Limit ($3/$6 USD) - 2016/10/25 12:58:54 ET
Table 'Roberta' 6-max Seat #2 is the button
Seat 2: AzureCaper ($166.10 in chips)
Seat 6: xcgxcg2005 ($174.83 in chips)
AzureCaper: posts small blind $1
vestimokrec: is sitting out
xcgxcg2005: posts big blind $3
*** HOLE CARDS ***
AzureCaper: raises $3 to $6
xcgxcg2005: folds
Uncalled bet ($3) returned to AzureCaper
AzureCaper collected $6 from pot
*** SUMMARY ***
Total pot $6 | Rake $0
Seat 2: AzureCaper (button) (small blind) collected ($6)
Seat 6: xcgxcg2005 (big blind) folded before Flop


