PokerStars Hand #170151743452:  Hold'em Limit ($3/$6 USD) - 2017/05/08 18:55:00 ET
Table 'Roberbauxa' 6-max Seat #6 is the button
Seat 5: sismos404 ($124.90 in chips)
Seat 6: ToDaFelt ($106.46 in chips)
ToDaFelt: posts small blind $1
Zubasa07: is sitting out
sismos404: posts big blind $3
*** HOLE CARDS ***
Zubasa07 leaves the table
ToDaFelt: raises $3 to $6
sismos404: calls $3
*** FLOP *** [Js 9s Jh]
sismos404: checks
ToDaFelt: bets $3
sismos404: folds
Uncalled bet ($3) returned to ToDaFelt
ToDaFelt collected $11.76 from pot
ToDaFelt: doesn't show hand
*** SUMMARY ***
Total pot $12 | Rake $0.24
Board [Js 9s Jh]
Seat 5: sismos404 (big blind) folded on the Flop
Seat 6: ToDaFelt (button) (small blind) collected ($11.76)


PokerStars Hand #170151774586:  Hold'em Limit ($3/$6 USD) - 2017/05/08 18:55:53 ET
Table 'Roberbauxa' 6-max Seat #5 is the button
Seat 5: sismos404 ($139.40 in chips)
Seat 6: ToDaFelt ($90.98 in chips)
sismos404: posts small blind $1
ToDaFelt: posts big blind $3
*** HOLE CARDS ***
Kasperla joins the table at seat #1
sismos404: folds
Uncalled bet ($2) returned to ToDaFelt
ToDaFelt collected $2 from pot
ToDaFelt: doesn't show hand
*** SUMMARY ***
Total pot $2 | Rake $0
Seat 5: sismos404 (button) (small blind) folded before Flop
Seat 6: ToDaFelt (big blind) collected ($2)


PokerStars Hand #170151766440:  Hold'em Limit ($3/$6 USD) - 2017/05/08 18:55:38 ET
Table 'Roberbauxa' 6-max Seat #6 is the button
Seat 5: sismos404 ($145.40 in chips)
Seat 6: ToDaFelt ($85.22 in chips)
ToDaFelt: posts small blind $1
sismos404: posts big blind $3
*** HOLE CARDS ***
ToDaFelt: raises $3 to $6
sismos404: calls $3
*** FLOP *** [Tc 8h 3s]
sismos404: checks
ToDaFelt: bets $3
sismos404: folds
Uncalled bet ($3) returned to ToDaFelt
ToDaFelt collected $11.76 from pot
ToDaFelt: doesn't show hand
*** SUMMARY ***
Total pot $12 | Rake $0.24
Board [Tc 8h 3s]
Seat 5: sismos404 (big blind) folded on the Flop
Seat 6: ToDaFelt (button) (small blind) collected ($11.76)


PokerStars Hand #170151754574:  Hold'em Limit ($3/$6 USD) - 2017/05/08 18:55:16 ET
Table 'Roberbauxa' 6-max Seat #5 is the button
Seat 5: sismos404 ($118.90 in chips)
Seat 6: ToDaFelt ($112.22 in chips)
sismos404: posts small blind $1
ToDaFelt: posts big blind $3
*** HOLE CARDS ***
sismos404: raises $3 to $6
ToDaFelt: calls $3
*** FLOP *** [6d 7h 2c]
ToDaFelt: checks
sismos404: bets $3
ToDaFelt: calls $3
*** TURN *** [6d 7h 2c] [8c]
ToDaFelt: checks
sismos404: bets $6
ToDaFelt: raises $6 to $12
sismos404: calls $6
*** RIVER *** [6d 7h 2c 8c] [8s]
ToDaFelt: bets $6
sismos404: calls $6
*** SHOW DOWN ***
ToDaFelt: shows [Jh 5h] (a pair of Eights)
sismos404: shows [9h 7c] (two pair, Eights and Sevens)
sismos404 collected $53.50 from pot
*** SUMMARY ***
Total pot $54 | Rake $0.50
Board [6d 7h 2c 8c 8s]
Seat 5: sismos404 (button) (small blind) showed [9h 7c] and won ($53.50) with two pair, Eights and Sevens
Seat 6: ToDaFelt (big blind) showed [Jh 5h] and lost with a pair of Eights


