PokerStars Hand #163588646977:  Hold'em Limit ($3/$6 USD) - 2016/12/27 0:14:27 ET
Table 'Roberta' 6-max Seat #3 is the button
Seat 3: ragz2riche5 ($120 in chips)
Seat 4: AzureCaper ($72 in chips)
ragz2riche5: posts small blind $1
AzureCaper: posts big blind $3
*** HOLE CARDS ***
ragz2riche5: folds
Uncalled bet ($2) returned to AzureCaper
AzureCaper collected $2 from pot
AzureCaper: doesn't show hand
*** SUMMARY ***
Total pot $2 | Rake $0
Seat 3: ragz2riche5 (button) (small blind) folded before Flop
Seat 4: AzureCaper (big blind) collected ($2)


PokerStars Hand #163588652226:  Hold'em Limit ($3/$6 USD) - 2016/12/27 0:14:44 ET
Table 'Roberta' 6-max Seat #3 is the button
Seat 3: ragz2riche5 ($120 in chips)
Seat 4: AzureCaper ($72 in chips)
ragz2riche5: posts small blind $1
AzureCaper: posts big blind $3
*** HOLE CARDS ***
ragz2riche5: raises $3 to $6
AzureCaper: calls $3
*** FLOP *** [Jc Qh 9c]
AzureCaper: checks
ragz2riche5: bets $3
AzureCaper: folds
Uncalled bet ($3) returned to ragz2riche5
ragz2riche5 collected $11.76 from pot
ragz2riche5: doesn't show hand
*** SUMMARY ***
Total pot $12 | Rake $0.24
Board [Jc Qh 9c]
Seat 3: ragz2riche5 (button) (small blind) collected ($11.76)
Seat 4: AzureCaper (big blind) folded on the Flop


PokerStars Hand #163588650458:  Hold'em Limit ($3/$6 USD) - 2016/12/27 0:14:38 ET
Table 'Roberta' 6-max Seat #4 is the button
Seat 3: ragz2riche5 ($119 in chips)
Seat 4: AzureCaper ($73 in chips)
AzureCaper: posts small blind $1
ragz2riche5: posts big blind $3
*** HOLE CARDS ***
AzureCaper: folds
Uncalled bet ($2) returned to ragz2riche5
ragz2riche5 collected $2 from pot
ragz2riche5: doesn't show hand
*** SUMMARY ***
Total pot $2 | Rake $0
Seat 3: ragz2riche5 (big blind) collected ($2)
Seat 4: AzureCaper (button) (small blind) folded before Flop


PokerStars Hand #163588664753:  Hold'em Limit ($3/$6 USD) - 2016/12/27 0:15:26 ET
Table 'Roberta' 6-max Seat #3 is the button
Seat 3: ragz2riche5 ($146.26 in chips)
Seat 4: AzureCaper ($72 in chips)
ragz2riche5: posts small blind $1
AzureCaper: posts big blind $3
*** HOLE CARDS ***
ragz2riche5: raises $3 to $6
AzureCaper: calls $3
*** FLOP *** [9c As 8h]
AzureCaper: checks
ragz2riche5: bets $3
AzureCaper: calls $3
*** TURN *** [9c As 8h] [3d]
AzureCaper: checks
ragz2riche5: bets $6
AzureCaper: folds
Uncalled bet ($6) returned to ragz2riche5
ragz2riche5 collected $17.64 from pot
ragz2riche5: doesn't show hand
*** SUMMARY ***
Total pot $18 | Rake $0.36
Board [9c As 8h 3d]
Seat 3: ragz2riche5 (button) (small blind) collected ($17.64)
Seat 4: AzureCaper (big blind) folded on the Turn


PokerStars Hand #163588656002:  Hold'em Limit ($3/$6 USD) - 2016/12/27 0:14:56 ET
Table 'Roberta' 6-max Seat #4 is the button
Seat 3: ragz2riche5 ($125.76 in chips)
Seat 4: AzureCaper ($72 in chips)
AzureCaper: posts small blind $1
ragz2riche5: posts big blind $3
*** HOLE CARDS ***
AzureCaper: raises $3 to $6
ragz2riche5: calls $3
*** FLOP *** [Jd Ac 9c]
ragz2riche5: checks
AzureCaper: bets $3
ragz2riche5: calls $3
*** TURN *** [Jd Ac 9c] [9s]
ragz2riche5: checks
AzureCaper: bets $6
ragz2riche5: calls $6
*** RIVER *** [Jd Ac 9c 9s] [4c]
ragz2riche5: checks
AzureCaper: bets $6
ragz2riche5: calls $6
*** SHOW DOWN ***
AzureCaper: shows [2c 6d] (a pair of Nines)
ragz2riche5: shows [Jc Ad] (two pair, Aces and Jacks)
ragz2riche5 collected $41.50 from pot
*** SUMMARY ***
Total pot $42 | Rake $0.50
Board [Jd Ac 9c 9s 4c]
Seat 3: ragz2riche5 (big blind) showed [Jc Ad] and won ($41.50) with two pair, Aces and Jacks
Seat 4: AzureCaper (button) (small blind) showed [2c 6d] and lost with a pair of Nines


PokerStars Hand #163588685170:  Hold'em Limit ($3/$6 USD) - 2016/12/27 0:16:34 ET
Table 'Roberta' 6-max Seat #4 is the button
Seat 3: ragz2riche5 ($154.54 in chips)
Seat 4: AzureCaper ($72 in chips)
AzureCaper: posts small blind $1
ragz2riche5: posts big blind $3
*** HOLE CARDS ***
AzureCaper: raises $3 to $6
ragz2riche5: folds
Uncalled bet ($3) returned to AzureCaper
AzureCaper collected $6 from pot
AzureCaper: doesn't show hand
*** SUMMARY ***
Total pot $6 | Rake $0
Seat 3: ragz2riche5 (big blind) folded before Flop
Seat 4: AzureCaper (button) (small blind) collected ($6)


PokerStars Hand #163588679450:  Hold'em Limit ($3/$6 USD) - 2016/12/27 0:16:15 ET
Table 'Roberta' 6-max Seat #3 is the button
Seat 3: ragz2riche5 ($145.90 in chips)
Seat 4: AzureCaper ($80.64 in chips)
ragz2riche5: posts small blind $1
AzureCaper: posts big blind $3
*** HOLE CARDS ***
ragz2riche5: raises $3 to $6
AzureCaper: calls $3
*** FLOP *** [As 9c Qd]
AzureCaper: checks
ragz2riche5: bets $3
AzureCaper: calls $3
*** TURN *** [As 9c Qd] [7s]
AzureCaper: checks
ragz2riche5: checks
*** RIVER *** [As 9c Qd 7s] [8s]
AzureCaper: checks
ragz2riche5: bets $6
AzureCaper: folds
Uncalled bet ($6) returned to ragz2riche5
ragz2riche5 collected $17.64 from pot
ragz2riche5: doesn't show hand
*** SUMMARY ***
Total pot $18 | Rake $0.36
Board [As 9c Qd 7s 8s]
Seat 3: ragz2riche5 (button) (small blind) collected ($17.64)
Seat 4: AzureCaper (big blind) folded on the River


PokerStars Hand #163588687154:  Hold'em Limit ($3/$6 USD) - 2016/12/27 0:16:41 ET
Table 'Roberta' 6-max Seat #3 is the button
Seat 3: ragz2riche5 ($151.54 in chips)
Seat 4: AzureCaper ($75 in chips)
ragz2riche5: posts small blind $1
AzureCaper: posts big blind $3
*** HOLE CARDS ***
ragz2riche5: raises $3 to $6
AzureCaper: calls $3
*** FLOP *** [Th 2d 3c]
AzureCaper: checks
ragz2riche5: bets $3
AzureCaper: calls $3
*** TURN *** [Th 2d 3c] [9d]
AzureCaper: checks
ragz2riche5: bets $6
AzureCaper: folds
Uncalled bet ($6) returned to ragz2riche5
ragz2riche5 collected $17.64 from pot
ragz2riche5: doesn't show hand
*** SUMMARY ***
Total pot $18 | Rake $0.36
Board [Th 2d 3c 9d]
Seat 3: ragz2riche5 (button) (small blind) collected ($17.64)
Seat 4: AzureCaper (big blind) folded on the Turn


PokerStars Hand #163588671908:  Hold'em Limit ($3/$6 USD) - 2016/12/27 0:15:50 ET
Table 'Roberta' 6-max Seat #4 is the button
Seat 3: ragz2riche5 ($154.90 in chips)
Seat 4: AzureCaper ($72 in chips)
AzureCaper: posts small blind $1
ragz2riche5: posts big blind $3
*** HOLE CARDS ***
AzureCaper: raises $3 to $6
ragz2riche5: calls $3
*** FLOP *** [Ac 8d Jd]
ragz2riche5: checks
AzureCaper: bets $3
ragz2riche5: calls $3
*** TURN *** [Ac 8d Jd] [Kh]
ragz2riche5: checks
AzureCaper: checks
*** RIVER *** [Ac 8d Jd Kh] [3c]
ragz2riche5: checks
AzureCaper: checks
*** SHOW DOWN ***
ragz2riche5: shows [Th 9c] (high card Ace)
AzureCaper: shows [4s 4h] (a pair of Fours)
AzureCaper collected $17.64 from pot
*** SUMMARY ***
Total pot $18 | Rake $0.36
Board [Ac 8d Jd Kh 3c]
Seat 3: ragz2riche5 (big blind) showed [Th 9c] and lost with high card Ace
Seat 4: AzureCaper (button) (small blind) showed [4s 4h] and won ($17.64) with a pair of Fours


