PokerStars Hand #151289293347:  Hold'em Limit ($3/$6 USD) - 2016/04/01 18:18:39 ET
Table 'Robelmonte' 6-max Seat #4 is the button
Seat 3: beas7m0de ($57 in chips)
Seat 4: AzureCaper ($80.64 in chips)
AzureCaper: posts small blind $1
beas7m0de: posts big blind $3
*** HOLE CARDS ***
AzureCaper: raises $3 to $6
beas7m0de: calls $3
*** FLOP *** [Th Qh 5c]
beas7m0de: checks
AzureCaper: bets $3
beas7m0de: calls $3
*** TURN *** [Th Qh 5c] [3h]
beas7m0de: checks
AzureCaper: checks
*** RIVER *** [Th Qh 5c 3h] [4h]
beas7m0de: bets $6
AzureCaper: folds
Uncalled bet ($6) returned to beas7m0de
beas7m0de collected $17.64 from pot
*** SUMMARY ***
Total pot $18 | Rake $0.36
Board [Th Qh 5c 3h 4h]
Seat 3: beas7m0de (big blind) collected ($17.64)
Seat 4: AzureCaper (button) (small blind) folded on the River


PokerStars Hand #151289273653:  Hold'em Limit ($3/$6 USD) - 2016/04/01 18:18:16 ET
Table 'Robelmonte' 6-max Seat #3 is the button
Seat 3: beas7m0de ($66 in chips)
Seat 4: AzureCaper ($72 in chips)
beas7m0de: posts small blind $1
AzureCaper: posts big blind $3
*** HOLE CARDS ***
beas7m0de: raises $3 to $6
AzureCaper: calls $3
*** FLOP *** [As 9c 2s]
AzureCaper: checks
beas7m0de: bets $3
AzureCaper: raises $3 to $6
beas7m0de: folds
Uncalled bet ($3) returned to AzureCaper
AzureCaper collected $17.64 from pot
AzureCaper: doesn't show hand
*** SUMMARY ***
Total pot $18 | Rake $0.36
Board [As 9c 2s]
Seat 3: beas7m0de (button) (small blind) folded on the Flop
Seat 4: AzureCaper (big blind) collected ($17.64)


PokerStars Hand #151289401002:  Hold'em Limit ($3/$6 USD) - 2016/04/01 18:20:45 ET
Table 'Robelmonte' 6-max Seat #3 is the button
Seat 3: beas7m0de ($53.89 in chips)
Seat 4: AzureCaper ($106.14 in chips)
beas7m0de: posts small blind $1
AzureCaper: posts big blind $3
*** HOLE CARDS ***
beas7m0de: raises $3 to $6
AzureCaper: folds
Uncalled bet ($3) returned to beas7m0de
beas7m0de collected $6 from pot
*** SUMMARY ***
Total pot $6 | Rake $0
Seat 3: beas7m0de (button) (small blind) collected ($6)
Seat 4: AzureCaper (big blind) folded before Flop


PokerStars Hand #151289394609:  Hold'em Limit ($3/$6 USD) - 2016/04/01 18:20:38 ET
Table 'Robelmonte' 6-max Seat #4 is the button
Seat 3: beas7m0de ($52.89 in chips)
Seat 4: AzureCaper ($107.14 in chips)
AzureCaper: posts small blind $1
beas7m0de: posts big blind $3
*** HOLE CARDS ***
AzureCaper: folds
Uncalled bet ($2) returned to beas7m0de
beas7m0de collected $2 from pot
*** SUMMARY ***
Total pot $2 | Rake $0
Seat 3: beas7m0de (big blind) collected ($2)
Seat 4: AzureCaper (button) (small blind) folded before Flop


PokerStars Hand #151289373740:  Hold'em Limit ($3/$6 USD) - 2016/04/01 18:20:13 ET
Table 'Robelmonte' 6-max Seat #3 is the button
Seat 3: beas7m0de ($76.89 in chips)
Seat 4: AzureCaper ($83.64 in chips)
beas7m0de: posts small blind $1
AzureCaper: posts big blind $3
*** HOLE CARDS ***
beas7m0de: raises $3 to $6
AzureCaper: calls $3
*** FLOP *** [3h 9c 4s]
AzureCaper: checks
beas7m0de: bets $3
AzureCaper: raises $3 to $6
beas7m0de: calls $3
*** TURN *** [3h 9c 4s] [4c]
AzureCaper: bets $6
beas7m0de: calls $6
*** RIVER *** [3h 9c 4s 4c] [3d]
AzureCaper: bets $6
beas7m0de: calls $6
*** SHOW DOWN ***
AzureCaper: shows [Td 4d] (a full house, Fours full of Threes)
beas7m0de: mucks hand
AzureCaper collected $47.50 from pot
*** SUMMARY ***
Total pot $48 | Rake $0.50
Board [3h 9c 4s 4c 3d]
Seat 3: beas7m0de (button) (small blind) mucked
Seat 4: AzureCaper (big blind) showed [Td 4d] and won ($47.50) with a full house, Fours full of Threes


PokerStars Hand #151289452577:  Hold'em Limit ($3/$6 USD) - 2016/04/01 18:21:47 ET
Table 'Robelmonte' 6-max Seat #3 is the button
Seat 3: beas7m0de ($32.89 in chips)
Seat 4: AzureCaper ($126.64 in chips)
beas7m0de: posts small blind $1
AzureCaper: posts big blind $3
*** HOLE CARDS ***
beas7m0de: raises $3 to $6
AzureCaper: calls $3
*** FLOP *** [3c 8d 9s]
AzureCaper: checks
beas7m0de: bets $3
AzureCaper: calls $3
*** TURN *** [3c 8d 9s] [Qh]
AzureCaper: checks
beas7m0de: checks
*** RIVER *** [3c 8d 9s Qh] [7c]
AzureCaper: checks
beas7m0de: checks
*** SHOW DOWN ***
AzureCaper: shows [Ac 6s] (high card Ace)
beas7m0de: shows [Ah 6h] (high card Ace)
AzureCaper collected $8.82 from pot
beas7m0de collected $8.82 from pot
*** SUMMARY ***
Total pot $18 | Rake $0.36
Board [3c 8d 9s Qh 7c]
Seat 3: beas7m0de (button) (small blind) showed [Ah 6h] and won ($8.82) with high card Ace
Seat 4: AzureCaper (big blind) showed [Ac 6s] and won ($8.82) with high card Ace


PokerStars Hand #151289448577:  Hold'em Limit ($3/$6 USD) - 2016/04/01 18:21:42 ET
Table 'Robelmonte' 6-max Seat #4 is the button
Seat 3: beas7m0de ($35.89 in chips)
Seat 4: AzureCaper ($123.64 in chips)
AzureCaper: posts small blind $1
beas7m0de: posts big blind $3
*** HOLE CARDS ***
AzureCaper: raises $3 to $6
beas7m0de: folds
Uncalled bet ($3) returned to AzureCaper
AzureCaper collected $6 from pot
AzureCaper: doesn't show hand
*** SUMMARY ***
Total pot $6 | Rake $0
Seat 3: beas7m0de (big blind) folded before Flop
Seat 4: AzureCaper (button) (small blind) collected ($6)


PokerStars Hand #151289441966:  Hold'em Limit ($3/$6 USD) - 2016/04/01 18:21:35 ET
Table 'Robelmonte' 6-max Seat #3 is the button
Seat 3: beas7m0de ($32.89 in chips)
Seat 4: AzureCaper ($126.64 in chips)
beas7m0de: posts small blind $1
AzureCaper: posts big blind $3
*** HOLE CARDS ***
beas7m0de: raises $3 to $6
AzureCaper: folds
Uncalled bet ($3) returned to beas7m0de
beas7m0de collected $6 from pot
*** SUMMARY ***
Total pot $6 | Rake $0
Seat 3: beas7m0de (button) (small blind) collected ($6)
Seat 4: AzureCaper (big blind) folded before Flop


PokerStars Hand #151289411986:  Hold'em Limit ($3/$6 USD) - 2016/04/01 18:20:59 ET
Table 'Robelmonte' 6-max Seat #4 is the button
Seat 3: beas7m0de ($56.89 in chips)
Seat 4: AzureCaper ($103.14 in chips)
AzureCaper: posts small blind $1
beas7m0de: posts big blind $3
*** HOLE CARDS ***
AzureCaper: raises $3 to $6
beas7m0de: raises $3 to $9
AzureCaper: calls $3
*** FLOP *** [7c 2h Ah]
beas7m0de: bets $3
AzureCaper: calls $3
*** TURN *** [7c 2h Ah] [2s]
beas7m0de: bets $6
AzureCaper: calls $6
*** RIVER *** [7c 2h Ah 2s] [8c]
beas7m0de: bets $6
AzureCaper: calls $6
*** SHOW DOWN ***
beas7m0de: shows [Kc Jd] (a pair of Deuces)
AzureCaper: shows [Ad 9s] (two pair, Aces and Deuces)
AzureCaper collected $47.50 from pot
*** SUMMARY ***
Total pot $48 | Rake $0.50
Board [7c 2h Ah 2s 8c]
Seat 3: beas7m0de (big blind) showed [Kc Jd] and lost with a pair of Deuces
Seat 4: AzureCaper (button) (small blind) showed [Ad 9s] and won ($47.50) with two pair, Aces and Deuces


PokerStars Hand #151289310927:  Hold'em Limit ($3/$6 USD) - 2016/04/01 18:18:59 ET
Table 'Robelmonte' 6-max Seat #3 is the button
Seat 3: beas7m0de ($65.64 in chips)
Seat 4: AzureCaper ($72 in chips)
beas7m0de: posts small blind $1
AzureCaper: posts big blind $3
*** HOLE CARDS ***
beas7m0de: raises $3 to $6
AzureCaper: raises $3 to $9
beas7m0de: calls $3
*** FLOP *** [3h 5h 5c]
AzureCaper: bets $3
beas7m0de: calls $3
*** TURN *** [3h 5h 5c] [7c]
AzureCaper: bets $6
beas7m0de: raises $6 to $12
AzureCaper: calls $6
*** RIVER *** [3h 5h 5c 7c] [Ts]
AzureCaper: checks
beas7m0de: bets $6
AzureCaper: folds
Uncalled bet ($6) returned to beas7m0de
beas7m0de collected $47.50 from pot
*** SUMMARY ***
Total pot $48 | Rake $0.50
Board [3h 5h 5c 7c Ts]
Seat 3: beas7m0de (button) (small blind) collected ($47.50)
Seat 4: AzureCaper (big blind) folded on the River


PokerStars Hand #151289334433:  Hold'em Limit ($3/$6 USD) - 2016/04/01 18:19:27 ET
Table 'Robelmonte' 6-max Seat #3 is the button
Seat 3: beas7m0de ($86.14 in chips)
Seat 4: AzureCaper ($75 in chips)
beas7m0de: posts small blind $1
AzureCaper: posts big blind $3
*** HOLE CARDS ***
beas7m0de: raises $3 to $6
AzureCaper: folds
Uncalled bet ($3) returned to beas7m0de
beas7m0de collected $6 from pot
*** SUMMARY ***
Total pot $6 | Rake $0
Seat 3: beas7m0de (button) (small blind) collected ($6)
Seat 4: AzureCaper (big blind) folded before Flop


PokerStars Hand #151289329533:  Hold'em Limit ($3/$6 USD) - 2016/04/01 18:19:21 ET
Table 'Robelmonte' 6-max Seat #4 is the button
Seat 3: beas7m0de ($89.14 in chips)
Seat 4: AzureCaper ($72 in chips)
AzureCaper: posts small blind $1
beas7m0de: posts big blind $3
*** HOLE CARDS ***
AzureCaper: raises $3 to $6
beas7m0de: folds
Uncalled bet ($3) returned to AzureCaper
AzureCaper collected $6 from pot
AzureCaper: doesn't show hand
*** SUMMARY ***
Total pot $6 | Rake $0
Seat 3: beas7m0de (big blind) folded before Flop
Seat 4: AzureCaper (button) (small blind) collected ($6)


PokerStars Hand #151289338742:  Hold'em Limit ($3/$6 USD) - 2016/04/01 18:19:32 ET
Table 'Robelmonte' 6-max Seat #4 is the button
Seat 3: beas7m0de ($89.14 in chips)
Seat 4: AzureCaper ($72 in chips)
AzureCaper: posts small blind $1
beas7m0de: posts big blind $3
*** HOLE CARDS ***
AzureCaper: raises $3 to $6
beas7m0de: calls $3
*** FLOP *** [Jh Ad Tc]
beas7m0de: checks
AzureCaper: bets $3
beas7m0de: calls $3
*** TURN *** [Jh Ad Tc] [Th]
beas7m0de: checks
AzureCaper: checks
*** RIVER *** [Jh Ad Tc Th] [2h]
beas7m0de: bets $6
AzureCaper: calls $6
*** SHOW DOWN ***
beas7m0de: shows [As 5h] (two pair, Aces and Tens)
AzureCaper: shows [8c Ac] (two pair, Aces and Tens)
beas7m0de collected $14.75 from pot
AzureCaper collected $14.75 from pot
*** SUMMARY ***
Total pot $30 | Rake $0.50
Board [Jh Ad Tc Th 2h]
Seat 3: beas7m0de (big blind) showed [As 5h] and won ($14.75) with two pair, Aces and Tens
Seat 4: AzureCaper (button) (small blind) showed [8c Ac] and won ($14.75) with two pair, Aces and Tens


PokerStars Hand #151289359847:  Hold'em Limit ($3/$6 USD) - 2016/04/01 18:19:57 ET
Table 'Robelmonte' 6-max Seat #4 is the button
Seat 3: beas7m0de ($79.89 in chips)
Seat 4: AzureCaper ($80.64 in chips)
AzureCaper: posts small blind $1
beas7m0de: posts big blind $3
*** HOLE CARDS ***
AzureCaper: raises $3 to $6
beas7m0de: folds
Uncalled bet ($3) returned to AzureCaper
AzureCaper collected $6 from pot
AzureCaper: doesn't show hand
*** SUMMARY ***
Total pot $6 | Rake $0
Seat 3: beas7m0de (big blind) folded before Flop
Seat 4: AzureCaper (button) (small blind) collected ($6)


PokerStars Hand #151289352569:  Hold'em Limit ($3/$6 USD) - 2016/04/01 18:19:48 ET
Table 'Robelmonte' 6-max Seat #3 is the button
Seat 3: beas7m0de ($88.89 in chips)
Seat 4: AzureCaper ($72 in chips)
beas7m0de: posts small blind $1
AzureCaper: posts big blind $3
*** HOLE CARDS ***
beas7m0de: raises $3 to $6
AzureCaper: raises $3 to $9
beas7m0de: calls $3
*** FLOP *** [4h 8c 3s]
AzureCaper: bets $3
beas7m0de: folds
Uncalled bet ($3) returned to AzureCaper
AzureCaper collected $17.64 from pot
AzureCaper: doesn't show hand
*** SUMMARY ***
Total pot $18 | Rake $0.36
Board [4h 8c 3s]
Seat 3: beas7m0de (button) (small blind) folded on the Flop
Seat 4: AzureCaper (big blind) collected ($17.64)


PokerStars Hand #151289525460:  Hold'em Limit ($3/$6 USD) - 2016/04/01 18:23:15 ET
Table 'Robelmonte' 6-max Seat #4 is the button
Seat 3: beas7m0de ($66.71 in chips)
Seat 4: AzureCaper ($151.48 in chips)
AzureCaper: posts small blind $1
beas7m0de: posts big blind $3
*** HOLE CARDS ***
AzureCaper: folds
Uncalled bet ($2) returned to beas7m0de
beas7m0de collected $2 from pot
*** SUMMARY ***
Total pot $2 | Rake $0
Seat 3: beas7m0de (big blind) collected ($2)
Seat 4: AzureCaper (button) (small blind) folded before Flop


PokerStars Hand #151289513994:  Hold'em Limit ($3/$6 USD) - 2016/04/01 18:23:01 ET
Table 'Robelmonte' 6-max Seat #3 is the button
Seat 3: beas7m0de ($72.71 in chips)
Seat 4: AzureCaper ($145.72 in chips)
beas7m0de: posts small blind $1
AzureCaper: posts big blind $3
*** HOLE CARDS ***
beas7m0de: raises $3 to $6
AzureCaper: calls $3
*** FLOP *** [9c Jd As]
AzureCaper: checks
beas7m0de: checks
*** TURN *** [9c Jd As] [5d]
AzureCaper: bets $6
beas7m0de: folds
Uncalled bet ($6) returned to AzureCaper
AzureCaper collected $11.76 from pot
AzureCaper: doesn't show hand
*** SUMMARY ***
Total pot $12 | Rake $0.24
Board [9c Jd As 5d]
Seat 3: beas7m0de (button) (small blind) folded on the Turn
Seat 4: AzureCaper (big blind) collected ($11.76)


PokerStars Hand #151289509911:  Hold'em Limit ($3/$6 USD) - 2016/04/01 18:22:56 ET
Table 'Robelmonte' 6-max Seat #4 is the button
Seat 3: beas7m0de ($71.71 in chips)
Seat 4: AzureCaper ($146.72 in chips)
AzureCaper: posts small blind $1
beas7m0de: posts big blind $3
*** HOLE CARDS ***
AzureCaper: folds
Uncalled bet ($2) returned to beas7m0de
beas7m0de collected $2 from pot
*** SUMMARY ***
Total pot $2 | Rake $0
Seat 3: beas7m0de (big blind) collected ($2)
Seat 4: AzureCaper (button) (small blind) folded before Flop


PokerStars Hand #151289486711:  Hold'em Limit ($3/$6 USD) - 2016/04/01 18:22:28 ET
Table 'Robelmonte' 6-max Seat #3 is the button
Seat 3: beas7m0de ($26.71 in chips)
Seat 4: AzureCaper ($132.22 in chips)
beas7m0de: posts small blind $1
AzureCaper: posts big blind $3
*** HOLE CARDS ***
beas7m0de: raises $3 to $6
AzureCaper: calls $3
*** FLOP *** [6s Ac Ts]
AzureCaper: checks
beas7m0de: bets $3
AzureCaper: calls $3
*** TURN *** [6s Ac Ts] [Js]
AzureCaper: checks
beas7m0de: bets $6
AzureCaper: calls $6
*** RIVER *** [6s Ac Ts Js] [Qs]
AzureCaper: bets $6
beas7m0de: folds
Uncalled bet ($6) returned to AzureCaper
AzureCaper collected $29.50 from pot
AzureCaper: doesn't show hand
*** SUMMARY ***
Total pot $30 | Rake $0.50
Board [6s Ac Ts Js Qs]
Seat 3: beas7m0de (button) (small blind) folded on the River
Seat 4: AzureCaper (big blind) collected ($29.50)


PokerStars Hand #151289478839:  Hold'em Limit ($3/$6 USD) - 2016/04/01 18:22:19 ET
Table 'Robelmonte' 6-max Seat #4 is the button
Seat 3: beas7m0de ($32.71 in chips)
Seat 4: AzureCaper ($126.46 in chips)
AzureCaper: posts small blind $1
beas7m0de: posts big blind $3
*** HOLE CARDS ***
AzureCaper: raises $3 to $6
beas7m0de: calls $3
*** FLOP *** [Ah Jd 6d]
beas7m0de: checks
AzureCaper: bets $3
beas7m0de: folds
Uncalled bet ($3) returned to AzureCaper
AzureCaper collected $11.76 from pot
AzureCaper: doesn't show hand
*** SUMMARY ***
Total pot $12 | Rake $0.24
Board [Ah Jd 6d]
Seat 3: beas7m0de (big blind) folded on the Flop
Seat 4: AzureCaper (button) (small blind) collected ($11.76)


PokerStars Hand #151289560281:  Hold'em Limit ($3/$6 USD) - 2016/04/01 18:23:57 ET
Table 'Robelmonte' 6-max Seat #3 is the button
Seat 3: beas7m0de ($57.71 in chips)
Seat 4: AzureCaper ($159.98 in chips)
beas7m0de: posts small blind $1
AzureCaper: posts big blind $3
*** HOLE CARDS ***
beas7m0de: raises $3 to $6
AzureCaper: calls $3
*** FLOP *** [Qd 8d 3d]
AzureCaper: checks
beas7m0de: bets $3
AzureCaper: calls $3
*** TURN *** [Qd 8d 3d] [5c]
AzureCaper: checks
beas7m0de: checks
*** RIVER *** [Qd 8d 3d 5c] [Th]
broilerfmr77 joins the table at seat #2
AzureCaper: checks
beas7m0de: checks
*** SHOW DOWN ***
AzureCaper: shows [Jh 7d] (high card Queen)
beas7m0de: mucks hand
AzureCaper collected $17.64 from pot
*** SUMMARY ***
Total pot $18 | Rake $0.36
Board [Qd 8d 3d 5c Th]
Seat 3: beas7m0de (button) (small blind) mucked
Seat 4: AzureCaper (big blind) showed [Jh 7d] and won ($17.64) with high card Queen


PokerStars Hand #151289556490:  Hold'em Limit ($3/$6 USD) - 2016/04/01 18:23:53 ET
Table 'Robelmonte' 6-max Seat #4 is the button
Seat 3: beas7m0de ($56.71 in chips)
Seat 4: AzureCaper ($160.98 in chips)
AzureCaper: posts small blind $1
beas7m0de: posts big blind $3
*** HOLE CARDS ***
AzureCaper: folds
Uncalled bet ($2) returned to beas7m0de
beas7m0de collected $2 from pot
*** SUMMARY ***
Total pot $2 | Rake $0
Seat 3: beas7m0de (big blind) collected ($2)
Seat 4: AzureCaper (button) (small blind) folded before Flop


PokerStars Hand #151289550319:  Hold'em Limit ($3/$6 USD) - 2016/04/01 18:23:45 ET
Table 'Robelmonte' 6-max Seat #3 is the button
Seat 3: beas7m0de ($53.71 in chips)
Seat 4: AzureCaper ($163.98 in chips)
beas7m0de: posts small blind $1
AzureCaper: posts big blind $3
*** HOLE CARDS ***
beas7m0de: raises $3 to $6
AzureCaper: folds
Uncalled bet ($3) returned to beas7m0de
beas7m0de collected $6 from pot
*** SUMMARY ***
Total pot $6 | Rake $0
Seat 3: beas7m0de (button) (small blind) collected ($6)
Seat 4: AzureCaper (big blind) folded before Flop


PokerStars Hand #151289546459:  Hold'em Limit ($3/$6 USD) - 2016/04/01 18:23:40 ET
Table 'Robelmonte' 6-max Seat #4 is the button
Seat 3: beas7m0de ($52.71 in chips)
Seat 4: AzureCaper ($164.98 in chips)
AzureCaper: posts small blind $1
beas7m0de: posts big blind $3
*** HOLE CARDS ***
AzureCaper: folds
Uncalled bet ($2) returned to beas7m0de
beas7m0de collected $2 from pot
*** SUMMARY ***
Total pot $2 | Rake $0
Seat 3: beas7m0de (big blind) collected ($2)
Seat 4: AzureCaper (button) (small blind) folded before Flop


PokerStars Hand #151289529231:  Hold'em Limit ($3/$6 USD) - 2016/04/01 18:23:20 ET
Table 'Robelmonte' 6-max Seat #3 is the button
Seat 3: beas7m0de ($67.71 in chips)
Seat 4: AzureCaper ($150.48 in chips)
beas7m0de: posts small blind $1
AzureCaper: posts big blind $3
*** HOLE CARDS ***
beas7m0de: raises $3 to $6
AzureCaper: calls $3
*** FLOP *** [7d 4c 2h]
AzureCaper: checks
beas7m0de: bets $3
AzureCaper: calls $3
*** TURN *** [7d 4c 2h] [2c]
AzureCaper: checks
beas7m0de: checks
*** RIVER *** [7d 4c 2h 2c] [4s]
AzureCaper: checks
beas7m0de: bets $6
AzureCaper: calls $6
*** SHOW DOWN ***
beas7m0de: shows [5h Jd] (two pair, Fours and Deuces)
AzureCaper: shows [Qs Kh] (two pair, Fours and Deuces - King kicker)
AzureCaper collected $29.50 from pot
*** SUMMARY ***
Total pot $30 | Rake $0.50
Board [7d 4c 2h 2c 4s]
Seat 3: beas7m0de (button) (small blind) showed [5h Jd] and lost with two pair, Fours and Deuces
Seat 4: AzureCaper (big blind) showed [Qs Kh] and won ($29.50) with two pair, Fours and Deuces


PokerStars Hand #151289764338:  Hold'em Limit ($3/$6 USD) - 2016/04/01 18:28:07 ET
Table 'Robelmonte' 6-max Seat #2 is the button
Seat 2: broilerfmr77 ($106.96 in chips)
Seat 4: AzureCaper ($178.94 in chips)
broilerfmr77: posts small blind $1
AzureCaper: posts big blind $3
*** HOLE CARDS ***
broilerfmr77: folds
Uncalled bet ($2) returned to AzureCaper
AzureCaper collected $2 from pot
AzureCaper: doesn't show hand
*** SUMMARY ***
Total pot $2 | Rake $0
Seat 2: broilerfmr77 (button) (small blind) folded before Flop
Seat 4: AzureCaper (big blind) collected ($2)


PokerStars Hand #151289788225:  Hold'em Limit ($3/$6 USD) - 2016/04/01 18:28:37 ET
Table 'Robelmonte' 6-max Seat #2 is the button
Seat 2: broilerfmr77 ($99.96 in chips)
Seat 4: AzureCaper ($185.70 in chips)
broilerfmr77: posts small blind $1
AzureCaper: posts big blind $3
*** HOLE CARDS ***
AKANTHOU joins the table at seat #1
broilerfmr77: raises $3 to $6
AzureCaper: folds
Uncalled bet ($3) returned to broilerfmr77
broilerfmr77 collected $6 from pot
*** SUMMARY ***
Total pot $6 | Rake $0
Seat 2: broilerfmr77 (button) (small blind) collected ($6)
Seat 4: AzureCaper (big blind) folded before Flop


PokerStars Hand #151289770744:  Hold'em Limit ($3/$6 USD) - 2016/04/01 18:28:15 ET
Table 'Robelmonte' 6-max Seat #4 is the button
Seat 2: broilerfmr77 ($105.96 in chips)
Seat 4: AzureCaper ($179.94 in chips)
AzureCaper: posts small blind $1
broilerfmr77: posts big blind $3
*** HOLE CARDS ***
AzureCaper: raises $3 to $6
ancasaal joins the table at seat #6
broilerfmr77: calls $3
*** FLOP *** [Ah 9s 3h]
broilerfmr77: checks
AzureCaper: bets $3
broilerfmr77: folds
Uncalled bet ($3) returned to AzureCaper
AzureCaper collected $11.76 from pot
AzureCaper: doesn't show hand
*** SUMMARY ***
Total pot $12 | Rake $0.24
Board [Ah 9s 3h]
Seat 2: broilerfmr77 (big blind) folded on the Flop
Seat 4: AzureCaper (button) (small blind) collected ($11.76)


