PokerStars Hand #160457591144:  Hold'em Limit ($3/$6 USD) - 2016/10/26 7:29:49 ET
Table 'Roberta' 10-max Seat #4 is the button
Seat 4: valera6 ($61.64 in chips)
Seat 7: VolkovDmitri ($176.26 in chips)
valera6: posts small blind $1
VolkovDmitri: posts big blind $3
*** HOLE CARDS ***
valera6: raises $3 to $6
VolkovDmitri: raises $3 to $9
valera6: calls $3
*** FLOP *** [2h Kd Kh]
VolkovDmitri: bets $3
valera6: calls $3
*** TURN *** [2h Kd Kh] [6h]
VolkovDmitri: bets $6
valera6: calls $6
*** RIVER *** [2h Kd Kh 6h] [5d]
VolkovDmitri: bets $6
valera6: calls $6
*** SHOW DOWN ***
VolkovDmitri: shows [9s 9d] (two pair, Kings and Nines)
valera6: mucks hand
VolkovDmitri collected $47.50 from pot
*** SUMMARY ***
Total pot $48 | Rake $0.50
Board [2h Kd Kh 6h 5d]
Seat 4: valera6 (button) (small blind) mucked
Seat 7: VolkovDmitri (big blind) showed [9s 9d] and won ($47.50) with two pair, Kings and Nines


PokerStars Hand #160457617252:  Hold'em Limit ($3/$6 USD) - 2016/10/26 7:30:46 ET
Table 'Roberta' 10-max Seat #7 is the button
Seat 4: valera6 ($26.64 in chips)
Seat 7: VolkovDmitri ($210.28 in chips)
VolkovDmitri: posts small blind $1
valera6: posts big blind $3
*** HOLE CARDS ***
VolkovDmitri: raises $3 to $6
valera6: calls $3
*** FLOP *** [3c 8c 2h]
valera6: checks
VolkovDmitri: bets $3
valera6: raises $3 to $6
VolkovDmitri: folds
Uncalled bet ($3) returned to valera6
valera6 collected $17.64 from pot
*** SUMMARY ***
Total pot $18 | Rake $0.36
Board [3c 8c 2h]
Seat 4: valera6 (big blind) collected ($17.64)
Seat 7: VolkovDmitri (button) (small blind) folded on the Flop


PokerStars Hand #160457606535:  Hold'em Limit ($3/$6 USD) - 2016/10/26 7:30:22 ET
Table 'Roberta' 10-max Seat #4 is the button
Seat 4: valera6 ($38.64 in chips)
Seat 7: VolkovDmitri ($198.76 in chips)
valera6: posts small blind $1
VolkovDmitri: posts big blind $3
*** HOLE CARDS ***
valera6: raises $3 to $6
VolkovDmitri: calls $3
*** FLOP *** [8s 5h Qs]
VolkovDmitri: checks
valera6: bets $3
VolkovDmitri: raises $3 to $6
valera6: calls $3
*** TURN *** [8s 5h Qs] [8h]
VolkovDmitri: bets $6
valera6: folds
Uncalled bet ($6) returned to VolkovDmitri
VolkovDmitri collected $23.52 from pot
VolkovDmitri: doesn't show hand
*** SUMMARY ***
Total pot $24 | Rake $0.48
Board [8s 5h Qs 8h]
Seat 4: valera6 (button) (small blind) folded on the Turn
Seat 7: VolkovDmitri (big blind) collected ($23.52)


PokerStars Hand #160457603958:  Hold'em Limit ($3/$6 USD) - 2016/10/26 7:30:17 ET
Table 'Roberta' 10-max Seat #7 is the button
Seat 4: valera6 ($37.64 in chips)
Seat 7: VolkovDmitri ($199.76 in chips)
VolkovDmitri: posts small blind $1
valera6: posts big blind $3
*** HOLE CARDS ***
VolkovDmitri: folds
Uncalled bet ($2) returned to valera6
valera6 collected $2 from pot
*** SUMMARY ***
Total pot $2 | Rake $0
Seat 4: valera6 (big blind) collected ($2)
Seat 7: VolkovDmitri (button) (small blind) folded before Flop


PokerStars Hand #160457625196:  Hold'em Limit ($3/$6 USD) - 2016/10/26 7:31:04 ET
Table 'Roberta' 10-max Seat #4 is the button
Seat 4: valera6 ($35.28 in chips)
Seat 7: VolkovDmitri ($201.28 in chips)
valera6: posts small blind $1
VolkovDmitri: posts big blind $3
*** HOLE CARDS ***
valera6: raises $3 to $6
VolkovDmitri: raises $3 to $9
valera6: calls $3
*** FLOP *** [9h 3h 4s]
VolkovDmitri: bets $3
valera6: calls $3
*** TURN *** [9h 3h 4s] [Js]
VolkovDmitri: bets $6
valera6: calls $6
*** RIVER *** [9h 3h 4s Js] [5s]
VolkovDmitri: bets $6
valera6: calls $6
*** SHOW DOWN ***
VolkovDmitri: shows [Ac Jc] (a pair of Jacks)
valera6: mucks hand
VolkovDmitri collected $47.50 from pot
*** SUMMARY ***
Total pot $48 | Rake $0.50
Board [9h 3h 4s Js 5s]
Seat 4: valera6 (button) (small blind) mucked
Seat 7: VolkovDmitri (big blind) showed [Ac Jc] and won ($47.50) with a pair of Jacks


PokerStars Hand #160457639503:  Hold'em Limit ($3/$6 USD) - 2016/10/26 7:31:36 ET
Table 'Roberta' 10-max Seat #7 is the button
Seat 4: valera6 ($11.28 in chips)
Seat 7: VolkovDmitri ($224.78 in chips)
VolkovDmitri: posts small blind $1
valera6: posts big blind $3
*** HOLE CARDS ***
VolkovDmitri: raises $3 to $6
valera6: raises $3 to $9
VolkovDmitri: raises $3 to $12
Betting is capped
valera6: calls $2.28 and is all-in
Uncalled bet ($0.72) returned to VolkovDmitri
*** FLOP *** [9c 8d 2d]
*** TURN *** [9c 8d 2d] [Jh]
*** RIVER *** [9c 8d 2d Jh] [Qs]
*** SHOW DOWN ***
valera6: shows [As Ks] (high card Ace)
VolkovDmitri: shows [Qd 8s] (two pair, Queens and Eights)
VolkovDmitri collected $22.11 from pot
*** SUMMARY ***
Total pot $22.56 | Rake $0.45
Board [9c 8d 2d Jh Qs]
Seat 4: valera6 (big blind) showed [As Ks] and lost with high card Ace
Seat 7: VolkovDmitri (button) (small blind) showed [Qd 8s] and won ($22.11) with two pair, Queens and Eights


