PokerStars Hand #174717535247:  Hold'em Limit ($3/$6 USD) - 2017/08/23 20:57:10 ET
Table 'Robelmonte' 6-max Seat #5 is the button
Seat 4: crudear ($89.63 in chips)
Seat 5: belik555 ($762.12 in chips)
belik555: posts small blind $1
ToDaFelt: is sitting out
crudear: posts big blind $3
*** HOLE CARDS ***
belik555: raises $3 to $6
crudear: calls $3
*** FLOP *** [6d 9h 6c]
crudear: checks
belik555: bets $3
ToDaFelt leaves the table
crudear: calls $3
*** TURN *** [6d 9h 6c] [8c]
crudear: checks
belik555: checks
*** RIVER *** [6d 9h 6c 8c] [4d]
harrydonkey leaves the table
crudear: bets $6
belik555: calls $6
*** SHOW DOWN ***
crudear: shows [Jc 9d] (two pair, Nines and Sixes)
belik555: mucks hand
crudear collected $29.50 from pot
*** SUMMARY ***
Total pot $30 | Rake $0.50
Board [6d 9h 6c 8c 4d]
Seat 4: crudear (big blind) showed [Jc 9d] and won ($29.50) with two pair, Nines and Sixes
Seat 5: belik555 (button) (small blind) mucked


PokerStars Hand #174717542666:  Hold'em Limit ($3/$6 USD) - 2017/08/23 20:57:31 ET
Table 'Robelmonte' 6-max Seat #4 is the button
Seat 4: crudear ($104.13 in chips)
Seat 5: belik555 ($747.12 in chips)
crudear: posts small blind $1
belik555: posts big blind $3
*** HOLE CARDS ***
crudear: calls $2
belik555: checks
*** FLOP *** [9d 5c 6s]
belik555: checks
crudear: checks
*** TURN *** [9d 5c 6s] [8c]
belik555: bets $6
manon889 joins the table at seat #3
crudear: folds
Uncalled bet ($6) returned to belik555
belik555 collected $5.88 from pot
belik555: doesn't show hand
*** SUMMARY ***
Total pot $6 | Rake $0.12
Board [9d 5c 6s 8c]
Seat 4: crudear (button) (small blind) folded on the Turn
Seat 5: belik555 (big blind) collected ($5.88)


PokerStars Hand #174717667988:  Hold'em Limit ($3/$6 USD) - 2017/08/23 21:02:43 ET
Table 'Robelmonte' 6-max Seat #4 is the button
Seat 4: crudear ($102.70 in chips)
Seat 5: belik555 ($771.70 in chips)
crudear: posts small blind $1
belik555: posts big blind $3
*** HOLE CARDS ***
crudear: calls $2
belik555: raises $3 to $6
crudear: calls $3
*** FLOP *** [Kc Ah 8c]
belik555: bets $3
crudear: calls $3
*** TURN *** [Kc Ah 8c] [Js]
belik555: checks
crudear: bets $6
belik555: calls $6
*** RIVER *** [Kc Ah 8c Js] [9d]
belik555: checks
crudear: checks
*** SHOW DOWN ***
belik555: shows [8h Qh] (a pair of Eights)
crudear: shows [7d Jc] (a pair of Jacks)
crudear collected $29.50 from pot
*** SUMMARY ***
Total pot $30 | Rake $0.50
Board [Kc Ah 8c Js 9d]
Seat 4: crudear (button) (small blind) showed [7d Jc] and won ($29.50) with a pair of Jacks
Seat 5: belik555 (big blind) showed [8h Qh] and lost with a pair of Eights


PokerStars Hand #174717664876:  Hold'em Limit ($3/$6 USD) - 2017/08/23 21:02:36 ET
Table 'Robelmonte' 6-max Seat #5 is the button
Seat 4: crudear ($105.70 in chips)
Seat 5: belik555 ($768.70 in chips)
manon889 leaves the table
belik555: posts small blind $1
crudear: posts big blind $3
*** HOLE CARDS ***
belik555: raises $3 to $6
crudear: folds
Uncalled bet ($3) returned to belik555
belik555 collected $6 from pot
belik555: doesn't show hand
*** SUMMARY ***
Total pot $6 | Rake $0
Seat 4: crudear (big blind) folded before Flop
Seat 5: belik555 (button) (small blind) collected ($6)


PokerStars Hand #174717650061:  Hold'em Limit ($3/$6 USD) - 2017/08/23 21:02:23 ET
Table 'Robelmonte' 6-max Seat #4 is the button
Seat 4: crudear ($102.82 in chips)
Seat 5: belik555 ($771.70 in chips)
crudear: posts small blind $1
belik555: posts big blind $3
*** HOLE CARDS ***
crudear: calls $2
belik555: checks
*** FLOP *** [2c 4s Kd]
belik555: checks
crudear: bets $3
belik555: folds
Uncalled bet ($3) returned to crudear
crudear collected $5.88 from pot
crudear: doesn't show hand
*** SUMMARY ***
Total pot $6 | Rake $0.12
Board [2c 4s Kd]
Seat 4: crudear (button) (small blind) collected ($5.88)
Seat 5: belik555 (big blind) folded on the Flop


PokerStars Hand #174717642468:  Hold'em Limit ($3/$6 USD) - 2017/08/23 21:02:05 ET
Table 'Robelmonte' 6-max Seat #5 is the button
Seat 4: crudear ($94.18 in chips)
Seat 5: belik555 ($780.70 in chips)
belik555: posts small blind $1
crudear: posts big blind $3
*** HOLE CARDS ***
belik555: raises $3 to $6
crudear: calls $3
*** FLOP *** [As 5h Tc]
crudear: checks
belik555: bets $3
crudear: calls $3
*** TURN *** [As 5h Tc] [9h]
crudear: checks
belik555: checks
*** RIVER *** [As 5h Tc 9h] [Jh]
crudear: bets $6
belik555: folds
Uncalled bet ($6) returned to crudear
crudear collected $17.64 from pot
crudear: doesn't show hand
*** SUMMARY ***
Total pot $18 | Rake $0.36
Board [As 5h Tc 9h Jh]
Seat 4: crudear (big blind) collected ($17.64)
Seat 5: belik555 (button) (small blind) folded on the River


PokerStars Hand #174717692842:  Hold'em Limit ($3/$6 USD) - 2017/08/23 21:03:43 ET
Table 'Robelmonte' 6-max Seat #4 is the button
Seat 4: crudear ($131.70 in chips)
Seat 5: belik555 ($741.70 in chips)
crudear: posts small blind $1
belik555: posts big blind $3
*** HOLE CARDS ***
crudear: folds
Uncalled bet ($2) returned to belik555
belik555 collected $2 from pot
belik555: doesn't show hand
*** SUMMARY ***
Total pot $2 | Rake $0
Seat 4: crudear (button) (small blind) folded before Flop
Seat 5: belik555 (big blind) collected ($2)


PokerStars Hand #174717676180:  Hold'em Limit ($3/$6 USD) - 2017/08/23 21:03:03 ET
Table 'Robelmonte' 6-max Seat #5 is the button
Seat 4: crudear ($117.20 in chips)
Seat 5: belik555 ($756.70 in chips)
belik555: posts small blind $1
crudear: posts big blind $3
*** HOLE CARDS ***
belik555: raises $3 to $6
crudear: calls $3
*** FLOP *** [Td 5h 4h]
crudear: checks
belik555: bets $3
crudear: calls $3
*** TURN *** [Td 5h 4h] [Ks]
crudear: checks
belik555: checks
*** RIVER *** [Td 5h 4h Ks] [Kd]
crudear: checks
NAV1 joins the table at seat #6
belik555: bets $6
crudear: calls $6
*** SHOW DOWN ***
belik555: shows [3h Ad] (a pair of Kings)
crudear: shows [2s 2h] (two pair, Kings and Deuces)
crudear collected $29.50 from pot
*** SUMMARY ***
Total pot $30 | Rake $0.50
Board [Td 5h 4h Ks Kd]
Seat 4: crudear (big blind) showed [2s 2h] and won ($29.50) with two pair, Kings and Deuces
Seat 5: belik555 (button) (small blind) showed [3h Ad] and lost with a pair of Kings


PokerStars Hand #174717751254:  Hold'em Limit ($3/$6 USD) - 2017/08/23 21:06:01 ET
Table 'Robelmonte' 6-max Seat #5 is the button
Seat 5: belik555 ($741.20 in chips)
Seat 6: NAV1 ($118.04 in chips)
belik555: posts small blind $1
NAV1: posts big blind $3
*** HOLE CARDS ***
belik555: raises $3 to $6
ToDaFelt joins the table at seat #1
NAV1: folds
Uncalled bet ($3) returned to belik555
belik555 collected $6 from pot
belik555: doesn't show hand
*** SUMMARY ***
Total pot $6 | Rake $0
Seat 5: belik555 (button) (small blind) collected ($6)
Seat 6: NAV1 (big blind) folded before Flop


PokerStars Hand #174717748750:  Hold'em Limit ($3/$6 USD) - 2017/08/23 21:05:55 ET
Table 'Robelmonte' 6-max Seat #6 is the button
Seat 5: belik555 ($740.20 in chips)
Seat 6: NAV1 ($119.04 in chips)
NAV1: posts small blind $1
belik555: posts big blind $3
*** HOLE CARDS ***
NAV1: folds
Uncalled bet ($2) returned to belik555
belik555 collected $2 from pot
belik555: doesn't show hand
*** SUMMARY ***
Total pot $2 | Rake $0
Seat 5: belik555 (big blind) collected ($2)
Seat 6: NAV1 (button) (small blind) folded before Flop


PokerStars Hand #174717727570:  Hold'em Limit ($3/$6 USD) - 2017/08/23 21:05:05 ET
Table 'Robelmonte' 6-max Seat #6 is the button
Seat 5: belik555 ($731.70 in chips)
Seat 6: NAV1 ($128.28 in chips)
NAV1: posts small blind $1
belik555: posts big blind $3
*** HOLE CARDS ***
NAV1: raises $3 to $6
belik555: calls $3
*** FLOP *** [Th Jh Tc]
belik555: checks
NAV1: bets $3
belik555: calls $3
*** TURN *** [Th Jh Tc] [3s]
belik555: checks
NAV1: checks
*** RIVER *** [Th Jh Tc 3s] [8s]
belik555: bets $6
NAV1: calls $6
*** SHOW DOWN ***
belik555: shows [9h Jd] (two pair, Jacks and Tens)
NAV1: mucks hand
belik555 collected $29.50 from pot
*** SUMMARY ***
Total pot $30 | Rake $0.50
Board [Th Jh Tc 3s 8s]
Seat 5: belik555 (big blind) showed [9h Jd] and won ($29.50) with two pair, Jacks and Tens
Seat 6: NAV1 (button) (small blind) mucked


PokerStars Hand #174717739083:  Hold'em Limit ($3/$6 USD) - 2017/08/23 21:05:32 ET
Table 'Robelmonte' 6-max Seat #5 is the button
Seat 5: belik555 ($746.20 in chips)
Seat 6: NAV1 ($113.28 in chips)
belik555: posts small blind $1
NAV1: posts big blind $3
*** HOLE CARDS ***
belik555: raises $3 to $6
NAV1: calls $3
*** FLOP *** [Jd 5c Ks]
NAV1: bets $3
belik555: folds
Uncalled bet ($3) returned to NAV1
NAV1 collected $11.76 from pot
*** SUMMARY ***
Total pot $12 | Rake $0.24
Board [Jd 5c Ks]
Seat 5: belik555 (button) (small blind) folded on the Flop
Seat 6: NAV1 (big blind) collected ($11.76)


