PokerStars Hand #162740738499:  Hold'em Limit ($3/$6 USD) - 2016/12/10 17:52:39 ET
Table 'Robelmonte' 6-max Seat #3 is the button
Seat 1: LifeisagameX ($89.76 in chips)
Seat 3: PlayForca ($317.55 in chips)
PlayForca: posts small blind $1
LifeisagameX: posts big blind $3
*** HOLE CARDS ***
PlayForca: raises $3 to $6
LifeisagameX: calls $3
*** FLOP *** [Ks 9s 8h]
LifeisagameX: checks
PlayForca: bets $3
LifeisagameX: folds
Uncalled bet ($3) returned to PlayForca
PlayForca collected $11.76 from pot
PlayForca: doesn't show hand
*** SUMMARY ***
Total pot $12 | Rake $0.24
Board [Ks 9s 8h]
Seat 1: LifeisagameX (big blind) folded on the Flop
Seat 3: PlayForca (button) (small blind) collected ($11.76)


PokerStars Hand #162740751131:  Hold'em Limit ($3/$6 USD) - 2016/12/10 17:52:54 ET
Table 'Robelmonte' 6-max Seat #1 is the button
Seat 1: LifeisagameX ($84 in chips)
Seat 3: PlayForca ($323.31 in chips)
LifeisagameX: posts small blind $1
PlayForca: posts big blind $3
*** HOLE CARDS ***
LifeisagameX: raises $3 to $6
PlayForca: calls $3
*** FLOP *** [Js Td Qc]
PlayForca: checks
LifeisagameX: bets $3
PlayForca: calls $3
*** TURN *** [Js Td Qc] [Tc]
PlayForca: checks
LifeisagameX: bets $6
PlayForca: folds
Uncalled bet ($6) returned to LifeisagameX
LifeisagameX collected $17.64 from pot
LifeisagameX: doesn't show hand
*** SUMMARY ***
Total pot $18 | Rake $0.36
Board [Js Td Qc Tc]
Seat 1: LifeisagameX (button) (small blind) collected ($17.64)
Seat 3: PlayForca (big blind) folded on the Turn


PokerStars Hand #162740704185:  Hold'em Limit ($3/$6 USD) - 2016/12/10 17:51:58 ET
Table 'Robelmonte' 6-max Seat #1 is the button
Seat 1: LifeisagameX ($84 in chips)
Seat 3: PlayForca ($323.55 in chips)
LifeisagameX: posts small blind $1
PlayForca: posts big blind $3
*** HOLE CARDS ***
LifeisagameX: raises $3 to $6
PlayForca: calls $3
*** FLOP *** [8c 7d Qs]
PlayForca: checks
LifeisagameX: bets $3
PlayForca: folds
Uncalled bet ($3) returned to LifeisagameX
LifeisagameX collected $11.76 from pot
LifeisagameX: doesn't show hand
*** SUMMARY ***
Total pot $12 | Rake $0.24
Board [8c 7d Qs]
Seat 1: LifeisagameX (button) (small blind) collected ($11.76)
Seat 3: PlayForca (big blind) folded on the Flop


PokerStars Hand #162740771635:  Hold'em Limit ($3/$6 USD) - 2016/12/10 17:53:19 ET
Table 'Robelmonte' 6-max Seat #3 is the button
Seat 1: LifeisagameX ($92.64 in chips)
Seat 3: PlayForca ($314.31 in chips)
PlayForca: posts small blind $1
LifeisagameX: posts big blind $3
*** HOLE CARDS ***
PlayForca: raises $3 to $6
LifeisagameX: calls $3
*** FLOP *** [4d Ad 9s]
LifeisagameX: checks
PlayForca: bets $3
LifeisagameX: calls $3
*** TURN *** [4d Ad 9s] [4h]
LifeisagameX: checks
PlayForca: bets $6
BuzovaPro joins the table at seat #4
LifeisagameX: folds
Uncalled bet ($6) returned to PlayForca
PlayForca collected $17.64 from pot
PlayForca: doesn't show hand
*** SUMMARY ***
Total pot $18 | Rake $0.36
Board [4d Ad 9s 4h]
Seat 1: LifeisagameX (big blind) folded on the Turn
Seat 3: PlayForca (button) (small blind) collected ($17.64)


PokerStars Hand #162740829220:  Hold'em Limit ($3/$6 USD) - 2016/12/10 17:54:28 ET
Table 'Robelmonte' 6-max Seat #1 is the button
Seat 1: LifeisagameX ($84 in chips)
Seat 3: PlayForca ($322.95 in chips)
LifeisagameX: posts small blind $1
PlayForca: posts big blind $3
*** HOLE CARDS ***
MellivoraSto joins the table at seat #5
LifeisagameX: raises $3 to $6
PlayForca: calls $3
*** FLOP *** [9c 8h 9s]
PlayForca: bets $3
LifeisagameX: calls $3
*** TURN *** [9c 8h 9s] [Qc]
PlayForca: checks
LifeisagameX: checks
*** RIVER *** [9c 8h 9s Qc] [8s]
Blikon joins the table at seat #2
PlayForca: bets $6
LifeisagameX: raises $6 to $12
PlayForca: folds
Uncalled bet ($6) returned to LifeisagameX
LifeisagameX collected $29.50 from pot
LifeisagameX: doesn't show hand
*** SUMMARY ***
Total pot $30 | Rake $0.50
Board [9c 8h 9s Qc 8s]
Seat 1: LifeisagameX (button) (small blind) collected ($29.50)
Seat 3: PlayForca (big blind) folded on the River


