PokerStars Hand #156414267301:  Hold'em Limit ($3/$6 USD) - 2016/07/25 3:19:42 ET
Table 'Roehla' 6-max Seat #2 is the button
Seat 2: Ag3r0n ($98.38 in chips)
Seat 6: aceduffy5 ($185.90 in chips)
Ag3r0n: posts small blind $1
aceduffy5: posts big blind $3
*** HOLE CARDS ***
Ag3r0n: folds
Uncalled bet ($2) returned to aceduffy5
aceduffy5 collected $2 from pot
aceduffy5: doesn't show hand
*** SUMMARY ***
Total pot $2 | Rake $0
Seat 2: Ag3r0n (button) (small blind) folded before Flop
Seat 6: aceduffy5 (big blind) collected ($2)


PokerStars Hand #156414266187:  Hold'em Limit ($3/$6 USD) - 2016/07/25 3:19:38 ET
Table 'Roehla' 6-max Seat #6 is the button
Seat 2: Ag3r0n ($97.38 in chips)
Seat 6: aceduffy5 ($186.90 in chips)
aceduffy5: posts small blind $1
Ag3r0n: posts big blind $3
*** HOLE CARDS ***
aceduffy5: folds
Uncalled bet ($2) returned to Ag3r0n
Ag3r0n collected $2 from pot
*** SUMMARY ***
Total pot $2 | Rake $0
Seat 2: Ag3r0n (big blind) collected ($2)
Seat 6: aceduffy5 (button) (small blind) folded before Flop


PokerStars Hand #156414265120:  Hold'em Limit ($3/$6 USD) - 2016/07/25 3:19:33 ET
Table 'Roehla' 6-max Seat #2 is the button
Seat 2: Ag3r0n ($98.38 in chips)
Seat 6: aceduffy5 ($185.90 in chips)
Ag3r0n: posts small blind $1
aceduffy5: posts big blind $3
*** HOLE CARDS ***
Ag3r0n: folds
Uncalled bet ($2) returned to aceduffy5
aceduffy5 collected $2 from pot
aceduffy5: doesn't show hand
*** SUMMARY ***
Total pot $2 | Rake $0
Seat 2: Ag3r0n (button) (small blind) folded before Flop
Seat 6: aceduffy5 (big blind) collected ($2)


PokerStars Hand #156414263922:  Hold'em Limit ($3/$6 USD) - 2016/07/25 3:19:28 ET
Table 'Roehla' 6-max Seat #6 is the button
Seat 2: Ag3r0n ($97.38 in chips)
Seat 6: aceduffy5 ($186.90 in chips)
aceduffy5: posts small blind $1
wobetting: is sitting out
Ag3r0n: posts big blind $3
*** HOLE CARDS ***
aceduffy5: folds
Uncalled bet ($2) returned to Ag3r0n
Ag3r0n collected $2 from pot
*** SUMMARY ***
Total pot $2 | Rake $0
Seat 2: Ag3r0n (big blind) collected ($2)
Seat 6: aceduffy5 (button) (small blind) folded before Flop


