PokerStars Hand #163345866532:  Hold'em Limit ($3/$6 USD) - 2016/12/22 11:53:42 ET
Table 'Roemera' 6-max Seat #2 is the button
Seat 2: Krazy90 ($140.26 in chips)
Seat 3: AA_ILI ($57.11 in chips)
Krazy90: posts small blind $1
AA_ILI: posts big blind $3
*** HOLE CARDS ***
Krazy90: folds
Uncalled bet ($2) returned to AA_ILI
AA_ILI collected $2 from pot
AA_ILI: doesn't show hand
*** SUMMARY ***
Total pot $2 | Rake $0
Seat 2: Krazy90 (button) (small blind) folded before Flop
Seat 3: AA_ILI (big blind) collected ($2)


PokerStars Hand #163345849757:  Hold'em Limit ($3/$6 USD) - 2016/12/22 11:53:21 ET
Table 'Roemera' 6-max Seat #3 is the button
Seat 2: Krazy90 ($146.26 in chips)
Seat 3: AA_ILI ($51.35 in chips)
AA_ILI: posts small blind $1
Krazy90: posts big blind $3
*** HOLE CARDS ***
AA_ILI: raises $3 to $6
Krazy90: calls $3
*** FLOP *** [Jd 2h 2c]
Krazy90: checks
AA_ILI: bets $3
sismos404 joins the table at seat #4
Krazy90: folds
Uncalled bet ($3) returned to AA_ILI
AA_ILI collected $11.76 from pot
AA_ILI: doesn't show hand
*** SUMMARY ***
Total pot $12 | Rake $0.24
Board [Jd 2h 2c]
Seat 2: Krazy90 (big blind) folded on the Flop
Seat 3: AA_ILI (button) (small blind) collected ($11.76)


PokerStars Hand #163345841002:  Hold'em Limit ($3/$6 USD) - 2016/12/22 11:53:10 ET
Table 'Roemera' 6-max Seat #2 is the button
Seat 2: Krazy90 ($140.50 in chips)
Seat 3: AA_ILI ($57.35 in chips)
Krazy90: posts small blind $1
AA_ILI: posts big blind $3
*** HOLE CARDS ***
Krazy90: raises $3 to $6
AA_ILI: calls $3
*** FLOP *** [7c Th Tc]
AA_ILI: checks
Krazy90: bets $3
AA_ILI: folds
Uncalled bet ($3) returned to Krazy90
Krazy90 collected $11.76 from pot
Krazy90: doesn't show hand
*** SUMMARY ***
Total pot $12 | Rake $0.24
Board [7c Th Tc]
Seat 2: Krazy90 (button) (small blind) collected ($11.76)
Seat 3: AA_ILI (big blind) folded on the Flop


PokerStars Hand #163345836687:  Hold'em Limit ($3/$6 USD) - 2016/12/22 11:53:04 ET
Table 'Roemera' 6-max Seat #3 is the button
Seat 2: Krazy90 ($139.50 in chips)
Seat 3: AA_ILI ($58.35 in chips)
AA_ILI: posts small blind $1
Krazy90: posts big blind $3
*** HOLE CARDS ***
AA_ILI: folds
Uncalled bet ($2) returned to Krazy90
Krazy90 collected $2 from pot
Krazy90: doesn't show hand
*** SUMMARY ***
Total pot $2 | Rake $0
Seat 2: Krazy90 (big blind) collected ($2)
Seat 3: AA_ILI (button) (small blind) folded before Flop


PokerStars Hand #163356636142:  Hold'em Limit ($3/$6 USD) - 2016/12/22 15:16:49 ET
Table 'Roemera' 6-max Seat #5 is the button
Seat 5: Samace10 ($64.37 in chips)
Seat 6: Krazy90 ($225.49 in chips)
Samace10: posts small blind $1
Krazy90: posts big blind $3
*** HOLE CARDS ***
Samace10: raises $3 to $6
Krazy90: calls $3
*** FLOP *** [4h 6d Ac]
Krazy90: checks
Samace10: bets $3
Krazy90: folds
Uncalled bet ($3) returned to Samace10
Samace10 collected $11.76 from pot
*** SUMMARY ***
Total pot $12 | Rake $0.24
Board [4h 6d Ac]
Seat 5: Samace10 (button) (small blind) collected ($11.76)
Seat 6: Krazy90 (big blind) folded on the Flop


PokerStars Hand #163356614548:  Hold'em Limit ($3/$6 USD) - 2016/12/22 15:16:26 ET
Table 'Roemera' 6-max Seat #6 is the button
Seat 5: Samace10 ($70.37 in chips)
Seat 6: Krazy90 ($219.73 in chips)
Krazy90: posts small blind $1
Samace10: posts big blind $3
*** HOLE CARDS ***
byrgyi leaves the table
Krazy90: raises $3 to $6
Samace10: calls $3
*** FLOP *** [9s 8s Ad]
Samace10: checks
vestimokrec leaves the table
Krazy90: bets $3
Samace10: folds
Uncalled bet ($3) returned to Krazy90
Krazy90 collected $11.76 from pot
Krazy90: doesn't show hand
*** SUMMARY ***
Total pot $12 | Rake $0.24
Board [9s 8s Ad]
Seat 5: Samace10 (big blind) folded on the Flop
Seat 6: Krazy90 (button) (small blind) collected ($11.76)


PokerStars Hand #163356682111:  Hold'em Limit ($3/$6 USD) - 2016/12/22 15:17:37 ET
Table 'Roemera' 6-max Seat #5 is the button
Seat 5: Samace10 ($69.88 in chips)
Seat 6: Krazy90 ($219.24 in chips)
Samace10: posts small blind $1
Krazy90: posts big blind $3
*** HOLE CARDS ***
Samace10: raises $3 to $6
Krazy90: calls $3
*** FLOP *** [Td 8c 6c]
Krazy90: checks
Samace10: bets $3
Krazy90: folds
Uncalled bet ($3) returned to Samace10
Samace10 collected $11.76 from pot
*** SUMMARY ***
Total pot $12 | Rake $0.24
Board [Td 8c 6c]
Seat 5: Samace10 (button) (small blind) collected ($11.76)
Seat 6: Krazy90 (big blind) folded on the Flop


PokerStars Hand #163356713626:  Hold'em Limit ($3/$6 USD) - 2016/12/22 15:18:10 ET
Table 'Roemera' 6-max Seat #5 is the button
Seat 5: Samace10 ($81.40 in chips)
Seat 6: Krazy90 ($207.24 in chips)
Samace10: posts small blind $1
Krazy90: posts big blind $3
*** HOLE CARDS ***
Samace10: folds
Uncalled bet ($2) returned to Krazy90
Krazy90 collected $2 from pot
Krazy90: doesn't show hand
*** SUMMARY ***
Total pot $2 | Rake $0
Seat 5: Samace10 (button) (small blind) folded before Flop
Seat 6: Krazy90 (big blind) collected ($2)


PokerStars Hand #163356694500:  Hold'em Limit ($3/$6 USD) - 2016/12/22 15:17:50 ET
Table 'Roemera' 6-max Seat #6 is the button
Seat 5: Samace10 ($75.64 in chips)
Seat 6: Krazy90 ($213.24 in chips)
Krazy90: posts small blind $1
Samace10: posts big blind $3
*** HOLE CARDS ***
Krazy90: raises $3 to $6
Samace10: calls $3
*** FLOP *** [7c 8h 3c]
Samace10: checks
Krazy90: checks
*** TURN *** [7c 8h 3c] [As]
Samace10: bets $6
Krazy90: folds
Uncalled bet ($6) returned to Samace10
Samace10 collected $11.76 from pot
*** SUMMARY ***
Total pot $12 | Rake $0.24
Board [7c 8h 3c As]
Seat 5: Samace10 (big blind) collected ($11.76)
Seat 6: Krazy90 (button) (small blind) folded on the Turn


PokerStars Hand #163356722642:  Hold'em Limit ($3/$6 USD) - 2016/12/22 15:18:19 ET
Table 'Roemera' 6-max Seat #5 is the button
Seat 5: Samace10 ($81.40 in chips)
Seat 6: Krazy90 ($207.24 in chips)
Samace10: posts small blind $1
Krazy90: posts big blind $3
*** HOLE CARDS ***
Samace10: folds
Uncalled bet ($2) returned to Krazy90
Krazy90 collected $2 from pot
Krazy90: doesn't show hand
*** SUMMARY ***
Total pot $2 | Rake $0
Seat 5: Samace10 (button) (small blind) folded before Flop
Seat 6: Krazy90 (big blind) collected ($2)


PokerStars Hand #163356718186:  Hold'em Limit ($3/$6 USD) - 2016/12/22 15:18:15 ET
Table 'Roemera' 6-max Seat #6 is the button
Seat 5: Samace10 ($80.40 in chips)
Seat 6: Krazy90 ($208.24 in chips)
Krazy90: posts small blind $1
Samace10: posts big blind $3
*** HOLE CARDS ***
Krazy90: folds
Uncalled bet ($2) returned to Samace10
Samace10 collected $2 from pot
*** SUMMARY ***
Total pot $2 | Rake $0
Seat 5: Samace10 (big blind) collected ($2)
Seat 6: Krazy90 (button) (small blind) folded before Flop


PokerStars Hand #163356726866:  Hold'em Limit ($3/$6 USD) - 2016/12/22 15:18:24 ET
Table 'Roemera' 6-max Seat #6 is the button
Seat 5: Samace10 ($80.40 in chips)
Seat 6: Krazy90 ($208.24 in chips)
Krazy90: posts small blind $1
Samace10: posts big blind $3
*** HOLE CARDS ***
Krazy90: folds
Uncalled bet ($2) returned to Samace10
Samace10 collected $2 from pot
*** SUMMARY ***
Total pot $2 | Rake $0
Seat 5: Samace10 (big blind) collected ($2)
Seat 6: Krazy90 (button) (small blind) folded before Flop


PokerStars Hand #163356759718:  Hold'em Limit ($3/$6 USD) - 2016/12/22 15:18:58 ET
Table 'Roemera' 6-max Seat #5 is the button
Seat 5: Samace10 ($50.40 in chips)
Seat 6: Krazy90 ($237.74 in chips)
Samace10: posts small blind $1
Krazy90: posts big blind $3
*** HOLE CARDS ***
Samace10: raises $3 to $6
Krazy90: folds
Uncalled bet ($3) returned to Samace10
Samace10 collected $6 from pot
*** SUMMARY ***
Total pot $6 | Rake $0
Seat 5: Samace10 (button) (small blind) collected ($6)
Seat 6: Krazy90 (big blind) folded before Flop


PokerStars Hand #163356738384:  Hold'em Limit ($3/$6 USD) - 2016/12/22 15:18:36 ET
Table 'Roemera' 6-max Seat #6 is the button
Seat 5: Samace10 ($80.40 in chips)
Seat 6: Krazy90 ($208.24 in chips)
Krazy90: posts small blind $1
Samace10: posts big blind $3
*** HOLE CARDS ***
Krazy90: raises $3 to $6
Samace10: calls $3
*** FLOP *** [4d Tc Js]
Samace10: checks
Krazy90: bets $3
Samace10: raises $3 to $6
Krazy90: calls $3
*** TURN *** [4d Tc Js] [4h]
Samace10: bets $6
Krazy90: raises $6 to $12
Samace10: calls $6
*** RIVER *** [4d Tc Js 4h] [Qd]
Samace10: bets $6
Krazy90: calls $6
*** SHOW DOWN ***
Samace10: shows [Qc 9h] (two pair, Queens and Fours)
Krazy90: shows [Qs Jd] (two pair, Queens and Jacks)
Krazy90 collected $59.50 from pot
*** SUMMARY ***
Total pot $60 | Rake $0.50
Board [4d Tc Js 4h Qd]
Seat 5: Samace10 (big blind) showed [Qc 9h] and lost with two pair, Queens and Fours
Seat 6: Krazy90 (button) (small blind) showed [Qs Jd] and won ($59.50) with two pair, Queens and Jacks


PokerStars Hand #163356772091:  Hold'em Limit ($3/$6 USD) - 2016/12/22 15:19:11 ET
Table 'Roemera' 6-max Seat #6 is the button
Seat 5: Samace10 ($53.40 in chips)
Seat 6: Krazy90 ($234.74 in chips)
Krazy90: posts small blind $1
Samace10: posts big blind $3
*** HOLE CARDS ***
Krazy90: raises $3 to $6
Samace10: folds
Uncalled bet ($3) returned to Krazy90
Krazy90 collected $6 from pot
Krazy90: doesn't show hand
*** SUMMARY ***
Total pot $6 | Rake $0
Seat 5: Samace10 (big blind) folded before Flop
Seat 6: Krazy90 (button) (small blind) collected ($6)


PokerStars Hand #163356734024:  Hold'em Limit ($3/$6 USD) - 2016/12/22 15:18:31 ET
Table 'Roemera' 6-max Seat #5 is the button
Seat 5: Samace10 ($81.40 in chips)
Seat 6: Krazy90 ($207.24 in chips)
Samace10: posts small blind $1
Krazy90: posts big blind $3
*** HOLE CARDS ***
Samace10: folds
Uncalled bet ($2) returned to Krazy90
Krazy90 collected $2 from pot
Krazy90: doesn't show hand
*** SUMMARY ***
Total pot $2 | Rake $0
Seat 5: Samace10 (button) (small blind) folded before Flop
Seat 6: Krazy90 (big blind) collected ($2)


PokerStars Hand #163356803596:  Hold'em Limit ($3/$6 USD) - 2016/12/22 15:19:44 ET
Table 'Roemera' 6-max Seat #5 is the button
Seat 5: Samace10 ($79.90 in chips)
Seat 6: Krazy90 ($207.74 in chips)
Samace10: posts small blind $1
Krazy90: posts big blind $3
*** HOLE CARDS ***
Samace10: raises $3 to $6
Krazy90: calls $3
*** FLOP *** [5d Qh 8c]
Krazy90: checks
Samace10: checks
*** TURN *** [5d Qh 8c] [7c]
jipper11 joins the table at seat #4
Krazy90: checks
Samace10: bets $6
Krazy90: folds
Uncalled bet ($6) returned to Samace10
Samace10 collected $11.76 from pot
*** SUMMARY ***
Total pot $12 | Rake $0.24
Board [5d Qh 8c 7c]
Seat 5: Samace10 (button) (small blind) collected ($11.76)
Seat 6: Krazy90 (big blind) folded on the Turn


PokerStars Hand #163356797437:  Hold'em Limit ($3/$6 USD) - 2016/12/22 15:19:37 ET
Table 'Roemera' 6-max Seat #6 is the button
Seat 5: Samace10 ($82.90 in chips)
Seat 6: Krazy90 ($204.74 in chips)
Krazy90: posts small blind $1
Samace10: posts big blind $3
*** HOLE CARDS ***
Krazy90: raises $3 to $6
Samace10: folds
Uncalled bet ($3) returned to Krazy90
Krazy90 collected $6 from pot
Krazy90: doesn't show hand
*** SUMMARY ***
Total pot $6 | Rake $0
Seat 5: Samace10 (big blind) folded before Flop
Seat 6: Krazy90 (button) (small blind) collected ($6)


PokerStars Hand #163356777232:  Hold'em Limit ($3/$6 USD) - 2016/12/22 15:19:16 ET
Table 'Roemera' 6-max Seat #5 is the button
Seat 5: Samace10 ($50.40 in chips)
Seat 6: Krazy90 ($237.74 in chips)
Samace10: posts small blind $1
Krazy90: posts big blind $3
*** HOLE CARDS ***
Samace10: raises $3 to $6
Krazy90: calls $3
*** FLOP *** [Td 2h 3d]
Krazy90: checks
Samace10: bets $3
Krazy90: raises $3 to $6
Samace10: raises $3 to $9
Krazy90: calls $3
*** TURN *** [Td 2h 3d] [6s]
Krazy90: checks
Samace10: bets $6
Krazy90: raises $6 to $12
Samace10: raises $6 to $18
Krazy90: calls $6
*** RIVER *** [Td 2h 3d 6s] [8s]
Krazy90: checks
Samace10: bets $6
Krazy90: folds
Uncalled bet ($6) returned to Samace10
Samace10 collected $65.50 from pot
*** SUMMARY ***
Total pot $66 | Rake $0.50
Board [Td 2h 3d 6s 8s]
Seat 5: Samace10 (button) (small blind) collected ($65.50)
Seat 6: Krazy90 (big blind) folded on the River


PokerStars Hand #163357755906:  Hold'em Limit ($3/$6 USD) - 2016/12/22 15:36:06 ET
Table 'Roemera' 6-max Seat #5 is the button
Seat 5: Samace10 ($34.93 in chips)
Seat 6: Krazy90 ($292.20 in chips)
Samace10: posts small blind $1
Krazy90: posts big blind $3
*** HOLE CARDS ***
Samace10: folds
Uncalled bet ($2) returned to Krazy90
Samace10 leaves the table
Krazy90 collected $2 from pot
Krazy90: doesn't show hand
*** SUMMARY ***
Total pot $2 | Rake $0
Seat 5: Samace10 (button) (small blind) folded before Flop
Seat 6: Krazy90 (big blind) collected ($2)


PokerStars Hand #163357739486:  Hold'em Limit ($3/$6 USD) - 2016/12/22 15:35:48 ET
Table 'Roemera' 6-max Seat #6 is the button
Seat 5: Samace10 ($46.93 in chips)
Seat 6: Krazy90 ($280.68 in chips)
Krazy90: posts small blind $1
Samace10: posts big blind $3
*** HOLE CARDS ***
Krazy90: raises $3 to $6
Samace10: calls $3
*** FLOP *** [8c 4d 3h]
Samace10: checks
Krazy90: checks
*** TURN *** [8c 4d 3h] [7c]
Samace10: checks
Krazy90: checks
*** RIVER *** [8c 4d 3h 7c] [3d]
Samace10: bets $6
Krazy90: calls $6
*** SHOW DOWN ***
Samace10: shows [Qs Tc] (a pair of Threes)
Krazy90: shows [Kc As] (a pair of Threes - Ace kicker)
Krazy90 collected $23.52 from pot
*** SUMMARY ***
Total pot $24 | Rake $0.48
Board [8c 4d 3h 7c 3d]
Seat 5: Samace10 (big blind) showed [Qs Tc] and lost with a pair of Threes
Seat 6: Krazy90 (button) (small blind) showed [Kc As] and won ($23.52) with a pair of Threes


PokerStars Hand #163357735345:  Hold'em Limit ($3/$6 USD) - 2016/12/22 15:35:44 ET
Table 'Roemera' 6-max Seat #5 is the button
Seat 5: Samace10 ($47.93 in chips)
Seat 6: Krazy90 ($279.68 in chips)
Samace10: posts small blind $1
Krazy90: posts big blind $3
*** HOLE CARDS ***
Samace10: folds
Uncalled bet ($2) returned to Krazy90
Krazy90 collected $2 from pot
Krazy90: doesn't show hand
*** SUMMARY ***
Total pot $2 | Rake $0
Seat 5: Samace10 (button) (small blind) folded before Flop
Seat 6: Krazy90 (big blind) collected ($2)


PokerStars Hand #163357714251:  Hold'em Limit ($3/$6 USD) - 2016/12/22 15:35:21 ET
Table 'Roemera' 6-max Seat #6 is the button
Seat 5: Samace10 ($39.29 in chips)
Seat 6: Krazy90 ($288.68 in chips)
Krazy90: posts small blind $1
ValeryRon: is sitting out
Samace10: posts big blind $3
*** HOLE CARDS ***
Krazy90: raises $3 to $6
Samace10: raises $3 to $9
ValeryRon leaves the table
Krazy90: calls $3
*** FLOP *** [3c 4c Ac]
Samace10: bets $3
Krazy90: folds
Uncalled bet ($3) returned to Samace10
Samace10 collected $17.64 from pot
*** SUMMARY ***
Total pot $18 | Rake $0.36
Board [3c 4c Ac]
Seat 5: Samace10 (big blind) collected ($17.64)
Seat 6: Krazy90 (button) (small blind) folded on the Flop


