PokerStars Hand #170764215134:  Hold'em Limit ($3/$6 USD) - 2017/05/22 10:12:02 ET
Table 'Roemera' 6-max Seat #6 is the button
Seat 3: Sagar_7 ($183.31 in chips)
Seat 6: Krazy90 ($215.52 in chips)
Hadart will be allowed to play after the button
Krazy90: posts small blind $1
Larooo: is sitting out
Sagar_7: posts big blind $3
*** HOLE CARDS ***
Larooo leaves the table
Krazy90: raises $3 to $6
Sagar_7: calls $3
*** FLOP *** [2d Ac 2c]
Sagar_7: checks
Krazy90: bets $3
Sagar_7: calls $3
*** TURN *** [2d Ac 2c] [8s]
Sagar_7: checks
Krazy90: bets $6
Sagar_7: calls $6
*** RIVER *** [2d Ac 2c 8s] [Qs]
Sagar_7: checks
Krazy90: bets $6
Sagar_7: calls $6
*** SHOW DOWN ***
Krazy90: shows [Jc Ah] (two pair, Aces and Deuces)
Sagar_7: shows [Ad 7c] (two pair, Aces and Deuces)
Sagar_7 collected $20.75 from pot
Krazy90 collected $20.75 from pot
*** SUMMARY ***
Total pot $42 | Rake $0.50
Board [2d Ac 2c 8s Qs]
Seat 3: Sagar_7 (big blind) showed [Ad 7c] and won ($20.75) with two pair, Aces and Deuces
Seat 6: Krazy90 (button) (small blind) showed [Jc Ah] and won ($20.75) with two pair, Aces and Deuces


