PokerStars Hand #171368466270:  Hold'em Limit ($3/$6 USD) - 2017/06/05 7:51:37 ET
Table 'Roka' 6-max Seat #6 is the button
Seat 3: DimaZips ($120 in chips)
Seat 6: afghan_321 ($198.70 in chips)
afghan_321: posts small blind $1
DimaZips: posts big blind $3
*** HOLE CARDS ***
afghan_321: calls $2
DimaZips: checks
*** FLOP *** [3d Qh 9c]
DimaZips: checks
afghan_321: bets $3
DimaZips: raises $3 to $6
afghan_321: calls $3
*** TURN *** [3d Qh 9c] [3s]
DimaZips: bets $6
afghan_321: calls $6
*** RIVER *** [3d Qh 9c 3s] [Ah]
DimaZips: bets $6
afghan_321: calls $6
*** SHOW DOWN ***
DimaZips: shows [9s 8d] (two pair, Nines and Threes)
afghan_321: shows [Tc 9d] (two pair, Nines and Threes)
DimaZips collected $20.75 from pot
afghan_321 collected $20.75 from pot
*** SUMMARY ***
Total pot $42 | Rake $0.50
Board [3d Qh 9c 3s Ah]
Seat 3: DimaZips (big blind) showed [9s 8d] and won ($20.75) with two pair, Nines and Threes
Seat 6: afghan_321 (button) (small blind) showed [Tc 9d] and won ($20.75) with two pair, Nines and Threes


PokerStars Hand #171368484629:  Hold'em Limit ($3/$6 USD) - 2017/06/05 7:52:15 ET
Table 'Roka' 6-max Seat #6 is the button
Seat 3: DimaZips ($118.75 in chips)
Seat 6: afghan_321 ($199.45 in chips)
afghan_321: posts small blind $1
DimaZips: posts big blind $3
*** HOLE CARDS ***
afghan_321: raises $3 to $6
DimaZips: folds
Uncalled bet ($3) returned to afghan_321
afghan_321 collected $6 from pot
*** SUMMARY ***
Total pot $6 | Rake $0
Seat 3: DimaZips (big blind) folded before Flop
Seat 6: afghan_321 (button) (small blind) collected ($6)


PokerStars Hand #171368482538:  Hold'em Limit ($3/$6 USD) - 2017/06/05 7:52:10 ET
Table 'Roka' 6-max Seat #3 is the button
Seat 3: DimaZips ($119.75 in chips)
Seat 6: afghan_321 ($198.45 in chips)
DimaZips: posts small blind $1
afghan_321: posts big blind $3
*** HOLE CARDS ***
DimaZips: folds
Uncalled bet ($2) returned to afghan_321
afghan_321 collected $2 from pot
*** SUMMARY ***
Total pot $2 | Rake $0
Seat 3: DimaZips (button) (small blind) folded before Flop
Seat 6: afghan_321 (big blind) collected ($2)


PokerStars Hand #171368501103:  Hold'em Limit ($3/$6 USD) - 2017/06/05 7:52:48 ET
Table 'Roka' 6-max Seat #6 is the button
Seat 3: DimaZips ($105.75 in chips)
Seat 6: afghan_321 ($212.21 in chips)
afghan_321: posts small blind $1
DimaZips: posts big blind $3
*** HOLE CARDS ***
afghan_321: raises $3 to $6
DimaZips: raises $3 to $9
afghan_321: raises $3 to $12
Betting is capped
DimaZips: calls $3
*** FLOP *** [Tc 6s 6d]
DimaZips: checks
afghan_321: checks
*** TURN *** [Tc 6s 6d] [Ac]
DimaZips: bets $6
afghan_321: raises $6 to $12
DimaZips: calls $6
*** RIVER *** [Tc 6s 6d Ac] [4c]
DimaZips: checks
afghan_321: checks
*** SHOW DOWN ***
DimaZips: shows [As Jd] (two pair, Aces and Sixes)
afghan_321: mucks hand
DimaZips collected $47.50 from pot
*** SUMMARY ***
Total pot $48 | Rake $0.50
Board [Tc 6s 6d Ac 4c]
Seat 3: DimaZips (big blind) showed [As Jd] and won ($47.50) with two pair, Aces and Sixes
Seat 6: afghan_321 (button) (small blind) mucked


PokerStars Hand #171368498479:  Hold'em Limit ($3/$6 USD) - 2017/06/05 7:52:43 ET
Table 'Roka' 6-max Seat #3 is the button
Seat 3: DimaZips ($106.75 in chips)
Seat 6: afghan_321 ($211.21 in chips)
DimaZips: posts small blind $1
afghan_321: posts big blind $3
*** HOLE CARDS ***
DimaZips: folds
Uncalled bet ($2) returned to afghan_321
afghan_321 collected $2 from pot
*** SUMMARY ***
Total pot $2 | Rake $0
Seat 3: DimaZips (button) (small blind) folded before Flop
Seat 6: afghan_321 (big blind) collected ($2)


PokerStars Hand #171368494390:  Hold'em Limit ($3/$6 USD) - 2017/06/05 7:52:34 ET
Table 'Roka' 6-max Seat #6 is the button
Seat 3: DimaZips ($109.75 in chips)
Seat 6: afghan_321 ($208.21 in chips)
afghan_321: posts small blind $1
DimaZips: posts big blind $3
*** HOLE CARDS ***
afghan_321: raises $3 to $6
DimaZips: folds
Uncalled bet ($3) returned to afghan_321
afghan_321 collected $6 from pot
*** SUMMARY ***
Total pot $6 | Rake $0
Seat 3: DimaZips (big blind) folded before Flop
Seat 6: afghan_321 (button) (small blind) collected ($6)


PokerStars Hand #171368487530:  Hold'em Limit ($3/$6 USD) - 2017/06/05 7:52:21 ET
Table 'Roka' 6-max Seat #3 is the button
Seat 3: DimaZips ($115.75 in chips)
Seat 6: afghan_321 ($202.45 in chips)
DimaZips: posts small blind $1
afghan_321: posts big blind $3
*** HOLE CARDS ***
DimaZips: raises $3 to $6
afghan_321: calls $3
*** FLOP *** [Qh 8c As]
afghan_321: checks
DimaZips: checks
*** TURN *** [Qh 8c As] [3c]
afghan_321: bets $6
DimaZips: folds
Uncalled bet ($6) returned to afghan_321
afghan_321 collected $11.76 from pot
*** SUMMARY ***
Total pot $12 | Rake $0.24
Board [Qh 8c As 3c]
Seat 3: DimaZips (button) (small blind) folded on the Turn
Seat 6: afghan_321 (big blind) collected ($11.76)


PokerStars Hand #171368537333:  Hold'em Limit ($3/$6 USD) - 2017/06/05 7:54:01 ET
Table 'Roka' 6-max Seat #3 is the button
Seat 3: DimaZips ($140.75 in chips)
Seat 6: afghan_321 ($176.21 in chips)
DimaZips: posts small blind $1
afghan_321: posts big blind $3
*** HOLE CARDS ***
DimaZips: calls $2
afghan_321: checks
*** FLOP *** [5h 7h 5c]
afghan_321: checks
DimaZips: bets $3
afghan_321: folds
Uncalled bet ($3) returned to DimaZips
DimaZips collected $5.88 from pot
DimaZips: doesn't show hand
*** SUMMARY ***
Total pot $6 | Rake $0.12
Board [5h 7h 5c]
Seat 3: DimaZips (button) (small blind) collected ($5.88)
Seat 6: afghan_321 (big blind) folded on the Flop


PokerStars Hand #171368535186:  Hold'em Limit ($3/$6 USD) - 2017/06/05 7:53:56 ET
Table 'Roka' 6-max Seat #6 is the button
Seat 3: DimaZips ($139.75 in chips)
Seat 6: afghan_321 ($177.21 in chips)
afghan_321: posts small blind $1
DimaZips: posts big blind $3
*** HOLE CARDS ***
afghan_321: folds
Uncalled bet ($2) returned to DimaZips
DimaZips collected $2 from pot
DimaZips: doesn't show hand
*** SUMMARY ***
Total pot $2 | Rake $0
Seat 3: DimaZips (big blind) collected ($2)
Seat 6: afghan_321 (button) (small blind) folded before Flop


PokerStars Hand #171368532842:  Hold'em Limit ($3/$6 USD) - 2017/06/05 7:53:52 ET
Table 'Roka' 6-max Seat #3 is the button
Seat 3: DimaZips ($140.75 in chips)
Seat 6: afghan_321 ($176.21 in chips)
DimaZips: posts small blind $1
afghan_321: posts big blind $3
*** HOLE CARDS ***
DimaZips: folds
Uncalled bet ($2) returned to afghan_321
afghan_321 collected $2 from pot
*** SUMMARY ***
Total pot $2 | Rake $0
Seat 3: DimaZips (button) (small blind) folded before Flop
Seat 6: afghan_321 (big blind) collected ($2)


PokerStars Hand #171368528107:  Hold'em Limit ($3/$6 USD) - 2017/06/05 7:53:42 ET
Table 'Roka' 6-max Seat #6 is the button
Seat 3: DimaZips ($143.75 in chips)
Seat 6: afghan_321 ($173.21 in chips)
afghan_321: posts small blind $1
DimaZips: posts big blind $3
*** HOLE CARDS ***
afghan_321: raises $3 to $6
DimaZips: folds
Uncalled bet ($3) returned to afghan_321
afghan_321 collected $6 from pot
*** SUMMARY ***
Total pot $6 | Rake $0
Seat 3: DimaZips (big blind) folded before Flop
Seat 6: afghan_321 (button) (small blind) collected ($6)


PokerStars Hand #171368510859:  Hold'em Limit ($3/$6 USD) - 2017/06/05 7:53:08 ET
Table 'Roka' 6-max Seat #3 is the button
Seat 3: DimaZips ($129.25 in chips)
Seat 6: afghan_321 ($188.21 in chips)
DimaZips: posts small blind $1
afghan_321: posts big blind $3
*** HOLE CARDS ***
DimaZips: calls $2
afghan_321: checks
*** FLOP *** [7d 2s 6s]
afghan_321: bets $3
DimaZips: raises $3 to $6
afghan_321: calls $3
*** TURN *** [7d 2s 6s] [9s]
afghan_321: checks
DimaZips: checks
*** RIVER *** [7d 2s 6s 9s] [As]
afghan_321: bets $6
DimaZips: calls $6
*** SHOW DOWN ***
afghan_321: shows [8h 4c] (high card Ace)
DimaZips: shows [6d 5d] (a pair of Sixes)
DimaZips collected $29.50 from pot
*** SUMMARY ***
Total pot $30 | Rake $0.50
Board [7d 2s 6s 9s As]
Seat 3: DimaZips (button) (small blind) showed [6d 5d] and won ($29.50) with a pair of Sixes
Seat 6: afghan_321 (big blind) showed [8h 4c] and lost with high card Ace


PokerStars Hand #171368560409:  Hold'em Limit ($3/$6 USD) - 2017/06/05 7:54:47 ET
Table 'Roka' 6-max Seat #6 is the button
Seat 3: DimaZips ($160.13 in chips)
Seat 6: afghan_321 ($156.21 in chips)
afghan_321: posts small blind $1
DimaZips: posts big blind $3
*** HOLE CARDS ***
afghan_321: raises $3 to $6
DimaZips: calls $3
*** FLOP *** [2c 9d 9h]
DimaZips: checks
afghan_321: bets $3
DimaZips: calls $3
*** TURN *** [2c 9d 9h] [4d]
DimaZips: checks
afghan_321: bets $6
DimaZips: raises $6 to $12
afghan_321: calls $6
*** RIVER *** [2c 9d 9h 4d] [7s]
DimaZips: bets $6
afghan_321: calls $6
*** SHOW DOWN ***
DimaZips: shows [9s Qd] (three of a kind, Nines)
afghan_321: mucks hand
DimaZips collected $53.50 from pot
*** SUMMARY ***
Total pot $54 | Rake $0.50
Board [2c 9d 9h 4d 7s]
Seat 3: DimaZips (big blind) showed [9s Qd] and won ($53.50) with three of a kind, Nines
Seat 6: afghan_321 (button) (small blind) mucked


PokerStars Hand #171368557648:  Hold'em Limit ($3/$6 USD) - 2017/06/05 7:54:42 ET
Table 'Roka' 6-max Seat #3 is the button
Seat 3: DimaZips ($157.13 in chips)
Seat 6: afghan_321 ($159.21 in chips)
DimaZips: posts small blind $1
afghan_321: posts big blind $3
*** HOLE CARDS ***
DimaZips: raises $3 to $6
Hannibal2211 joins the table at seat #4
afghan_321: folds
Uncalled bet ($3) returned to DimaZips
DimaZips collected $6 from pot
DimaZips: doesn't show hand
*** SUMMARY ***
Total pot $6 | Rake $0
Seat 3: DimaZips (button) (small blind) collected ($6)
Seat 6: afghan_321 (big blind) folded before Flop


PokerStars Hand #171368549823:  Hold'em Limit ($3/$6 USD) - 2017/06/05 7:54:26 ET
Table 'Roka' 6-max Seat #3 is the button
Seat 3: DimaZips ($161.13 in chips)
Seat 6: afghan_321 ($155.21 in chips)
DimaZips: posts small blind $1
afghan_321: posts big blind $3
*** HOLE CARDS ***
DimaZips: folds
Uncalled bet ($2) returned to afghan_321
afghan_321 collected $2 from pot
*** SUMMARY ***
Total pot $2 | Rake $0
Seat 3: DimaZips (button) (small blind) folded before Flop
Seat 6: afghan_321 (big blind) collected ($2)


PokerStars Hand #171368542276:  Hold'em Limit ($3/$6 USD) - 2017/06/05 7:54:11 ET
Table 'Roka' 6-max Seat #6 is the button
Seat 3: DimaZips ($143.63 in chips)
Seat 6: afghan_321 ($173.21 in chips)
afghan_321: posts small blind $1
DimaZips: posts big blind $3
*** HOLE CARDS ***
afghan_321: raises $3 to $6
DimaZips: calls $3
*** FLOP *** [2s 4c Qh]
DimaZips: checks
afghan_321: checks
*** TURN *** [2s 4c Qh] [4h]
DimaZips: checks
afghan_321: bets $6
DimaZips: calls $6
*** RIVER *** [2s 4c Qh 4h] [7h]
DimaZips: checks
afghan_321: bets $6
DimaZips: raises $6 to $12
afghan_321: folds
Uncalled bet ($6) returned to DimaZips
DimaZips collected $35.50 from pot
DimaZips: doesn't show hand
*** SUMMARY ***
Total pot $36 | Rake $0.50
Board [2s 4c Qh 4h 7h]
Seat 3: DimaZips (big blind) collected ($35.50)
Seat 6: afghan_321 (button) (small blind) folded on the River


PokerStars Hand #171368552096:  Hold'em Limit ($3/$6 USD) - 2017/06/05 7:54:31 ET
Table 'Roka' 6-max Seat #6 is the button
Seat 3: DimaZips ($160.13 in chips)
Seat 6: afghan_321 ($156.21 in chips)
afghan_321: posts small blind $1
DimaZips: posts big blind $3
*** HOLE CARDS ***
afghan_321: raises $3 to $6
DimaZips: folds
Uncalled bet ($3) returned to afghan_321
afghan_321 collected $6 from pot
*** SUMMARY ***
Total pot $6 | Rake $0
Seat 3: DimaZips (big blind) folded before Flop
Seat 6: afghan_321 (button) (small blind) collected ($6)


