PokerStars Hand #144797921753:  Hold'em Limit ($3/$6 USD) - 2015/12/04 5:20:31 ET
Table 'Rollandia' 10-max Seat #10 is the button
Seat 1: schnizm ($119.64 in chips)
Seat 10: ManuelSikora ($66.54 in chips)
ManuelSikora: posts small blind $1
schnizm: posts big blind $3
*** HOLE CARDS ***
ManuelSikora: folds
Uncalled bet ($2) returned to schnizm
schnizm collected $2 from pot
schnizm: doesn't show hand
*** SUMMARY ***
Total pot $2 | Rake $0
Seat 1: schnizm (big blind) collected ($2)
Seat 10: ManuelSikora (button) (small blind) folded before Flop


PokerStars Hand #144797914741:  Hold'em Limit ($3/$6 USD) - 2015/12/04 5:20:15 ET
Table 'Rollandia' 10-max Seat #1 is the button
Seat 1: schnizm ($111 in chips)
Seat 10: ManuelSikora ($75.54 in chips)
schnizm: posts small blind $1
ManuelSikora: posts big blind $3
*** HOLE CARDS ***
schnizm: raises $3 to $6
ManuelSikora: calls $3
*** FLOP *** [2d 6c 7d]
ManuelSikora: bets $3
schnizm: calls $3
*** TURN *** [2d 6c 7d] [Tc]
ManuelSikora: checks
schnizm: checks
*** RIVER *** [2d 6c 7d Tc] [9h]
ManuelSikora: checks
schnizm: bets $6
ManuelSikora: folds
Uncalled bet ($6) returned to schnizm
schnizm collected $17.64 from pot
schnizm: doesn't show hand
*** SUMMARY ***
Total pot $18 | Rake $0.36
Board [2d 6c 7d Tc 9h]
Seat 1: schnizm (button) (small blind) collected ($17.64)
Seat 10: ManuelSikora (big blind) folded on the River


PokerStars Hand #144797901712:  Hold'em Limit ($3/$6 USD) - 2015/12/04 5:19:46 ET
Table 'Rollandia' 10-max Seat #10 is the button
Seat 1: schnizm ($123 in chips)
Seat 10: ManuelSikora ($64.02 in chips)
ManuelSikora: posts small blind $1
schnizm: posts big blind $3
*** HOLE CARDS ***
ManuelSikora: raises $3 to $6
schnizm: calls $3
*** FLOP *** [Jh 5h Ad]
schnizm: checks
ManuelSikora: bets $3
schnizm: raises $3 to $6
ManuelSikora: calls $3
*** TURN *** [Jh 5h Ad] [6c]
schnizm: checks
ManuelSikora: checks
*** RIVER *** [Jh 5h Ad 6c] [9s]
schnizm: checks
ManuelSikora: checks
*** SHOW DOWN ***
schnizm: shows [Kh 2h] (high card Ace)
ManuelSikora: shows [Ts 9h] (a pair of Nines)
ManuelSikora collected $23.52 from pot
*** SUMMARY ***
Total pot $24 | Rake $0.48
Board [Jh 5h Ad 6c 9s]
Seat 1: schnizm (big blind) showed [Kh 2h] and lost with high card Ace
Seat 10: ManuelSikora (button) (small blind) showed [Ts 9h] and won ($23.52) with a pair of Nines


PokerStars Hand #144797891042:  Hold'em Limit ($3/$6 USD) - 2015/12/04 5:19:22 ET
Table 'Rollandia' 10-max Seat #1 is the button
Seat 1: schnizm ($120 in chips)
Seat 10: ManuelSikora ($67.02 in chips)
schnizm: posts small blind $1
MTails has timed out
MTails: is sitting out
ManuelSikora: posts big blind $3
*** HOLE CARDS ***
schnizm: raises $3 to $6
ManuelSikora: folds
Uncalled bet ($3) returned to schnizm
schnizm collected $6 from pot
schnizm: doesn't show hand
*** SUMMARY ***
Total pot $6 | Rake $0
Seat 1: schnizm (button) (small blind) collected ($6)
Seat 10: ManuelSikora (big blind) folded before Flop


PokerStars Hand #144797943838:  Hold'em Limit ($3/$6 USD) - 2015/12/04 5:21:21 ET
Table 'Rollandia' 10-max Seat #1 is the button
Seat 1: schnizm ($114.40 in chips)
Seat 10: ManuelSikora ($71.06 in chips)
schnizm: posts small blind $1
ManuelSikora: posts big blind $3
*** HOLE CARDS ***
schnizm: raises $3 to $6
ManuelSikora: calls $3
*** FLOP *** [Tc Ts Kd]
ManuelSikora: checks
schnizm: bets $3
ManuelSikora: folds
Uncalled bet ($3) returned to schnizm
schnizm collected $11.76 from pot
schnizm: doesn't show hand
*** SUMMARY ***
Total pot $12 | Rake $0.24
Board [Tc Ts Kd]
Seat 1: schnizm (button) (small blind) collected ($11.76)
Seat 10: ManuelSikora (big blind) folded on the Flop


PokerStars Hand #144797933809:  Hold'em Limit ($3/$6 USD) - 2015/12/04 5:20:59 ET
Table 'Rollandia' 10-max Seat #10 is the button
Seat 1: schnizm ($126.40 in chips)
Seat 10: ManuelSikora ($59.54 in chips)
ManuelSikora: posts small blind $1
schnizm: posts big blind $3
*** HOLE CARDS ***
ManuelSikora: raises $3 to $6
schnizm: calls $3
*** FLOP *** [6c 3c 2s]
schnizm: checks
ManuelSikora: checks
*** TURN *** [6c 3c 2s] [8d]
schnizm: bets $6
ManuelSikora: calls $6
*** RIVER *** [6c 3c 2s 8d] [Qd]
schnizm: checks
ManuelSikora: checks
*** SHOW DOWN ***
schnizm: shows [5h Ac] (high card Ace)
ManuelSikora: shows [Qc Kd] (a pair of Queens)
ManuelSikora collected $23.52 from pot
*** SUMMARY ***
Total pot $24 | Rake $0.48
Board [6c 3c 2s 8d Qd]
Seat 1: schnizm (big blind) showed [5h Ac] and lost with high card Ace
Seat 10: ManuelSikora (button) (small blind) showed [Qc Kd] and won ($23.52) with a pair of Queens


PokerStars Hand #144797923758:  Hold'em Limit ($3/$6 USD) - 2015/12/04 5:20:36 ET
Table 'Rollandia' 10-max Seat #1 is the button
Seat 1: schnizm ($120.64 in chips)
Seat 10: ManuelSikora ($65.54 in chips)
schnizm: posts small blind $1
ManuelSikora: posts big blind $3
*** HOLE CARDS ***
schnizm: raises $3 to $6
ManuelSikora: calls $3
*** FLOP *** [2d Qh 4h]
ManuelSikora: checks
schnizm: bets $3
ManuelSikora: folds
Uncalled bet ($3) returned to schnizm
schnizm collected $11.76 from pot
schnizm: doesn't show hand
*** SUMMARY ***
Total pot $12 | Rake $0.24
Board [2d Qh 4h]
Seat 1: schnizm (button) (small blind) collected ($11.76)
Seat 10: ManuelSikora (big blind) folded on the Flop


PokerStars Hand #144797949924:  Hold'em Limit ($3/$6 USD) - 2015/12/04 5:21:35 ET
Table 'Rollandia' 10-max Seat #10 is the button
Seat 1: schnizm ($120.16 in chips)
Seat 10: ManuelSikora ($65.06 in chips)
ManuelSikora: posts small blind $1
schnizm: posts big blind $3
*** HOLE CARDS ***
ManuelSikora: raises $3 to $6
schnizm: calls $3
*** FLOP *** [3c 5d 8d]
schnizm: checks
ManuelSikora: checks
*** TURN *** [3c 5d 8d] [Kc]
schnizm: checks
ManuelSikora: checks
*** RIVER *** [3c 5d 8d Kc] [Jh]
schnizm: checks
ManuelSikora: checks
*** SHOW DOWN ***
schnizm: shows [Tc 7s] (high card King)
ManuelSikora: shows [As 4c] (high card Ace)
ManuelSikora collected $11.76 from pot
*** SUMMARY ***
Total pot $12 | Rake $0.24
Board [3c 5d 8d Kc Jh]
Seat 1: schnizm (big blind) showed [Tc 7s] and lost with high card King
Seat 10: ManuelSikora (button) (small blind) showed [As 4c] and won ($11.76) with high card Ace


