PokerStars Hand #176332992778:  Hold'em Limit ($3/$6 USD) - 2017/09/30 20:25:53 ET
Table 'Rollandia II' 6-max Seat #3 is the button
Seat 2: Captn2phones ($129.43 in chips)
Seat 3: Artachok ($121.23 in chips)
Artachok: posts small blind $1
Captn2phones: posts big blind $3
*** HOLE CARDS ***
Artachok: folds
Uncalled bet ($2) returned to Captn2phones
Captn2phones collected $2 from pot
Captn2phones: doesn't show hand
*** SUMMARY ***
Total pot $2 | Rake $0
Seat 2: Captn2phones (big blind) collected ($2)
Seat 3: Artachok (button) (small blind) folded before Flop


PokerStars Hand #176332972502:  Hold'em Limit ($3/$6 USD) - 2017/09/30 20:25:09 ET
Table 'Rollandia II' 6-max Seat #3 is the button
Seat 2: Captn2phones ($112.15 in chips)
Seat 3: Artachok ($139.23 in chips)
Artachok: posts small blind $1
Captn2phones: posts big blind $3
*** HOLE CARDS ***
Artachok: raises $3 to $6
Captn2phones: raises $3 to $9
Artachok: calls $3
*** FLOP *** [Th 5s 8h]
Captn2phones: bets $3
Artachok: calls $3
*** TURN *** [Th 5s 8h] [Kc]
Captn2phones: bets $6
Artachok: folds
Uncalled bet ($6) returned to Captn2phones
Captn2phones collected $23.52 from pot
Captn2phones: doesn't show hand
*** SUMMARY ***
Total pot $24 | Rake $0.48
Board [Th 5s 8h Kc]
Seat 2: Captn2phones (big blind) collected ($23.52)
Seat 3: Artachok (button) (small blind) folded on the Turn


PokerStars Hand #176332984740:  Hold'em Limit ($3/$6 USD) - 2017/09/30 20:25:36 ET
Table 'Rollandia II' 6-max Seat #2 is the button
Seat 2: Captn2phones ($123.67 in chips)
Seat 3: Artachok ($127.23 in chips)
Captn2phones: posts small blind $1
Artachok: posts big blind $3
*** HOLE CARDS ***
gadunski171 leaves the table
Captn2phones: raises $3 to $6
Artachok: calls $3
*** FLOP *** [2d 9c 2c]
Artachok: checks
Captn2phones: bets $3
Artachok: folds
Uncalled bet ($3) returned to Captn2phones
Captn2phones collected $11.76 from pot
Captn2phones: doesn't show hand
*** SUMMARY ***
Total pot $12 | Rake $0.24
Board [2d 9c 2c]
Seat 2: Captn2phones (button) (small blind) collected ($11.76)
Seat 3: Artachok (big blind) folded on the Flop


PokerStars Hand #176332995098:  Hold'em Limit ($3/$6 USD) - 2017/09/30 20:25:58 ET
Table 'Rollandia II' 6-max Seat #2 is the button
Seat 2: Captn2phones ($130.43 in chips)
Seat 3: Artachok ($120.23 in chips)
Captn2phones: posts small blind $1
Artachok: posts big blind $3
*** HOLE CARDS ***
Captn2phones: raises $3 to $6
Artachok: calls $3
*** FLOP *** [Qs Ad 9c]
Artachok: checks
Captn2phones: bets $3
Artachok: raises $3 to $6
Captn2phones: calls $3
*** TURN *** [Qs Ad 9c] [3h]
Artachok: bets $6
Captn2phones: calls $6
*** RIVER *** [Qs Ad 9c 3h] [2h]
Artachok: bets $6
Captn2phones: calls $6
*** SHOW DOWN ***
Artachok: shows [4c Qc] (a pair of Queens)
Captn2phones: shows [Ac 6d] (a pair of Aces)
Captn2phones collected $47.50 from pot
*** SUMMARY ***
Total pot $48 | Rake $0.50
Board [Qs Ad 9c 3h 2h]
Seat 2: Captn2phones (button) (small blind) showed [Ac 6d] and won ($47.50) with a pair of Aces
Seat 3: Artachok (big blind) showed [4c Qc] and lost with a pair of Queens


PokerStars Hand #176333036264:  Hold'em Limit ($3/$6 USD) - 2017/09/30 20:27:28 ET
Table 'Rollandia II' 6-max Seat #2 is the button
Seat 2: Captn2phones ($123.93 in chips)
Seat 3: Artachok ($125.73 in chips)
Captn2phones: posts small blind $1
Artachok: posts big blind $3
*** HOLE CARDS ***
Captn2phones: raises $3 to $6
Artachok: calls $3
*** FLOP *** [2d 8d Jh]
Artachok: checks
Captn2phones: bets $3
Artachok: calls $3
*** TURN *** [2d 8d Jh] [6h]
Artachok: checks
Captn2phones: bets $6
Artachok: calls $6
*** RIVER *** [2d 8d Jh 6h] [4d]
Artachok: checks
Captn2phones: bets $6
Artachok: calls $6
*** SHOW DOWN ***
Captn2phones: shows [5h Th] (high card Jack)
Artachok: shows [5d 5c] (a pair of Fives)
Artachok collected $41.50 from pot
*** SUMMARY ***
Total pot $42 | Rake $0.50
Board [2d 8d Jh 6h 4d]
Seat 2: Captn2phones (button) (small blind) showed [5h Th] and lost with high card Jack
Seat 3: Artachok (big blind) showed [5d 5c] and won ($41.50) with a pair of Fives


PokerStars Hand #176333049694:  Hold'em Limit ($3/$6 USD) - 2017/09/30 20:27:58 ET
Table 'Rollandia II' 6-max Seat #3 is the button
Seat 2: Captn2phones ($102.93 in chips)
Seat 3: Artachok ($146.23 in chips)
Artachok: posts small blind $1
Captn2phones: posts big blind $3
*** HOLE CARDS ***
Artachok: folds
Uncalled bet ($2) returned to Captn2phones
Captn2phones collected $2 from pot
Captn2phones: doesn't show hand
*** SUMMARY ***
Total pot $2 | Rake $0
Seat 2: Captn2phones (big blind) collected ($2)
Seat 3: Artachok (button) (small blind) folded before Flop


PokerStars Hand #176333052003:  Hold'em Limit ($3/$6 USD) - 2017/09/30 20:28:03 ET
Table 'Rollandia II' 6-max Seat #2 is the button
Seat 2: Captn2phones ($103.93 in chips)
Seat 3: Artachok ($145.23 in chips)
Captn2phones: posts small blind $1
Artachok: posts big blind $3
*** HOLE CARDS ***
Captn2phones: folds
Uncalled bet ($2) returned to Artachok
Artachok collected $2 from pot
Artachok: doesn't show hand
*** SUMMARY ***
Total pot $2 | Rake $0
Seat 2: Captn2phones (button) (small blind) folded before Flop
Seat 3: Artachok (big blind) collected ($2)


PokerStars Hand #176333015554:  Hold'em Limit ($3/$6 USD) - 2017/09/30 20:26:43 ET
Table 'Rollandia II' 6-max Seat #3 is the button
Seat 2: Captn2phones ($153.93 in chips)
Seat 3: Artachok ($96.23 in chips)
Artachok: posts small blind $1
Captn2phones: posts big blind $3
*** HOLE CARDS ***
Artachok: raises $3 to $6
Captn2phones: calls $3
*** FLOP *** [2s 7s 3h]
Captn2phones: checks
Artachok: bets $3
Captn2phones: raises $3 to $6
Artachok: calls $3
*** TURN *** [2s 7s 3h] [8c]
Captn2phones: bets $6
Artachok: raises $6 to $12
Captn2phones: calls $6
*** RIVER *** [2s 7s 3h 8c] [Jc]
Captn2phones: checks
Artachok: bets $6
Captn2phones: calls $6
*** SHOW DOWN ***
Artachok: shows [Ad 7h] (a pair of Sevens)
Captn2phones: mucks hand
Artachok collected $59.50 from pot
*** SUMMARY ***
Total pot $60 | Rake $0.50
Board [2s 7s 3h 8c Jc]
Seat 2: Captn2phones (big blind) mucked
Seat 3: Artachok (button) (small blind) showed [Ad 7h] and won ($59.50) with a pair of Sevens


PokerStars Hand #176333069959:  Hold'em Limit ($3/$6 USD) - 2017/09/30 20:28:43 ET
Table 'Rollandia II' 6-max Seat #2 is the button
Seat 2: Captn2phones ($103.93 in chips)
Seat 3: Artachok ($145.23 in chips)
Captn2phones: posts small blind $1
Artachok: posts big blind $3
*** HOLE CARDS ***
Captn2phones: raises $3 to $6
Artachok: raises $3 to $9
Captn2phones: calls $3
*** FLOP *** [Ks 6s 8d]
Artachok: bets $3
Captn2phones: calls $3
*** TURN *** [Ks 6s 8d] [9h]
Artachok: checks
Captn2phones: bets $6
Artachok: calls $6
*** RIVER *** [Ks 6s 8d 9h] [9s]
Artachok: bets $6
Captn2phones: calls $6
*** SHOW DOWN ***
Artachok: shows [As Js] (a flush, Ace high)
Captn2phones: mucks hand
Artachok collected $47.50 from pot
*** SUMMARY ***
Total pot $48 | Rake $0.50
Board [Ks 6s 8d 9h 9s]
Seat 2: Captn2phones (button) (small blind) mucked
Seat 3: Artachok (big blind) showed [As Js] and won ($47.50) with a flush, Ace high


PokerStars Hand #176333067641:  Hold'em Limit ($3/$6 USD) - 2017/09/30 20:28:38 ET
Table 'Rollandia II' 6-max Seat #3 is the button
Seat 2: Captn2phones ($102.93 in chips)
Seat 3: Artachok ($146.23 in chips)
Artachok: posts small blind $1
Captn2phones: posts big blind $3
*** HOLE CARDS ***
Artachok: folds
Uncalled bet ($2) returned to Captn2phones
Captn2phones collected $2 from pot
Captn2phones: doesn't show hand
*** SUMMARY ***
Total pot $2 | Rake $0
Seat 2: Captn2phones (big blind) collected ($2)
Seat 3: Artachok (button) (small blind) folded before Flop


PokerStars Hand #176333056932:  Hold'em Limit ($3/$6 USD) - 2017/09/30 20:28:14 ET
Table 'Rollandia II' 6-max Seat #3 is the button
Seat 2: Captn2phones ($102.93 in chips)
Seat 3: Artachok ($146.23 in chips)
Artachok: posts small blind $1
Captn2phones: posts big blind $3
*** HOLE CARDS ***
Artachok: folds
Uncalled bet ($2) returned to Captn2phones
Captn2phones collected $2 from pot
Captn2phones: doesn't show hand
*** SUMMARY ***
Total pot $2 | Rake $0
Seat 2: Captn2phones (big blind) collected ($2)
Seat 3: Artachok (button) (small blind) folded before Flop


PokerStars Hand #176333064515:  Hold'em Limit ($3/$6 USD) - 2017/09/30 20:28:31 ET
Table 'Rollandia II' 6-max Seat #2 is the button
Seat 2: Captn2phones ($103.93 in chips)
Seat 3: Artachok ($145.23 in chips)
Captn2phones: posts small blind $1
Artachok: posts big blind $3
*** HOLE CARDS ***
Captn2phones: folds
Uncalled bet ($2) returned to Artachok
Artachok collected $2 from pot
Artachok: doesn't show hand
*** SUMMARY ***
Total pot $2 | Rake $0
Seat 2: Captn2phones (button) (small blind) folded before Flop
Seat 3: Artachok (big blind) collected ($2)


PokerStars Hand #176333062354:  Hold'em Limit ($3/$6 USD) - 2017/09/30 20:28:26 ET
Table 'Rollandia II' 6-max Seat #3 is the button
Seat 2: Captn2phones ($102.93 in chips)
Seat 3: Artachok ($146.23 in chips)
Artachok: posts small blind $1
Captn2phones: posts big blind $3
*** HOLE CARDS ***
Artachok: folds
Uncalled bet ($2) returned to Captn2phones
Captn2phones collected $2 from pot
Captn2phones: doesn't show hand
*** SUMMARY ***
Total pot $2 | Rake $0
Seat 2: Captn2phones (big blind) collected ($2)
Seat 3: Artachok (button) (small blind) folded before Flop


PokerStars Hand #176333104272:  Hold'em Limit ($3/$6 USD) - 2017/09/30 20:29:40 ET
Table 'Rollandia II' 6-max Seat #2 is the button
Seat 2: Captn2phones ($61.93 in chips)
Seat 3: Artachok ($186.23 in chips)
Captn2phones: posts small blind $1
Artachok: posts big blind $3
*** HOLE CARDS ***
Captn2phones: folds
Uncalled bet ($2) returned to Artachok
Artachok collected $2 from pot
Artachok: doesn't show hand
*** SUMMARY ***
Total pot $2 | Rake $0
Seat 2: Captn2phones (button) (small blind) folded before Flop
Seat 3: Artachok (big blind) collected ($2)


PokerStars Hand #176333092762:  Hold'em Limit ($3/$6 USD) - 2017/09/30 20:29:15 ET
Table 'Rollandia II' 6-max Seat #3 is the button
Seat 2: Captn2phones ($79.93 in chips)
Seat 3: Artachok ($168.73 in chips)
Artachok: posts small blind $1
Captn2phones: posts big blind $3
*** HOLE CARDS ***
Artachok: raises $3 to $6
Captn2phones: calls $3
*** FLOP *** [9d 6d 2h]
Captn2phones: checks
Artachok: bets $3
Captn2phones: raises $3 to $6
Artachok: calls $3
*** TURN *** [9d 6d 2h] [Ah]
Captn2phones: bets $6
Artachok: calls $6
*** RIVER *** [9d 6d 2h Ah] [7h]
Captn2phones: checks
Artachok: checks
*** SHOW DOWN ***
Captn2phones: shows [4c 6h] (a pair of Sixes)
Artachok: shows [9c 6c] (two pair, Nines and Sixes)
Artachok collected $35.50 from pot
*** SUMMARY ***
Total pot $36 | Rake $0.50
Board [9d 6d 2h Ah 7h]
Seat 2: Captn2phones (big blind) showed [4c 6h] and lost with a pair of Sixes
Seat 3: Artachok (button) (small blind) showed [9c 6c] and won ($35.50) with two pair, Nines and Sixes


PokerStars Hand #176333118044:  Hold'em Limit ($3/$6 USD) - 2017/09/30 20:30:11 ET
Table 'Rollandia II' 6-max Seat #2 is the button
Seat 2: Captn2phones ($69.57 in chips)
Seat 3: Artachok ($178.23 in chips)
Captn2phones: posts small blind $1
Artachok: posts big blind $3
*** HOLE CARDS ***
Captn2phones: folds
Uncalled bet ($2) returned to Artachok
Artachok collected $2 from pot
Artachok: doesn't show hand
*** SUMMARY ***
Total pot $2 | Rake $0
Seat 2: Captn2phones (button) (small blind) folded before Flop
Seat 3: Artachok (big blind) collected ($2)


PokerStars Hand #176333111181:  Hold'em Limit ($3/$6 USD) - 2017/09/30 20:29:55 ET
Table 'Rollandia II' 6-max Seat #3 is the button
Seat 2: Captn2phones ($60.93 in chips)
Seat 3: Artachok ($187.23 in chips)
Artachok: posts small blind $1
Captn2phones: posts big blind $3
*** HOLE CARDS ***
Artachok: raises $3 to $6
Captn2phones: raises $3 to $9
Artachok: calls $3
*** FLOP *** [7h Ah 2d]
Captn2phones: bets $3
Artachok: folds
Uncalled bet ($3) returned to Captn2phones
Captn2phones collected $17.64 from pot
Captn2phones: doesn't show hand
*** SUMMARY ***
Total pot $18 | Rake $0.36
Board [7h Ah 2d]
Seat 2: Captn2phones (big blind) collected ($17.64)
Seat 3: Artachok (button) (small blind) folded on the Flop


PokerStars Hand #176333133072:  Hold'em Limit ($3/$6 USD) - 2017/09/30 20:30:43 ET
Table 'Rollandia II' 6-max Seat #3 is the button
Seat 2: Captn2phones ($75.33 in chips)
Seat 3: Artachok ($172.23 in chips)
Artachok: posts small blind $1
Captn2phones: posts big blind $3
*** HOLE CARDS ***
Artachok: raises $3 to $6
Captn2phones: calls $3
*** FLOP *** [Kc 4d 2d]
Captn2phones: checks
Artachok: bets $3
Captn2phones: folds
Uncalled bet ($3) returned to Artachok
Artachok collected $11.76 from pot
Artachok: doesn't show hand
*** SUMMARY ***
Total pot $12 | Rake $0.24
Board [Kc 4d 2d]
Seat 2: Captn2phones (big blind) folded on the Flop
Seat 3: Artachok (button) (small blind) collected ($11.76)


PokerStars Hand #176333123237:  Hold'em Limit ($3/$6 USD) - 2017/09/30 20:30:22 ET
Table 'Rollandia II' 6-max Seat #2 is the button
Seat 2: Captn2phones ($69.57 in chips)
Seat 3: Artachok ($178.23 in chips)
Captn2phones: posts small blind $1
Artachok: posts big blind $3
*** HOLE CARDS ***
Captn2phones: raises $3 to $6
Artachok: calls $3
*** FLOP *** [Kh 8s Jd]
Artachok: checks
Captn2phones: bets $3
Artachok: folds
Uncalled bet ($3) returned to Captn2phones
Captn2phones collected $11.76 from pot
Captn2phones: doesn't show hand
*** SUMMARY ***
Total pot $12 | Rake $0.24
Board [Kh 8s Jd]
Seat 2: Captn2phones (button) (small blind) collected ($11.76)
Seat 3: Artachok (big blind) folded on the Flop


PokerStars Hand #176333120609:  Hold'em Limit ($3/$6 USD) - 2017/09/30 20:30:16 ET
Table 'Rollandia II' 6-max Seat #3 is the button
Seat 2: Captn2phones ($68.57 in chips)
Seat 3: Artachok ($179.23 in chips)
Artachok: posts small blind $1
Captn2phones: posts big blind $3
*** HOLE CARDS ***
Artachok: folds
Uncalled bet ($2) returned to Captn2phones
Captn2phones collected $2 from pot
Captn2phones: doesn't show hand
*** SUMMARY ***
Total pot $2 | Rake $0
Seat 2: Captn2phones (big blind) collected ($2)
Seat 3: Artachok (button) (small blind) folded before Flop


PokerStars Hand #176333157038:  Hold'em Limit ($3/$6 USD) - 2017/09/30 20:31:36 ET
Table 'Rollandia II' 6-max Seat #3 is the button
Seat 2: Captn2phones ($54.33 in chips)
Seat 3: Artachok ($192.49 in chips)
Artachok: posts small blind $1
Captn2phones: posts big blind $3
*** HOLE CARDS ***
Artachok: raises $3 to $6
Captn2phones: calls $3
*** FLOP *** [Qh Js 5d]
Captn2phones: checks
Artachok: checks
*** TURN *** [Qh Js 5d] [4h]
Captn2phones: checks
Artachok: bets $6
Captn2phones: folds
Uncalled bet ($6) returned to Artachok
Artachok collected $11.76 from pot
Artachok: doesn't show hand
*** SUMMARY ***
Total pot $12 | Rake $0.24
Board [Qh Js 5d 4h]
Seat 2: Captn2phones (big blind) folded on the Turn
Seat 3: Artachok (button) (small blind) collected ($11.76)


PokerStars Hand #176333143915:  Hold'em Limit ($3/$6 USD) - 2017/09/30 20:31:07 ET
Table 'Rollandia II' 6-max Seat #2 is the button
Seat 2: Captn2phones ($69.33 in chips)
Seat 3: Artachok ($177.99 in chips)
Captn2phones: posts small blind $1
Artachok: posts big blind $3
*** HOLE CARDS ***
Captn2phones: raises $3 to $6
Artachok: calls $3
*** FLOP *** [3c 8h Th]
Artachok: checks
Captn2phones: bets $3
Artachok: calls $3
*** TURN *** [3c 8h Th] [Js]
Artachok: checks
Captn2phones: bets $6
Artachok: calls $6
*** RIVER *** [3c 8h Th Js] [5s]
Artachok: checks
Captn2phones: checks
*** SHOW DOWN ***
Artachok: shows [Ts Ks] (a pair of Tens)
Captn2phones: mucks hand
Artachok collected $29.50 from pot
*** SUMMARY ***
Total pot $30 | Rake $0.50
Board [3c 8h Th Js 5s]
Seat 2: Captn2phones (button) (small blind) mucked
Seat 3: Artachok (big blind) showed [Ts Ks] and won ($29.50) with a pair of Tens


PokerStars Hand #176333190171:  Hold'em Limit ($3/$6 USD) - 2017/09/30 20:32:50 ET
Table 'Rollandia II' 6-max Seat #2 is the button
Seat 2: Captn2phones ($36.33 in chips)
Seat 3: Artachok ($209.77 in chips)
Captn2phones: posts small blind $1
Artachok: posts big blind $3
*** HOLE CARDS ***
Captn2phones: raises $3 to $6
Artachok: calls $3
*** FLOP *** [Ac Ks 2s]
Artachok: checks
Captn2phones: bets $3
Artachok: folds
Uncalled bet ($3) returned to Captn2phones
Captn2phones collected $11.76 from pot
Captn2phones: doesn't show hand
*** SUMMARY ***
Total pot $12 | Rake $0.24
Board [Ac Ks 2s]
Seat 2: Captn2phones (button) (small blind) collected ($11.76)
Seat 3: Artachok (big blind) folded on the Flop


PokerStars Hand #176333180336:  Hold'em Limit ($3/$6 USD) - 2017/09/30 20:32:28 ET
Table 'Rollandia II' 6-max Seat #3 is the button
Seat 2: Captn2phones ($39.33 in chips)
Seat 3: Artachok ($206.89 in chips)
Artachok: posts small blind $1
Captn2phones: posts big blind $3
*** HOLE CARDS ***
Artachok: calls $2
Captn2phones: checks
*** FLOP *** [As Jd 2s]
Captn2phones: checks
Artachok: checks
*** TURN *** [As Jd 2s] [4s]
Captn2phones: checks
Artachok: checks
*** RIVER *** [As Jd 2s 4s] [8c]
Captn2phones: checks
Artachok: checks
*** SHOW DOWN ***
Captn2phones: shows [7d 6s] (high card Ace)
Artachok: shows [4h 5h] (a pair of Fours)
Artachok collected $5.88 from pot
*** SUMMARY ***
Total pot $6 | Rake $0.12
Board [As Jd 2s 4s 8c]
Seat 2: Captn2phones (big blind) showed [7d 6s] and lost with high card Ace
Seat 3: Artachok (button) (small blind) showed [4h 5h] and won ($5.88) with a pair of Fours


PokerStars Hand #176333167733:  Hold'em Limit ($3/$6 USD) - 2017/09/30 20:32:00 ET
Table 'Rollandia II' 6-max Seat #2 is the button
Seat 2: Captn2phones ($48.33 in chips)
Seat 3: Artachok ($198.25 in chips)
Captn2phones: posts small blind $1
Artachok: posts big blind $3
*** HOLE CARDS ***
Captn2phones: raises $3 to $6
Artachok: calls $3
*** FLOP *** [7d 5s Ah]
Artachok: checks
Captn2phones: bets $3
Artachok: calls $3
*** TURN *** [7d 5s Ah] [2d]
Artachok: checks
Captn2phones: checks
*** RIVER *** [7d 5s Ah 2d] [9s]
Artachok: bets $6
Captn2phones: folds
Uncalled bet ($6) returned to Artachok
Artachok collected $17.64 from pot
Artachok: doesn't show hand
*** SUMMARY ***
Total pot $18 | Rake $0.36
Board [7d 5s Ah 2d 9s]
Seat 2: Captn2phones (button) (small blind) folded on the River
Seat 3: Artachok (big blind) collected ($17.64)


PokerStars Hand #176333195953:  Hold'em Limit ($3/$6 USD) - 2017/09/30 20:33:03 ET
Table 'Rollandia II' 6-max Seat #3 is the button
Seat 2: Captn2phones ($42.09 in chips)
Seat 3: Artachok ($203.77 in chips)
Artachok: posts small blind $1
Captn2phones: posts big blind $3
*** HOLE CARDS ***
Artachok: raises $3 to $6
Captn2phones: calls $3
*** FLOP *** [3d 7d Ks]
Captn2phones: checks
Artachok: bets $3
Captn2phones: raises $3 to $6
Artachok: calls $3
*** TURN *** [3d 7d Ks] [Qh]
Captn2phones: checks
Artachok: bets $6
Captn2phones: calls $6
*** RIVER *** [3d 7d Ks Qh] [6d]
Captn2phones: checks
Artachok: bets $6
Captn2phones: calls $6
*** SHOW DOWN ***
Artachok: shows [Td Qd] (a flush, Queen high)
Captn2phones: mucks hand
Artachok collected $47.50 from pot
*** SUMMARY ***
Total pot $48 | Rake $0.50
Board [3d 7d Ks Qh 6d]
Seat 2: Captn2phones (big blind) mucked
Seat 3: Artachok (button) (small blind) showed [Td Qd] and won ($47.50) with a flush, Queen high


PokerStars Hand #176333214670:  Hold'em Limit ($3/$6 USD) - 2017/09/30 20:33:44 ET
Table 'Rollandia II' 6-max Seat #2 is the button
Seat 2: Captn2phones ($18.09 in chips)
Seat 3: Artachok ($227.27 in chips)
Captn2phones: posts small blind $1
Artachok: posts big blind $3
*** HOLE CARDS ***
Captn2phones: raises $3 to $6
Artachok: calls $3
*** FLOP *** [8d Jd Kd]
Artachok: checks
Captn2phones: bets $3
Artachok: folds
Uncalled bet ($3) returned to Captn2phones
Captn2phones collected $11.76 from pot
Captn2phones: doesn't show hand
*** SUMMARY ***
Total pot $12 | Rake $0.24
Board [8d Jd Kd]
Seat 2: Captn2phones (button) (small blind) collected ($11.76)
Seat 3: Artachok (big blind) folded on the Flop


PokerStars Hand #176333225305:  Hold'em Limit ($3/$6 USD) - 2017/09/30 20:34:08 ET
Table 'Rollandia II' 6-max Seat #3 is the button
Seat 2: Captn2phones ($23.85 in chips)
Seat 3: Artachok ($221.27 in chips)
Artachok: posts small blind $1
Captn2phones: posts big blind $3
*** HOLE CARDS ***
Artachok: folds
Uncalled bet ($2) returned to Captn2phones
Captn2phones collected $2 from pot
Captn2phones: doesn't show hand
*** SUMMARY ***
Total pot $2 | Rake $0
Seat 2: Captn2phones (big blind) collected ($2)
Seat 3: Artachok (button) (small blind) folded before Flop


PokerStars Hand #176333234637:  Hold'em Limit ($3/$6 USD) - 2017/09/30 20:34:28 ET
Table 'Rollandia II' 6-max Seat #2 is the button
Seat 2: Captn2phones ($20.85 in chips)
Seat 3: Artachok ($224.27 in chips)
Captn2phones: posts small blind $1
Artachok: posts big blind $3
*** HOLE CARDS ***
Captn2phones: raises $3 to $6
Artachok: calls $3
*** FLOP *** [7s 9d Qs]
Artachok: checks
Captn2phones: bets $3
Artachok: calls $3
*** TURN *** [7s 9d Qs] [6d]
Artachok: checks
Jesper0808 joins the table at seat #4
Captn2phones: bets $6
Artachok: calls $6
*** RIVER *** [7s 9d Qs 6d] [8h]
Artachok: checks
Captn2phones: checks
*** SHOW DOWN ***
Artachok: shows [Kc Jc] (high card King)
Captn2phones: shows [4h Qh] (a pair of Queens)
Captn2phones collected $29.50 from pot
*** SUMMARY ***
Total pot $30 | Rake $0.50
Board [7s 9d Qs 6d 8h]
Seat 2: Captn2phones (button) (small blind) showed [4h Qh] and won ($29.50) with a pair of Queens
Seat 3: Artachok (big blind) showed [Kc Jc] and lost with high card King


PokerStars Hand #176333231330:  Hold'em Limit ($3/$6 USD) - 2017/09/30 20:34:21 ET
Table 'Rollandia II' 6-max Seat #3 is the button
Seat 2: Captn2phones ($23.85 in chips)
Seat 3: Artachok ($221.27 in chips)
Artachok: posts small blind $1
Captn2phones: posts big blind $3
*** HOLE CARDS ***
Artachok: raises $3 to $6
Captn2phones: folds
Uncalled bet ($3) returned to Artachok
Artachok collected $6 from pot
Artachok: doesn't show hand
*** SUMMARY ***
Total pot $6 | Rake $0
Seat 2: Captn2phones (big blind) folded before Flop
Seat 3: Artachok (button) (small blind) collected ($6)


PokerStars Hand #176333227669:  Hold'em Limit ($3/$6 USD) - 2017/09/30 20:34:13 ET
Table 'Rollandia II' 6-max Seat #2 is the button
Seat 2: Captn2phones ($24.85 in chips)
Seat 3: Artachok ($220.27 in chips)
Captn2phones: posts small blind $1
Artachok: posts big blind $3
*** HOLE CARDS ***
Captn2phones: folds
Uncalled bet ($2) returned to Artachok
Artachok collected $2 from pot
Artachok: doesn't show hand
*** SUMMARY ***
Total pot $2 | Rake $0
Seat 2: Captn2phones (button) (small blind) folded before Flop
Seat 3: Artachok (big blind) collected ($2)


PokerStars Hand #176336679025:  Hold'em Limit ($3/$6 USD) - 2017/09/30 23:10:32 ET
Table 'Rollandia II' 6-max Seat #4 is the button
Seat 4: MZL444 ($163.50 in chips)
Seat 5: masterblstr8 ($122.07 in chips)
MZL444: posts small blind $1
masterblstr8: posts big blind $3
*** HOLE CARDS ***
MZL444: folds
Uncalled bet ($2) returned to masterblstr8
Tommy_Ezt leaves the table
masterblstr8 collected $2 from pot
masterblstr8: doesn't show hand
*** SUMMARY ***
Total pot $2 | Rake $0
Seat 4: MZL444 (button) (small blind) folded before Flop
Seat 5: masterblstr8 (big blind) collected ($2)


PokerStars Hand #176336680844:  Hold'em Limit ($3/$6 USD) - 2017/09/30 23:10:38 ET
Table 'Rollandia II' 6-max Seat #5 is the button
Seat 4: MZL444 ($162.50 in chips)
Seat 5: masterblstr8 ($123.07 in chips)
masterblstr8: posts small blind $1
MZL444: posts big blind $3
*** HOLE CARDS ***
masterblstr8: raises $3 to $6
MZL444: calls $3
*** FLOP *** [4s 9h 4h]
MZL444: checks
masterblstr8: bets $3
MZL444: calls $3
*** TURN *** [4s 9h 4h] [Th]
CharginWapos joins the table at seat #6
MZL444: bets $6
masterblstr8: folds
Uncalled bet ($6) returned to MZL444
MZL444 collected $17.64 from pot
MZL444: doesn't show hand
*** SUMMARY ***
Total pot $18 | Rake $0.36
Board [4s 9h 4h Th]
Seat 4: MZL444 (big blind) collected ($17.64)
Seat 5: masterblstr8 (button) (small blind) folded on the Turn


PokerStars Hand #176336686545:  Hold'em Limit ($3/$6 USD) - 2017/09/30 23:10:57 ET
Table 'Rollandia II' 6-max Seat #4 is the button
Seat 4: MZL444 ($171.14 in chips)
Seat 5: masterblstr8 ($114.07 in chips)
MZL444: posts small blind $1
masterblstr8: posts big blind $3
*** HOLE CARDS ***
MZL444: calls $2
masterblstr8: raises $3 to $6
MZL444: calls $3
*** FLOP *** [7h 9c 9h]
masterblstr8: bets $3
MZL444: raises $3 to $6
masterblstr8: calls $3
*** TURN *** [7h 9c 9h] [3c]
masterblstr8: checks
MZL444: bets $6
masterblstr8: calls $6
*** RIVER *** [7h 9c 9h 3c] [9s]
masterblstr8: checks
MZL444: bets $6
masterblstr8: calls $6
*** SHOW DOWN ***
MZL444: shows [8c 7s] (a full house, Nines full of Sevens)
masterblstr8: mucks hand
MZL444 collected $47.50 from pot
*** SUMMARY ***
Total pot $48 | Rake $0.50
Board [7h 9c 9h 3c 9s]
Seat 4: MZL444 (button) (small blind) showed [8c 7s] and won ($47.50) with a full house, Nines full of Sevens
Seat 5: masterblstr8 (big blind) mucked


PokerStars Hand #176337516538:  Hold'em Limit ($3/$6 USD) - 2017/10/01 0:00:21 ET
Table 'Rollandia II' 6-max Seat #5 is the button
Seat 1: misslillady ($220.05 in chips)
Seat 5: masterblstr8 ($132.38 in chips)
masterblstr8: posts small blind $1
BigMoe77: is sitting out
BigMoe77 leaves the table
misslillady: posts big blind $3
*** HOLE CARDS ***
masterblstr8: raises $3 to $6
misslillady: folds
Uncalled bet ($3) returned to masterblstr8
masterblstr8 collected $6 from pot
masterblstr8: doesn't show hand
*** SUMMARY ***
Total pot $6 | Rake $0
Seat 1: misslillady (big blind) folded before Flop
Seat 5: masterblstr8 (button) (small blind) collected ($6)


