PokerStars Hand #154186295779:  Hold'em Limit ($3/$6 USD) - 2016/06/02 11:17:59 ET
Table 'Rollandia' 6-max Seat #1 is the button
Seat 1: chipsdigme86 ($80 in chips)
Seat 2: Ale4o ($138.50 in chips)
chipsdigme86: posts small blind $1
Ale4o: posts big blind $3
*** HOLE CARDS ***
chipsdigme86: raises $3 to $6
Ale4o: folds
Uncalled bet ($3) returned to chipsdigme86
chipsdigme86 collected $6 from pot
*** SUMMARY ***
Total pot $6 | Rake $0
Seat 1: chipsdigme86 (button) (small blind) collected ($6)
Seat 2: Ale4o (big blind) folded before Flop


PokerStars Hand #154186284104:  Hold'em Limit ($3/$6 USD) - 2016/06/02 11:17:41 ET
Table 'Rollandia' 6-max Seat #2 is the button
Seat 1: chipsdigme86 ($98 in chips)
Seat 2: Ale4o ($121 in chips)
Ale4o: posts small blind $1
chipsdigme86: posts big blind $3
*** HOLE CARDS ***
Ale4o: raises $3 to $6
chipsdigme86: calls $3
*** FLOP *** [8d 9h Ts]
chipsdigme86: checks
Ale4o: checks
*** TURN *** [8d 9h Ts] [2h]
chipsdigme86: checks
Ale4o: bets $6
chipsdigme86: calls $6
*** RIVER *** [8d 9h Ts 2h] [5h]
chipsdigme86: checks
Ale4o: bets $6
chipsdigme86: calls $6
*** SHOW DOWN ***
Ale4o: shows [9d 5d] (two pair, Nines and Fives)
tomte999 joins the table at seat #3
chipsdigme86: mucks hand
Ale4o collected $35.50 from pot
*** SUMMARY ***
Total pot $36 | Rake $0.50
Board [8d 9h Ts 2h 5h]
Seat 1: chipsdigme86 (big blind) mucked
Seat 2: Ale4o (button) (small blind) showed [9d 5d] and won ($35.50) with two pair, Nines and Fives


PokerStars Hand #154186280484:  Hold'em Limit ($3/$6 USD) - 2016/06/02 11:17:35 ET
Table 'Rollandia' 6-max Seat #1 is the button
Seat 1: chipsdigme86 ($99 in chips)
Seat 2: Ale4o ($120 in chips)
chipsdigme86: posts small blind $1
Ale4o: posts big blind $3
*** HOLE CARDS ***
chipsdigme86: folds
Uncalled bet ($2) returned to Ale4o
Ale4o collected $2 from pot
Ale4o: doesn't show hand
*** SUMMARY ***
Total pot $2 | Rake $0
Seat 1: chipsdigme86 (button) (small blind) folded before Flop
Seat 2: Ale4o (big blind) collected ($2)


PokerStars Hand #154186323562:  Hold'em Limit ($3/$6 USD) - 2016/06/02 11:18:42 ET
Table 'Rollandia' 6-max Seat #2 is the button
Seat 1: chipsdigme86 ($121 in chips)
Seat 2: Ale4o ($96.50 in chips)
Ale4o: posts small blind $1
chipsdigme86: posts big blind $3
*** HOLE CARDS ***
Ale4o: raises $3 to $6
chipsdigme86: folds
Uncalled bet ($3) returned to Ale4o
Ale4o collected $6 from pot
Ale4o: doesn't show hand
*** SUMMARY ***
Total pot $6 | Rake $0
Seat 1: chipsdigme86 (big blind) folded before Flop
Seat 2: Ale4o (button) (small blind) collected ($6)


PokerStars Hand #154186313723:  Hold'em Limit ($3/$6 USD) - 2016/06/02 11:18:27 ET
Table 'Rollandia' 6-max Seat #1 is the button
Seat 1: chipsdigme86 ($106.50 in chips)
Seat 2: Ale4o ($111.50 in chips)
chipsdigme86: posts small blind $1
Ale4o: posts big blind $3
*** HOLE CARDS ***
chipsdigme86: raises $3 to $6
Ale4o: calls $3
*** FLOP *** [7h 3h 2s]
Ale4o: checks
chipsdigme86: bets $3
Ale4o: calls $3
*** TURN *** [7h 3h 2s] [5h]
Ale4o: checks
chipsdigme86: checks
*** RIVER *** [7h 3h 2s 5h] [Ah]
Ale4o: bets $6
chipsdigme86: calls $6
*** SHOW DOWN ***
Ale4o: shows [Jd 9c] (high card Ace)
chipsdigme86: shows [Ad Qc] (a pair of Aces)
chipsdigme86 collected $29.50 from pot
*** SUMMARY ***
Total pot $30 | Rake $0.50
Board [7h 3h 2s 5h Ah]
Seat 1: chipsdigme86 (button) (small blind) showed [Ad Qc] and won ($29.50) with a pair of Aces
Seat 2: Ale4o (big blind) showed [Jd 9c] and lost with high card Ace


PokerStars Hand #154186299929:  Hold'em Limit ($3/$6 USD) - 2016/06/02 11:18:05 ET
Table 'Rollandia' 6-max Seat #2 is the button
Seat 1: chipsdigme86 ($83 in chips)
Seat 2: Ale4o ($135.50 in chips)
Ale4o: posts small blind $1
chipsdigme86: posts big blind $3
*** HOLE CARDS ***
Ale4o: raises $3 to $6
chipsdigme86: raises $3 to $9
Ale4o: calls $3
*** FLOP *** [Kc 8h 2c]
chipsdigme86: bets $3
Ale4o: calls $3
*** TURN *** [Kc 8h 2c] [2s]
chipsdigme86: bets $6
Ale4o: calls $6
*** RIVER *** [Kc 8h 2c 2s] [4d]
chipsdigme86: bets $6
Ale4o: calls $6
*** SHOW DOWN ***
chipsdigme86: shows [8c Js] (two pair, Eights and Deuces)
Ale4o: mucks hand
chipsdigme86 collected $47.50 from pot
*** SUMMARY ***
Total pot $48 | Rake $0.50
Board [Kc 8h 2c 2s 4d]
Seat 1: chipsdigme86 (big blind) showed [8c Js] and won ($47.50) with two pair, Eights and Deuces
Seat 2: Ale4o (button) (small blind) mucked


PokerStars Hand #154186369847:  Hold'em Limit ($3/$6 USD) - 2016/06/02 11:19:53 ET
Table 'Rollandia' 6-max Seat #2 is the button
Seat 1: chipsdigme86 ($164.64 in chips)
Seat 2: Ale4o ($162 in chips)
Ale4o: posts small blind $1
chipsdigme86: posts big blind $3
*** HOLE CARDS ***
Ale4o: raises $3 to $6
chipsdigme86: calls $3
*** FLOP *** [6d Qh 5c]
chipsdigme86: checks
Ale4o: bets $3
chipsdigme86: calls $3
*** TURN *** [6d Qh 5c] [Th]
chipsdigme86: checks
Ale4o: bets $6
chipsdigme86: folds
Uncalled bet ($6) returned to Ale4o
Ale4o collected $17.64 from pot
Ale4o: doesn't show hand
*** SUMMARY ***
Total pot $18 | Rake $0.36
Board [6d Qh 5c Th]
Seat 1: chipsdigme86 (big blind) folded on the Turn
Seat 2: Ale4o (button) (small blind) collected ($17.64)


PokerStars Hand #154186367248:  Hold'em Limit ($3/$6 USD) - 2016/06/02 11:19:49 ET
Table 'Rollandia' 6-max Seat #1 is the button
Seat 1: chipsdigme86 ($165.64 in chips)
Seat 2: Ale4o ($161 in chips)
chipsdigme86: posts small blind $1
Ale4o: posts big blind $3
*** HOLE CARDS ***
chipsdigme86: folds
Uncalled bet ($2) returned to Ale4o
Ale4o collected $2 from pot
Ale4o: doesn't show hand
*** SUMMARY ***
Total pot $2 | Rake $0
Seat 1: chipsdigme86 (button) (small blind) folded before Flop
Seat 2: Ale4o (big blind) collected ($2)


PokerStars Hand #154186364618:  Hold'em Limit ($3/$6 USD) - 2016/06/02 11:19:45 ET
Table 'Rollandia' 6-max Seat #2 is the button
Seat 1: chipsdigme86 ($164.64 in chips)
Seat 2: Ale4o ($162 in chips)
Ale4o: posts small blind $1
chipsdigme86: posts big blind $3
*** HOLE CARDS ***
Ale4o: folds
Uncalled bet ($2) returned to chipsdigme86
chipsdigme86 collected $2 from pot
*** SUMMARY ***
Total pot $2 | Rake $0
Seat 1: chipsdigme86 (big blind) collected ($2)
Seat 2: Ale4o (button) (small blind) folded before Flop


PokerStars Hand #154186356054:  Hold'em Limit ($3/$6 USD) - 2016/06/02 11:19:32 ET
Table 'Rollandia' 6-max Seat #1 is the button
Seat 1: chipsdigme86 ($150.14 in chips)
Seat 2: Ale4o ($66.50 in chips)
chipsdigme86: posts small blind $1
Ale4o: posts big blind $3
*** HOLE CARDS ***
chipsdigme86: raises $3 to $6
Ale4o: calls $3
*** FLOP *** [8c Tc 9c]
Ale4o: checks
chipsdigme86: bets $3
Ale4o: calls $3
*** TURN *** [8c Tc 9c] [6d]
Ale4o: checks
chipsdigme86: checks
*** RIVER *** [8c Tc 9c 6d] [9d]
Ale4o: bets $6
chipsdigme86: calls $6
*** SHOW DOWN ***
Ale4o: shows [Qd 3d] (a pair of Nines)
chipsdigme86: shows [2d 2s] (two pair, Nines and Deuces)
chipsdigme86 collected $29.50 from pot
*** SUMMARY ***
Total pot $30 | Rake $0.50
Board [8c Tc 9c 6d 9d]
Seat 1: chipsdigme86 (button) (small blind) showed [2d 2s] and won ($29.50) with two pair, Nines and Deuces
Seat 2: Ale4o (big blind) showed [Qd 3d] and lost with a pair of Nines


PokerStars Hand #154186345318:  Hold'em Limit ($3/$6 USD) - 2016/06/02 11:19:15 ET
Table 'Rollandia' 6-max Seat #2 is the button
Seat 1: chipsdigme86 ($126.64 in chips)
Seat 2: Ale4o ($90.50 in chips)
Ale4o: posts small blind $1
chipsdigme86: posts big blind $3
*** HOLE CARDS ***
Ale4o: raises $3 to $6
chipsdigme86: calls $3
*** FLOP *** [Kh 7h 7c]
chipsdigme86: checks
Ale4o: bets $3
chipsdigme86: raises $3 to $6
Ale4o: calls $3
*** TURN *** [Kh 7h 7c] [Jc]
chipsdigme86: bets $6
Ale4o: calls $6
*** RIVER *** [Kh 7h 7c Jc] [2d]
chipsdigme86: bets $6
Ale4o: calls $6
*** SHOW DOWN ***
chipsdigme86: shows [Ks 4s] (two pair, Kings and Sevens)
Ale4o: mucks hand
chipsdigme86 collected $47.50 from pot
*** SUMMARY ***
Total pot $48 | Rake $0.50
Board [Kh 7h 7c Jc 2d]
Seat 1: chipsdigme86 (big blind) showed [Ks 4s] and won ($47.50) with two pair, Kings and Sevens
Seat 2: Ale4o (button) (small blind) mucked


PokerStars Hand #154186328751:  Hold'em Limit ($3/$6 USD) - 2016/06/02 11:18:50 ET
Table 'Rollandia' 6-max Seat #1 is the button
Seat 1: chipsdigme86 ($118 in chips)
Seat 2: Ale4o ($99.50 in chips)
chipsdigme86: posts small blind $1
Ale4o: posts big blind $3
*** HOLE CARDS ***
chipsdigme86: raises $3 to $6
Ale4o: calls $3
*** FLOP *** [Jd 4d 4c]
Ale4o: checks
chipsdigme86: bets $3
Ale4o: calls $3
*** TURN *** [Jd 4d 4c] [2h]
Ale4o: checks
chipsdigme86: checks
*** RIVER *** [Jd 4d 4c 2h] [Ac]
Ale4o: checks
chipsdigme86: bets $6
Ale4o: folds
Uncalled bet ($6) returned to chipsdigme86
chipsdigme86 collected $17.64 from pot
*** SUMMARY ***
Total pot $18 | Rake $0.36
Board [Jd 4d 4c 2h Ac]
Seat 1: chipsdigme86 (button) (small blind) collected ($17.64)
Seat 2: Ale4o (big blind) folded on the River


PokerStars Hand #154186396858:  Hold'em Limit ($3/$6 USD) - 2016/06/02 11:20:34 ET
Table 'Rollandia' 6-max Seat #1 is the button
Seat 1: chipsdigme86 ($140.40 in chips)
Seat 2: Ale4o ($185.14 in chips)
chipsdigme86: posts small blind $1
Ale4o: posts big blind $3
*** HOLE CARDS ***
chipsdigme86: raises $3 to $6
Ale4o: calls $3
*** FLOP *** [8d Kc Th]
Ale4o: checks
chipsdigme86: checks
*** TURN *** [8d Kc Th] [4d]
Ale4o: checks
chipsdigme86: bets $6
Ale4o: raises $6 to $12
chipsdigme86: calls $6
*** RIVER *** [8d Kc Th 4d] [6s]
Ale4o: bets $6
chipsdigme86: calls $6
*** SHOW DOWN ***
Ale4o: shows [Kh 6d] (two pair, Kings and Sixes)
chipsdigme86: mucks hand
Ale4o collected $47.50 from pot
*** SUMMARY ***
Total pot $48 | Rake $0.50
Board [8d Kc Th 4d 6s]
Seat 1: chipsdigme86 (button) (small blind) mucked
Seat 2: Ale4o (big blind) showed [Kh 6d] and won ($47.50) with two pair, Kings and Sixes


PokerStars Hand #154186388429:  Hold'em Limit ($3/$6 USD) - 2016/06/02 11:20:21 ET
Table 'Rollandia' 6-max Seat #2 is the button
Seat 1: chipsdigme86 ($134.64 in chips)
Seat 2: Ale4o ($191.14 in chips)
Ale4o: posts small blind $1
chipsdigme86: posts big blind $3
*** HOLE CARDS ***
Ale4o: raises $3 to $6
chipsdigme86: calls $3
*** FLOP *** [Kh 2h 7h]
chipsdigme86: checks
Ale4o: checks
*** TURN *** [Kh 2h 7h] [5c]
chipsdigme86: checks
Ale4o: checks
*** RIVER *** [Kh 2h 7h 5c] [Qh]
chipsdigme86: bets $6
Ale4o: folds
Uncalled bet ($6) returned to chipsdigme86
chipsdigme86 collected $11.76 from pot
*** SUMMARY ***
Total pot $12 | Rake $0.24
Board [Kh 2h 7h 5c Qh]
Seat 1: chipsdigme86 (big blind) collected ($11.76)
Seat 2: Ale4o (button) (small blind) folded on the River


PokerStars Hand #154186377728:  Hold'em Limit ($3/$6 USD) - 2016/06/02 11:20:05 ET
Table 'Rollandia' 6-max Seat #1 is the button
Seat 1: chipsdigme86 ($155.64 in chips)
Seat 2: Ale4o ($170.64 in chips)
chipsdigme86: posts small blind $1
Ale4o: posts big blind $3
*** HOLE CARDS ***
chipsdigme86: raises $3 to $6
Ale4o: calls $3
*** FLOP *** [Jc 2c 3d]
Ale4o: checks
chipsdigme86: bets $3
Ale4o: raises $3 to $6
chipsdigme86: raises $3 to $9
Ale4o: calls $3
*** TURN *** [Jc 2c 3d] [Ac]
Ale4o: checks
chipsdigme86: checks
*** RIVER *** [Jc 2c 3d Ac] [As]
Ale4o: bets $6
chipsdigme86: calls $6
*** SHOW DOWN ***
Ale4o: shows [Ad 8c] (three of a kind, Aces)
chipsdigme86: mucks hand
Ale4o collected $41.50 from pot
*** SUMMARY ***
Total pot $42 | Rake $0.50
Board [Jc 2c 3d Ac As]
Seat 1: chipsdigme86 (button) (small blind) mucked
Seat 2: Ale4o (big blind) showed [Ad 8c] and won ($41.50) with three of a kind, Aces


