PokerStars Hand #169773486296:  Hold'em Limit ($3/$6 USD) - 2017/04/30 14:57:48 ET
Table 'Roma' 6-max Seat #2 is the button
Seat 2: Krazy90 ($120 in chips)
Seat 3: matys112 ($123.76 in chips)
Krazy90: posts small blind $1
matys112: posts big blind $3
*** HOLE CARDS ***
Krazy90: raises $3 to $6
matys112: folds
Uncalled bet ($3) returned to Krazy90
Krazy90 collected $6 from pot
Krazy90: doesn't show hand
*** SUMMARY ***
Total pot $6 | Rake $0
Seat 2: Krazy90 (button) (small blind) collected ($6)
Seat 3: matys112 (big blind) folded before Flop


PokerStars Hand #169773471821:  Hold'em Limit ($3/$6 USD) - 2017/04/30 14:57:25 ET
Table 'Roma' 6-max Seat #3 is the button
Seat 2: Krazy90 ($121.76 in chips)
Seat 3: matys112 ($118 in chips)
matys112: posts small blind $1
Krazy90: posts big blind $3
*** HOLE CARDS ***
matys112: raises $3 to $6
Krazy90: calls $3
*** FLOP *** [Ts 8h 8s]
Krazy90: checks
matys112: bets $3
Krazy90: folds
Uncalled bet ($3) returned to matys112
matys112 collected $11.76 from pot
matys112: doesn't show hand
*** SUMMARY ***
Total pot $12 | Rake $0.24
Board [Ts 8h 8s]
Seat 2: Krazy90 (big blind) folded on the Flop
Seat 3: matys112 (button) (small blind) collected ($11.76)


PokerStars Hand #169773510056:  Hold'em Limit ($3/$6 USD) - 2017/04/30 14:58:24 ET
Table 'Roma' 6-max Seat #2 is the button
Seat 2: Krazy90 ($123.76 in chips)
Seat 3: matys112 ($119.52 in chips)
Krazy90: posts small blind $1
matys112: posts big blind $3
*** HOLE CARDS ***
Krazy90: folds
Uncalled bet ($2) returned to matys112
matys112 collected $2 from pot
matys112: doesn't show hand
*** SUMMARY ***
Total pot $2 | Rake $0
Seat 2: Krazy90 (button) (small blind) folded before Flop
Seat 3: matys112 (big blind) collected ($2)


PokerStars Hand #169773502716:  Hold'em Limit ($3/$6 USD) - 2017/04/30 14:58:13 ET
Table 'Roma' 6-max Seat #3 is the button
Seat 2: Krazy90 ($129.76 in chips)
Seat 3: matys112 ($113.76 in chips)
matys112: posts small blind $1
Krazy90: posts big blind $3
*** HOLE CARDS ***
matys112: raises $3 to $6
Krazy90: calls $3
*** FLOP *** [Ah 4d Kc]
Krazy90: checks
matys112: bets $3
Krazy90: folds
Uncalled bet ($3) returned to matys112
matys112 collected $11.76 from pot
matys112: doesn't show hand
*** SUMMARY ***
Total pot $12 | Rake $0.24
Board [Ah 4d Kc]
Seat 2: Krazy90 (big blind) folded on the Flop
Seat 3: matys112 (button) (small blind) collected ($11.76)


PokerStars Hand #169773494283:  Hold'em Limit ($3/$6 USD) - 2017/04/30 14:58:00 ET
Table 'Roma' 6-max Seat #2 is the button
Seat 2: Krazy90 ($124 in chips)
Seat 3: matys112 ($119.76 in chips)
Krazy90: posts small blind $1
matys112: posts big blind $3
*** HOLE CARDS ***
Krazy90: raises $3 to $6
matys112: calls $3
*** FLOP *** [7h 2h Qd]
matys112: checks
Krazy90: bets $3
matys112: folds
Uncalled bet ($3) returned to Krazy90
Krazy90 collected $11.76 from pot
Krazy90: doesn't show hand
*** SUMMARY ***
Total pot $12 | Rake $0.24
Board [7h 2h Qd]
Seat 2: Krazy90 (button) (small blind) collected ($11.76)
Seat 3: matys112 (big blind) folded on the Flop


PokerStars Hand #169773491079:  Hold'em Limit ($3/$6 USD) - 2017/04/30 14:57:55 ET
Table 'Roma' 6-max Seat #3 is the button
Seat 2: Krazy90 ($123 in chips)
Seat 3: matys112 ($120.76 in chips)
matys112: posts small blind $1
Krazy90: posts big blind $3
*** HOLE CARDS ***
matys112: folds
Uncalled bet ($2) returned to Krazy90
Krazy90 collected $2 from pot
Krazy90: doesn't show hand
*** SUMMARY ***
Total pot $2 | Rake $0
Seat 2: Krazy90 (big blind) collected ($2)
Seat 3: matys112 (button) (small blind) folded before Flop


PokerStars Hand #169773513036:  Hold'em Limit ($3/$6 USD) - 2017/04/30 14:58:29 ET
Table 'Roma' 6-max Seat #3 is the button
Seat 2: Krazy90 ($122.76 in chips)
Seat 3: matys112 ($120.52 in chips)
matys112: posts small blind $1
Krazy90: posts big blind $3
*** HOLE CARDS ***
matys112: calls $2
Krazy90: raises $3 to $6
matys112: calls $3
*** FLOP *** [7c 8c 2h]
Krazy90: bets $3
matys112: calls $3
*** TURN *** [7c 8c 2h] [4d]
Krazy90: checks
matys112: bets $6
Krazy90: calls $6
*** RIVER *** [7c 8c 2h 4d] [Js]
Krazy90: checks
matys112: checks
*** SHOW DOWN ***
Krazy90: shows [As 5s] (high card Ace)
matys112: shows [Ah 8d] (a pair of Eights)
matys112 collected $29.50 from pot
*** SUMMARY ***
Total pot $30 | Rake $0.50
Board [7c 8c 2h 4d Js]
Seat 2: Krazy90 (big blind) showed [As 5s] and lost with high card Ace
Seat 3: matys112 (button) (small blind) showed [Ah 8d] and won ($29.50) with a pair of Eights


