PokerStars Hand #149766027838:  Hold'em Limit ($3/$6 USD) - 2016/03/03 8:21:03 ET
Table 'Romilda II' 6-max Seat #4 is the button
Seat 4: VolkovDmitri ($124 in chips)
Seat 5: SberMax ($50 in chips)
VolkovDmitri: posts small blind $1
SberMax: posts big blind $3
*** HOLE CARDS ***
SmellyToes4u joins the table at seat #6
VolkovDmitri: raises $3 to $6
SberMax: calls $3
*** FLOP *** [4d Qd 7d]
SberMax: checks
VolkovDmitri: bets $3
SberMax: calls $3
*** TURN *** [4d Qd 7d] [3c]
SberMax: checks
VolkovDmitri: bets $6
SberMax: calls $6
*** RIVER *** [4d Qd 7d 3c] [Qc]
SberMax: checks
VolkovDmitri: checks
*** SHOW DOWN ***
SberMax: shows [7c 6d] (two pair, Queens and Sevens)
VolkovDmitri: mucks hand
SberMax collected $29.50 from pot
*** SUMMARY ***
Total pot $30 | Rake $0.50
Board [4d Qd 7d 3c Qc]
Seat 4: VolkovDmitri (button) (small blind) mucked
Seat 5: SberMax (big blind) showed [7c 6d] and won ($29.50) with two pair, Queens and Sevens


PokerStars Hand #149776066764:  Hold'em Limit ($3/$6 USD) - 2016/03/03 12:16:04 ET
Table 'Romilda II' 6-max Seat #4 is the button
Seat 4: SilverFal500 ($112.74 in chips)
Seat 5: playergains ($89.16 in chips)
SilverFal500: posts small blind $1
playergains: posts big blind $3
*** HOLE CARDS ***
SilverFal500: folds
Uncalled bet ($2) returned to playergains
playergains collected $2 from pot
playergains: doesn't show hand
Krillekruka leaves the table
*** SUMMARY ***
Total pot $2 | Rake $0
Seat 4: SilverFal500 (button) (small blind) folded before Flop
Seat 5: playergains (big blind) collected ($2)


