PokerStars Hand #160797060392:  Hold'em Limit ($3/$6 USD) - 2016/11/02 13:53:46 ET
Table 'Rosa II' 10-max Seat #10 is the button
Seat 7: VolkovDmitri ($120 in chips)
Seat 10: Mackeral ($55 in chips)
Mackeral: posts small blind $1
VolkovDmitri: posts big blind $3
*** HOLE CARDS ***
Mackeral: raises $3 to $6
VolkovDmitri: calls $3
*** FLOP *** [5c Td Jd]
VolkovDmitri: bets $3
Mackeral: folds
Uncalled bet ($3) returned to VolkovDmitri
VolkovDmitri collected $11.76 from pot
VolkovDmitri: doesn't show hand
*** SUMMARY ***
Total pot $12 | Rake $0.24
Board [5c Td Jd]
Seat 7: VolkovDmitri (big blind) collected ($11.76)
Seat 10: Mackeral (button) (small blind) folded on the Flop


PokerStars Hand #160797133065:  Hold'em Limit ($3/$6 USD) - 2016/11/02 13:55:13 ET
Table 'Rosa II' 10-max Seat #10 is the button
Seat 7: VolkovDmitri ($134.40 in chips)
Seat 10: Mackeral ($40 in chips)
Mackeral: posts small blind $1
VolkovDmitri: posts big blind $3
*** HOLE CARDS ***
Mackeral: raises $3 to $6
VolkovDmitri: calls $3
*** FLOP *** [Th 2d Jh]
VolkovDmitri: checks
Mackeral: bets $3
VolkovDmitri: folds
Uncalled bet ($3) returned to Mackeral
Mackeral collected $11.76 from pot
Mackeral: doesn't show hand
*** SUMMARY ***
Total pot $12 | Rake $0.24
Board [Th 2d Jh]
Seat 7: VolkovDmitri (big blind) folded on the Flop
Seat 10: Mackeral (button) (small blind) collected ($11.76)


PokerStars Hand #160797085180:  Hold'em Limit ($3/$6 USD) - 2016/11/02 13:54:15 ET
Table 'Rosa II' 10-max Seat #7 is the button
Seat 7: VolkovDmitri ($125.76 in chips)
Seat 10: Mackeral ($49 in chips)
VolkovDmitri: posts small blind $1
Mackeral: posts big blind $3
*** HOLE CARDS ***
VolkovDmitri: raises $3 to $6
Mackeral: calls $3
*** FLOP *** [3c 5h 7c]
Mackeral: checks
VolkovDmitri: bets $3
Mackeral: calls $3
*** TURN *** [3c 5h 7c] [4c]
Mackeral: checks
VolkovDmitri: checks
*** RIVER *** [3c 5h 7c 4c] [Ac]
Mackeral: checks
VolkovDmitri: bets $6
Mackeral: folds
Uncalled bet ($6) returned to VolkovDmitri
VolkovDmitri collected $17.64 from pot
VolkovDmitri: doesn't show hand
*** SUMMARY ***
Total pot $18 | Rake $0.36
Board [3c 5h 7c 4c Ac]
Seat 7: VolkovDmitri (button) (small blind) collected ($17.64)
Seat 10: Mackeral (big blind) folded on the River


PokerStars Hand #160797185831:  Hold'em Limit ($3/$6 USD) - 2016/11/02 13:56:29 ET
Table 'Rosa II' 10-max Seat #7 is the button
Seat 7: VolkovDmitri ($121 in chips)
Seat 10: Mackeral ($56.28 in chips)
VolkovDmitri: posts small blind $1
Mackeral: posts big blind $3
*** HOLE CARDS ***
VolkovDmitri: raises $3 to $6
Mackeral: calls $3
*** FLOP *** [3d 4h Ac]
Mackeral: checks
VolkovDmitri: bets $3
Mackeral: folds
Uncalled bet ($3) returned to VolkovDmitri
VolkovDmitri collected $11.76 from pot
VolkovDmitri: doesn't show hand
*** SUMMARY ***
Total pot $12 | Rake $0.24
Board [3d 4h Ac]
Seat 7: VolkovDmitri (button) (small blind) collected ($11.76)
Seat 10: Mackeral (big blind) folded on the Flop


PokerStars Hand #160797181527:  Hold'em Limit ($3/$6 USD) - 2016/11/02 13:56:23 ET
Table 'Rosa II' 10-max Seat #10 is the button
Seat 7: VolkovDmitri ($120 in chips)
Seat 10: Mackeral ($57.28 in chips)
Mackeral: posts small blind $1
VolkovDmitri: posts big blind $3
*** HOLE CARDS ***
Mackeral: folds
Uncalled bet ($2) returned to VolkovDmitri
VolkovDmitri collected $2 from pot
VolkovDmitri: doesn't show hand
*** SUMMARY ***
Total pot $2 | Rake $0
Seat 7: VolkovDmitri (big blind) collected ($2)
Seat 10: Mackeral (button) (small blind) folded before Flop


PokerStars Hand #160797147617:  Hold'em Limit ($3/$6 USD) - 2016/11/02 13:55:34 ET
Table 'Rosa II' 10-max Seat #7 is the button
Seat 7: VolkovDmitri ($128.40 in chips)
Seat 10: Mackeral ($45.76 in chips)
VolkovDmitri: posts small blind $1
Mackeral: posts big blind $3
*** HOLE CARDS ***
VolkovDmitri: raises $3 to $6
Mackeral: calls $3
*** FLOP *** [Ah Kd Ac]
Mackeral: checks
VolkovDmitri: checks
*** TURN *** [Ah Kd Ac] [7h]
Mackeral: bets $6
VolkovDmitri: calls $6
*** RIVER *** [Ah Kd Ac 7h] [5d]
Mackeral: checks
VolkovDmitri: checks
*** SHOW DOWN ***
Mackeral: shows [3d 3s] (two pair, Aces and Threes)
VolkovDmitri: mucks hand
Mackeral collected $23.52 from pot
*** SUMMARY ***
Total pot $24 | Rake $0.48
Board [Ah Kd Ac 7h 5d]
Seat 7: VolkovDmitri (button) (small blind) mucked
Seat 10: Mackeral (big blind) showed [3d 3s] and won ($23.52) with two pair, Aces and Threes


PokerStars Hand #160797231941:  Hold'em Limit ($3/$6 USD) - 2016/11/02 13:57:34 ET
Table 'Rosa II' 10-max Seat #7 is the button
Seat 7: VolkovDmitri ($120 in chips)
Seat 10: Mackeral ($58.92 in chips)
VolkovDmitri: posts small blind $1
Mackeral: posts big blind $3
*** HOLE CARDS ***
sokol-max-PS joins the table at seat #1
VolkovDmitri: raises $3 to $6
Mackeral: calls $3
*** FLOP *** [9c 4s Qh]
Mackeral: bets $3
kachon66 joins the table at seat #5
VolkovDmitri: folds
Uncalled bet ($3) returned to Mackeral
Mackeral collected $11.76 from pot
Mackeral: doesn't show hand
*** SUMMARY ***
Total pot $12 | Rake $0.24
Board [9c 4s Qh]
Seat 7: VolkovDmitri (button) (small blind) folded on the Flop
Seat 10: Mackeral (big blind) collected ($11.76)


PokerStars Hand #160797200020:  Hold'em Limit ($3/$6 USD) - 2016/11/02 13:56:49 ET
Table 'Rosa II' 10-max Seat #10 is the button
Seat 7: VolkovDmitri ($126.76 in chips)
Seat 10: Mackeral ($50.28 in chips)
Mackeral: posts small blind $1
VolkovDmitri: posts big blind $3
*** HOLE CARDS ***
Mackeral: raises $3 to $6
VolkovDmitri: calls $3
*** FLOP *** [Tc 4s Kh]
VolkovDmitri: bets $3
Mackeral: calls $3
*** TURN *** [Tc 4s Kh] [3d]
VolkovDmitri: checks
Mackeral: bets $6
VolkovDmitri: folds
Uncalled bet ($6) returned to Mackeral
Mackeral collected $17.64 from pot
Mackeral: doesn't show hand
*** SUMMARY ***
Total pot $18 | Rake $0.36
Board [Tc 4s Kh 3d]
Seat 7: VolkovDmitri (big blind) folded on the Turn
Seat 10: Mackeral (button) (small blind) collected ($17.64)


PokerStars Hand #160804110306:  Hold'em Limit ($3/$6 USD) - 2016/11/02 16:05:07 ET
Table 'Rosa II' 10-max Seat #9 is the button
Seat 7: kurt-ola ($125.37 in chips)
Seat 9: Chessnok ($176.63 in chips)
Chessnok: posts small blind $1
vestimokrec: is sitting out
kurt-ola: posts big blind $3
*** HOLE CARDS ***
Chessnok: raises $3 to $6
vestimokrec leaves the table
kurt-ola: raises $3 to $9
Chessnok: calls $3
*** FLOP *** [6c Jh 5h]
kurt-ola: bets $3
Chessnok: folds
Uncalled bet ($3) returned to kurt-ola
emeraldsrus leaves the table
kurt-ola collected $17.64 from pot
kurt-ola: doesn't show hand
*** SUMMARY ***
Total pot $18 | Rake $0.36
Board [6c Jh 5h]
Seat 7: kurt-ola (big blind) collected ($17.64)
Seat 9: Chessnok (button) (small blind) folded on the Flop


PokerStars Hand #160804121026:  Hold'em Limit ($3/$6 USD) - 2016/11/02 16:05:19 ET
Table 'Rosa II' 10-max Seat #7 is the button
Seat 7: kurt-ola ($134.01 in chips)
Seat 9: Chessnok ($167.63 in chips)
kurt-ola: posts small blind $1
Chessnok: posts big blind $3
*** HOLE CARDS ***
kurt-ola: folds
Uncalled bet ($2) returned to Chessnok
Chessnok collected $2 from pot
Chessnok: doesn't show hand
*** SUMMARY ***
Total pot $2 | Rake $0
Seat 7: kurt-ola (button) (small blind) folded before Flop
Seat 9: Chessnok (big blind) collected ($2)


