PokerStars Hand #148145787707:  Hold'em Limit ($3/$6 USD) - 2016/02/02 21:49:35 ET
Table 'Rosalia' 6-max Seat #2 is the button
Seat 1: TinaTurner72 ($323.05 in chips)
Seat 2: Rmk1500 ($42.02 in chips)
Rmk1500: posts small blind $1
lanford: is sitting out
TinaTurner72: posts big blind $3
*** HOLE CARDS ***
Rmk1500: raises $3 to $6
lanford leaves the table
TinaTurner72: calls $3
*** FLOP *** [2d Th Ah]
TinaTurner72: checks
Rmk1500: bets $3
TinaTurner72: folds
Uncalled bet ($3) returned to Rmk1500
Rmk1500 collected $11.76 from pot
*** SUMMARY ***
Total pot $12 | Rake $0.24
Board [2d Th Ah]
Seat 1: TinaTurner72 (big blind) folded on the Flop
Seat 2: Rmk1500 (button) (small blind) collected ($11.76)


PokerStars Hand #148145828029:  Hold'em Limit ($3/$6 USD) - 2016/02/02 21:51:11 ET
Table 'Rosalia' 6-max Seat #1 is the button
Seat 1: TinaTurner72 ($334.33 in chips)
Seat 2: Rmk1500 ($29.78 in chips)
TinaTurner72: posts small blind $1
Rmk1500: posts big blind $3
*** HOLE CARDS ***
TinaTurner72: raises $3 to $6
Rmk1500: calls $3
*** FLOP *** [Ad 9d 2s]
Rmk1500: checks
TinaTurner72: bets $3
Rmk1500: folds
Uncalled bet ($3) returned to TinaTurner72
TinaTurner72 collected $11.76 from pot
TinaTurner72: doesn't show hand
*** SUMMARY ***
Total pot $12 | Rake $0.24
Board [Ad 9d 2s]
Seat 1: TinaTurner72 (button) (small blind) collected ($11.76)
Seat 2: Rmk1500 (big blind) folded on the Flop


PokerStars Hand #148145821966:  Hold'em Limit ($3/$6 USD) - 2016/02/02 21:50:57 ET
Table 'Rosalia' 6-max Seat #2 is the button
Seat 1: TinaTurner72 ($325.69 in chips)
Seat 2: Rmk1500 ($38.78 in chips)
Rmk1500: posts small blind $1
TinaTurner72: posts big blind $3
*** HOLE CARDS ***
Rmk1500: raises $3 to $6
TinaTurner72: raises $3 to $9
Rmk1500: calls $3
*** FLOP *** [2h Kc 3h]
TinaTurner72: bets $3
Rmk1500: folds
Uncalled bet ($3) returned to TinaTurner72
TinaTurner72 collected $17.64 from pot
TinaTurner72: doesn't show hand
*** SUMMARY ***
Total pot $18 | Rake $0.36
Board [2h Kc 3h]
Seat 1: TinaTurner72 (big blind) collected ($17.64)
Seat 2: Rmk1500 (button) (small blind) folded on the Flop


PokerStars Hand #148145799604:  Hold'em Limit ($3/$6 USD) - 2016/02/02 21:50:03 ET
Table 'Rosalia' 6-max Seat #1 is the button
Seat 1: TinaTurner72 ($317.05 in chips)
Seat 2: Rmk1500 ($47.78 in chips)
TinaTurner72: posts small blind $1
Rmk1500: posts big blind $3
*** HOLE CARDS ***
TinaTurner72: raises $3 to $6
Rmk1500: calls $3
*** FLOP *** [7h Ts 7c]
Rmk1500: checks
TinaTurner72: bets $3
Rmk1500: calls $3
*** TURN *** [7h Ts 7c] [Ad]
Rmk1500: checks
TinaTurner72: checks
*** RIVER *** [7h Ts 7c Ad] [Jc]
Rmk1500: checks
TinaTurner72: checks
*** SHOW DOWN ***
Rmk1500: shows [2h 2s] (two pair, Sevens and Deuces)
TinaTurner72: shows [Th 5h] (two pair, Tens and Sevens)
TinaTurner72 collected $17.64 from pot
*** SUMMARY ***
Total pot $18 | Rake $0.36
Board [7h Ts 7c Ad Jc]
Seat 1: TinaTurner72 (button) (small blind) showed [Th 5h] and won ($17.64) with two pair, Tens and Sevens
Seat 2: Rmk1500 (big blind) showed [2h 2s] and lost with two pair, Sevens and Deuces


PokerStars Hand #148145849901:  Hold'em Limit ($3/$6 USD) - 2016/02/02 21:52:03 ET
Table 'Rosalia' 6-max Seat #2 is the button
Seat 1: TinaTurner72 ($339.83 in chips)
Seat 2: Rmk1500 ($23.09 in chips)
Rmk1500: posts small blind $1
TinaTurner72: posts big blind $3
*** HOLE CARDS ***
Rmk1500: folds
Uncalled bet ($2) returned to TinaTurner72
TinaTurner72 collected $2 from pot
TinaTurner72: doesn't show hand
*** SUMMARY ***
Total pot $2 | Rake $0
Seat 1: TinaTurner72 (big blind) collected ($2)
Seat 2: Rmk1500 (button) (small blind) folded before Flop


PokerStars Hand #148145842633:  Hold'em Limit ($3/$6 USD) - 2016/02/02 21:51:46 ET
Table 'Rosalia' 6-max Seat #1 is the button
Seat 1: TinaTurner72 ($351.61 in chips)
Seat 2: Rmk1500 ($11.78 in chips)
TinaTurner72: posts small blind $1
Rmk1500: posts big blind $3
*** HOLE CARDS ***
TinaTurner72: raises $3 to $6
Rmk1500: raises $3 to $9
TinaTurner72: raises $3 to $12
Betting is capped
Rmk1500: calls $2.78 and is all-in
Uncalled bet ($0.22) returned to TinaTurner72
*** FLOP *** [Qh 6s 3c]
*** TURN *** [Qh 6s 3c] [Kd]
*** RIVER *** [Qh 6s 3c Kd] [4s]
*** SHOW DOWN ***
Rmk1500: shows [8s 8c] (a pair of Eights)
TinaTurner72: shows [As Jc] (high card Ace)
Rmk1500 collected $23.09 from pot
*** SUMMARY ***
Total pot $23.56 | Rake $0.47
Board [Qh 6s 3c Kd 4s]
Seat 1: TinaTurner72 (button) (small blind) showed [As Jc] and lost with high card Ace
Seat 2: Rmk1500 (big blind) showed [8s 8c] and won ($23.09) with a pair of Eights


PokerStars Hand #148145832419:  Hold'em Limit ($3/$6 USD) - 2016/02/02 21:51:22 ET
Table 'Rosalia' 6-max Seat #2 is the button
Seat 1: TinaTurner72 ($340.09 in chips)
Seat 2: Rmk1500 ($23.78 in chips)
Rmk1500: posts small blind $1
TinaTurner72: posts big blind $3
*** HOLE CARDS ***
Rmk1500: raises $3 to $6
TinaTurner72: calls $3
*** FLOP *** [5c 7h 9d]
TinaTurner72: checks
Rmk1500: bets $3
TinaTurner72: raises $3 to $6
Rmk1500: calls $3
*** TURN *** [5c 7h 9d] [As]
TinaTurner72: bets $6
Rmk1500: folds
Uncalled bet ($6) returned to TinaTurner72
TinaTurner72 collected $23.52 from pot
TinaTurner72: doesn't show hand
*** SUMMARY ***
Total pot $24 | Rake $0.48
Board [5c 7h 9d As]
Seat 1: TinaTurner72 (big blind) collected ($23.52)
Seat 2: Rmk1500 (button) (small blind) folded on the Turn


PokerStars Hand #148145886868:  Hold'em Limit ($3/$6 USD) - 2016/02/02 21:53:32 ET
Table 'Rosalia' 6-max Seat #2 is the button
Seat 1: TinaTurner72 ($331.83 in chips)
Seat 2: Rmk1500 ($30.73 in chips)
Rmk1500: posts small blind $1
TinaTurner72: posts big blind $3
*** HOLE CARDS ***
Rmk1500: folds
Uncalled bet ($2) returned to TinaTurner72
TinaTurner72 collected $2 from pot
TinaTurner72: doesn't show hand
*** SUMMARY ***
Total pot $2 | Rake $0
Seat 1: TinaTurner72 (big blind) collected ($2)
Seat 2: Rmk1500 (button) (small blind) folded before Flop


PokerStars Hand #148145853078:  Hold'em Limit ($3/$6 USD) - 2016/02/02 21:52:10 ET
Table 'Rosalia' 6-max Seat #1 is the button
Seat 1: TinaTurner72 ($340.83 in chips)
Seat 2: Rmk1500 ($22.09 in chips)
TinaTurner72: posts small blind $1
Rmk1500: posts big blind $3
*** HOLE CARDS ***
TinaTurner72: raises $3 to $6
Rmk1500: calls $3
*** FLOP *** [7c 5d Qd]
Rmk1500: checks
TinaTurner72: bets $3
Rmk1500: calls $3
*** TURN *** [7c 5d Qd] [8c]
Rmk1500: checks
TinaTurner72: checks
*** RIVER *** [7c 5d Qd 8c] [Qh]
Rmk1500: bets $6
TinaTurner72: folds
Uncalled bet ($6) returned to Rmk1500
Rmk1500 collected $17.64 from pot
*** SUMMARY ***
Total pot $18 | Rake $0.36
Board [7c 5d Qd 8c Qh]
Seat 1: TinaTurner72 (button) (small blind) folded on the River
Seat 2: Rmk1500 (big blind) collected ($17.64)


PokerStars Hand #148145909168:  Hold'em Limit ($3/$6 USD) - 2016/02/02 21:54:26 ET
Table 'Rosalia' 6-max Seat #2 is the button
Seat 1: TinaTurner72 ($323.83 in chips)
Seat 2: Rmk1500 ($38.37 in chips)
Rmk1500: posts small blind $1
TinaTurner72: posts big blind $3
*** HOLE CARDS ***
Rmk1500: folds
Uncalled bet ($2) returned to TinaTurner72
TinaTurner72 collected $2 from pot
TinaTurner72: doesn't show hand
*** SUMMARY ***
Total pot $2 | Rake $0
Seat 1: TinaTurner72 (big blind) collected ($2)
Seat 2: Rmk1500 (button) (small blind) folded before Flop


PokerStars Hand #148145889094:  Hold'em Limit ($3/$6 USD) - 2016/02/02 21:53:37 ET
Table 'Rosalia' 6-max Seat #1 is the button
Seat 1: TinaTurner72 ($332.83 in chips)
Seat 2: Rmk1500 ($29.73 in chips)
TinaTurner72: posts small blind $1
Rmk1500: posts big blind $3
*** HOLE CARDS ***
TinaTurner72: raises $3 to $6
Rmk1500: calls $3
*** FLOP *** [Ks Qc 2h]
Rmk1500: checks
TinaTurner72: bets $3
Rmk1500: raises $3 to $6
TinaTurner72: folds
Uncalled bet ($3) returned to Rmk1500
Rmk1500 collected $17.64 from pot
*** SUMMARY ***
Total pot $18 | Rake $0.36
Board [Ks Qc 2h]
Seat 1: TinaTurner72 (button) (small blind) folded on the Flop
Seat 2: Rmk1500 (big blind) collected ($17.64)


PokerStars Hand #148145941341:  Hold'em Limit ($3/$6 USD) - 2016/02/02 21:55:49 ET
Table 'Rosalia' 6-max Seat #1 is the button
Seat 1: TinaTurner72 ($301.83 in chips)
Seat 2: Rmk1500 ($59.87 in chips)
TinaTurner72: posts small blind $1
Rmk1500: posts big blind $3
*** HOLE CARDS ***
TinaTurner72: folds
Uncalled bet ($2) returned to Rmk1500
Rmk1500 collected $2 from pot
*** SUMMARY ***
Total pot $2 | Rake $0
Seat 1: TinaTurner72 (button) (small blind) folded before Flop
Seat 2: Rmk1500 (big blind) collected ($2)


PokerStars Hand #148145938803:  Hold'em Limit ($3/$6 USD) - 2016/02/02 21:55:42 ET
Table 'Rosalia' 6-max Seat #2 is the button
Seat 1: TinaTurner72 ($300.83 in chips)
Seat 2: Rmk1500 ($60.87 in chips)
Rmk1500: posts small blind $1
TinaTurner72: posts big blind $3
*** HOLE CARDS ***
Rmk1500: folds
Uncalled bet ($2) returned to TinaTurner72
TinaTurner72 collected $2 from pot
TinaTurner72: doesn't show hand
*** SUMMARY ***
Total pot $2 | Rake $0
Seat 1: TinaTurner72 (big blind) collected ($2)
Seat 2: Rmk1500 (button) (small blind) folded before Flop


PokerStars Hand #148145912601:  Hold'em Limit ($3/$6 USD) - 2016/02/02 21:54:34 ET
Table 'Rosalia' 6-max Seat #1 is the button
Seat 1: TinaTurner72 ($324.83 in chips)
Seat 2: Rmk1500 ($37.37 in chips)
TinaTurner72: posts small blind $1
Rmk1500: posts big blind $3
*** HOLE CARDS ***
TinaTurner72: raises $3 to $6
Rmk1500: calls $3
*** FLOP *** [Ah Qs Jh]
Rmk1500: checks
TinaTurner72: bets $3
Rmk1500: raises $3 to $6
TinaTurner72: calls $3
*** TURN *** [Ah Qs Jh] [8h]
Rmk1500: bets $6
TinaTurner72: calls $6
*** RIVER *** [Ah Qs Jh 8h] [2d]
Rmk1500: bets $6
TinaTurner72: calls $6
*** SHOW DOWN ***
Rmk1500: shows [8s Ac] (two pair, Aces and Eights)
TinaTurner72: mucks hand
Rmk1500 collected $47.50 from pot
*** SUMMARY ***
Total pot $48 | Rake $0.50
Board [Ah Qs Jh 8h 2d]
Seat 1: TinaTurner72 (button) (small blind) mucked
Seat 2: Rmk1500 (big blind) showed [8s Ac] and won ($47.50) with two pair, Aces and Eights


PokerStars Hand #148145966545:  Hold'em Limit ($3/$6 USD) - 2016/02/02 21:57:01 ET
Table 'Rosalia' 6-max Seat #2 is the button
Seat 1: TinaTurner72 ($315.35 in chips)
Seat 2: Rmk1500 ($45.87 in chips)
Rmk1500: posts small blind $1
TinaTurner72: posts big blind $3
*** HOLE CARDS ***
Rmk1500: folds
Uncalled bet ($2) returned to TinaTurner72
TinaTurner72 collected $2 from pot
TinaTurner72: doesn't show hand
*** SUMMARY ***
Total pot $2 | Rake $0
Seat 1: TinaTurner72 (big blind) collected ($2)
Seat 2: Rmk1500 (button) (small blind) folded before Flop


PokerStars Hand #148145958685:  Hold'em Limit ($3/$6 USD) - 2016/02/02 21:56:38 ET
Table 'Rosalia' 6-max Seat #1 is the button
Seat 1: TinaTurner72 ($312.35 in chips)
Seat 2: Rmk1500 ($48.87 in chips)
TinaTurner72: posts small blind $1
Rmk1500: posts big blind $3
*** HOLE CARDS ***
TinaTurner72: raises $3 to $6
Rmk1500: folds
Uncalled bet ($3) returned to TinaTurner72
TinaTurner72 collected $6 from pot
TinaTurner72: doesn't show hand
*** SUMMARY ***
Total pot $6 | Rake $0
Seat 1: TinaTurner72 (button) (small blind) collected ($6)
Seat 2: Rmk1500 (big blind) folded before Flop


PokerStars Hand #148145944175:  Hold'em Limit ($3/$6 USD) - 2016/02/02 21:55:57 ET
Table 'Rosalia' 6-max Seat #2 is the button
Seat 1: TinaTurner72 ($300.83 in chips)
Seat 2: Rmk1500 ($60.87 in chips)
Rmk1500: posts small blind $1
TinaTurner72: posts big blind $3
*** HOLE CARDS ***
Rmk1500: raises $3 to $6
TinaTurner72: raises $3 to $9
Rmk1500: calls $3
*** FLOP *** [Qd 6d 7d]
TinaTurner72: bets $3
Rmk1500: calls $3
*** TURN *** [Qd 6d 7d] [6h]
TinaTurner72: bets $6
Rmk1500: folds
Uncalled bet ($6) returned to TinaTurner72
TinaTurner72 collected $23.52 from pot
TinaTurner72: doesn't show hand
*** SUMMARY ***
Total pot $24 | Rake $0.48
Board [Qd 6d 7d 6h]
Seat 1: TinaTurner72 (big blind) collected ($23.52)
Seat 2: Rmk1500 (button) (small blind) folded on the Turn


