PokerStars Hand #174980467381:  Hold'em Limit ($3/$6 USD) - 2017/08/30 10:32:24 ET
Table 'Rosalind II' 6-max Seat #6 is the button
Seat 5: Rus29APX ($105 in chips)
Seat 6: uglyghost101 ($134.50 in chips)
uglyghost101: posts small blind $1
Rus29APX: posts big blind $3
*** HOLE CARDS ***
uglyghost101: folds
Uncalled bet ($2) returned to Rus29APX
Rus29APX collected $2 from pot
Rus29APX: doesn't show hand
*** SUMMARY ***
Total pot $2 | Rake $0
Seat 5: Rus29APX (big blind) collected ($2)
Seat 6: uglyghost101 (button) (small blind) folded before Flop


PokerStars Hand #174980461027:  Hold'em Limit ($3/$6 USD) - 2017/08/30 10:32:13 ET
Table 'Rosalind II' 6-max Seat #5 is the button
Seat 5: Rus29APX ($102 in chips)
Seat 6: uglyghost101 ($137.50 in chips)
Rus29APX: posts small blind $1
uglyghost101: posts big blind $3
*** HOLE CARDS ***
Rus29APX: raises $3 to $6
uglyghost101: folds
Uncalled bet ($3) returned to Rus29APX
Rus29APX collected $6 from pot
Rus29APX: doesn't show hand
*** SUMMARY ***
Total pot $6 | Rake $0
Seat 5: Rus29APX (button) (small blind) collected ($6)
Seat 6: uglyghost101 (big blind) folded before Flop


PokerStars Hand #174980438332:  Hold'em Limit ($3/$6 USD) - 2017/08/30 10:31:35 ET
Table 'Rosalind II' 6-max Seat #6 is the button
Seat 5: Rus29APX ($120 in chips)
Seat 6: uglyghost101 ($120 in chips)
uglyghost101: posts small blind $1
Rus29APX: posts big blind $3
*** HOLE CARDS ***
uglyghost101: raises $3 to $6
Rus29APX: calls $3
*** FLOP *** [8d 2d 3c]
Rus29APX: checks
uglyghost101: bets $3
Rus29APX: raises $3 to $6
uglyghost101: calls $3
*** TURN *** [8d 2d 3c] [4c]
Rus29APX: bets $6
uglyghost101: calls $6
*** RIVER *** [8d 2d 3c 4c] [6c]
Rus29APX: checks
uglyghost101: checks
*** SHOW DOWN ***
Rus29APX: shows [6d 9d] (a pair of Sixes)
uglyghost101: shows [7c 7d] (a pair of Sevens)
uglyghost101 collected $35.50 from pot
*** SUMMARY ***
Total pot $36 | Rake $0.50
Board [8d 2d 3c 4c 6c]
Seat 5: Rus29APX (big blind) showed [6d 9d] and lost with a pair of Sixes
Seat 6: uglyghost101 (button) (small blind) showed [7c 7d] and won ($35.50) with a pair of Sevens


