PokerStars Hand #169172569620:  Hold'em Limit ($3/$6 USD) - 2017/04/17 12:22:03 ET
Table 'Rosa II' 6-max Seat #2 is the button
Seat 1: LifeisagameX ($84 in chips)
Seat 2: Auge72 ($97 in chips)
Auge72: posts small blind $1
LifeisagameX: posts big blind $3
*** HOLE CARDS ***
Auge72: folds
Uncalled bet ($2) returned to LifeisagameX
LifeisagameX collected $2 from pot
LifeisagameX: doesn't show hand
*** SUMMARY ***
Total pot $2 | Rake $0
Seat 1: LifeisagameX (big blind) collected ($2)
Seat 2: Auge72 (button) (small blind) folded before Flop


PokerStars Hand #169172554741:  Hold'em Limit ($3/$6 USD) - 2017/04/17 12:21:43 ET
Table 'Rosa II' 6-max Seat #1 is the button
Seat 1: LifeisagameX ($84 in chips)
Seat 2: Auge72 ($96 in chips)
LifeisagameX: posts small blind $1
Auge72: posts big blind $3
*** HOLE CARDS ***
LifeisagameX: folds
Uncalled bet ($2) returned to Auge72
Auge72 collected $2 from pot
*** SUMMARY ***
Total pot $2 | Rake $0
Seat 1: LifeisagameX (button) (small blind) folded before Flop
Seat 2: Auge72 (big blind) collected ($2)


PokerStars Hand #169172579097:  Hold'em Limit ($3/$6 USD) - 2017/04/17 12:22:15 ET
Table 'Rosa II' 6-max Seat #1 is the button
Seat 1: LifeisagameX ($85 in chips)
Seat 2: Auge72 ($96 in chips)
LifeisagameX: posts small blind $1
Auge72: posts big blind $3
*** HOLE CARDS ***
LifeisagameX: raises $3 to $6
Auge72: raises $3 to $9
LifeisagameX: calls $3
*** FLOP *** [7d 8d 5d]
krytalex joins the table at seat #3
Auge72: bets $3
LifeisagameX: calls $3
*** TURN *** [7d 8d 5d] [8c]
Auge72: checks
LifeisagameX: checks
*** RIVER *** [7d 8d 5d 8c] [Qh]
Auge72: checks
LifeisagameX: checks
*** SHOW DOWN ***
Auge72: shows [Ac 7s] (two pair, Eights and Sevens)
LifeisagameX: mucks hand
Auge72 collected $23.52 from pot
*** SUMMARY ***
Total pot $24 | Rake $0.48
Board [7d 8d 5d 8c Qh]
Seat 1: LifeisagameX (button) (small blind) mucked
Seat 2: Auge72 (big blind) showed [Ac 7s] and won ($23.52) with two pair, Eights and Sevens


PokerStars Hand #169172731638:  Hold'em Limit ($3/$6 USD) - 2017/04/17 12:25:37 ET
Table 'Rosa II' 6-max Seat #2 is the button
Seat 2: Auge72 ($97.26 in chips)
Seat 3: krytalex ($153.02 in chips)
Auge72: posts small blind $1
krytalex: posts big blind $3
vestimokrec joins the table at seat #4
*** HOLE CARDS ***
Auge72: raises $3 to $6
LifeisagameX leaves the table
krytalex: folds
Uncalled bet ($3) returned to Auge72
Auge72 collected $6 from pot
*** SUMMARY ***
Total pot $6 | Rake $0
Seat 2: Auge72 (button) (small blind) collected ($6)
Seat 3: krytalex (big blind) folded before Flop


PokerStars Hand #169173709503:  Hold'em Limit ($3/$6 USD) - 2017/04/17 12:46:38 ET
Table 'Rosa II' 6-max Seat #5 is the button
Seat 3: krytalex ($111.06 in chips)
Seat 5: Great_Kang ($134.43 in chips)
Great_Kang: posts small blind $1
rascal_319: is sitting out
krytalex: posts big blind $3
*** HOLE CARDS ***
rascal_319 leaves the table
Great_Kang: folds
Uncalled bet ($2) returned to krytalex
krytalex collected $2 from pot
*** SUMMARY ***
Total pot $2 | Rake $0
Seat 3: krytalex (big blind) collected ($2)
Seat 5: Great_Kang (button) (small blind) folded before Flop


