PokerStars Hand #144330579960:  Hold'em Limit ($3/$6 USD) - 2015/11/24 16:17:47 ET
Table 'Rosamunde III' 2-max Seat #2 is the button
Seat 1: balrog25 ($180 in chips)
Seat 2: nedo1414 ($120 in chips)
nedo1414: posts small blind $1
balrog25: posts big blind $3
*** HOLE CARDS ***
nedo1414: raises $3 to $6
balrog25: calls $3
*** FLOP *** [6h 7c 4d]
balrog25: checks
nedo1414: bets $3
balrog25: raises $3 to $6
nedo1414: raises $3 to $9
balrog25: raises $3 to $12
Betting is capped
nedo1414: calls $3
*** TURN *** [6h 7c 4d] [Ac]
balrog25: checks
nedo1414: bets $6
balrog25: calls $6
*** RIVER *** [6h 7c 4d Ac] [4s]
balrog25: checks
nedo1414: bets $6
balrog25: calls $6
*** SHOW DOWN ***
nedo1414: shows [7h Ad] (two pair, Aces and Sevens)
balrog25: mucks hand
nedo1414 collected $59.50 from pot
*** SUMMARY ***
Total pot $60 | Rake $0.50
Board [6h 7c 4d Ac 4s]
Seat 1: balrog25 (big blind) mucked
Seat 2: nedo1414 (button) (small blind) showed [7h Ad] and won ($59.50) with two pair, Aces and Sevens


PokerStars Hand #144330612787:  Hold'em Limit ($3/$6 USD) - 2015/11/24 16:18:22 ET
Table 'Rosamunde III' 2-max Seat #1 is the button
Seat 1: balrog25 ($150 in chips)
Seat 2: nedo1414 ($149.50 in chips)
balrog25: posts small blind $1
nedo1414: posts big blind $3
*** HOLE CARDS ***
balrog25: raises $3 to $6
nedo1414: calls $3
*** FLOP *** [Ad 9d 7h]
nedo1414: checks
balrog25: bets $3
nedo1414: folds
Uncalled bet ($3) returned to balrog25
balrog25 collected $11.76 from pot
balrog25: doesn't show hand
*** SUMMARY ***
Total pot $12 | Rake $0.24
Board [Ad 9d 7h]
Seat 1: balrog25 (button) (small blind) collected ($11.76)
Seat 2: nedo1414 (big blind) folded on the Flop


PokerStars Hand #144330667432:  Hold'em Limit ($3/$6 USD) - 2015/11/24 16:19:21 ET
Table 'Rosamunde III' 2-max Seat #1 is the button
Seat 1: balrog25 ($175.76 in chips)
Seat 2: nedo1414 ($122.14 in chips)
balrog25: posts small blind $1
nedo1414: posts big blind $3
*** HOLE CARDS ***
balrog25: raises $3 to $6
nedo1414: raises $3 to $9
balrog25: calls $3
*** FLOP *** [As 7d 5s]
nedo1414: bets $3
balrog25: calls $3
*** TURN *** [As 7d 5s] [8d]
nedo1414: bets $6
balrog25: raises $6 to $12
nedo1414: raises $6 to $18
balrog25: calls $6
*** RIVER *** [As 7d 5s 8d] [4d]
nedo1414: bets $6
balrog25: folds
Uncalled bet ($6) returned to nedo1414
nedo1414 collected $59.50 from pot
nedo1414: doesn't show hand
*** SUMMARY ***
Total pot $60 | Rake $0.50
Board [As 7d 5s 8d 4d]
Seat 1: balrog25 (button) (small blind) folded on the River
Seat 2: nedo1414 (big blind) collected ($59.50)


PokerStars Hand #144330642061:  Hold'em Limit ($3/$6 USD) - 2015/11/24 16:18:53 ET
Table 'Rosamunde III' 2-max Seat #1 is the button
Seat 1: balrog25 ($170.26 in chips)
Seat 2: nedo1414 ($128.50 in chips)
balrog25: posts small blind $1
nedo1414: posts big blind $3
*** HOLE CARDS ***
balrog25: raises $3 to $6
nedo1414: raises $3 to $9
balrog25: calls $3
*** FLOP *** [9s Td Ah]
nedo1414: bets $3
balrog25: folds
Uncalled bet ($3) returned to nedo1414
nedo1414 collected $17.64 from pot
nedo1414: doesn't show hand
*** SUMMARY ***
Total pot $18 | Rake $0.36
Board [9s Td Ah]
Seat 1: balrog25 (button) (small blind) folded on the Flop
Seat 2: nedo1414 (big blind) collected ($17.64)


PokerStars Hand #144330653040:  Hold'em Limit ($3/$6 USD) - 2015/11/24 16:19:05 ET
Table 'Rosamunde III' 2-max Seat #2 is the button
Seat 1: balrog25 ($161.26 in chips)
Seat 2: nedo1414 ($137.14 in chips)
nedo1414: posts small blind $1
balrog25: posts big blind $3
*** HOLE CARDS ***
nedo1414: raises $3 to $6
balrog25: calls $3
*** FLOP *** [4s 6h Jh]
balrog25: checks
nedo1414: bets $3
balrog25: calls $3
*** TURN *** [4s 6h Jh] [Th]
balrog25: checks
nedo1414: checks
*** RIVER *** [4s 6h Jh Th] [Kc]
balrog25: bets $6
nedo1414: calls $6
*** SHOW DOWN ***
balrog25: shows [Tc Kh] (two pair, Kings and Tens)
nedo1414: mucks hand
balrog25 collected $29.50 from pot
*** SUMMARY ***
Total pot $30 | Rake $0.50
Board [4s 6h Jh Th Kc]
Seat 1: balrog25 (big blind) showed [Tc Kh] and won ($29.50) with two pair, Kings and Tens
Seat 2: nedo1414 (button) (small blind) mucked


PokerStars Hand #144330689856:  Hold'em Limit ($3/$6 USD) - 2015/11/24 16:19:45 ET
Table 'Rosamunde III' 2-max Seat #1 is the button
Seat 1: balrog25 ($139.76 in chips)
Seat 2: nedo1414 ($157.40 in chips)
balrog25: posts small blind $1
nedo1414: posts big blind $3
*** HOLE CARDS ***
balrog25: folds
Uncalled bet ($2) returned to nedo1414
nedo1414 collected $2 from pot
nedo1414: doesn't show hand
*** SUMMARY ***
Total pot $2 | Rake $0
Seat 1: balrog25 (button) (small blind) folded before Flop
Seat 2: nedo1414 (big blind) collected ($2)


PokerStars Hand #144330682259:  Hold'em Limit ($3/$6 USD) - 2015/11/24 16:19:37 ET
Table 'Rosamunde III' 2-max Seat #2 is the button
Seat 1: balrog25 ($145.76 in chips)
Seat 2: nedo1414 ($151.64 in chips)
nedo1414: posts small blind $1
balrog25: posts big blind $3
*** HOLE CARDS ***
nedo1414: raises $3 to $6
balrog25: calls $3
*** FLOP *** [Qd 4h Ad]
balrog25: checks
nedo1414: bets $3
balrog25: folds
Uncalled bet ($3) returned to nedo1414
nedo1414 collected $11.76 from pot
nedo1414: doesn't show hand
*** SUMMARY ***
Total pot $12 | Rake $0.24
Board [Qd 4h Ad]
Seat 1: balrog25 (big blind) folded on the Flop
Seat 2: nedo1414 (button) (small blind) collected ($11.76)


PokerStars Hand #144330763385:  Hold'em Limit ($3/$6 USD) - 2015/11/24 16:21:04 ET
Table 'Rosamunde III' 2-max Seat #2 is the button
Seat 1: balrog25 ($123.76 in chips)
Seat 2: nedo1414 ($172.90 in chips)
nedo1414: posts small blind $1
balrog25: posts big blind $3
*** HOLE CARDS ***
nedo1414: raises $3 to $6
balrog25: folds
Uncalled bet ($3) returned to nedo1414
nedo1414 collected $6 from pot
nedo1414: doesn't show hand
*** SUMMARY ***
Total pot $6 | Rake $0
Seat 1: balrog25 (big blind) folded before Flop
Seat 2: nedo1414 (button) (small blind) collected ($6)


PokerStars Hand #144330776753:  Hold'em Limit ($3/$6 USD) - 2015/11/24 16:21:18 ET
Table 'Rosamunde III' 2-max Seat #1 is the button
Seat 1: balrog25 ($120.76 in chips)
Seat 2: nedo1414 ($175.90 in chips)
balrog25: posts small blind $1
nedo1414: posts big blind $3
*** HOLE CARDS ***
balrog25: raises $3 to $6
nedo1414: calls $3
*** FLOP *** [As Kd 9c]
nedo1414: checks
balrog25: bets $3
nedo1414: calls $3
*** TURN *** [As Kd 9c] [2s]
nedo1414: checks
balrog25: checks
*** RIVER *** [As Kd 9c 2s] [Ad]
nedo1414: bets $6
balrog25: calls $6
*** SHOW DOWN ***
nedo1414: shows [9h Js] (two pair, Aces and Nines)
balrog25: shows [Jc 9d] (two pair, Aces and Nines)
nedo1414 collected $14.75 from pot
balrog25 collected $14.75 from pot
*** SUMMARY ***
Total pot $30 | Rake $0.50
Board [As Kd 9c 2s Ad]
Seat 1: balrog25 (button) (small blind) showed [Jc 9d] and won ($14.75) with two pair, Aces and Nines
Seat 2: nedo1414 (big blind) showed [9h Js] and won ($14.75) with two pair, Aces and Nines


PokerStars Hand #144330696802:  Hold'em Limit ($3/$6 USD) - 2015/11/24 16:19:52 ET
Table 'Rosamunde III' 2-max Seat #2 is the button
Seat 1: balrog25 ($138.76 in chips)
Seat 2: nedo1414 ($158.40 in chips)
nedo1414: posts small blind $1
balrog25: posts big blind $3
*** HOLE CARDS ***
nedo1414: raises $3 to $6
balrog25: raises $3 to $9
nedo1414: calls $3
*** FLOP *** [Th Ac 8s]
balrog25: bets $3
nedo1414: calls $3
*** TURN *** [Th Ac 8s] [8h]
balrog25: checks
nedo1414: checks
*** RIVER *** [Th Ac 8s 8h] [5d]
balrog25: checks
nedo1414: bets $6
balrog25: calls $6
*** SHOW DOWN ***
nedo1414: shows [2c 2s] (two pair, Eights and Deuces)
balrog25: mucks hand
nedo1414 collected $35.50 from pot
*** SUMMARY ***
Total pot $36 | Rake $0.50
Board [Th Ac 8s 8h 5d]
Seat 1: balrog25 (big blind) mucked
Seat 2: nedo1414 (button) (small blind) showed [2c 2s] and won ($35.50) with two pair, Eights and Deuces


PokerStars Hand #144330813400:  Hold'em Limit ($3/$6 USD) - 2015/11/24 16:21:57 ET
Table 'Rosamunde III' 2-max Seat #1 is the button
Seat 1: balrog25 ($114.51 in chips)
Seat 2: nedo1414 ($181.41 in chips)
balrog25: posts small blind $1
nedo1414: posts big blind $3
*** HOLE CARDS ***
balrog25: raises $3 to $6
nedo1414: calls $3
*** FLOP *** [4h 5d 6c]
nedo1414: checks
balrog25: bets $3
nedo1414: calls $3
*** TURN *** [4h 5d 6c] [Qs]
nedo1414: checks
balrog25: bets $6
nedo1414: folds
Uncalled bet ($6) returned to balrog25
balrog25 collected $17.64 from pot
balrog25: doesn't show hand
*** SUMMARY ***
Total pot $18 | Rake $0.36
Board [4h 5d 6c Qs]
Seat 1: balrog25 (button) (small blind) collected ($17.64)
Seat 2: nedo1414 (big blind) folded on the Turn


PokerStars Hand #144330794241:  Hold'em Limit ($3/$6 USD) - 2015/11/24 16:21:36 ET
Table 'Rosamunde III' 2-max Seat #2 is the button
Seat 1: balrog25 ($120.51 in chips)
Seat 2: nedo1414 ($175.65 in chips)
nedo1414: posts small blind $1
balrog25: posts big blind $3
*** HOLE CARDS ***
nedo1414: raises $3 to $6
balrog25: calls $3
*** FLOP *** [Jc 6s 8d]
balrog25: checks
nedo1414: bets $3
balrog25: folds
Uncalled bet ($3) returned to nedo1414
nedo1414 collected $11.76 from pot
nedo1414: doesn't show hand
*** SUMMARY ***
Total pot $12 | Rake $0.24
Board [Jc 6s 8d]
Seat 1: balrog25 (big blind) folded on the Flop
Seat 2: nedo1414 (button) (small blind) collected ($11.76)


PokerStars Hand #144330834887:  Hold'em Limit ($3/$6 USD) - 2015/11/24 16:22:20 ET
Table 'Rosamunde III' 2-max Seat #2 is the button
Seat 1: balrog25 ($123.15 in chips)
Seat 2: nedo1414 ($172.41 in chips)
nedo1414: posts small blind $1
balrog25: posts big blind $3
*** HOLE CARDS ***
nedo1414: raises $3 to $6
balrog25: calls $3
*** FLOP *** [2h 7c 9d]
balrog25: checks
nedo1414: bets $3
balrog25: folds
Uncalled bet ($3) returned to nedo1414
nedo1414 collected $11.76 from pot
nedo1414: doesn't show hand
*** SUMMARY ***
Total pot $12 | Rake $0.24
Board [2h 7c 9d]
Seat 1: balrog25 (big blind) folded on the Flop
Seat 2: nedo1414 (button) (small blind) collected ($11.76)


PokerStars Hand #144330857892:  Hold'em Limit ($3/$6 USD) - 2015/11/24 16:22:45 ET
Table 'Rosamunde III' 2-max Seat #1 is the button
Seat 1: balrog25 ($117.15 in chips)
Seat 2: nedo1414 ($178.17 in chips)
balrog25: posts small blind $1
nedo1414: posts big blind $3
*** HOLE CARDS ***
balrog25: raises $3 to $6
nedo1414: raises $3 to $9
balrog25: calls $3
*** FLOP *** [Kc Jd 5s]
nedo1414: bets $3
balrog25: calls $3
*** TURN *** [Kc Jd 5s] [2h]
nedo1414: bets $6
balrog25: calls $6
*** RIVER *** [Kc Jd 5s 2h] [4d]
nedo1414: bets $6
balrog25: raises $6 to $12
nedo1414: calls $6
*** SHOW DOWN ***
balrog25: shows [4h Jh] (two pair, Jacks and Fours)
nedo1414: mucks hand
balrog25 collected $59.50 from pot
*** SUMMARY ***
Total pot $60 | Rake $0.50
Board [Kc Jd 5s 2h 4d]
Seat 1: balrog25 (button) (small blind) showed [4h Jh] and won ($59.50) with two pair, Jacks and Fours
Seat 2: nedo1414 (big blind) mucked


PokerStars Hand #144330950617:  Hold'em Limit ($3/$6 USD) - 2015/11/24 16:24:26 ET
Table 'Rosamunde III' 2-max Seat #2 is the button
Seat 1: balrog25 ($190.65 in chips)
Seat 2: nedo1414 ($103.17 in chips)
nedo1414: posts small blind $1
balrog25: posts big blind $3
*** HOLE CARDS ***
nedo1414: raises $3 to $6
balrog25: calls $3
*** FLOP *** [7s 5s 7c]
balrog25: checks
nedo1414: bets $3
balrog25: folds
Uncalled bet ($3) returned to nedo1414
nedo1414 collected $11.76 from pot
nedo1414: doesn't show hand
*** SUMMARY ***
Total pot $12 | Rake $0.24
Board [7s 5s 7c]
Seat 1: balrog25 (big blind) folded on the Flop
Seat 2: nedo1414 (button) (small blind) collected ($11.76)


PokerStars Hand #144330897118:  Hold'em Limit ($3/$6 USD) - 2015/11/24 16:23:27 ET
Table 'Rosamunde III' 2-max Seat #2 is the button
Seat 1: balrog25 ($146.65 in chips)
Seat 2: nedo1414 ($148.17 in chips)
nedo1414: posts small blind $1
balrog25: posts big blind $3
*** HOLE CARDS ***
nedo1414: raises $3 to $6
balrog25: calls $3
*** FLOP *** [2h 8d Td]
balrog25: checks
nedo1414: bets $3
balrog25: calls $3
*** TURN *** [2h 8d Td] [9d]
balrog25: checks
nedo1414: checks
*** RIVER *** [2h 8d Td 9d] [6s]
balrog25: bets $6
nedo1414: calls $6
*** SHOW DOWN ***
balrog25: shows [7d Qc] (a straight, Six to Ten)
nedo1414: mucks hand
balrog25 collected $29.50 from pot
*** SUMMARY ***
Total pot $30 | Rake $0.50
Board [2h 8d Td 9d 6s]
Seat 1: balrog25 (big blind) showed [7d Qc] and won ($29.50) with a straight, Six to Ten
Seat 2: nedo1414 (button) (small blind) mucked


PokerStars Hand #144330917421:  Hold'em Limit ($3/$6 USD) - 2015/11/24 16:23:50 ET
Table 'Rosamunde III' 2-max Seat #1 is the button
Seat 1: balrog25 ($161.15 in chips)
Seat 2: nedo1414 ($133.17 in chips)
balrog25: posts small blind $1
nedo1414: posts big blind $3
*** HOLE CARDS ***
balrog25: raises $3 to $6
nedo1414: raises $3 to $9
balrog25: calls $3
*** FLOP *** [Jd 7h 5d]
nedo1414: bets $3
balrog25: calls $3
*** TURN *** [Jd 7h 5d] [2d]
nedo1414: bets $6
balrog25: raises $6 to $12
nedo1414: calls $6
*** RIVER *** [Jd 7h 5d 2d] [3h]
nedo1414: checks
balrog25: bets $6
nedo1414: calls $6
*** SHOW DOWN ***
balrog25: shows [Jh Ts] (a pair of Jacks)
nedo1414: mucks hand
balrog25 collected $59.50 from pot
*** SUMMARY ***
Total pot $60 | Rake $0.50
Board [Jd 7h 5d 2d 3h]
Seat 1: balrog25 (button) (small blind) showed [Jh Ts] and won ($59.50) with a pair of Jacks
Seat 2: nedo1414 (big blind) mucked


PokerStars Hand #144330959459:  Hold'em Limit ($3/$6 USD) - 2015/11/24 16:24:36 ET
Table 'Rosamunde III' 2-max Seat #1 is the button
Seat 1: balrog25 ($184.65 in chips)
Seat 2: nedo1414 ($108.93 in chips)
balrog25: posts small blind $1
nedo1414: posts big blind $3
*** HOLE CARDS ***
balrog25: raises $3 to $6
nedo1414: calls $3
*** FLOP *** [9h 8s 7d]
nedo1414: checks
balrog25: bets $3
nedo1414: raises $3 to $6
balrog25: calls $3
*** TURN *** [9h 8s 7d] [2d]
nedo1414: bets $6
balrog25: raises $6 to $12
nedo1414: calls $6
*** RIVER *** [9h 8s 7d 2d] [2h]
nedo1414: checks
balrog25: bets $6
nedo1414: folds
Uncalled bet ($6) returned to balrog25
balrog25 collected $47.50 from pot
balrog25: doesn't show hand
*** SUMMARY ***
Total pot $48 | Rake $0.50
Board [9h 8s 7d 2d 2h]
Seat 1: balrog25 (button) (small blind) collected ($47.50)
Seat 2: nedo1414 (big blind) folded on the River


