PokerStars Hand #158170638208:  Hold'em Limit ($3/$6 USD) - 2016/09/04 18:23:46 ET
Table 'Rosa' 10-max Seat #8 is the button
Seat 7: Dohwsun31 ($98 in chips)
Seat 8: ToDaFelt ($286.32 in chips)
ToDaFelt: posts small blind $1
vestimokrec: is sitting out
AllinRamstad: is sitting out
Dohwsun31: posts big blind $3
*** HOLE CARDS ***
vestimokrec leaves the table
ToDaFelt: raises $3 to $6
Dohwsun31: folds
Uncalled bet ($3) returned to ToDaFelt
ToDaFelt collected $6 from pot
AllinRamstad leaves the table
ToDaFelt: doesn't show hand
*** SUMMARY ***
Total pot $6 | Rake $0
Seat 7: Dohwsun31 (big blind) folded before Flop
Seat 8: ToDaFelt (button) (small blind) collected ($6)


PokerStars Hand #158170647597:  Hold'em Limit ($3/$6 USD) - 2016/09/04 18:23:58 ET
Table 'Rosa' 10-max Seat #7 is the button
Seat 7: Dohwsun31 ($95 in chips)
Seat 8: ToDaFelt ($289.32 in chips)
Dohwsun31: posts small blind $1
ToDaFelt: posts big blind $3
*** HOLE CARDS ***
Dohwsun31: folds
Uncalled bet ($2) returned to ToDaFelt
ToDaFelt collected $2 from pot
ToDaFelt: doesn't show hand
*** SUMMARY ***
Total pot $2 | Rake $0
Seat 7: Dohwsun31 (button) (small blind) folded before Flop
Seat 8: ToDaFelt (big blind) collected ($2)


