PokerStars Hand #148969677947:  Hold'em Limit ($3/$6 USD) - 2016/02/17 14:19:50 ET
Table 'Rosalia' 10-max Seat #5 is the button
Seat 5: 5PRUT5 ($30.64 in chips)
Seat 7: Azrarn ($118.76 in chips)
5PRUT5: posts small blind $1
Azrarn: posts big blind $3
*** HOLE CARDS ***
5PRUT5: folds
Uncalled bet ($2) returned to Azrarn
Azrarn collected $2 from pot
Azrarn: doesn't show hand
*** SUMMARY ***
Total pot $2 | Rake $0
Seat 5: 5PRUT5 (button) (small blind) folded before Flop
Seat 7: Azrarn (big blind) collected ($2)


PokerStars Hand #148969661022:  Hold'em Limit ($3/$6 USD) - 2016/02/17 14:19:34 ET
Table 'Rosalia' 10-max Seat #7 is the button
Seat 5: 5PRUT5 ($36.64 in chips)
Seat 7: Azrarn ($113 in chips)
Azrarn: posts small blind $1
5PRUT5: posts big blind $3
*** HOLE CARDS ***
Azrarn: raises $3 to $6
5PRUT5: calls $3
*** FLOP *** [Jh Ad 6s]
5PRUT5: checks
Azrarn: bets $3
5PRUT5: folds
Uncalled bet ($3) returned to Azrarn
Azrarn collected $11.76 from pot
Azrarn: doesn't show hand
*** SUMMARY ***
Total pot $12 | Rake $0.24
Board [Jh Ad 6s]
Seat 5: 5PRUT5 (big blind) folded on the Flop
Seat 7: Azrarn (button) (small blind) collected ($11.76)


PokerStars Hand #148969655618:  Hold'em Limit ($3/$6 USD) - 2016/02/17 14:19:28 ET
Table 'Rosalia' 10-max Seat #5 is the button
Seat 5: 5PRUT5 ($37.64 in chips)
Seat 7: Azrarn ($112 in chips)
5PRUT5: posts small blind $1
Azrarn: posts big blind $3
*** HOLE CARDS ***
5PRUT5: folds
Uncalled bet ($2) returned to Azrarn
Azrarn collected $2 from pot
Azrarn: doesn't show hand
*** SUMMARY ***
Total pot $2 | Rake $0
Seat 5: 5PRUT5 (button) (small blind) folded before Flop
Seat 7: Azrarn (big blind) collected ($2)


PokerStars Hand #148969635912:  Hold'em Limit ($3/$6 USD) - 2016/02/17 14:19:09 ET
Table 'Rosalia' 10-max Seat #7 is the button
Seat 5: 5PRUT5 ($29 in chips)
Seat 7: Azrarn ($121 in chips)
Azrarn: posts small blind $1
5PRUT5: posts big blind $3
*** HOLE CARDS ***
Azrarn: raises $3 to $6
5PRUT5: calls $3
*** FLOP *** [2h 8s Th]
5PRUT5: checks
Azrarn: bets $3
5PRUT5: raises $3 to $6
Azrarn: folds
Uncalled bet ($3) returned to 5PRUT5
5PRUT5 collected $17.64 from pot
5PRUT5: doesn't show hand
*** SUMMARY ***
Total pot $18 | Rake $0.36
Board [2h 8s Th]
Seat 5: 5PRUT5 (big blind) collected ($17.64)
Seat 7: Azrarn (button) (small blind) folded on the Flop


PokerStars Hand #148969711431:  Hold'em Limit ($3/$6 USD) - 2016/02/17 14:20:22 ET
Table 'Rosalia' 10-max Seat #5 is the button
Seat 5: 5PRUT5 ($8.64 in chips)
Seat 7: Azrarn ($140.26 in chips)
5PRUT5: posts small blind $1
Azrarn: posts big blind $3
*** HOLE CARDS ***
5PRUT5: raises $3 to $6
Azrarn: raises $3 to $9
5PRUT5: calls $2.64 and is all-in
Uncalled bet ($0.36) returned to Azrarn
*** FLOP *** [8c Qh 2c]
*** TURN *** [8c Qh 2c] [Qc]
*** RIVER *** [8c Qh 2c Qc] [8h]
*** SHOW DOWN ***
Azrarn: shows [Th Td] (two pair, Queens and Tens)
5PRUT5: shows [4s 5s] (two pair, Queens and Eights)
Azrarn collected $16.93 from pot
*** SUMMARY ***
Total pot $17.28 | Rake $0.35
Board [8c Qh 2c Qc 8h]
Seat 5: 5PRUT5 (button) (small blind) showed [4s 5s] and lost with two pair, Queens and Eights
Seat 7: Azrarn (big blind) showed [Th Td] and won ($16.93) with two pair, Queens and Tens


PokerStars Hand #148969684074:  Hold'em Limit ($3/$6 USD) - 2016/02/17 14:19:56 ET
Table 'Rosalia' 10-max Seat #7 is the button
Seat 5: 5PRUT5 ($29.64 in chips)
Seat 7: Azrarn ($119.76 in chips)
Azrarn: posts small blind $1
5PRUT5: posts big blind $3
*** HOLE CARDS ***
Azrarn: raises $3 to $6
5PRUT5: calls $3
*** FLOP *** [As 3d 4s]
5PRUT5: checks
Azrarn: bets $3
5PRUT5: calls $3
*** TURN *** [As 3d 4s] [9d]
5PRUT5: bets $6
Azrarn: calls $6
*** RIVER *** [As 3d 4s 9d] [Kc]
5PRUT5: bets $6
Azrarn: calls $6
*** SHOW DOWN ***
5PRUT5: shows [7s Td] (high card Ace)
Azrarn: shows [9s 6s] (a pair of Nines)
Azrarn collected $41.50 from pot
*** SUMMARY ***
Total pot $42 | Rake $0.50
Board [As 3d 4s 9d Kc]
Seat 5: 5PRUT5 (big blind) showed [7s Td] and lost with high card Ace
Seat 7: Azrarn (button) (small blind) showed [9s 6s] and won ($41.50) with a pair of Nines


