PokerStars Hand #149009914017:  Hold'em Limit ($3/$6 USD) - 2016/02/18 10:38:51 ET
Table 'Rosalia' 10-max Seat #7 is the button
Seat 6: mishkamoya ($129.50 in chips)
Seat 7: BuzovaPro ($72 in chips)
BuzovaPro: posts small blind $1
mishkamoya: posts big blind $3
*** HOLE CARDS ***
BuzovaPro: raises $3 to $6
mishkamoya: calls $3
*** FLOP *** [Th 7c 4d]
mishkamoya: checks
BuzovaPro: bets $3
mishkamoya: calls $3
*** TURN *** [Th 7c 4d] [6d]
mishkamoya: checks
BuzovaPro: bets $6
mishkamoya: calls $6
*** RIVER *** [Th 7c 4d 6d] [Qd]
mishkamoya: checks
BuzovaPro: bets $6
mishkamoya: folds
Uncalled bet ($6) returned to BuzovaPro
BuzovaPro collected $29.50 from pot
BuzovaPro: doesn't show hand
*** SUMMARY ***
Total pot $30 | Rake $0.50
Board [Th 7c 4d 6d Qd]
Seat 6: mishkamoya (big blind) folded on the River
Seat 7: BuzovaPro (button) (small blind) collected ($29.50)


PokerStars Hand #149009902506:  Hold'em Limit ($3/$6 USD) - 2016/02/18 10:38:37 ET
Table 'Rosalia' 10-max Seat #6 is the button
Seat 6: mishkamoya ($115 in chips)
Seat 7: BuzovaPro ($76.76 in chips)
mishkamoya: posts small blind $1
BuzovaPro: posts big blind $3
*** HOLE CARDS ***
mishkamoya: raises $3 to $6
BuzovaPro: calls $3
*** FLOP *** [Ks 4h Jc]
BuzovaPro: checks
mishkamoya: bets $3
BuzovaPro: calls $3
*** TURN *** [Ks 4h Jc] [2s]
BuzovaPro: checks
mishkamoya: checks
*** RIVER *** [Ks 4h Jc 2s] [9s]
BuzovaPro: bets $6
mishkamoya: calls $6
*** SHOW DOWN ***
BuzovaPro: shows [Td 8c] (high card King)
mishkamoya: shows [Ah 9d] (a pair of Nines)
mishkamoya collected $29.50 from pot
*** SUMMARY ***
Total pot $30 | Rake $0.50
Board [Ks 4h Jc 2s 9s]
Seat 6: mishkamoya (button) (small blind) showed [Ah 9d] and won ($29.50) with a pair of Nines
Seat 7: BuzovaPro (big blind) showed [Td 8c] and lost with high card King


PokerStars Hand #149009971831:  Hold'em Limit ($3/$6 USD) - 2016/02/18 10:40:01 ET
Table 'Rosalia' 10-max Seat #6 is the button
Seat 6: mishkamoya ($125.50 in chips)
Seat 7: BuzovaPro ($73.64 in chips)
mishkamoya: posts small blind $1
BuzovaPro: posts big blind $3
*** HOLE CARDS ***
mishkamoya: raises $3 to $6
BuzovaPro: calls $3
*** FLOP *** [Kh 4c 7h]
BuzovaPro: bets $3
mishkamoya: folds
Uncalled bet ($3) returned to BuzovaPro
BuzovaPro collected $11.76 from pot
BuzovaPro: doesn't show hand
*** SUMMARY ***
Total pot $12 | Rake $0.24
Board [Kh 4c 7h]
Seat 6: mishkamoya (button) (small blind) folded on the Flop
Seat 7: BuzovaPro (big blind) collected ($11.76)


PokerStars Hand #149009940352:  Hold'em Limit ($3/$6 USD) - 2016/02/18 10:39:23 ET
Table 'Rosalia' 10-max Seat #7 is the button
Seat 6: mishkamoya ($78.50 in chips)
Seat 7: BuzovaPro ($122 in chips)
BuzovaPro: posts small blind $1
mishkamoya: posts big blind $3
*** HOLE CARDS ***
BuzovaPro: raises $3 to $6
mishkamoya: calls $3
*** FLOP *** [Ks 8d 9s]
mishkamoya: checks
BuzovaPro: bets $3
mishkamoya: raises $3 to $6
BuzovaPro: calls $3
*** TURN *** [Ks 8d 9s] [7c]
mishkamoya: bets $6
BuzovaPro: raises $6 to $12
mishkamoya: raises $6 to $18
BuzovaPro: calls $6
*** RIVER *** [Ks 8d 9s 7c] [2h]
mishkamoya: bets $6
BuzovaPro: calls $6
*** SHOW DOWN ***
mishkamoya: shows [Jh Td] (a straight, Seven to Jack)
BuzovaPro: mucks hand
mishkamoya collected $71.50 from pot
*** SUMMARY ***
Total pot $72 | Rake $0.50
Board [Ks 8d 9s 7c 2h]
Seat 6: mishkamoya (big blind) showed [Jh Td] and won ($71.50) with a straight, Seven to Jack
Seat 7: BuzovaPro (button) (small blind) mucked


PokerStars Hand #149009952663:  Hold'em Limit ($3/$6 USD) - 2016/02/18 10:39:38 ET
Table 'Rosalia' 10-max Seat #6 is the button
Seat 6: mishkamoya ($114 in chips)
Seat 7: BuzovaPro ($86 in chips)
mishkamoya: posts small blind $1
BuzovaPro: posts big blind $3
*** HOLE CARDS ***
mishkamoya said, "gavno"
mishkamoya: raises $3 to $6
BuzovaPro: raises $3 to $9
mishkamoya: calls $3
*** FLOP *** [Ks 9s 7d]
BuzovaPro: bets $3
mishkamoya: folds
Uncalled bet ($3) returned to BuzovaPro
BuzovaPro collected $17.64 from pot
BuzovaPro: doesn't show hand
*** SUMMARY ***
Total pot $18 | Rake $0.36
Board [Ks 9s 7d]
Seat 6: mishkamoya (button) (small blind) folded on the Flop
Seat 7: BuzovaPro (big blind) collected ($17.64)


PokerStars Hand #149009960036:  Hold'em Limit ($3/$6 USD) - 2016/02/18 10:39:47 ET
Table 'Rosalia' 10-max Seat #7 is the button
Seat 6: mishkamoya ($105 in chips)
Seat 7: BuzovaPro ($94.64 in chips)
BuzovaPro: posts small blind $1
mishkamoya: posts big blind $3
*** HOLE CARDS ***
BuzovaPro: raises $3 to $6
mishkamoya: calls $3
*** FLOP *** [6c 3h 5c]
mishkamoya: checks
BuzovaPro: bets $3
mishkamoya: calls $3
*** TURN *** [6c 3h 5c] [Td]
mishkamoya: checks
BuzovaPro: bets $6
mishkamoya: calls $6
*** RIVER *** [6c 3h 5c Td] [8h]
mishkamoya: checks
BuzovaPro: bets $6
mishkamoya: calls $6
*** SHOW DOWN ***
BuzovaPro: shows [6s 7c] (a pair of Sixes)
mishkamoya: shows [9d 8c] (a pair of Eights)
mishkamoya collected $41.50 from pot
*** SUMMARY ***
Total pot $42 | Rake $0.50
Board [6c 3h 5c Td 8h]
Seat 6: mishkamoya (big blind) showed [9d 8c] and won ($41.50) with a pair of Eights
Seat 7: BuzovaPro (button) (small blind) showed [6s 7c] and lost with a pair of Sixes


PokerStars Hand #149009926919:  Hold'em Limit ($3/$6 USD) - 2016/02/18 10:39:07 ET
Table 'Rosalia' 10-max Seat #6 is the button
Seat 6: mishkamoya ($114.50 in chips)
Seat 7: BuzovaPro ($86.50 in chips)
mishkamoya: posts small blind $1
BuzovaPro: posts big blind $3
*** HOLE CARDS ***
mishkamoya: raises $3 to $6
BuzovaPro: raises $3 to $9
mishkamoya: calls $3
*** FLOP *** [5d Jh 6c]
BuzovaPro: bets $3
mishkamoya: calls $3
*** TURN *** [5d Jh 6c] [6h]
BuzovaPro: bets $6
mishkamoya: raises $6 to $12
BuzovaPro: raises $6 to $18
mishkamoya: calls $6
*** RIVER *** [5d Jh 6c 6h] [7d]
BuzovaPro: bets $6
mishkamoya: calls $6
*** SHOW DOWN ***
BuzovaPro: shows [Qs Qh] (two pair, Queens and Sixes)
mishkamoya: mucks hand
BuzovaPro collected $71.50 from pot
*** SUMMARY ***
Total pot $72 | Rake $0.50
Board [5d Jh 6c 6h 7d]
Seat 6: mishkamoya (button) (small blind) mucked
Seat 7: BuzovaPro (big blind) showed [Qs Qh] and won ($71.50) with two pair, Queens and Sixes


PokerStars Hand #149010001590:  Hold'em Limit ($3/$6 USD) - 2016/02/18 10:40:37 ET
Table 'Rosalia' 10-max Seat #7 is the button
Seat 6: mishkamoya ($112.50 in chips)
Seat 7: BuzovaPro ($86.16 in chips)
BuzovaPro: posts small blind $1
mishkamoya: posts big blind $3
*** HOLE CARDS ***
BuzovaPro: folds
Uncalled bet ($2) returned to mishkamoya
mishkamoya collected $2 from pot
mishkamoya: doesn't show hand
*** SUMMARY ***
Total pot $2 | Rake $0
Seat 6: mishkamoya (big blind) collected ($2)
Seat 7: BuzovaPro (button) (small blind) folded before Flop


PokerStars Hand #149009996777:  Hold'em Limit ($3/$6 USD) - 2016/02/18 10:40:32 ET
Table 'Rosalia' 10-max Seat #6 is the button
Seat 6: mishkamoya ($109.50 in chips)
Seat 7: BuzovaPro ($89.16 in chips)
mishkamoya: posts small blind $1
BuzovaPro: posts big blind $3
*** HOLE CARDS ***
mishkamoya: raises $3 to $6
BuzovaPro: folds
Uncalled bet ($3) returned to mishkamoya
mishkamoya collected $6 from pot
mishkamoya: doesn't show hand
*** SUMMARY ***
Total pot $6 | Rake $0
Seat 6: mishkamoya (button) (small blind) collected ($6)
Seat 7: BuzovaPro (big blind) folded before Flop


PokerStars Hand #149010020172:  Hold'em Limit ($3/$6 USD) - 2016/02/18 10:41:00 ET
Table 'Rosalia' 10-max Seat #7 is the button
Seat 6: mishkamoya ($119.26 in chips)
Seat 7: BuzovaPro ($79.16 in chips)
BuzovaPro: posts small blind $1
mishkamoya: posts big blind $3
*** HOLE CARDS ***
BuzovaPro: raises $3 to $6
mishkamoya: folds
Uncalled bet ($3) returned to BuzovaPro
BuzovaPro collected $6 from pot
BuzovaPro: doesn't show hand
*** SUMMARY ***
Total pot $6 | Rake $0
Seat 6: mishkamoya (big blind) folded before Flop
Seat 7: BuzovaPro (button) (small blind) collected ($6)


PokerStars Hand #149010005234:  Hold'em Limit ($3/$6 USD) - 2016/02/18 10:40:42 ET
Table 'Rosalia' 10-max Seat #6 is the button
Seat 6: mishkamoya ($113.50 in chips)
Seat 7: BuzovaPro ($85.16 in chips)
mishkamoya: posts small blind $1
BuzovaPro: posts big blind $3
*** HOLE CARDS ***
mishkamoya: raises $3 to $6
BuzovaPro: calls $3
*** FLOP *** [9h 4s Qc]
BuzovaPro: checks
mishkamoya: checks
*** TURN *** [9h 4s Qc] [5h]
BuzovaPro: checks
mishkamoya: bets $6
BuzovaPro: folds
Uncalled bet ($6) returned to mishkamoya
mishkamoya collected $11.76 from pot
mishkamoya: doesn't show hand
*** SUMMARY ***
Total pot $12 | Rake $0.24
Board [9h 4s Qc 5h]
Seat 6: mishkamoya (button) (small blind) collected ($11.76)
Seat 7: BuzovaPro (big blind) folded on the Turn


PokerStars Hand #149010024477:  Hold'em Limit ($3/$6 USD) - 2016/02/18 10:41:05 ET
Table 'Rosalia' 10-max Seat #6 is the button
Seat 6: mishkamoya ($116.26 in chips)
Seat 7: BuzovaPro ($82.16 in chips)
mishkamoya: posts small blind $1
BuzovaPro: posts big blind $3
*** HOLE CARDS ***
mishkamoya: raises $3 to $6
BuzovaPro: calls $3
*** FLOP *** [3c As 5c]
BuzovaPro: checks
mishkamoya: checks
*** TURN *** [3c As 5c] [Kd]
BuzovaPro: bets $6
mishkamoya: folds
Uncalled bet ($6) returned to BuzovaPro
BuzovaPro collected $11.76 from pot
BuzovaPro: doesn't show hand
*** SUMMARY ***
Total pot $12 | Rake $0.24
Board [3c As 5c Kd]
Seat 6: mishkamoya (button) (small blind) folded on the Turn
Seat 7: BuzovaPro (big blind) collected ($11.76)


PokerStars Hand #149009985039:  Hold'em Limit ($3/$6 USD) - 2016/02/18 10:40:17 ET
Table 'Rosalia' 10-max Seat #6 is the button
Seat 6: mishkamoya ($116.50 in chips)
Seat 7: BuzovaPro ($82.40 in chips)
mishkamoya: posts small blind $1
BuzovaPro: posts big blind $3
*** HOLE CARDS ***
mishkamoya: folds
Uncalled bet ($2) returned to BuzovaPro
BuzovaPro collected $2 from pot
BuzovaPro: doesn't show hand
*** SUMMARY ***
Total pot $2 | Rake $0
Seat 6: mishkamoya (button) (small blind) folded before Flop
Seat 7: BuzovaPro (big blind) collected ($2)


PokerStars Hand #149009980763:  Hold'em Limit ($3/$6 USD) - 2016/02/18 10:40:12 ET
Table 'Rosalia' 10-max Seat #7 is the button
Seat 6: mishkamoya ($119.50 in chips)
Seat 7: BuzovaPro ($79.40 in chips)
BuzovaPro: posts small blind $1
mishkamoya: posts big blind $3
*** HOLE CARDS ***
BuzovaPro: raises $3 to $6
mishkamoya: folds
Uncalled bet ($3) returned to BuzovaPro
BuzovaPro collected $6 from pot
BuzovaPro: doesn't show hand
*** SUMMARY ***
Total pot $6 | Rake $0
Seat 6: mishkamoya (big blind) folded before Flop
Seat 7: BuzovaPro (button) (small blind) collected ($6)


PokerStars Hand #149009989475:  Hold'em Limit ($3/$6 USD) - 2016/02/18 10:40:23 ET
Table 'Rosalia' 10-max Seat #7 is the button
Seat 6: mishkamoya ($115.50 in chips)
Seat 7: BuzovaPro ($83.40 in chips)
BuzovaPro: posts small blind $1
mishkamoya: posts big blind $3
*** HOLE CARDS ***
BuzovaPro: raises $3 to $6
mishkamoya: calls $3
*** FLOP *** [3h 2h 9h]
mishkamoya: checks
BuzovaPro: bets $3
mishkamoya: folds
Uncalled bet ($3) returned to BuzovaPro
BuzovaPro collected $11.76 from pot
BuzovaPro: doesn't show hand
*** SUMMARY ***
Total pot $12 | Rake $0.24
Board [3h 2h 9h]
Seat 6: mishkamoya (big blind) folded on the Flop
Seat 7: BuzovaPro (button) (small blind) collected ($11.76)


PokerStars Hand #149010045373:  Hold'em Limit ($3/$6 USD) - 2016/02/18 10:41:31 ET
Table 'Rosalia' 10-max Seat #6 is the button
Seat 6: mishkamoya ($104.26 in chips)
Seat 7: BuzovaPro ($93.68 in chips)
mishkamoya: posts small blind $1
BuzovaPro: posts big blind $3
*** HOLE CARDS ***
mishkamoya: raises $3 to $6
BuzovaPro: calls $3
*** FLOP *** [9s 2c 8d]
BuzovaPro: checks
mishkamoya: checks
*** TURN *** [9s 2c 8d] [Ah]
BuzovaPro: checks
mishkamoya: bets $6
BuzovaPro: raises $6 to $12
mishkamoya: calls $6
*** RIVER *** [9s 2c 8d Ah] [2h]
BuzovaPro: bets $6
mishkamoya: calls $6
*** SHOW DOWN ***
BuzovaPro: shows [7h Ac] (two pair, Aces and Deuces)
mishkamoya: mucks hand
BuzovaPro collected $47.50 from pot
*** SUMMARY ***
Total pot $48 | Rake $0.50
Board [9s 2c 8d Ah 2h]
Seat 6: mishkamoya (button) (small blind) mucked
Seat 7: BuzovaPro (big blind) showed [7h Ac] and won ($47.50) with two pair, Aces and Deuces


PokerStars Hand #149010058131:  Hold'em Limit ($3/$6 USD) - 2016/02/18 10:41:46 ET
Table 'Rosalia' 10-max Seat #7 is the button
Seat 6: mishkamoya ($80.26 in chips)
Seat 7: BuzovaPro ($117.18 in chips)
BuzovaPro: posts small blind $1
mishkamoya: posts big blind $3
*** HOLE CARDS ***
BuzovaPro: raises $3 to $6
mishkamoya: folds
Uncalled bet ($3) returned to BuzovaPro
BuzovaPro collected $6 from pot
BuzovaPro: doesn't show hand
*** SUMMARY ***
Total pot $6 | Rake $0
Seat 6: mishkamoya (big blind) folded before Flop
Seat 7: BuzovaPro (button) (small blind) collected ($6)


PokerStars Hand #149010062632:  Hold'em Limit ($3/$6 USD) - 2016/02/18 10:41:51 ET
Table 'Rosalia' 10-max Seat #6 is the button
Seat 6: mishkamoya ($77.26 in chips)
Seat 7: BuzovaPro ($120.18 in chips)
mishkamoya: posts small blind $1
BuzovaPro: posts big blind $3
*** HOLE CARDS ***
mishkamoya: raises $3 to $6
BuzovaPro: calls $3
*** FLOP *** [Jd 6h 7c]
BuzovaPro: checks
mishkamoya: checks
*** TURN *** [Jd 6h 7c] [4h]
BuzovaPro: checks
mishkamoya: checks
*** RIVER *** [Jd 6h 7c 4h] [5s]
BuzovaPro: checks
mishkamoya: checks
*** SHOW DOWN ***
BuzovaPro: shows [7s 9d] (a pair of Sevens)
mishkamoya: mucks hand
BuzovaPro collected $11.76 from pot
*** SUMMARY ***
Total pot $12 | Rake $0.24
Board [Jd 6h 7c 4h 5s]
Seat 6: mishkamoya (button) (small blind) mucked
Seat 7: BuzovaPro (big blind) showed [7s 9d] and won ($11.76) with a pair of Sevens


PokerStars Hand #149010034174:  Hold'em Limit ($3/$6 USD) - 2016/02/18 10:41:17 ET
Table 'Rosalia' 10-max Seat #7 is the button
Seat 6: mishkamoya ($110.26 in chips)
Seat 7: BuzovaPro ($87.92 in chips)
BuzovaPro: posts small blind $1
mishkamoya: posts big blind $3
*** HOLE CARDS ***
BuzovaPro: raises $3 to $6
mishkamoya: calls $3
*** FLOP *** [Ah 7h 2c]
mishkamoya: checks
BuzovaPro: bets $3
mishkamoya: folds
Uncalled bet ($3) returned to BuzovaPro
BuzovaPro collected $11.76 from pot
BuzovaPro: doesn't show hand
*** SUMMARY ***
Total pot $12 | Rake $0.24
Board [Ah 7h 2c]
Seat 6: mishkamoya (big blind) folded on the Flop
Seat 7: BuzovaPro (button) (small blind) collected ($11.76)


PokerStars Hand #149010073687:  Hold'em Limit ($3/$6 USD) - 2016/02/18 10:42:05 ET
Table 'Rosalia' 10-max Seat #7 is the button
Seat 6: mishkamoya ($71.26 in chips)
Seat 7: BuzovaPro ($125.94 in chips)
BuzovaPro: posts small blind $1
mishkamoya: posts big blind $3
*** HOLE CARDS ***
BuzovaPro: raises $3 to $6
mishkamoya: calls $3
*** FLOP *** [Th 3h Jc]
mishkamoya: checks
BuzovaPro: checks
*** TURN *** [Th 3h Jc] [2d]
mishkamoya: bets $6
BuzovaPro: calls $6
*** RIVER *** [Th 3h Jc 2d] [Ad]
mishkamoya: bets $6
BuzovaPro: raises $6 to $12
mishkamoya: calls $6
*** SHOW DOWN ***
BuzovaPro: shows [Ac 6s] (a pair of Aces)
mishkamoya: shows [2s Js] (two pair, Jacks and Deuces)
mishkamoya collected $47.50 from pot
*** SUMMARY ***
Total pot $48 | Rake $0.50
Board [Th 3h Jc 2d Ad]
Seat 6: mishkamoya (big blind) showed [2s Js] and won ($47.50) with two pair, Jacks and Deuces
Seat 7: BuzovaPro (button) (small blind) showed [Ac 6s] and lost with a pair of Aces


PokerStars Hand #149010096694:  Hold'em Limit ($3/$6 USD) - 2016/02/18 10:42:33 ET
Table 'Rosalia' 10-max Seat #7 is the button
Seat 6: mishkamoya ($88.76 in chips)
Seat 7: BuzovaPro ($107.70 in chips)
BuzovaPro: posts small blind $1
mishkamoya: posts big blind $3
*** HOLE CARDS ***
BuzovaPro: folds
Uncalled bet ($2) returned to mishkamoya
mishkamoya collected $2 from pot
mishkamoya: doesn't show hand
*** SUMMARY ***
Total pot $2 | Rake $0
Seat 6: mishkamoya (big blind) collected ($2)
Seat 7: BuzovaPro (button) (small blind) folded before Flop


PokerStars Hand #149010084944:  Hold'em Limit ($3/$6 USD) - 2016/02/18 10:42:18 ET
Table 'Rosalia' 10-max Seat #6 is the button
Seat 6: mishkamoya ($94.76 in chips)
Seat 7: BuzovaPro ($101.94 in chips)
mishkamoya: posts small blind $1
BuzovaPro: posts big blind $3
*** HOLE CARDS ***
mishkamoya: raises $3 to $6
BuzovaPro: calls $3
*** FLOP *** [5s 3c 7h]
BuzovaPro: checks
mishkamoya: checks
*** TURN *** [5s 3c 7h] [2s]
BuzovaPro: checks
mishkamoya: checks
*** RIVER *** [5s 3c 7h 2s] [Qh]
BuzovaPro: checks
mishkamoya: checks
*** SHOW DOWN ***
BuzovaPro: shows [Js 9h] (high card Queen)
mishkamoya: mucks hand
BuzovaPro collected $11.76 from pot
*** SUMMARY ***
Total pot $12 | Rake $0.24
Board [5s 3c 7h 2s Qh]
Seat 6: mishkamoya (button) (small blind) mucked
Seat 7: BuzovaPro (big blind) showed [Js 9h] and won ($11.76) with high card Queen


