PokerStars Hand #175815987751:  Hold'em Limit ($3/$6 USD) - 2017/09/18 14:50:06 ET
Table 'Rosa' 6-max Seat #1 is the button
Seat 1: ogdundar ($120 in chips)
Seat 4: Agrotait ($66 in chips)
ogdundar: posts small blind $1
Agrotait: posts big blind $3
*** HOLE CARDS ***
ogdundar: raises $3 to $6
Agrotait: folds
Uncalled bet ($3) returned to ogdundar
ogdundar collected $6 from pot
ogdundar: doesn't show hand
*** SUMMARY ***
Total pot $6 | Rake $0
Seat 1: ogdundar (button) (small blind) collected ($6)
Seat 4: Agrotait (big blind) folded before Flop


PokerStars Hand #175816013365:  Hold'em Limit ($3/$6 USD) - 2017/09/18 14:50:36 ET
Table 'Rosa' 6-max Seat #1 is the button
Seat 1: ogdundar ($140.50 in chips)
Seat 4: Agrotait ($45 in chips)
ogdundar: posts small blind $1
Agrotait: posts big blind $3
*** HOLE CARDS ***
ogdundar: raises $3 to $6
Agrotait: raises $3 to $9
ogdundar: calls $3
*** FLOP *** [4s 5c 4c]
Agrotait: bets $3
ogdundar: folds
Uncalled bet ($3) returned to Agrotait
Agrotait collected $17.64 from pot
Agrotait: doesn't show hand
*** SUMMARY ***
Total pot $18 | Rake $0.36
Board [4s 5c 4c]
Seat 1: ogdundar (button) (small blind) folded on the Flop
Seat 4: Agrotait (big blind) collected ($17.64)


PokerStars Hand #175815996444:  Hold'em Limit ($3/$6 USD) - 2017/09/18 14:50:17 ET
Table 'Rosa' 6-max Seat #4 is the button
Seat 1: ogdundar ($123 in chips)
Seat 4: Agrotait ($63 in chips)
Agrotait: posts small blind $1
ogdundar: posts big blind $3
*** HOLE CARDS ***
vestimokrec joins the table at seat #2
Agrotait: raises $3 to $6
ogdundar: raises $3 to $9
Agrotait: calls $3
*** FLOP *** [5d 2c 3h]
ogdundar: bets $3
Agrotait: calls $3
*** TURN *** [5d 2c 3h] [9h]
ogdundar: bets $6
Agrotait: calls $6
*** RIVER *** [5d 2c 3h 9h] [Kc]
ogdundar: bets $6
Agrotait: folds
Uncalled bet ($6) returned to ogdundar
ogdundar collected $35.50 from pot
ogdundar: doesn't show hand
*** SUMMARY ***
Total pot $36 | Rake $0.50
Board [5d 2c 3h 9h Kc]
Seat 1: ogdundar (big blind) collected ($35.50)
Seat 4: Agrotait (button) (small blind) folded on the River


PokerStars Hand #175816039310:  Hold'em Limit ($3/$6 USD) - 2017/09/18 14:51:07 ET
Table 'Rosa' 6-max Seat #4 is the button
Seat 1: ogdundar ($131.50 in chips)
Seat 4: Agrotait ($53.64 in chips)
Agrotait: posts small blind $1
ogdundar: posts big blind $3
*** HOLE CARDS ***
Agrotait: raises $3 to $6
ogdundar: folds
Uncalled bet ($3) returned to Agrotait
Agrotait collected $6 from pot
hakob810 joins the table at seat #3
Agrotait: doesn't show hand
*** SUMMARY ***
Total pot $6 | Rake $0
Seat 1: ogdundar (big blind) folded before Flop
Seat 4: Agrotait (button) (small blind) collected ($6)


PokerStars Hand #175816347869:  Hold'em Limit ($3/$6 USD) - 2017/09/18 14:57:41 ET
Table 'Rosa' 6-max Seat #5 is the button
Seat 1: ogdundar ($132.97 in chips)
Seat 5: GoliafUa ($120 in chips)
GoliafUa: posts small blind $1
ogdundar: posts big blind $3
*** HOLE CARDS ***
GoliafUa: raises $3 to $6
ogdundar: calls $3
*** FLOP *** [4h 2h 8d]
mytuter joins the table at seat #3
ogdundar: checks
GoliafUa: bets $3
ogdundar: raises $3 to $6
GoliafUa: calls $3
*** TURN *** [4h 2h 8d] [9d]
ogdundar: bets $6
GoliafUa: raises $6 to $12
ogdundar: calls $6
*** RIVER *** [4h 2h 8d 9d] [2c]
ogdundar: checks
GoliafUa: bets $6
ogdundar: folds
Uncalled bet ($6) returned to GoliafUa
GoliafUa collected $47.50 from pot
*** SUMMARY ***
Total pot $48 | Rake $0.50
Board [4h 2h 8d 9d 2c]
Seat 1: ogdundar (big blind) folded on the River
Seat 5: GoliafUa (button) (small blind) collected ($47.50)


PokerStars Hand #175816412740:  Hold'em Limit ($3/$6 USD) - 2017/09/18 14:59:18 ET
Table 'Rosa' 6-max Seat #1 is the button
Seat 1: ogdundar ($142.99 in chips)
Seat 5: GoliafUa ($140.75 in chips)
ogdundar: posts small blind $1
GoliafUa: posts big blind $3
*** HOLE CARDS ***
ogdundar: folds
Uncalled bet ($2) returned to GoliafUa
GoliafUa collected $2 from pot
*** SUMMARY ***
Total pot $2 | Rake $0
Seat 1: ogdundar (button) (small blind) folded before Flop
Seat 5: GoliafUa (big blind) collected ($2)


PokerStars Hand #175816403683:  Hold'em Limit ($3/$6 USD) - 2017/09/18 14:59:05 ET
Table 'Rosa' 6-max Seat #5 is the button
Seat 1: ogdundar ($134.35 in chips)
Seat 5: GoliafUa ($149.75 in chips)
GoliafUa: posts small blind $1
ogdundar: posts big blind $3
*** HOLE CARDS ***
GoliafUa: raises $3 to $6
ogdundar: calls $3
*** FLOP *** [Qh Tc 8c]
ogdundar: checks
GoliafUa: bets $3
ogdundar: raises $3 to $6
GoliafUa: folds
Uncalled bet ($3) returned to ogdundar
ogdundar collected $17.64 from pot
ogdundar: doesn't show hand
*** SUMMARY ***
Total pot $18 | Rake $0.36
Board [Qh Tc 8c]
Seat 1: ogdundar (big blind) collected ($17.64)
Seat 5: GoliafUa (button) (small blind) folded on the Flop


PokerStars Hand #175816399151:  Hold'em Limit ($3/$6 USD) - 2017/09/18 14:58:58 ET
Table 'Rosa' 6-max Seat #1 is the button
Seat 1: ogdundar ($131.35 in chips)
Seat 5: GoliafUa ($152.75 in chips)
ogdundar: posts small blind $1
GoliafUa: posts big blind $3
*** HOLE CARDS ***
ogdundar: raises $3 to $6
GoliafUa: folds
Uncalled bet ($3) returned to ogdundar
ogdundar collected $6 from pot
ogdundar: doesn't show hand
*** SUMMARY ***
Total pot $6 | Rake $0
Seat 1: ogdundar (button) (small blind) collected ($6)
Seat 5: GoliafUa (big blind) folded before Flop


PokerStars Hand #175816436991:  Hold'em Limit ($3/$6 USD) - 2017/09/18 14:59:54 ET
Table 'Rosa' 6-max Seat #5 is the button
Seat 1: ogdundar ($144.51 in chips)
Seat 5: GoliafUa ($138.39 in chips)
GoliafUa: posts small blind $1
ogdundar: posts big blind $3
*** HOLE CARDS ***
GoliafUa: folds
Uncalled bet ($2) returned to ogdundar
ogdundar collected $2 from pot
ogdundar: doesn't show hand
*** SUMMARY ***
Total pot $2 | Rake $0
Seat 1: ogdundar (big blind) collected ($2)
Seat 5: GoliafUa (button) (small blind) folded before Flop


PokerStars Hand #175816440097:  Hold'em Limit ($3/$6 USD) - 2017/09/18 14:59:59 ET
Table 'Rosa' 6-max Seat #1 is the button
Seat 1: ogdundar ($145.51 in chips)
Seat 5: GoliafUa ($137.39 in chips)
ogdundar: posts small blind $1
GoliafUa: posts big blind $3
*** HOLE CARDS ***
ogdundar: raises $3 to $6
GoliafUa: calls $3
*** FLOP *** [3c 7c 9h]
GoliafUa: checks
ogdundar: bets $3
GoliafUa: calls $3
*** TURN *** [3c 7c 9h] [Qd]
GoliafUa: checks
ogdundar: bets $6
GoliafUa: calls $6
*** RIVER *** [3c 7c 9h Qd] [Ah]
GoliafUa: checks
ogdundar: bets $6
GoliafUa: folds
Uncalled bet ($6) returned to ogdundar
ogdundar collected $29.50 from pot
ogdundar: doesn't show hand
*** SUMMARY ***
Total pot $30 | Rake $0.50
Board [3c 7c 9h Qd Ah]
Seat 1: ogdundar (button) (small blind) collected ($29.50)
Seat 5: GoliafUa (big blind) folded on the River


PokerStars Hand #175816416131:  Hold'em Limit ($3/$6 USD) - 2017/09/18 14:59:23 ET
Table 'Rosa' 6-max Seat #5 is the button
Seat 1: ogdundar ($141.99 in chips)
Seat 5: GoliafUa ($141.75 in chips)
GoliafUa: posts small blind $1
ogdundar: posts big blind $3
*** HOLE CARDS ***
GoliafUa: raises $3 to $6
ogdundar: calls $3
*** FLOP *** [6c Qc Td]
ogdundar: checks
GoliafUa: bets $3
ogdundar: raises $3 to $6
GoliafUa: calls $3
*** TURN *** [6c Qc Td] [Kc]
ogdundar: bets $6
GoliafUa: folds
Uncalled bet ($6) returned to ogdundar
ogdundar collected $23.52 from pot
ogdundar: doesn't show hand
*** SUMMARY ***
Total pot $24 | Rake $0.48
Board [6c Qc Td Kc]
Seat 1: ogdundar (big blind) collected ($23.52)
Seat 5: GoliafUa (button) (small blind) folded on the Turn


PokerStars Hand #175816426949:  Hold'em Limit ($3/$6 USD) - 2017/09/18 14:59:40 ET
Table 'Rosa' 6-max Seat #1 is the button
Seat 1: ogdundar ($153.51 in chips)
Seat 5: GoliafUa ($129.75 in chips)
ogdundar: posts small blind $1
GoliafUa: posts big blind $3
*** HOLE CARDS ***
ogdundar: raises $3 to $6
GoliafUa: calls $3
*** FLOP *** [2h Th 9d]
GoliafUa: checks
ogdundar: bets $3
GoliafUa: calls $3
*** TURN *** [2h Th 9d] [5s]
GoliafUa: checks
ogdundar: checks
*** RIVER *** [2h Th 9d 5s] [8h]
GoliafUa: checks
ogdundar: checks
*** SHOW DOWN ***
GoliafUa: shows [5d Qd] (a pair of Fives)
ogdundar: mucks hand
GoliafUa collected $17.64 from pot
vestimokrec leaves the table
*** SUMMARY ***
Total pot $18 | Rake $0.36
Board [2h Th 9d 5s 8h]
Seat 1: ogdundar (button) (small blind) mucked
Seat 5: GoliafUa (big blind) showed [5d Qd] and won ($17.64) with a pair of Fives


PokerStars Hand #175816455806:  Hold'em Limit ($3/$6 USD) - 2017/09/18 15:00:21 ET
Table 'Rosa' 6-max Seat #5 is the button
Seat 1: ogdundar ($160.01 in chips)
Seat 5: GoliafUa ($122.39 in chips)
GoliafUa: posts small blind $1
ogdundar: posts big blind $3
*** HOLE CARDS ***
GoliafUa: raises $3 to $6
ogdundar: calls $3
*** FLOP *** [2s 3d 2h]
ogdundar: checks
GoliafUa: bets $3
ogdundar: calls $3
*** TURN *** [2s 3d 2h] [Ah]
ogdundar: checks
GoliafUa: checks
*** RIVER *** [2s 3d 2h Ah] [Jh]
ogdundar: checks
GoliafUa: bets $6
ogdundar: calls $6
*** SHOW DOWN ***
GoliafUa: shows [Qc Qh] (two pair, Queens and Deuces)
ogdundar: mucks hand
GoliafUa collected $29.50 from pot
*** SUMMARY ***
Total pot $30 | Rake $0.50
Board [2s 3d 2h Ah Jh]
Seat 1: ogdundar (big blind) mucked
Seat 5: GoliafUa (button) (small blind) showed [Qc Qh] and won ($29.50) with two pair, Queens and Deuces


PokerStars Hand #175816584019:  Hold'em Limit ($3/$6 USD) - 2017/09/18 15:03:05 ET
Table 'Rosa' 6-max Seat #3 is the button
Seat 1: ogdundar ($192.29 in chips)
Seat 3: mytuter ($54.25 in chips)
mytuter: posts small blind $1
ogdundar: posts big blind $3
*** HOLE CARDS ***
mytuter: raises $3 to $6
ogdundar: raises $3 to $9
mytuter: calls $3
*** FLOP *** [7s Jh As]
ogdundar: bets $3
mytuter: calls $3
*** TURN *** [7s Jh As] [Ac]
ogdundar: bets $6
mytuter: raises $6 to $12
ogdundar: raises $6 to $18
mytuter: raises $6 to $24
Betting is capped
ogdundar: calls $6
*** RIVER *** [7s Jh As Ac] [9s]
ogdundar: bets $6
mytuter: calls $6
*** SHOW DOWN ***
ogdundar: shows [7d 7c] (a full house, Sevens full of Aces)
mytuter: mucks hand
ogdundar collected $83.50 from pot
*** SUMMARY ***
Total pot $84 | Rake $0.50
Board [7s Jh As Ac 9s]
Seat 1: ogdundar (big blind) showed [7d 7c] and won ($83.50) with a full house, Sevens full of Aces
Seat 3: mytuter (button) (small blind) mucked


PokerStars Hand #175816648729:  Hold'em Limit ($3/$6 USD) - 2017/09/18 15:04:21 ET
Table 'Rosa' 6-max Seat #1 is the button
Seat 1: ogdundar ($244.01 in chips)
Seat 5: GoliafUa ($149.17 in chips)
ogdundar: posts small blind $1
GoliafUa: posts big blind $3
*** HOLE CARDS ***
ogdundar: folds
Uncalled bet ($2) returned to GoliafUa
GoliafUa collected $2 from pot
*** SUMMARY ***
Total pot $2 | Rake $0
Seat 1: ogdundar (button) (small blind) folded before Flop
Seat 5: GoliafUa (big blind) collected ($2)


PokerStars Hand #175816601317:  Hold'em Limit ($3/$6 USD) - 2017/09/18 15:03:26 ET
Table 'Rosa' 6-max Seat #1 is the button
Seat 1: ogdundar ($233.79 in chips)
Seat 3: mytuter ($12.25 in chips)
ogdundar: posts small blind $1
mytuter: posts big blind $3
*** HOLE CARDS ***
ogdundar: raises $3 to $6
mytuter: raises $3 to $9
ogdundar: calls $3
*** FLOP *** [3d 8c 9s]
mytuter: bets $3
ogdundar: raises $3 to $6
mytuter: calls $0.25 and is all-in
Uncalled bet ($2.75) returned to ogdundar
*** TURN *** [3d 8c 9s] [2h]
*** RIVER *** [3d 8c 9s 2h] [4s]
*** SHOW DOWN ***
mytuter: shows [Ac Kd] (high card Ace)
ogdundar: shows [6c 7d] (high card Nine)
mytuter collected $24.01 from pot
*** SUMMARY ***
Total pot $24.50 | Rake $0.49
Board [3d 8c 9s 2h 4s]
Seat 1: ogdundar (button) (small blind) showed [6c 7d] and lost with high card Nine
Seat 3: mytuter (big blind) showed [Ac Kd] and won ($24.01) with high card Ace


PokerStars Hand #175816652710:  Hold'em Limit ($3/$6 USD) - 2017/09/18 15:04:26 ET
Table 'Rosa' 6-max Seat #5 is the button
Seat 1: ogdundar ($243.01 in chips)
Seat 5: GoliafUa ($150.17 in chips)
GoliafUa: posts small blind $1
ogdundar: posts big blind $3
*** HOLE CARDS ***
GoliafUa: raises $3 to $6
ogdundar: calls $3
*** FLOP *** [6h 9s 5c]
ogdundar: checks
GoliafUa: bets $3
ogdundar: raises $3 to $6
GoliafUa: calls $3
*** TURN *** [6h 9s 5c] [3s]
ogdundar: bets $6
GoliafUa: raises $6 to $12
ogdundar: calls $6
*** RIVER *** [6h 9s 5c 3s] [Ad]
ogdundar: checks
GoliafUa: bets $6
ogdundar: folds
Uncalled bet ($6) returned to GoliafUa
GoliafUa collected $47.50 from pot
*** SUMMARY ***
Total pot $48 | Rake $0.50
Board [6h 9s 5c 3s Ad]
Seat 1: ogdundar (big blind) folded on the River
Seat 5: GoliafUa (button) (small blind) collected ($47.50)


PokerStars Hand #175816723522:  Hold'em Limit ($3/$6 USD) - 2017/09/18 15:05:47 ET
Table 'Rosa' 6-max Seat #5 is the button
Seat 1: ogdundar ($213.01 in chips)
Seat 5: GoliafUa ($179.43 in chips)
GoliafUa: posts small blind $1
ogdundar: posts big blind $3
*** HOLE CARDS ***
GoliafUa: raises $3 to $6
ogdundar: raises $3 to $9
GoliafUa: calls $3
*** FLOP *** [Kc 8s Ac]
ogdundar: bets $3
GoliafUa: calls $3
*** TURN *** [Kc 8s Ac] [5d]
ogdundar: bets $6
GoliafUa: calls $6
*** RIVER *** [Kc 8s Ac 5d] [3s]
ogdundar: bets $6
GoliafUa: folds
Uncalled bet ($6) returned to ogdundar
ogdundar collected $35.50 from pot
ogdundar: doesn't show hand
*** SUMMARY ***
Total pot $36 | Rake $0.50
Board [Kc 8s Ac 5d 3s]
Seat 1: ogdundar (big blind) collected ($35.50)
Seat 5: GoliafUa (button) (small blind) folded on the River


PokerStars Hand #175816694187:  Hold'em Limit ($3/$6 USD) - 2017/09/18 15:05:14 ET
Table 'Rosa' 6-max Seat #1 is the button
Seat 1: ogdundar ($219.01 in chips)
Seat 5: GoliafUa ($173.67 in chips)
ogdundar: posts small blind $1
GoliafUa: posts big blind $3
*** HOLE CARDS ***
ogdundar: raises $3 to $6
GoliafUa: calls $3
*** FLOP *** [8d 9h Js]
GoliafUa: bets $3
ogdundar: folds
Uncalled bet ($3) returned to GoliafUa
GoliafUa collected $11.76 from pot
*** SUMMARY ***
Total pot $12 | Rake $0.24
Board [8d 9h Js]
Seat 1: ogdundar (button) (small blind) folded on the Flop
Seat 5: GoliafUa (big blind) collected ($11.76)


