PokerStars Hand #161352632484:  Hold'em Limit ($3/$6 USD) - 2016/11/13 14:49:10 ET
Table 'Rosina' 6-max Seat #5 is the button
Seat 1: bigfish604 ($81.95 in chips)
Seat 5: GoliafUa ($121 in chips)
GoliafUa: posts small blind $1
bigfish604: posts big blind $3
*** HOLE CARDS ***
GoliafUa: raises $3 to $6
bigfish604: folds
Uncalled bet ($3) returned to GoliafUa
GoliafUa collected $6 from pot
GoliafUa: doesn't show hand
*** SUMMARY ***
Total pot $6 | Rake $0
Seat 1: bigfish604 (big blind) folded before Flop
Seat 5: GoliafUa (button) (small blind) collected ($6)


PokerStars Hand #161352625674:  Hold'em Limit ($3/$6 USD) - 2016/11/13 14:49:03 ET
Table 'Rosina' 6-max Seat #1 is the button
Seat 1: bigfish604 ($82.95 in chips)
Seat 5: GoliafUa ($120 in chips)
bigfish604: posts small blind $1
GoliafUa: posts big blind $3
*** HOLE CARDS ***
bigfish604: folds
Uncalled bet ($2) returned to GoliafUa
GoliafUa collected $2 from pot
GoliafUa: doesn't show hand
*** SUMMARY ***
Total pot $2 | Rake $0
Seat 1: bigfish604 (button) (small blind) folded before Flop
Seat 5: GoliafUa (big blind) collected ($2)


PokerStars Hand #161352615756:  Hold'em Limit ($3/$6 USD) - 2016/11/13 14:48:54 ET
Table 'Rosina' 6-max Seat #5 is the button
Seat 1: bigfish604 ($85.95 in chips)
Seat 5: GoliafUa ($117 in chips)
GoliafUa: posts small blind $1
bigfish604: posts big blind $3
*** HOLE CARDS ***
GoliafUa: raises $3 to $6
bigfish604: folds
Uncalled bet ($3) returned to GoliafUa
GoliafUa collected $6 from pot
GoliafUa: doesn't show hand
*** SUMMARY ***
Total pot $6 | Rake $0
Seat 1: bigfish604 (big blind) folded before Flop
Seat 5: GoliafUa (button) (small blind) collected ($6)


