PokerStars Hand #152679707928:  Hold'em Limit ($3/$6 USD) - 2016/04/30 18:27:30 ET
Table 'Rosselia' 6-max Seat #1 is the button
Seat 1: Brando Jr ($120 in chips)
Seat 2: Mind90 ($588 in chips)
Brando Jr: posts small blind $1
Mind90: posts big blind $3
*** HOLE CARDS ***
Brando Jr: raises $3 to $6
Mind90: calls $3
*** FLOP *** [4c 3d 9h]
Mind90: bets $3
Brando Jr: raises $3 to $6
Mind90: calls $3
*** TURN *** [4c 3d 9h] [8c]
Mind90: checks
Brando Jr: bets $6
Mind90: calls $6
*** RIVER *** [4c 3d 9h 8c] [4s]
Mind90: checks
Brando Jr: bets $6
Mind90: folds
Uncalled bet ($6) returned to Brando Jr
Brando Jr collected $35.50 from pot
Brando Jr: doesn't show hand
*** SUMMARY ***
Total pot $36 | Rake $0.50
Board [4c 3d 9h 8c 4s]
Seat 1: Brando Jr (button) (small blind) collected ($35.50)
Seat 2: Mind90 (big blind) folded on the River


PokerStars Hand #152679743599:  Hold'em Limit ($3/$6 USD) - 2016/04/30 18:28:20 ET
Table 'Rosselia' 6-max Seat #2 is the button
Seat 1: Brando Jr ($160 in chips)
Seat 2: Mind90 ($547 in chips)
Mind90: posts small blind $1
Brando Jr: posts big blind $3
*** HOLE CARDS ***
Mind90: raises $3 to $6
Brando Jr: calls $3
*** FLOP *** [Kc Td 5h]
Brando Jr: checks
Mind90: bets $3
Brando Jr: raises $3 to $6
Mind90: calls $3
*** TURN *** [Kc Td 5h] [Jh]
Brando Jr: bets $6
Mind90: calls $6
*** RIVER *** [Kc Td 5h Jh] [9h]
Brando Jr: bets $6
Mind90: calls $6
*** SHOW DOWN ***
Brando Jr: shows [6h 4c] (high card King)
Mind90: shows [2c 2h] (a pair of Deuces)
Mind90 collected $47.50 from pot
*** SUMMARY ***
Total pot $48 | Rake $0.50
Board [Kc Td 5h Jh 9h]
Seat 1: Brando Jr (big blind) showed [6h 4c] and lost with high card King
Seat 2: Mind90 (button) (small blind) showed [2c 2h] and won ($47.50) with a pair of Deuces


PokerStars Hand #152679740051:  Hold'em Limit ($3/$6 USD) - 2016/04/30 18:28:15 ET
Table 'Rosselia' 6-max Seat #1 is the button
Seat 1: Brando Jr ($161 in chips)
Seat 2: Mind90 ($546 in chips)
Brando Jr: posts small blind $1
Mind90: posts big blind $3
*** HOLE CARDS ***
Brando Jr: folds
Uncalled bet ($2) returned to Mind90
Mind90 collected $2 from pot
*** SUMMARY ***
Total pot $2 | Rake $0
Seat 1: Brando Jr (button) (small blind) folded before Flop
Seat 2: Mind90 (big blind) collected ($2)


PokerStars Hand #152679719629:  Hold'em Limit ($3/$6 USD) - 2016/04/30 18:27:46 ET
Table 'Rosselia' 6-max Seat #2 is the button
Seat 1: Brando Jr ($137.50 in chips)
Seat 2: Mind90 ($570 in chips)
Mind90: posts small blind $1
Brando Jr: posts big blind $3
*** HOLE CARDS ***
Mind90: raises $3 to $6
Brando Jr: raises $3 to $9
Mind90: calls $3
*** FLOP *** [As 2h Qs]
Brando Jr: bets $3
Mind90: calls $3
*** TURN *** [As 2h Qs] [9h]
Brando Jr: checks
Mind90: bets $6
Brando Jr: calls $6
*** RIVER *** [As 2h Qs 9h] [Th]
Brando Jr: checks
Mind90: bets $6
Brando Jr: calls $6
*** SHOW DOWN ***
Mind90: shows [Js 3c] (high card Ace)
Brando Jr: shows [7h 7s] (a pair of Sevens)
Brando Jr collected $47.50 from pot
*** SUMMARY ***
Total pot $48 | Rake $0.50
Board [As 2h Qs 9h Th]
Seat 1: Brando Jr (big blind) showed [7h 7s] and won ($47.50) with a pair of Sevens
Seat 2: Mind90 (button) (small blind) showed [Js 3c] and lost with high card Ace


PokerStars Hand #152679774939:  Hold'em Limit ($3/$6 USD) - 2016/04/30 18:29:03 ET
Table 'Rosselia' 6-max Seat #2 is the button
Seat 1: Brando Jr ($109 in chips)
Seat 2: Mind90 ($597 in chips)
Mind90: posts small blind $1
Brando Jr: posts big blind $3
*** HOLE CARDS ***
Mind90: calls $2
Brando Jr: checks
*** FLOP *** [2d Ah 8h]
Brando Jr: checks
Mind90: bets $3
Brando Jr: calls $3
*** TURN *** [2d Ah 8h] [5s]
Brando Jr: checks
Mind90: bets $6
Brando Jr: folds
Uncalled bet ($6) returned to Mind90
Mind90 collected $11.76 from pot
*** SUMMARY ***
Total pot $12 | Rake $0.24
Board [2d Ah 8h 5s]
Seat 1: Brando Jr (big blind) folded on the Turn
Seat 2: Mind90 (button) (small blind) collected ($11.76)


PokerStars Hand #152679759153:  Hold'em Limit ($3/$6 USD) - 2016/04/30 18:28:41 ET
Table 'Rosselia' 6-max Seat #1 is the button
Seat 1: Brando Jr ($136 in chips)
Seat 2: Mind90 ($570.50 in chips)
Brando Jr: posts small blind $1
Mind90: posts big blind $3
*** HOLE CARDS ***
Brando Jr: raises $3 to $6
Mind90: calls $3
*** FLOP *** [2c 9c 8h]
Mind90: checks
Brando Jr: bets $3
Mind90: calls $3
*** TURN *** [2c 9c 8h] [5d]
Mind90: checks
Brando Jr: bets $6
Mind90: raises $6 to $12
Brando Jr: calls $6
*** RIVER *** [2c 9c 8h 5d] [As]
Mind90: bets $6
Brando Jr: calls $6
*** SHOW DOWN ***
Mind90: shows [Ac Ad] (three of a kind, Aces)
Brando Jr: mucks hand
Mind90 collected $53.50 from pot
*** SUMMARY ***
Total pot $54 | Rake $0.50
Board [2c 9c 8h 5d As]
Seat 1: Brando Jr (button) (small blind) mucked
Seat 2: Mind90 (big blind) showed [Ac Ad] and won ($53.50) with three of a kind, Aces


PokerStars Hand #152680008859:  Hold'em Limit ($3/$6 USD) - 2016/04/30 18:34:35 ET
Table 'Rosselia' 6-max Seat #2 is the button
Seat 1: Brando Jr ($95 in chips)
Seat 2: Mind90 ($595.52 in chips)
Mind90: posts small blind $1
Brando Jr: posts big blind $3
*** HOLE CARDS ***
Mind90: raises $3 to $6
Brando Jr: calls $3
*** FLOP *** [Qs Qd 7c]
Brando Jr: checks
Mind90: bets $3
Brando Jr: folds
Uncalled bet ($3) returned to Mind90
Mind90 collected $11.76 from pot
*** SUMMARY ***
Total pot $12 | Rake $0.24
Board [Qs Qd 7c]
Seat 1: Brando Jr (big blind) folded on the Flop
Seat 2: Mind90 (button) (small blind) collected ($11.76)


PokerStars Hand #152679996203:  Hold'em Limit ($3/$6 USD) - 2016/04/30 18:34:17 ET
Table 'Rosselia' 6-max Seat #1 is the button
Seat 1: Brando Jr ($107 in chips)
Seat 2: Mind90 ($584 in chips)
Brando Jr: posts small blind $1
Mind90: posts big blind $3
*** HOLE CARDS ***
Brando Jr: raises $3 to $6
Mind90: calls $3
*** FLOP *** [Jh 8c 4c]
Mind90: bets $3
Brando Jr: raises $3 to $6
Mind90: calls $3
*** TURN *** [Jh 8c 4c] [Td]
Mind90: checks
Brando Jr: checks
*** RIVER *** [Jh 8c 4c Td] [Kc]
Mind90: bets $6
Brando Jr: folds
Uncalled bet ($6) returned to Mind90
Mind90 collected $23.52 from pot
*** SUMMARY ***
Total pot $24 | Rake $0.48
Board [Jh 8c 4c Td Kc]
Seat 1: Brando Jr (button) (small blind) folded on the River
Seat 2: Mind90 (big blind) collected ($23.52)


PokerStars Hand #152679992602:  Hold'em Limit ($3/$6 USD) - 2016/04/30 18:34:12 ET
Table 'Rosselia' 6-max Seat #2 is the button
Seat 1: Brando Jr ($106 in chips)
Seat 2: Mind90 ($585 in chips)
Mind90: posts small blind $1
Brando Jr: posts big blind $3
*** HOLE CARDS ***
Mind90: folds
Uncalled bet ($2) returned to Brando Jr
Brando Jr collected $2 from pot
Brando Jr: doesn't show hand
*** SUMMARY ***
Total pot $2 | Rake $0
Seat 1: Brando Jr (big blind) collected ($2)
Seat 2: Mind90 (button) (small blind) folded before Flop


PokerStars Hand #152679988067:  Hold'em Limit ($3/$6 USD) - 2016/04/30 18:34:05 ET
Table 'Rosselia' 6-max Seat #1 is the button
Seat 1: Brando Jr ($103 in chips)
Seat 2: Mind90 ($588 in chips)
Brando Jr: posts small blind $1
Mind90: posts big blind $3
*** HOLE CARDS ***
Brando Jr: raises $3 to $6
Mind90: folds
Uncalled bet ($3) returned to Brando Jr
Brando Jr collected $6 from pot
Brando Jr: doesn't show hand
*** SUMMARY ***
Total pot $6 | Rake $0
Seat 1: Brando Jr (button) (small blind) collected ($6)
Seat 2: Mind90 (big blind) folded before Flop


PokerStars Hand #152680054625:  Hold'em Limit ($3/$6 USD) - 2016/04/30 18:35:40 ET
Table 'Rosselia' 6-max Seat #3 is the button
Seat 1: Brando Jr ($70.76 in chips)
Seat 3: Jeelsy ($60.23 in chips)
Jeelsy: posts small blind $1
Brando Jr: posts big blind $3
*** HOLE CARDS ***
Jeelsy: raises $3 to $6
Brando Jr: calls $3
*** FLOP *** [Qs As 2h]
Brando Jr: checks
Jeelsy: checks
*** TURN *** [Qs As 2h] [8h]
Brando Jr: bets $6
Jeelsy: calls $6
*** RIVER *** [Qs As 2h 8h] [2d]
Brando Jr: checks
Jeelsy: checks
*** SHOW DOWN ***
Brando Jr: shows [Jd 9h] (a pair of Deuces)
Jeelsy: shows [Jc 8s] (two pair, Eights and Deuces)
Jeelsy collected $23.52 from pot
*** SUMMARY ***
Total pot $24 | Rake $0.48
Board [Qs As 2h 8h 2d]
Seat 1: Brando Jr (big blind) showed [Jd 9h] and lost with a pair of Deuces
Seat 3: Jeelsy (button) (small blind) showed [Jc 8s] and won ($23.52) with two pair, Eights and Deuces


PokerStars Hand #152680039070:  Hold'em Limit ($3/$6 USD) - 2016/04/30 18:35:18 ET
Table 'Rosselia' 6-max Seat #1 is the button
Seat 1: Brando Jr ($91.76 in chips)
Seat 3: Jeelsy ($39.73 in chips)
Brando Jr: posts small blind $1
Jeelsy: posts big blind $3
*** HOLE CARDS ***
Brando Jr: raises $3 to $6
Jeelsy: calls $3
*** FLOP *** [5h Tc 7d]
Jeelsy: bets $3
Brando Jr: calls $3
*** TURN *** [5h Tc 7d] [2h]
Jeelsy: bets $6
Brando Jr: calls $6
*** RIVER *** [5h Tc 7d 2h] [Jh]
Jeelsy: bets $6
Brando Jr: calls $6
*** SHOW DOWN ***
Jeelsy: shows [7c 6d] (a pair of Sevens)
Brando Jr: mucks hand
Jeelsy collected $41.50 from pot
*** SUMMARY ***
Total pot $42 | Rake $0.50
Board [5h Tc 7d 2h Jh]
Seat 1: Brando Jr (button) (small blind) mucked
Seat 3: Jeelsy (big blind) showed [7c 6d] and won ($41.50) with a pair of Sevens


PokerStars Hand #152680035332:  Hold'em Limit ($3/$6 USD) - 2016/04/30 18:35:13 ET
Table 'Rosselia' 6-max Seat #3 is the button
Seat 1: Brando Jr ($94.76 in chips)
Seat 3: Jeelsy ($36.73 in chips)
Jeelsy: posts small blind $1
Brando Jr: posts big blind $3
*** HOLE CARDS ***
Jeelsy: raises $3 to $6
Brando Jr: folds
Uncalled bet ($3) returned to Jeelsy
Jeelsy collected $6 from pot
Jeelsy: doesn't show hand
*** SUMMARY ***
Total pot $6 | Rake $0
Seat 1: Brando Jr (big blind) folded before Flop
Seat 3: Jeelsy (button) (small blind) collected ($6)


PokerStars Hand #152680028731:  Hold'em Limit ($3/$6 USD) - 2016/04/30 18:35:03 ET
Table 'Rosselia' 6-max Seat #1 is the button
Seat 1: Brando Jr ($89 in chips)
Seat 3: Jeelsy ($42.73 in chips)
Brando Jr: posts small blind $1
Jeelsy: posts big blind $3
*** HOLE CARDS ***
Brando Jr: raises $3 to $6
Jeelsy: calls $3
*** FLOP *** [As 9h 9d]
Jeelsy: checks
Brando Jr: bets $3
Jeelsy: folds
Uncalled bet ($3) returned to Brando Jr
Brando Jr collected $11.76 from pot
Brando Jr: doesn't show hand
*** SUMMARY ***
Total pot $12 | Rake $0.24
Board [As 9h 9d]
Seat 1: Brando Jr (button) (small blind) collected ($11.76)
Seat 3: Jeelsy (big blind) folded on the Flop


PokerStars Hand #152680070105:  Hold'em Limit ($3/$6 USD) - 2016/04/30 18:36:02 ET
Table 'Rosselia' 6-max Seat #3 is the button
Seat 1: Brando Jr ($57.76 in chips)
Seat 3: Jeelsy ($72.75 in chips)
Jeelsy: posts small blind $1
Brando Jr: posts big blind $3
*** HOLE CARDS ***
Jeelsy: raises $3 to $6
Brando Jr: raises $3 to $9
Jeelsy: calls $3
*** FLOP *** [7c Js 7s]
Brando Jr: bets $3
Jeelsy: calls $3
*** TURN *** [7c Js 7s] [9h]
Brando Jr: bets $6
Jeelsy: raises $6 to $12
Brando Jr: folds
Uncalled bet ($6) returned to Jeelsy
Jeelsy collected $35.50 from pot
Jeelsy: doesn't show hand
*** SUMMARY ***
Total pot $36 | Rake $0.50
Board [7c Js 7s 9h]
Seat 1: Brando Jr (big blind) folded on the Turn
Seat 3: Jeelsy (button) (small blind) collected ($35.50)


PokerStars Hand #152680065978:  Hold'em Limit ($3/$6 USD) - 2016/04/30 18:35:56 ET
Table 'Rosselia' 6-max Seat #1 is the button
Seat 1: Brando Jr ($58.76 in chips)
Seat 3: Jeelsy ($71.75 in chips)
Brando Jr: posts small blind $1
Jeelsy: posts big blind $3
*** HOLE CARDS ***
Brando Jr: folds
Uncalled bet ($2) returned to Jeelsy
Jeelsy collected $2 from pot
Jeelsy: doesn't show hand
zenobia11 joins the table at seat #2
*** SUMMARY ***
Total pot $2 | Rake $0
Seat 1: Brando Jr (button) (small blind) folded before Flop
Seat 3: Jeelsy (big blind) collected ($2)


PokerStars Hand #152680704452:  Hold'em Limit ($3/$6 USD) - 2016/04/30 18:51:19 ET
Table 'Rosselia' 6-max Seat #2 is the button
Seat 1: MEHTYXA ($48.54 in chips)
Seat 2: zenobia11 ($70.99 in chips)
zenobia11: posts small blind $1
vestimokrec: is sitting out
ValeryRon: is sitting out
MEHTYXA: posts big blind $3
*** HOLE CARDS ***
zenobia11: raises $3 to $6
ValeryRon leaves the table
MEHTYXA: calls $3
*** FLOP *** [5c 7h Ah]
MEHTYXA: bets $3
zenobia11: raises $3 to $6
MEHTYXA: calls $3
*** TURN *** [5c 7h Ah] [Ks]
MEHTYXA: checks
zenobia11: bets $6
MEHTYXA: folds
Uncalled bet ($6) returned to zenobia11
zenobia11 collected $23.52 from pot
zenobia11: doesn't show hand
*** SUMMARY ***
Total pot $24 | Rake $0.48
Board [5c 7h Ah Ks]
Seat 1: MEHTYXA (big blind) folded on the Turn
Seat 2: zenobia11 (button) (small blind) collected ($23.52)


PokerStars Hand #152680715463:  Hold'em Limit ($3/$6 USD) - 2016/04/30 18:51:35 ET
Table 'Rosselia' 6-max Seat #1 is the button
Seat 1: MEHTYXA ($36.54 in chips)
Seat 2: zenobia11 ($82.51 in chips)
MEHTYXA: posts small blind $1
zenobia11: posts big blind $3
*** HOLE CARDS ***
MEHTYXA: raises $3 to $6
zenobia11: raises $3 to $9
MEHTYXA: calls $3
*** FLOP *** [Kd 3c Jh]
zenobia11: bets $3
MEHTYXA: raises $3 to $6
zenobia11: folds
Uncalled bet ($3) returned to MEHTYXA
MEHTYXA collected $23.52 from pot
MEHTYXA: doesn't show hand
*** SUMMARY ***
Total pot $24 | Rake $0.48
Board [Kd 3c Jh]
Seat 1: MEHTYXA (button) (small blind) collected ($23.52)
Seat 2: zenobia11 (big blind) folded on the Flop


PokerStars Hand #152680727106:  Hold'em Limit ($3/$6 USD) - 2016/04/30 18:51:51 ET
Table 'Rosselia' 6-max Seat #2 is the button
Seat 1: MEHTYXA ($48.06 in chips)
Seat 2: zenobia11 ($70.51 in chips)
zenobia11: posts small blind $1
MEHTYXA: posts big blind $3
*** HOLE CARDS ***
zenobia11: raises $3 to $6
MEHTYXA: raises $3 to $9
zenobia11: raises $3 to $12
Betting is capped
MEHTYXA: calls $3
*** FLOP *** [6s 5h Qc]
MEHTYXA: checks
zenobia11: bets $3
MEHTYXA: raises $3 to $6
zenobia11: raises $3 to $9
MEHTYXA: raises $3 to $12
Betting is capped
zenobia11: calls $3
*** TURN *** [6s 5h Qc] [3h]
MEHTYXA: bets $6
zenobia11: raises $6 to $12
MEHTYXA: raises $6 to $18
zenobia11: raises $6 to $24
Betting is capped
MEHTYXA: calls $6
*** RIVER *** [6s 5h Qc 3h] [Kd]
MEHTYXA: bets $0.06 and is all-in
zenobia11: calls $0.06
*** SHOW DOWN ***
MEHTYXA: shows [Js Jc] (a pair of Jacks)
zenobia11: shows [As Qs] (a pair of Queens)
zenobia11 collected $95.62 from pot
*** SUMMARY ***
Total pot $96.12 | Rake $0.50
Board [6s 5h Qc 3h Kd]
Seat 1: MEHTYXA (big blind) showed [Js Jc] and lost with a pair of Jacks
Seat 2: zenobia11 (button) (small blind) showed [As Qs] and won ($95.62) with a pair of Queens


