PokerStars Hand #169381283418:  Hold'em Limit ($3/$6 USD) - 2017/04/21 23:04:09 ET
Table 'Rosselia' 6-max Seat #1 is the button
Seat 1: leungting684 ($67.07 in chips)
Seat 3: NoVebra ($72 in chips)
leungting684: posts small blind $1
NoVebra: posts big blind $3
*** HOLE CARDS ***
leungting684: raises $3 to $6
NoVebra: calls $3
*** FLOP *** [6c 7h 4d]
NoVebra: checks
leungting684: checks
*** TURN *** [6c 7h 4d] [7d]
NoVebra: checks
leungting684: checks
*** RIVER *** [6c 7h 4d 7d] [Qc]
NoVebra: checks
leungting684: checks
*** SHOW DOWN ***
NoVebra: shows [Tc Kh] (a pair of Sevens)
leungting684: mucks hand
NoVebra collected $11.76 from pot
*** SUMMARY ***
Total pot $12 | Rake $0.24
Board [6c 7h 4d 7d Qc]
Seat 1: leungting684 (button) (small blind) mucked
Seat 3: NoVebra (big blind) showed [Tc Kh] and won ($11.76) with a pair of Sevens


PokerStars Hand #169381305702:  Hold'em Limit ($3/$6 USD) - 2017/04/21 23:05:15 ET
Table 'Rosselia' 6-max Seat #3 is the button
Seat 1: leungting684 ($85.33 in chips)
Seat 3: NoVebra ($72 in chips)
NoVebra: posts small blind $1
leungting684: posts big blind $3
*** HOLE CARDS ***
NoVebra: raises $3 to $6
leungting684: calls $3
*** FLOP *** [Jc Qd As]
leungting684: checks
NoVebra: checks
*** TURN *** [Jc Qd As] [5h]
leungting684: checks
NoVebra: bets $6
leungting684: folds
Uncalled bet ($6) returned to NoVebra
NoVebra collected $11.76 from pot
NoVebra: doesn't show hand
*** SUMMARY ***
Total pot $12 | Rake $0.24
Board [Jc Qd As 5h]
Seat 1: leungting684 (big blind) folded on the Turn
Seat 3: NoVebra (button) (small blind) collected ($11.76)


PokerStars Hand #169381291433:  Hold'em Limit ($3/$6 USD) - 2017/04/21 23:04:33 ET
Table 'Rosselia' 6-max Seat #1 is the button
Seat 1: leungting684 ($62.07 in chips)
Seat 3: NoVebra ($76.76 in chips)
leungting684: posts small blind $1
NoVebra: posts big blind $3
*** HOLE CARDS ***
leungting684: calls $2
NoVebra: checks
*** FLOP *** [2d Kh Tc]
NoVebra: bets $3
leungting684: folds
Uncalled bet ($3) returned to NoVebra
NoVebra collected $5.88 from pot
NoVebra: doesn't show hand
*** SUMMARY ***
Total pot $6 | Rake $0.12
Board [2d Kh Tc]
Seat 1: leungting684 (button) (small blind) folded on the Flop
Seat 3: NoVebra (big blind) collected ($5.88)


PokerStars Hand #169381289855:  Hold'em Limit ($3/$6 USD) - 2017/04/21 23:04:29 ET
Table 'Rosselia' 6-max Seat #3 is the button
Seat 1: leungting684 ($61.07 in chips)
Seat 3: NoVebra ($77.76 in chips)
NoVebra: posts small blind $1
leungting684: posts big blind $3
*** HOLE CARDS ***
NoVebra: folds
Uncalled bet ($2) returned to leungting684
leungting684 collected $2 from pot
leungting684: doesn't show hand
*** SUMMARY ***
Total pot $2 | Rake $0
Seat 1: leungting684 (big blind) collected ($2)
Seat 3: NoVebra (button) (small blind) folded before Flop


PokerStars Hand #169381295223:  Hold'em Limit ($3/$6 USD) - 2017/04/21 23:04:44 ET
Table 'Rosselia' 6-max Seat #3 is the button
Seat 1: leungting684 ($59.07 in chips)
Seat 3: NoVebra ($79.64 in chips)
NoVebra: posts small blind $1
leungting684: posts big blind $3
*** HOLE CARDS ***
NoVebra: raises $3 to $6
leungting684: calls $3
*** FLOP *** [Qd 7h Ac]
leungting684: bets $3
NoVebra: calls $3
*** TURN *** [Qd 7h Ac] [Jc]
leungting684: checks
NoVebra: bets $6
leungting684: calls $6
*** RIVER *** [Qd 7h Ac Jc] [Th]
leungting684: bets $6
NoVebra: calls $6
*** SHOW DOWN ***
leungting684: shows [7c Ks] (a straight, Ten to Ace)
NoVebra: mucks hand
leungting684 collected $41.50 from pot
*** SUMMARY ***
Total pot $42 | Rake $0.50
Board [Qd 7h Ac Jc Th]
Seat 1: leungting684 (big blind) showed [7c Ks] and won ($41.50) with a straight, Ten to Ace
Seat 3: NoVebra (button) (small blind) mucked


PokerStars Hand #169381323934:  Hold'em Limit ($3/$6 USD) - 2017/04/21 23:06:09 ET
Table 'Rosselia' 6-max Seat #1 is the button
Seat 1: leungting684 ($64.09 in chips)
Seat 3: NoVebra ($92.50 in chips)
leungting684: posts small blind $1
NoVebra: posts big blind $3
*** HOLE CARDS ***
leungting684: raises $3 to $6
NoVebra: calls $3
*** FLOP *** [6h 4d Kc]
NoVebra: checks
leungting684: checks
*** TURN *** [6h 4d Kc] [Th]
NoVebra: bets $6
leungting684: folds
Uncalled bet ($6) returned to NoVebra
NoVebra collected $11.76 from pot
NoVebra: doesn't show hand
*** SUMMARY ***
Total pot $12 | Rake $0.24
Board [6h 4d Kc Th]
Seat 1: leungting684 (button) (small blind) folded on the Turn
Seat 3: NoVebra (big blind) collected ($11.76)


PokerStars Hand #169381317202:  Hold'em Limit ($3/$6 USD) - 2017/04/21 23:05:49 ET
Table 'Rosselia' 6-max Seat #3 is the button
Seat 1: leungting684 ($85.09 in chips)
Seat 3: NoVebra ($72 in chips)
NoVebra: posts small blind $1
leungting684: posts big blind $3
*** HOLE CARDS ***
NoVebra: raises $3 to $6
leungting684: calls $3
*** FLOP *** [As Tc Ts]
leungting684: bets $3
NoVebra: calls $3
*** TURN *** [As Tc Ts] [Js]
leungting684: bets $6
NoVebra: calls $6
*** RIVER *** [As Tc Ts Js] [8s]
leungting684: bets $6
NoVebra: raises $6 to $12
leungting684: folds
Uncalled bet ($6) returned to NoVebra
NoVebra collected $41.50 from pot
NoVebra: doesn't show hand
*** SUMMARY ***
Total pot $42 | Rake $0.50
Board [As Tc Ts Js 8s]
Seat 1: leungting684 (big blind) folded on the River
Seat 3: NoVebra (button) (small blind) collected ($41.50)


PokerStars Hand #169381310789:  Hold'em Limit ($3/$6 USD) - 2017/04/21 23:05:30 ET
Table 'Rosselia' 6-max Seat #1 is the button
Seat 1: leungting684 ($79.33 in chips)
Seat 3: NoVebra ($77.76 in chips)
leungting684: posts small blind $1
NoVebra: posts big blind $3
*** HOLE CARDS ***
leungting684: raises $3 to $6
NoVebra: calls $3
*** FLOP *** [3d 9s 5c]
NoVebra: checks
leungting684: checks
*** TURN *** [3d 9s 5c] [Qh]
NoVebra: checks
leungting684: checks
*** RIVER *** [3d 9s 5c Qh] [Qd]
NoVebra: checks
leungting684: bets $6
NoVebra: folds
Uncalled bet ($6) returned to leungting684
leungting684 collected $11.76 from pot
leungting684: doesn't show hand
*** SUMMARY ***
Total pot $12 | Rake $0.24
Board [3d 9s 5c Qh Qd]
Seat 1: leungting684 (button) (small blind) collected ($11.76)
Seat 3: NoVebra (big blind) folded on the River


PokerStars Hand #169381341209:  Hold'em Limit ($3/$6 USD) - 2017/04/21 23:07:00 ET
Table 'Rosselia' 6-max Seat #1 is the button
Seat 1: leungting684 ($75.49 in chips)
Seat 3: NoVebra ($80.26 in chips)
leungting684: posts small blind $1
NoVebra: posts big blind $3
*** HOLE CARDS ***
leungting684: calls $2
NoVebra: checks
*** FLOP *** [9d 2s 3c]
NoVebra: bets $3
leungting684: folds
Uncalled bet ($3) returned to NoVebra
NoVebra collected $5.88 from pot
NoVebra: doesn't show hand
*** SUMMARY ***
Total pot $6 | Rake $0.12
Board [9d 2s 3c]
Seat 1: leungting684 (button) (small blind) folded on the Flop
Seat 3: NoVebra (big blind) collected ($5.88)


PokerStars Hand #169381332702:  Hold'em Limit ($3/$6 USD) - 2017/04/21 23:06:35 ET
Table 'Rosselia' 6-max Seat #1 is the button
Seat 1: leungting684 ($63.85 in chips)
Seat 3: NoVebra ($92.26 in chips)
leungting684: posts small blind $1
NoVebra: posts big blind $3
*** HOLE CARDS ***
leungting684: raises $3 to $6
NoVebra: folds
Uncalled bet ($3) returned to leungting684
leungting684 collected $6 from pot
leungting684: doesn't show hand
*** SUMMARY ***
Total pot $6 | Rake $0
Seat 1: leungting684 (button) (small blind) collected ($6)
Seat 3: NoVebra (big blind) folded before Flop


PokerStars Hand #169381329417:  Hold'em Limit ($3/$6 USD) - 2017/04/21 23:06:25 ET
Table 'Rosselia' 6-max Seat #3 is the button
Seat 1: leungting684 ($58.09 in chips)
Seat 3: NoVebra ($98.26 in chips)
NoVebra: posts small blind $1
leungting684: posts big blind $3
*** HOLE CARDS ***
NoVebra: raises $3 to $6
leungting684: calls $3
*** FLOP *** [5d 4d 8c]
leungting684: bets $3
NoVebra: folds
Uncalled bet ($3) returned to leungting684
leungting684 collected $11.76 from pot
leungting684: doesn't show hand
*** SUMMARY ***
Total pot $12 | Rake $0.24
Board [5d 4d 8c]
Seat 1: leungting684 (big blind) collected ($11.76)
Seat 3: NoVebra (button) (small blind) folded on the Flop


PokerStars Hand #169381345580:  Hold'em Limit ($3/$6 USD) - 2017/04/21 23:07:12 ET
Table 'Rosselia' 6-max Seat #3 is the button
Seat 1: leungting684 ($72.49 in chips)
Seat 3: NoVebra ($83.14 in chips)
NoVebra: posts small blind $1
leungting684: posts big blind $3
*** HOLE CARDS ***
NoVebra: raises $3 to $6
leungting684: calls $3
*** FLOP *** [As Ts 9h]
leungting684: bets $3
NoVebra: raises $3 to $6
leungting684: folds
Uncalled bet ($3) returned to NoVebra
NoVebra collected $17.64 from pot
NoVebra: doesn't show hand
*** SUMMARY ***
Total pot $18 | Rake $0.36
Board [As Ts 9h]
Seat 1: leungting684 (big blind) folded on the Flop
Seat 3: NoVebra (button) (small blind) collected ($17.64)


PokerStars Hand #169381334935:  Hold'em Limit ($3/$6 USD) - 2017/04/21 23:06:41 ET
Table 'Rosselia' 6-max Seat #3 is the button
Seat 1: leungting684 ($66.85 in chips)
Seat 3: NoVebra ($89.26 in chips)
NoVebra: posts small blind $1
leungting684: posts big blind $3
*** HOLE CARDS ***
NoVebra: raises $3 to $6
leungting684: calls $3
*** FLOP *** [Js 6h 6s]
leungting684: checks
NoVebra: bets $3
leungting684: calls $3
*** TURN *** [Js 6h 6s] [8d]
leungting684: checks
NoVebra: checks
*** RIVER *** [Js 6h 6s 8d] [9d]
leungting684: bets $6
NoVebra: folds
Uncalled bet ($6) returned to leungting684
leungting684 collected $17.64 from pot
leungting684: doesn't show hand
*** SUMMARY ***
Total pot $18 | Rake $0.36
Board [Js 6h 6s 8d 9d]
Seat 1: leungting684 (big blind) collected ($17.64)
Seat 3: NoVebra (button) (small blind) folded on the River


PokerStars Hand #169381353481:  Hold'em Limit ($3/$6 USD) - 2017/04/21 23:07:36 ET
Table 'Rosselia' 6-max Seat #3 is the button
Seat 1: leungting684 ($57.49 in chips)
Seat 3: NoVebra ($97.54 in chips)
NoVebra: posts small blind $1
leungting684: posts big blind $3
*** HOLE CARDS ***
NoVebra: raises $3 to $6
leungting684: raises $3 to $9
NoVebra: calls $3
*** FLOP *** [Ks 2d 7h]
leungting684: bets $3
NoVebra: calls $3
*** TURN *** [Ks 2d 7h] [5h]
leungting684: checks
NoVebra: checks
*** RIVER *** [Ks 2d 7h 5h] [2s]
leungting684: checks
NoVebra: bets $6
leungting684: folds
Uncalled bet ($6) returned to NoVebra
NoVebra collected $23.52 from pot
NoVebra: doesn't show hand
*** SUMMARY ***
Total pot $24 | Rake $0.48
Board [Ks 2d 7h 5h 2s]
Seat 1: leungting684 (big blind) folded on the River
Seat 3: NoVebra (button) (small blind) collected ($23.52)


PokerStars Hand #169381361498:  Hold'em Limit ($3/$6 USD) - 2017/04/21 23:08:00 ET
Table 'Rosselia' 6-max Seat #1 is the button
Seat 1: leungting684 ($45.49 in chips)
Seat 3: NoVebra ($109.06 in chips)
leungting684: posts small blind $1
NoVebra: posts big blind $3
*** HOLE CARDS ***
leungting684: raises $3 to $6
NoVebra: calls $3
*** FLOP *** [3s 5h Qc]
NoVebra: checks
leungting684: bets $3
NoVebra: calls $3
*** TURN *** [3s 5h Qc] [Td]
NoVebra: checks
leungting684: checks
*** RIVER *** [3s 5h Qc Td] [2c]
NoVebra: bets $6
leungting684: folds
Uncalled bet ($6) returned to NoVebra
NoVebra collected $17.64 from pot
NoVebra: doesn't show hand
*** SUMMARY ***
Total pot $18 | Rake $0.36
Board [3s 5h Qc Td 2c]
Seat 1: leungting684 (button) (small blind) folded on the River
Seat 3: NoVebra (big blind) collected ($17.64)


PokerStars Hand #169381349118:  Hold'em Limit ($3/$6 USD) - 2017/04/21 23:07:23 ET
Table 'Rosselia' 6-max Seat #1 is the button
Seat 1: leungting684 ($63.49 in chips)
Seat 3: NoVebra ($91.78 in chips)
leungting684: posts small blind $1
NoVebra: posts big blind $3
*** HOLE CARDS ***
leungting684: raises $3 to $6
NoVebra: calls $3
*** FLOP *** [Qd 5h 3s]
NoVebra: checks
leungting684: checks
*** TURN *** [Qd 5h 3s] [As]
NoVebra: bets $6
leungting684: folds
Uncalled bet ($6) returned to NoVebra
NoVebra collected $11.76 from pot
NoVebra: doesn't show hand
*** SUMMARY ***
Total pot $12 | Rake $0.24
Board [Qd 5h 3s As]
Seat 1: leungting684 (button) (small blind) folded on the Turn
Seat 3: NoVebra (big blind) collected ($11.76)


PokerStars Hand #169381373662:  Hold'em Limit ($3/$6 USD) - 2017/04/21 23:08:17 ET
Table 'Rosselia' 6-max Seat #3 is the button
Seat 1: leungting684 ($36.49 in chips)
Seat 3: NoVebra ($117.70 in chips)
NoVebra: posts small blind $1
leungting684: posts big blind $3
*** HOLE CARDS ***
NoVebra: folds
Uncalled bet ($2) returned to leungting684
leungting684 collected $2 from pot
leungting684: doesn't show hand
*** SUMMARY ***
Total pot $2 | Rake $0
Seat 1: leungting684 (big blind) collected ($2)
Seat 3: NoVebra (button) (small blind) folded before Flop


PokerStars Hand #169381382646:  Hold'em Limit ($3/$6 USD) - 2017/04/21 23:08:44 ET
Table 'Rosselia' 6-max Seat #3 is the button
Seat 1: leungting684 ($46.13 in chips)
Seat 3: NoVebra ($107.70 in chips)
NoVebra: posts small blind $1
leungting684: posts big blind $3
*** HOLE CARDS ***
NoVebra: folds
Uncalled bet ($2) returned to leungting684
leungting684 collected $2 from pot
leungting684: doesn't show hand
*** SUMMARY ***
Total pot $2 | Rake $0
Seat 1: leungting684 (big blind) collected ($2)
Seat 3: NoVebra (button) (small blind) folded before Flop


PokerStars Hand #169381375908:  Hold'em Limit ($3/$6 USD) - 2017/04/21 23:08:24 ET
Table 'Rosselia' 6-max Seat #1 is the button
Seat 1: leungting684 ($37.49 in chips)
Seat 3: NoVebra ($116.70 in chips)
leungting684: posts small blind $1
NoVebra: posts big blind $3
*** HOLE CARDS ***
leungting684: raises $3 to $6
NoVebra: calls $3
*** FLOP *** [Kc Ac 5d]
NoVebra: checks
leungting684: bets $3
NoVebra: calls $3
*** TURN *** [Kc Ac 5d] [4c]
NoVebra: checks
leungting684: checks
*** RIVER *** [Kc Ac 5d 4c] [2c]
NoVebra: checks
leungting684: bets $6
NoVebra: folds
Uncalled bet ($6) returned to leungting684
leungting684 collected $17.64 from pot
leungting684: doesn't show hand
*** SUMMARY ***
Total pot $18 | Rake $0.36
Board [Kc Ac 5d 4c 2c]
Seat 1: leungting684 (button) (small blind) collected ($17.64)
Seat 3: NoVebra (big blind) folded on the River


PokerStars Hand #169381389126:  Hold'em Limit ($3/$6 USD) - 2017/04/21 23:09:03 ET
Table 'Rosselia' 6-max Seat #3 is the button
Seat 1: leungting684 ($41.13 in chips)
Seat 3: NoVebra ($112.46 in chips)
NoVebra: posts small blind $1
leungting684: posts big blind $3
*** HOLE CARDS ***
NoVebra: raises $3 to $6
leungting684: calls $3
*** FLOP *** [7d Tc As]
leungting684: checks
NoVebra: checks
*** TURN *** [7d Tc As] [5c]
leungting684: bets $6
NoVebra: calls $6
*** RIVER *** [7d Tc As 5c] [7h]
leungting684: bets $6
NoVebra: calls $6
*** SHOW DOWN ***
leungting684: shows [Kh 5h] (two pair, Sevens and Fives)
NoVebra: shows [Qs Qc] (two pair, Queens and Sevens)
NoVebra collected $35.50 from pot
*** SUMMARY ***
Total pot $36 | Rake $0.50
Board [7d Tc As 5c 7h]
Seat 1: leungting684 (big blind) showed [Kh 5h] and lost with two pair, Sevens and Fives
Seat 3: NoVebra (button) (small blind) showed [Qs Qc] and won ($35.50) with two pair, Queens and Sevens


PokerStars Hand #169381384861:  Hold'em Limit ($3/$6 USD) - 2017/04/21 23:08:50 ET
Table 'Rosselia' 6-max Seat #1 is the button
Seat 1: leungting684 ($47.13 in chips)
Seat 3: NoVebra ($106.70 in chips)
leungting684: posts small blind $1
NoVebra: posts big blind $3
*** HOLE CARDS ***
leungting684: raises $3 to $6
NoVebra: calls $3
*** FLOP *** [7c Qh Ts]
NoVebra: checks
leungting684: checks
*** TURN *** [7c Qh Ts] [8c]
NoVebra: bets $6
leungting684: folds
Uncalled bet ($6) returned to NoVebra
NoVebra collected $11.76 from pot
NoVebra: doesn't show hand
*** SUMMARY ***
Total pot $12 | Rake $0.24
Board [7c Qh Ts 8c]
Seat 1: leungting684 (button) (small blind) folded on the Turn
Seat 3: NoVebra (big blind) collected ($11.76)


PokerStars Hand #169381415306:  Hold'em Limit ($3/$6 USD) - 2017/04/21 23:10:21 ET
Table 'Rosselia' 6-max Seat #1 is the button
Seat 1: leungting684 ($10.64 in chips)
Seat 3: NoVebra ($141.21 in chips)
leungting684: posts small blind $1
NoVebra: posts big blind $3
*** HOLE CARDS ***
leungting684: raises $3 to $6
NoVebra: calls $3
*** FLOP *** [Ts 5d Qs]
NoVebra: checks
leungting684: bets $3
NoVebra: folds
Uncalled bet ($3) returned to leungting684
leungting684 collected $11.76 from pot
leungting684: doesn't show hand
*** SUMMARY ***
Total pot $12 | Rake $0.24
Board [Ts 5d Qs]
Seat 1: leungting684 (button) (small blind) collected ($11.76)
Seat 3: NoVebra (big blind) folded on the Flop


PokerStars Hand #169381395010:  Hold'em Limit ($3/$6 USD) - 2017/04/21 23:09:20 ET
Table 'Rosselia' 6-max Seat #1 is the button
Seat 1: leungting684 ($23.13 in chips)
Seat 3: NoVebra ($129.96 in chips)
leungting684: posts small blind $1
NoVebra: posts big blind $3
*** HOLE CARDS ***
leungting684: raises $3 to $6
NoVebra: calls $3
*** FLOP *** [Js 4c 6h]
NoVebra: checks
leungting684: checks
*** TURN *** [Js 4c 6h] [Tc]
NoVebra: checks
leungting684: bets $6
NoVebra: folds
Uncalled bet ($6) returned to leungting684
leungting684 collected $11.76 from pot
leungting684: doesn't show hand
*** SUMMARY ***
Total pot $12 | Rake $0.24
Board [Js 4c 6h Tc]
Seat 1: leungting684 (button) (small blind) collected ($11.76)
Seat 3: NoVebra (big blind) folded on the Turn


PokerStars Hand #169381399457:  Hold'em Limit ($3/$6 USD) - 2017/04/21 23:09:34 ET
Table 'Rosselia' 6-max Seat #3 is the button
Seat 1: leungting684 ($28.89 in chips)
Seat 3: NoVebra ($123.96 in chips)
NoVebra: posts small blind $1
leungting684: posts big blind $3
*** HOLE CARDS ***
NoVebra: raises $3 to $6
leungting684: calls $3
*** FLOP *** [7s 2d As]
leungting684: checks
NoVebra: bets $3
leungting684: calls $3
*** TURN *** [7s 2d As] [9s]
leungting684: checks
NoVebra: bets $6
leungting684: calls $6
*** RIVER *** [7s 2d As 9s] [Tc]
leungting684: checks
NoVebra: bets $6
leungting684: folds
Uncalled bet ($6) returned to NoVebra
NoVebra collected $29.50 from pot
NoVebra: doesn't show hand
*** SUMMARY ***
Total pot $30 | Rake $0.50
Board [7s 2d As 9s Tc]
Seat 1: leungting684 (big blind) folded on the River
Seat 3: NoVebra (button) (small blind) collected ($29.50)


PokerStars Hand #169381406441:  Hold'em Limit ($3/$6 USD) - 2017/04/21 23:09:55 ET
Table 'Rosselia' 6-max Seat #1 is the button
Seat 1: leungting684 ($13.89 in chips)
Seat 3: NoVebra ($138.46 in chips)
leungting684: posts small blind $1
NoVebra: posts big blind $3
*** HOLE CARDS ***
leungting684: raises $3 to $6
NoVebra: calls $3
*** FLOP *** [5c Ac Jc]
NoVebra: checks
leungting684: checks
*** TURN *** [5c Ac Jc] [6c]
NoVebra: checks
leungting684: checks
*** RIVER *** [5c Ac Jc 6c] [Kc]
NoVebra: bets $6
leungting684: raises $1.89 to $7.89 and is all-in
NoVebra: calls $1.89
*** SHOW DOWN ***
leungting684: shows [Kh Th] (a flush, Ace high)
NoVebra: shows [Ks 6s] (a flush, Ace high)
NoVebra collected $13.64 from pot
leungting684 collected $13.64 from pot
*** SUMMARY ***
Total pot $27.78 | Rake $0.50
Board [5c Ac Jc 6c Kc]
Seat 1: leungting684 (button) (small blind) showed [Kh Th] and won ($13.64) with a flush, Ace high
Seat 3: NoVebra (big blind) showed [Ks 6s] and won ($13.64) with a flush, Ace high


PokerStars Hand #169381431372:  Hold'em Limit ($3/$6 USD) - 2017/04/21 23:11:09 ET
Table 'Rosselia' 6-max Seat #3 is the button
Seat 1: leungting684 ($46.80 in chips)
Seat 3: NoVebra ($103.81 in chips)
NoVebra: posts small blind $1
leungting684: posts big blind $3
*** HOLE CARDS ***
NoVebra: folds
Uncalled bet ($2) returned to leungting684
leungting684 collected $2 from pot
leungting684: doesn't show hand
*** SUMMARY ***
Total pot $2 | Rake $0
Seat 1: leungting684 (big blind) collected ($2)
Seat 3: NoVebra (button) (small blind) folded before Flop


PokerStars Hand #169381425236:  Hold'em Limit ($3/$6 USD) - 2017/04/21 23:10:50 ET
Table 'Rosselia' 6-max Seat #1 is the button
Seat 1: leungting684 ($32.30 in chips)
Seat 3: NoVebra ($118.81 in chips)
leungting684: posts small blind $1
NoVebra: posts big blind $3
*** HOLE CARDS ***
leungting684: calls $2
NoVebra: checks
*** FLOP *** [3c 5c Kd]
NoVebra: bets $3
leungting684: raises $3 to $6
NoVebra: calls $3
*** TURN *** [3c 5c Kd] [Ts]
NoVebra: checks
leungting684: bets $6
NoVebra: calls $6
*** RIVER *** [3c 5c Kd Ts] [4s]
NoVebra: checks
leungting684: bets $6
NoVebra: folds
Uncalled bet ($6) returned to leungting684
leungting684 collected $29.50 from pot
leungting684: doesn't show hand
*** SUMMARY ***
Total pot $30 | Rake $0.50
Board [3c 5c Kd Ts 4s]
Seat 1: leungting684 (button) (small blind) collected ($29.50)
Seat 3: NoVebra (big blind) folded on the River


PokerStars Hand #169381419039:  Hold'em Limit ($3/$6 USD) - 2017/04/21 23:10:32 ET
Table 'Rosselia' 6-max Seat #3 is the button
Seat 1: leungting684 ($16.40 in chips)
Seat 3: NoVebra ($135.21 in chips)
NoVebra: posts small blind $1
leungting684: posts big blind $3
*** HOLE CARDS ***
NoVebra: raises $3 to $6
leungting684: calls $3
*** FLOP *** [Qd 5h 8d]
leungting684: checks
NoVebra: checks
*** TURN *** [Qd 5h 8d] [As]
leungting684: bets $6
NoVebra: calls $6
*** RIVER *** [Qd 5h 8d As] [4c]
leungting684: bets $4.40 and is all-in
NoVebra: calls $4.40
*** SHOW DOWN ***
leungting684: shows [Ad 4s] (two pair, Aces and Fours)
NoVebra: shows [Kc 7h] (high card Ace)
leungting684 collected $32.30 from pot
*** SUMMARY ***
Total pot $32.80 | Rake $0.50
Board [Qd 5h 8d As 4c]
Seat 1: leungting684 (big blind) showed [Ad 4s] and won ($32.30) with two pair, Aces and Fours
Seat 3: NoVebra (button) (small blind) showed [Kc 7h] and lost with high card Ace


PokerStars Hand #169381432942:  Hold'em Limit ($3/$6 USD) - 2017/04/21 23:11:13 ET
Table 'Rosselia' 6-max Seat #1 is the button
Seat 1: leungting684 ($47.80 in chips)
Seat 3: NoVebra ($102.81 in chips)
leungting684: posts small blind $1
NoVebra: posts big blind $3
*** HOLE CARDS ***
leungting684: folds
Uncalled bet ($2) returned to NoVebra
NoVebra collected $2 from pot
NoVebra: doesn't show hand
*** SUMMARY ***
Total pot $2 | Rake $0
Seat 1: leungting684 (button) (small blind) folded before Flop
Seat 3: NoVebra (big blind) collected ($2)


PokerStars Hand #169381444068:  Hold'em Limit ($3/$6 USD) - 2017/04/21 23:11:47 ET
Table 'Rosselia' 6-max Seat #3 is the button
Seat 1: leungting684 ($73.06 in chips)
Seat 3: NoVebra ($76.81 in chips)
NoVebra: posts small blind $1
leungting684: posts big blind $3
*** HOLE CARDS ***
NoVebra: folds
Uncalled bet ($2) returned to leungting684
leungting684 collected $2 from pot
leungting684: doesn't show hand
*** SUMMARY ***
Total pot $2 | Rake $0
Seat 1: leungting684 (big blind) collected ($2)
Seat 3: NoVebra (button) (small blind) folded before Flop


PokerStars Hand #169381440147:  Hold'em Limit ($3/$6 USD) - 2017/04/21 23:11:35 ET
Table 'Rosselia' 6-max Seat #1 is the button
Seat 1: leungting684 ($67.30 in chips)
Seat 3: NoVebra ($82.81 in chips)
leungting684: posts small blind $1
NoVebra: posts big blind $3
*** HOLE CARDS ***
leungting684: calls $2
NoVebra: checks
*** FLOP *** [Qs Td Tc]
NoVebra: bets $3
leungting684: raises $3 to $6
NoVebra: folds
Uncalled bet ($3) returned to leungting684
leungting684 collected $11.76 from pot
leungting684: doesn't show hand
*** SUMMARY ***
Total pot $12 | Rake $0.24
Board [Qs Td Tc]
Seat 1: leungting684 (button) (small blind) collected ($11.76)
Seat 3: NoVebra (big blind) folded on the Flop


PokerStars Hand #169381434935:  Hold'em Limit ($3/$6 USD) - 2017/04/21 23:11:19 ET
Table 'Rosselia' 6-max Seat #3 is the button
Seat 1: leungting684 ($46.80 in chips)
Seat 3: NoVebra ($103.81 in chips)
NoVebra: posts small blind $1
leungting684: posts big blind $3
*** HOLE CARDS ***
NoVebra: raises $3 to $6
leungting684: calls $3
*** FLOP *** [Qd 8h 6s]
leungting684: bets $3
NoVebra: calls $3
*** TURN *** [Qd 8h 6s] [Jh]
leungting684: bets $6
NoVebra: calls $6
*** RIVER *** [Qd 8h 6s Jh] [6h]
leungting684: bets $6
NoVebra: calls $6
*** SHOW DOWN ***
leungting684: shows [Qc 3c] (two pair, Queens and Sixes)
NoVebra: mucks hand
leungting684 collected $41.50 from pot
*** SUMMARY ***
Total pot $42 | Rake $0.50
Board [Qd 8h 6s Jh 6h]
Seat 1: leungting684 (big blind) showed [Qc 3c] and won ($41.50) with two pair, Queens and Sixes
Seat 3: NoVebra (button) (small blind) mucked


PokerStars Hand #169381472530:  Hold'em Limit ($3/$6 USD) - 2017/04/21 23:13:12 ET
Table 'Rosselia' 6-max Seat #3 is the button
Seat 1: leungting684 ($93.05 in chips)
Seat 3: NoVebra ($76 in chips)
NoVebra: posts small blind $1
leungting684: posts big blind $3
*** HOLE CARDS ***
NoVebra: folds
Uncalled bet ($2) returned to leungting684
leungting684 collected $2 from pot
leungting684: doesn't show hand
*** SUMMARY ***
Total pot $2 | Rake $0
Seat 1: leungting684 (big blind) collected ($2)
Seat 3: NoVebra (button) (small blind) folded before Flop


PokerStars Hand #169381468150:  Hold'em Limit ($3/$6 USD) - 2017/04/21 23:12:59 ET
Table 'Rosselia' 6-max Seat #3 is the button
Seat 1: leungting684 ($97.05 in chips)
Seat 3: NoVebra ($72 in chips)
NoVebra: posts small blind $1
apx0surry9: is sitting out
leungting684: posts big blind $3
*** HOLE CARDS ***
NoVebra: raises $3 to $6
leungting684: folds
Uncalled bet ($3) returned to NoVebra
NoVebra collected $6 from pot
NoVebra: doesn't show hand
apx0surry9 leaves the table
*** SUMMARY ***
Total pot $6 | Rake $0
Seat 1: leungting684 (big blind) folded before Flop
Seat 3: NoVebra (button) (small blind) collected ($6)


PokerStars Hand #169381480393:  Hold'em Limit ($3/$6 USD) - 2017/04/21 23:13:35 ET
Table 'Rosselia' 6-max Seat #3 is the button
Seat 1: leungting684 ($96.93 in chips)
Seat 3: NoVebra ($72 in chips)
NoVebra: posts small blind $1
leungting684: posts big blind $3
*** HOLE CARDS ***
NoVebra: raises $3 to $6
leungting684: calls $3
*** FLOP *** [5h 6h 2c]
leungting684: checks
NoVebra: bets $3
leungting684: calls $3
*** TURN *** [5h 6h 2c] [4s]
leungting684: bets $6
NoVebra: calls $6
*** RIVER *** [5h 6h 2c 4s] [9s]
leungting684: bets $6
NoVebra: calls $6
*** SHOW DOWN ***
leungting684: shows [4c 8h] (a pair of Fours)
NoVebra: shows [5d 6d] (two pair, Sixes and Fives)
NoVebra collected $41.50 from pot
*** SUMMARY ***
Total pot $42 | Rake $0.50
Board [5h 6h 2c 4s 9s]
Seat 1: leungting684 (big blind) showed [4c 8h] and lost with a pair of Fours
Seat 3: NoVebra (button) (small blind) showed [5d 6d] and won ($41.50) with two pair, Sixes and Fives


PokerStars Hand #169381491441:  Hold'em Limit ($3/$6 USD) - 2017/04/21 23:14:09 ET
Table 'Rosselia' 6-max Seat #3 is the button
Seat 1: leungting684 ($69.93 in chips)
Seat 3: NoVebra ($98.26 in chips)
NoVebra: posts small blind $1
leungting684: posts big blind $3
*** HOLE CARDS ***
NoVebra: raises $3 to $6
leungting684: calls $3
*** FLOP *** [2d Js Tc]
leungting684: bets $3
NoVebra: folds
Uncalled bet ($3) returned to leungting684
leungting684 collected $11.76 from pot
leungting684: doesn't show hand
*** SUMMARY ***
Total pot $12 | Rake $0.24
Board [2d Js Tc]
Seat 1: leungting684 (big blind) collected ($11.76)
Seat 3: NoVebra (button) (small blind) folded on the Flop


PokerStars Hand #169381486806:  Hold'em Limit ($3/$6 USD) - 2017/04/21 23:13:55 ET
Table 'Rosselia' 6-max Seat #1 is the button
Seat 1: leungting684 ($75.93 in chips)
Seat 3: NoVebra ($92.50 in chips)
leungting684: posts small blind $1
NoVebra: posts big blind $3
*** HOLE CARDS ***
leungting684: raises $3 to $6
NoVebra: calls $3
*** FLOP *** [9c Jc 6c]
NoVebra: checks
leungting684: checks
*** TURN *** [9c Jc 6c] [8s]
NoVebra: bets $6
leungting684: folds
Uncalled bet ($6) returned to NoVebra
NoVebra collected $11.76 from pot
NoVebra: doesn't show hand
*** SUMMARY ***
Total pot $12 | Rake $0.24
Board [9c Jc 6c 8s]
Seat 1: leungting684 (button) (small blind) folded on the Turn
Seat 3: NoVebra (big blind) collected ($11.76)


PokerStars Hand #169381474071:  Hold'em Limit ($3/$6 USD) - 2017/04/21 23:13:16 ET
Table 'Rosselia' 6-max Seat #1 is the button
Seat 1: leungting684 ($94.05 in chips)
Seat 3: NoVebra ($75 in chips)
leungting684: posts small blind $1
NoVebra: posts big blind $3
*** HOLE CARDS ***
leungting684: calls $2
NoVebra: checks
*** FLOP *** [9c 9h 5h]
NoVebra: checks
leungting684: checks
*** TURN *** [9c 9h 5h] [8s]
NoVebra: checks
leungting684: bets $6
NoVebra: folds
Uncalled bet ($6) returned to leungting684
leungting684 collected $5.88 from pot
leungting684: doesn't show hand
*** SUMMARY ***
Total pot $6 | Rake $0.12
Board [9c 9h 5h 8s]
Seat 1: leungting684 (button) (small blind) collected ($5.88)
Seat 3: NoVebra (big blind) folded on the Turn


PokerStars Hand #169381508734:  Hold'em Limit ($3/$6 USD) - 2017/04/21 23:15:01 ET
Table 'Rosselia' 6-max Seat #1 is the button
Seat 1: leungting684 ($83.19 in chips)
Seat 3: NoVebra ($83.90 in chips)
leungting684: posts small blind $1
NoVebra: posts big blind $3
*** HOLE CARDS ***
leungting684: raises $3 to $6
NoVebra: calls $3
*** FLOP *** [9c 4d 2s]
NoVebra: checks
leungting684: checks
*** TURN *** [9c 4d 2s] [Jd]
NoVebra: bets $6
leungting684: raises $6 to $12
NoVebra: folds
Uncalled bet ($6) returned to leungting684
leungting684 collected $23.52 from pot
leungting684: doesn't show hand
*** SUMMARY ***
Total pot $24 | Rake $0.48
Board [9c 4d 2s Jd]
Seat 1: leungting684 (button) (small blind) collected ($23.52)
Seat 3: NoVebra (big blind) folded on the Turn


PokerStars Hand #169381506616:  Hold'em Limit ($3/$6 USD) - 2017/04/21 23:14:55 ET
Table 'Rosselia' 6-max Seat #3 is the button
Seat 1: leungting684 ($82.19 in chips)
Seat 3: NoVebra ($84.90 in chips)
NoVebra: posts small blind $1
leungting684: posts big blind $3
*** HOLE CARDS ***
NoVebra: folds
Uncalled bet ($2) returned to leungting684
leungting684 collected $2 from pot
leungting684: doesn't show hand
*** SUMMARY ***
Total pot $2 | Rake $0
Seat 1: leungting684 (big blind) collected ($2)
Seat 3: NoVebra (button) (small blind) folded before Flop


PokerStars Hand #169381503307:  Hold'em Limit ($3/$6 USD) - 2017/04/21 23:14:45 ET
Table 'Rosselia' 6-max Seat #1 is the button
Seat 1: leungting684 ($91.19 in chips)
Seat 3: NoVebra ($76.26 in chips)
leungting684: posts small blind $1
NoVebra: posts big blind $3
*** HOLE CARDS ***
leungting684: raises $3 to $6
NoVebra: raises $3 to $9
leungting684: calls $3
*** FLOP *** [6s 8c Th]
NoVebra: bets $3
leungting684: folds
Uncalled bet ($3) returned to NoVebra
NoVebra collected $17.64 from pot
NoVebra: doesn't show hand
*** SUMMARY ***
Total pot $18 | Rake $0.36
Board [6s 8c Th]
Seat 1: leungting684 (button) (small blind) folded on the Flop
Seat 3: NoVebra (big blind) collected ($17.64)


PokerStars Hand #169381501446:  Hold'em Limit ($3/$6 USD) - 2017/04/21 23:14:39 ET
Table 'Rosselia' 6-max Seat #3 is the button
Seat 1: leungting684 ($90.19 in chips)
Seat 3: NoVebra ($77.26 in chips)
NoVebra: posts small blind $1
leungting684: posts big blind $3
*** HOLE CARDS ***
NoVebra: folds
Uncalled bet ($2) returned to leungting684
leungting684 collected $2 from pot
leungting684: doesn't show hand
*** SUMMARY ***
Total pot $2 | Rake $0
Seat 1: leungting684 (big blind) collected ($2)
Seat 3: NoVebra (button) (small blind) folded before Flop


PokerStars Hand #169381494737:  Hold'em Limit ($3/$6 USD) - 2017/04/21 23:14:19 ET
Table 'Rosselia' 6-max Seat #1 is the button
Seat 1: leungting684 ($75.69 in chips)
Seat 3: NoVebra ($92.26 in chips)
leungting684: posts small blind $1
NoVebra: posts big blind $3
*** HOLE CARDS ***
leungting684: raises $3 to $6
NoVebra: calls $3
*** FLOP *** [Qs 9h Ad]
NoVebra: checks
leungting684: bets $3
NoVebra: calls $3
*** TURN *** [Qs 9h Ad] [Js]
NoVebra: checks
leungting684: bets $6
NoVebra: calls $6
*** RIVER *** [Qs 9h Ad Js] [Jh]
NoVebra: checks
leungting684: bets $6
NoVebra: folds
Uncalled bet ($6) returned to leungting684
leungting684 collected $29.50 from pot
leungting684: doesn't show hand
*** SUMMARY ***
Total pot $30 | Rake $0.50
Board [Qs 9h Ad Js Jh]
Seat 1: leungting684 (button) (small blind) collected ($29.50)
Seat 3: NoVebra (big blind) folded on the River


PokerStars Hand #169381536441:  Hold'em Limit ($3/$6 USD) - 2017/04/21 23:16:26 ET
Table 'Rosselia' 6-max Seat #3 is the button
Seat 1: leungting684 ($135.13 in chips)
Seat 3: NoVebra ($72 in chips)
NoVebra: posts small blind $1
leungting684: posts big blind $3
*** HOLE CARDS ***
NoVebra: raises $3 to $6
leungting684: folds
Uncalled bet ($3) returned to NoVebra
NoVebra collected $6 from pot
NoVebra: doesn't show hand
*** SUMMARY ***
Total pot $6 | Rake $0
Seat 1: leungting684 (big blind) folded before Flop
Seat 3: NoVebra (button) (small blind) collected ($6)


PokerStars Hand #169381530733:  Hold'em Limit ($3/$6 USD) - 2017/04/21 23:16:08 ET
Table 'Rosselia' 6-max Seat #1 is the button
Seat 1: leungting684 ($123.61 in chips)
Seat 3: NoVebra ($72 in chips)
leungting684: posts small blind $1
NoVebra: posts big blind $3
*** HOLE CARDS ***
leungting684: raises $3 to $6
NoVebra: calls $3
*** FLOP *** [4s Ad As]
NoVebra: checks
leungting684: checks
*** TURN *** [4s Ad As] [Qs]
NoVebra: checks
leungting684: checks
*** RIVER *** [4s Ad As Qs] [5s]
NoVebra: bets $6
leungting684: raises $6 to $12
NoVebra: folds
Uncalled bet ($6) returned to leungting684
leungting684 collected $23.52 from pot
leungting684: doesn't show hand
*** SUMMARY ***
Total pot $24 | Rake $0.48
Board [4s Ad As Qs 5s]
Seat 1: leungting684 (button) (small blind) collected ($23.52)
Seat 3: NoVebra (big blind) folded on the River


PokerStars Hand #169381514450:  Hold'em Limit ($3/$6 USD) - 2017/04/21 23:15:19 ET
Table 'Rosselia' 6-max Seat #3 is the button
Seat 1: leungting684 ($94.71 in chips)
Seat 3: NoVebra ($72 in chips)
NoVebra: posts small blind $1
leungting684: posts big blind $3
*** HOLE CARDS ***
NoVebra: raises $3 to $6
leungting684: raises $3 to $9
NoVebra: calls $3
*** FLOP *** [6h Jd 5c]
leungting684: checks
NoVebra: checks
*** TURN *** [6h Jd 5c] [3d]
leungting684: bets $6
NoVebra: calls $6
*** RIVER *** [6h Jd 5c 3d] [Ts]
leungting684: bets $6
NoVebra: folds
Uncalled bet ($6) returned to leungting684
leungting684 collected $29.50 from pot
leungting684: doesn't show hand
*** SUMMARY ***
Total pot $30 | Rake $0.50
Board [6h Jd 5c 3d Ts]
Seat 1: leungting684 (big blind) collected ($29.50)
Seat 3: NoVebra (button) (small blind) folded on the River


PokerStars Hand #169381521102:  Hold'em Limit ($3/$6 USD) - 2017/04/21 23:15:38 ET
Table 'Rosselia' 6-max Seat #1 is the button
Seat 1: leungting684 ($109.21 in chips)
Seat 3: NoVebra ($72 in chips)
leungting684: posts small blind $1
NoVebra: posts big blind $3
*** HOLE CARDS ***
leungting684: raises $3 to $6
NoVebra: calls $3
*** FLOP *** [9d 3s Tc]
NoVebra: checks
leungting684: bets $3
NoVebra: folds
Uncalled bet ($3) returned to leungting684
leungting684 collected $11.76 from pot
leungting684: doesn't show hand
*** SUMMARY ***
Total pot $12 | Rake $0.24
Board [9d 3s Tc]
Seat 1: leungting684 (button) (small blind) collected ($11.76)
Seat 3: NoVebra (big blind) folded on the Flop


PokerStars Hand #169381551192:  Hold'em Limit ($3/$6 USD) - 2017/04/21 23:17:10 ET
Table 'Rosselia' 6-max Seat #1 is the button
Seat 1: leungting684 ($146.63 in chips)
Seat 3: NoVebra ($72 in chips)
leungting684: posts small blind $1
NoVebra: posts big blind $3
*** HOLE CARDS ***
leungting684: raises $3 to $6
NoVebra: folds
Uncalled bet ($3) returned to leungting684
leungting684 collected $6 from pot
leungting684: doesn't show hand
*** SUMMARY ***
Total pot $6 | Rake $0
Seat 1: leungting684 (button) (small blind) collected ($6)
Seat 3: NoVebra (big blind) folded before Flop


PokerStars Hand #169381543372:  Hold'em Limit ($3/$6 USD) - 2017/04/21 23:16:47 ET
Table 'Rosselia' 6-max Seat #3 is the button
Seat 1: leungting684 ($126.13 in chips)
Seat 3: NoVebra ($80.76 in chips)
NoVebra: posts small blind $1
leungting684: posts big blind $3
*** HOLE CARDS ***
NoVebra: raises $3 to $6
leungting684: raises $3 to $9
NoVebra: calls $3
*** FLOP *** [Kd Jd Qd]
leungting684: checks
NoVebra: checks
*** TURN *** [Kd Jd Qd] [Kh]
leungting684: bets $6
NoVebra: calls $6
*** RIVER *** [Kd Jd Qd Kh] [Jc]
leungting684: bets $6
NoVebra: calls $6
*** SHOW DOWN ***
leungting684: shows [Td As] (a straight, Ten to Ace)
NoVebra: mucks hand
leungting684 collected $41.50 from pot
*** SUMMARY ***
Total pot $42 | Rake $0.50
Board [Kd Jd Qd Kh Jc]
Seat 1: leungting684 (big blind) showed [Td As] and won ($41.50) with a straight, Ten to Ace
Seat 3: NoVebra (button) (small blind) mucked


PokerStars Hand #169381557291:  Hold'em Limit ($3/$6 USD) - 2017/04/21 23:17:29 ET
Table 'Rosselia' 6-max Seat #1 is the button
Seat 1: leungting684 ($158.27 in chips)
Seat 3: NoVebra ($72 in chips)
leungting684: posts small blind $1
NoVebra: posts big blind $3
*** HOLE CARDS ***
leungting684: raises $3 to $6
NoVebra: folds
Uncalled bet ($3) returned to leungting684
leungting684 collected $6 from pot
leungting684: doesn't show hand
*** SUMMARY ***
Total pot $6 | Rake $0
Seat 1: leungting684 (button) (small blind) collected ($6)
Seat 3: NoVebra (big blind) folded before Flop


PokerStars Hand #169381553301:  Hold'em Limit ($3/$6 USD) - 2017/04/21 23:17:17 ET
Table 'Rosselia' 6-max Seat #3 is the button
Seat 1: leungting684 ($149.63 in chips)
Seat 3: NoVebra ($72 in chips)
NoVebra: posts small blind $1
leungting684: posts big blind $3
*** HOLE CARDS ***
NoVebra: raises $3 to $6
leungting684: calls $3
*** FLOP *** [Js 2s 6s]
leungting684: bets $3
NoVebra: calls $3
*** TURN *** [Js 2s 6s] [5s]
leungting684: bets $6
NoVebra: folds
Uncalled bet ($6) returned to leungting684
leungting684 collected $17.64 from pot
leungting684: doesn't show hand
*** SUMMARY ***
Total pot $18 | Rake $0.36
Board [Js 2s 6s 5s]
Seat 1: leungting684 (big blind) collected ($17.64)
Seat 3: NoVebra (button) (small blind) folded on the Turn


PokerStars Hand #169381538382:  Hold'em Limit ($3/$6 USD) - 2017/04/21 23:16:31 ET
Table 'Rosselia' 6-max Seat #1 is the button
Seat 1: leungting684 ($132.13 in chips)
Seat 3: NoVebra ($75 in chips)
leungting684: posts small blind $1
NoVebra: posts big blind $3
*** HOLE CARDS ***
leungting684: raises $3 to $6
NoVebra: calls $3
*** FLOP *** [9h 8s Tc]
NoVebra: checks
leungting684: checks
*** TURN *** [9h 8s Tc] [5c]
NoVebra: checks
leungting684: checks
*** RIVER *** [9h 8s Tc 5c] [Jd]
NoVebra: checks
leungting684: checks
*** SHOW DOWN ***
NoVebra: shows [6h 5s] (a pair of Fives)
leungting684: mucks hand
NoVebra collected $11.76 from pot
*** SUMMARY ***
Total pot $12 | Rake $0.24
Board [9h 8s Tc 5c Jd]
Seat 1: leungting684 (button) (small blind) mucked
Seat 3: NoVebra (big blind) showed [6h 5s] and won ($11.76) with a pair of Fives


PokerStars Hand #169381559390:  Hold'em Limit ($3/$6 USD) - 2017/04/21 23:17:35 ET
Table 'Rosselia' 6-max Seat #3 is the button
Seat 1: leungting684 ($161.27 in chips)
Seat 3: NoVebra ($72 in chips)
NoVebra: posts small blind $1
leungting684: posts big blind $3
*** HOLE CARDS ***
NoVebra: raises $3 to $6
leungting684: raises $3 to $9
NoVebra: calls $3
*** FLOP *** [5h Qs 4d]
leungting684: checks
NoVebra: checks
*** TURN *** [5h Qs 4d] [2d]
leungting684: bets $6
NoVebra: folds
Uncalled bet ($6) returned to leungting684
leungting684 collected $17.64 from pot
leungting684: doesn't show hand
*** SUMMARY ***
Total pot $18 | Rake $0.36
Board [5h Qs 4d 2d]
Seat 1: leungting684 (big blind) collected ($17.64)
Seat 3: NoVebra (button) (small blind) folded on the Turn


PokerStars Hand #169381571042:  Hold'em Limit ($3/$6 USD) - 2017/04/21 23:18:11 ET
Table 'Rosselia' 6-max Seat #3 is the button
Seat 1: leungting684 ($169.85 in chips)
Seat 3: NoVebra ($72 in chips)
NoVebra: posts small blind $1
leungting684: posts big blind $3
*** HOLE CARDS ***
NoVebra: raises $3 to $6
leungting684: folds
Uncalled bet ($3) returned to NoVebra
NoVebra collected $6 from pot
NoVebra: doesn't show hand
*** SUMMARY ***
Total pot $6 | Rake $0
Seat 1: leungting684 (big blind) folded before Flop
Seat 3: NoVebra (button) (small blind) collected ($6)


PokerStars Hand #169381573000:  Hold'em Limit ($3/$6 USD) - 2017/04/21 23:18:17 ET
Table 'Rosselia' 6-max Seat #1 is the button
Seat 1: leungting684 ($166.85 in chips)
Seat 3: NoVebra ($75 in chips)
leungting684: posts small blind $1
NoVebra: posts big blind $3
*** HOLE CARDS ***
leungting684: raises $3 to $6
NoVebra: calls $3
*** FLOP *** [Qs Jd 3c]
NoVebra: checks
leungting684: bets $3
NoVebra: raises $3 to $6
leungting684: calls $3
*** TURN *** [Qs Jd 3c] [6d]
NoVebra: bets $6
leungting684: calls $6
*** RIVER *** [Qs Jd 3c 6d] [7c]
NoVebra: bets $6
leungting684: calls $6
*** SHOW DOWN ***
NoVebra: shows [Qc Th] (a pair of Queens)
leungting684: mucks hand
NoVebra collected $47.50 from pot
*** SUMMARY ***
Total pot $48 | Rake $0.50
Board [Qs Jd 3c 6d 7c]
Seat 1: leungting684 (button) (small blind) mucked
Seat 3: NoVebra (big blind) showed [Qc Th] and won ($47.50) with a pair of Queens


PokerStars Hand #169381564615:  Hold'em Limit ($3/$6 USD) - 2017/04/21 23:17:51 ET
Table 'Rosselia' 6-max Seat #1 is the button
Seat 1: leungting684 ($169.91 in chips)
Seat 3: NoVebra ($72 in chips)
leungting684: posts small blind $1
NoVebra: posts big blind $3
*** HOLE CARDS ***
leungting684: calls $2
NoVebra: checks
*** FLOP *** [8h Qc Td]
NoVebra: checks
leungting684: checks
*** TURN *** [8h Qc Td] [6d]
NoVebra: checks
leungting684: checks
*** RIVER *** [8h Qc Td 6d] [9h]
NoVebra: checks
leungting684: checks
*** SHOW DOWN ***
NoVebra: shows [3d 2h] (high card Queen)
leungting684: shows [5d 4d] (high card Queen)
NoVebra collected $2.94 from pot
leungting684 collected $2.94 from pot
*** SUMMARY ***
Total pot $6 | Rake $0.12
Board [8h Qc Td 6d 9h]
Seat 1: leungting684 (button) (small blind) showed [5d 4d] and won ($2.94) with high card Queen
Seat 3: NoVebra (big blind) showed [3d 2h] and won ($2.94) with high card Queen


PokerStars Hand #169381581127:  Hold'em Limit ($3/$6 USD) - 2017/04/21 23:18:42 ET
Table 'Rosselia' 6-max Seat #1 is the button
Seat 1: leungting684 ($139.85 in chips)
Seat 3: NoVebra ($101.50 in chips)
leungting684: posts small blind $1
NoVebra: posts big blind $3
*** HOLE CARDS ***
leungting684: raises $3 to $6
NoVebra: calls $3
*** FLOP *** [Jd 7h 9h]
NoVebra: checks
leungting684: checks
*** TURN *** [Jd 7h 9h] [6c]
NoVebra: bets $6
leungting684: calls $6
*** RIVER *** [Jd 7h 9h 6c] [5d]
NoVebra: checks
leungting684: checks
*** SHOW DOWN ***
NoVebra: shows [Qd Jc] (a pair of Jacks)
leungting684: mucks hand
NoVebra collected $23.52 from pot
*** SUMMARY ***
Total pot $24 | Rake $0.48
Board [Jd 7h 9h 6c 5d]
Seat 1: leungting684 (button) (small blind) mucked
Seat 3: NoVebra (big blind) showed [Qd Jc] and won ($23.52) with a pair of Jacks


PokerStars Hand #169381579275:  Hold'em Limit ($3/$6 USD) - 2017/04/21 23:18:36 ET
Table 'Rosselia' 6-max Seat #3 is the button
Seat 1: leungting684 ($142.85 in chips)
Seat 3: NoVebra ($98.50 in chips)
NoVebra: posts small blind $1
leungting684: posts big blind $3
*** HOLE CARDS ***
NoVebra: raises $3 to $6
leungting684: folds
Uncalled bet ($3) returned to NoVebra
NoVebra collected $6 from pot
NoVebra: doesn't show hand
*** SUMMARY ***
Total pot $6 | Rake $0
Seat 1: leungting684 (big blind) folded before Flop
Seat 3: NoVebra (button) (small blind) collected ($6)


PokerStars Hand #169381586414:  Hold'em Limit ($3/$6 USD) - 2017/04/21 23:18:58 ET
Table 'Rosselia' 6-max Seat #3 is the button
Seat 1: leungting684 ($127.85 in chips)
Seat 3: NoVebra ($113.02 in chips)
NoVebra: posts small blind $1
leungting684: posts big blind $3
*** HOLE CARDS ***
NoVebra: raises $3 to $6
leungting684: calls $3
*** FLOP *** [Ks 8c 3d]
leungting684: bets $3
NoVebra: calls $3
*** TURN *** [Ks 8c 3d] [3s]
leungting684: checks
NoVebra: bets $6
leungting684: folds
Uncalled bet ($6) returned to NoVebra
NoVebra collected $17.64 from pot
NoVebra: doesn't show hand
*** SUMMARY ***
Total pot $18 | Rake $0.36
Board [Ks 8c 3d 3s]
Seat 1: leungting684 (big blind) folded on the Turn
Seat 3: NoVebra (button) (small blind) collected ($17.64)


PokerStars Hand #169381591258:  Hold'em Limit ($3/$6 USD) - 2017/04/21 23:19:13 ET
Table 'Rosselia' 6-max Seat #1 is the button
Seat 1: leungting684 ($118.85 in chips)
Seat 3: NoVebra ($121.66 in chips)
leungting684: posts small blind $1
NoVebra: posts big blind $3
*** HOLE CARDS ***
leungting684: raises $3 to $6
NoVebra: raises $3 to $9
leungting684: calls $3
*** FLOP *** [Kc 2d 6c]
NoVebra: bets $3
leungting684: calls $3
*** TURN *** [Kc 2d 6c] [7s]
NoVebra: bets $6
leungting684: calls $6
*** RIVER *** [Kc 2d 6c 7s] [3s]
NoVebra: checks
leungting684: checks
*** SHOW DOWN ***
NoVebra: shows [Ac 5c] (high card Ace)
leungting684: shows [Tc 3c] (a pair of Threes)
leungting684 collected $35.50 from pot
*** SUMMARY ***
Total pot $36 | Rake $0.50
Board [Kc 2d 6c 7s 3s]
Seat 1: leungting684 (button) (small blind) showed [Tc 3c] and won ($35.50) with a pair of Threes
Seat 3: NoVebra (big blind) showed [Ac 5c] and lost with high card Ace


PokerStars Hand #169381600570:  Hold'em Limit ($3/$6 USD) - 2017/04/21 23:19:41 ET
Table 'Rosselia' 6-max Seat #1 is the button
Seat 1: leungting684 ($142.11 in chips)
Seat 3: NoVebra ($97.66 in chips)
leungting684: posts small blind $1
NoVebra: posts big blind $3
*** HOLE CARDS ***
leungting684: raises $3 to $6
NoVebra: calls $3
*** FLOP *** [Ad Jh 6h]
NoVebra: checks
leungting684: bets $3
NoVebra: folds
Uncalled bet ($3) returned to leungting684
leungting684 collected $11.76 from pot
leungting684: doesn't show hand
*** SUMMARY ***
Total pot $12 | Rake $0.24
Board [Ad Jh 6h]
Seat 1: leungting684 (button) (small blind) collected ($11.76)
Seat 3: NoVebra (big blind) folded on the Flop


PokerStars Hand #169381611079:  Hold'em Limit ($3/$6 USD) - 2017/04/21 23:20:13 ET
Table 'Rosselia' 6-max Seat #1 is the button
Seat 1: leungting684 ($132.87 in chips)
Seat 3: NoVebra ($106.16 in chips)
leungting684: posts small blind $1
NoVebra: posts big blind $3
*** HOLE CARDS ***
leungting684: raises $3 to $6
NoVebra: calls $3
*** FLOP *** [8d 4h 6s]
NoVebra: checks
leungting684: bets $3
NoVebra: raises $3 to $6
leungting684: calls $3
*** TURN *** [8d 4h 6s] [8h]
NoVebra: bets $6
leungting684: folds
Uncalled bet ($6) returned to NoVebra
NoVebra collected $23.52 from pot
NoVebra: doesn't show hand
*** SUMMARY ***
Total pot $24 | Rake $0.48
Board [8d 4h 6s 8h]
Seat 1: leungting684 (button) (small blind) folded on the Turn
Seat 3: NoVebra (big blind) collected ($23.52)


PokerStars Hand #169381596818:  Hold'em Limit ($3/$6 USD) - 2017/04/21 23:19:30 ET
Table 'Rosselia' 6-max Seat #3 is the button
Seat 1: leungting684 ($136.35 in chips)
Seat 3: NoVebra ($103.66 in chips)
NoVebra: posts small blind $1
leungting684: posts big blind $3
*** HOLE CARDS ***
NoVebra: raises $3 to $6
leungting684: calls $3
*** FLOP *** [Jc 2c 3c]
leungting684: bets $3
NoVebra: folds
Uncalled bet ($3) returned to leungting684
leungting684 collected $11.76 from pot
leungting684: doesn't show hand
*** SUMMARY ***
Total pot $12 | Rake $0.24
Board [Jc 2c 3c]
Seat 1: leungting684 (big blind) collected ($11.76)
Seat 3: NoVebra (button) (small blind) folded on the Flop


PokerStars Hand #169381604416:  Hold'em Limit ($3/$6 USD) - 2017/04/21 23:19:53 ET
Table 'Rosselia' 6-max Seat #3 is the button
Seat 1: leungting684 ($147.87 in chips)
Seat 3: NoVebra ($91.66 in chips)
NoVebra: posts small blind $1
leungting684: posts big blind $3
*** HOLE CARDS ***
NoVebra: raises $3 to $6
leungting684: raises $3 to $9
NoVebra: calls $3
*** FLOP *** [9d 3d 4s]
leungting684: bets $3
NoVebra: raises $3 to $6
leungting684: calls $3
*** TURN *** [9d 3d 4s] [4h]
leungting684: checks
NoVebra: bets $6
leungting684: folds
Uncalled bet ($6) returned to NoVebra
NoVebra collected $29.50 from pot
NoVebra: doesn't show hand
*** SUMMARY ***
Total pot $30 | Rake $0.50
Board [9d 3d 4s 4h]
Seat 1: leungting684 (big blind) folded on the Turn
Seat 3: NoVebra (button) (small blind) collected ($29.50)


PokerStars Hand #169381626418:  Hold'em Limit ($3/$6 USD) - 2017/04/21 23:21:00 ET
Table 'Rosselia' 6-max Seat #3 is the button
Seat 1: leungting684 ($99.87 in chips)
Seat 3: NoVebra ($137.94 in chips)
NoVebra: posts small blind $1
leungting684: posts big blind $3
*** HOLE CARDS ***
NoVebra: raises $3 to $6
leungting684: calls $3
*** FLOP *** [6c 8h Td]
leungting684: checks
NoVebra: bets $3
leungting684: calls $3
*** TURN *** [6c 8h Td] [6d]
leungting684: checks
Actordp31 joins the table at seat #6
NoVebra: checks
*** RIVER *** [6c 8h Td 6d] [2d]
leungting684: checks
NoVebra: bets $6
leungting684: folds
Uncalled bet ($6) returned to NoVebra
NoVebra collected $17.64 from pot
NoVebra: doesn't show hand
*** SUMMARY ***
Total pot $18 | Rake $0.36
Board [6c 8h Td 6d 2d]
Seat 1: leungting684 (big blind) folded on the River
Seat 3: NoVebra (button) (small blind) collected ($17.64)


PokerStars Hand #169381616047:  Hold'em Limit ($3/$6 USD) - 2017/04/21 23:20:28 ET
Table 'Rosselia' 6-max Seat #3 is the button
Seat 1: leungting684 ($120.87 in chips)
Seat 3: NoVebra ($117.68 in chips)
NoVebra: posts small blind $1
leungting684: posts big blind $3
*** HOLE CARDS ***
NoVebra: raises $3 to $6
leungting684: calls $3
*** FLOP *** [5s 9h 9s]
leungting684: checks
NoVebra: bets $3
leungting684: calls $3
*** TURN *** [5s 9h 9s] [Kd]
leungting684: checks
NoVebra: checks
*** RIVER *** [5s 9h 9s Kd] [3h]
leungting684: bets $6
NoVebra: calls $6
*** SHOW DOWN ***
leungting684: shows [Td Jh] (a pair of Nines)
NoVebra: shows [8s 5h] (two pair, Nines and Fives)
NoVebra collected $29.50 from pot
*** SUMMARY ***
Total pot $30 | Rake $0.50
Board [5s 9h 9s Kd 3h]
Seat 1: leungting684 (big blind) showed [Td Jh] and lost with a pair of Nines
Seat 3: NoVebra (button) (small blind) showed [8s 5h] and won ($29.50) with two pair, Nines and Fives


PokerStars Hand #169381621463:  Hold'em Limit ($3/$6 USD) - 2017/04/21 23:20:45 ET
Table 'Rosselia' 6-max Seat #1 is the button
Seat 1: leungting684 ($105.87 in chips)
Seat 3: NoVebra ($132.18 in chips)
leungting684: posts small blind $1
NoVebra: posts big blind $3
*** HOLE CARDS ***
leungting684: raises $3 to $6
NoVebra: calls $3
*** FLOP *** [9h 7s 2d]
NoVebra: checks
leungting684: checks
*** TURN *** [9h 7s 2d] [9c]
NoVebra: checks
leungting684: checks
*** RIVER *** [9h 7s 2d 9c] [2c]
NoVebra: checks
leungting684: checks
*** SHOW DOWN ***
NoVebra: shows [Qd 8c] (two pair, Nines and Deuces)
leungting684: mucks hand
NoVebra collected $11.76 from pot
*** SUMMARY ***
Total pot $12 | Rake $0.24
Board [9h 7s 2d 9c 2c]
Seat 1: leungting684 (button) (small blind) mucked
Seat 3: NoVebra (big blind) showed [Qd 8c] and won ($11.76) with two pair, Nines and Deuces


PokerStars Hand #169381631746:  Hold'em Limit ($3/$6 USD) - 2017/04/21 23:21:16 ET
Table 'Rosselia' 6-max Seat #1 is the button
Seat 1: leungting684 ($90.87 in chips)
Seat 3: NoVebra ($146.58 in chips)
leungting684: posts small blind $1
NoVebra: posts big blind $3
*** HOLE CARDS ***
leungting684: raises $3 to $6
NoVebra: raises $3 to $9
leungting684: calls $3
*** FLOP *** [6h 2c 8h]
NoVebra: bets $3
leungting684: calls $3
*** TURN *** [6h 2c 8h] [9h]
NoVebra: bets $6
leungting684: calls $6
*** RIVER *** [6h 2c 8h 9h] [Ah]
Actordp31 leaves the table
NoVebra: checks
leungting684: bets $6
NoVebra: raises $6 to $12
leungting684: calls $6
*** SHOW DOWN ***
NoVebra: shows [Kh Ks] (a flush, Ace high)
leungting684: mucks hand
NoVebra collected $59.50 from pot
*** SUMMARY ***
Total pot $60 | Rake $0.50
Board [6h 2c 8h 9h Ah]
Seat 1: leungting684 (button) (small blind) mucked
Seat 3: NoVebra (big blind) showed [Kh Ks] and won ($59.50) with a flush, Ace high


PokerStars Hand #169381643334:  Hold'em Limit ($3/$6 USD) - 2017/04/21 23:21:52 ET
Table 'Rosselia' 6-max Seat #1 is the button
Seat 1: leungting684 ($48.87 in chips)
Seat 3: NoVebra ($187.60 in chips)
leungting684: posts small blind $1
NoVebra: posts big blind $3
*** HOLE CARDS ***
leungting684: raises $3 to $6
NoVebra: calls $3
*** FLOP *** [9h 4h 6h]
NoVebra: checks
leungting684: bets $3
NoVebra: folds
Uncalled bet ($3) returned to leungting684
leungting684 collected $11.76 from pot
leungting684: doesn't show hand
*** SUMMARY ***
Total pot $12 | Rake $0.24
Board [9h 4h 6h]
Seat 1: leungting684 (button) (small blind) collected ($11.76)
Seat 3: NoVebra (big blind) folded on the Flop


PokerStars Hand #169381647230:  Hold'em Limit ($3/$6 USD) - 2017/04/21 23:22:04 ET
Table 'Rosselia' 6-max Seat #3 is the button
Seat 1: leungting684 ($54.63 in chips)
Seat 3: NoVebra ($181.60 in chips)
NoVebra: posts small blind $1
leungting684: posts big blind $3
*** HOLE CARDS ***
NoVebra: raises $3 to $6
leungting684: calls $3
*** FLOP *** [9h Ts Qd]
leungting684: bets $3
NoVebra: calls $3
*** TURN *** [9h Ts Qd] [Qc]
leungting684: bets $6
NoVebra: calls $6
*** RIVER *** [9h Ts Qd Qc] [Ah]
leungting684: bets $6
NoVebra: calls $6
*** SHOW DOWN ***
leungting684: shows [4s Qs] (three of a kind, Queens)
NoVebra: mucks hand
leungting684 collected $41.50 from pot
*** SUMMARY ***
Total pot $42 | Rake $0.50
Board [9h Ts Qd Qc Ah]
Seat 1: leungting684 (big blind) showed [4s Qs] and won ($41.50) with three of a kind, Queens
Seat 3: NoVebra (button) (small blind) mucked


PokerStars Hand #169381638138:  Hold'em Limit ($3/$6 USD) - 2017/04/21 23:21:36 ET
Table 'Rosselia' 6-max Seat #3 is the button
Seat 1: leungting684 ($60.87 in chips)
Seat 3: NoVebra ($176.08 in chips)
NoVebra: posts small blind $1
leungting684: posts big blind $3
*** HOLE CARDS ***
NoVebra: raises $3 to $6
leungting684: raises $3 to $9
NoVebra: calls $3
*** FLOP *** [Ah 2d 9h]
leungting684: bets $3
NoVebra: calls $3
*** TURN *** [Ah 2d 9h] [Tc]
leungting684: checks
NoVebra: bets $6
leungting684: folds
Uncalled bet ($6) returned to NoVebra
NoVebra collected $23.52 from pot
NoVebra: doesn't show hand
*** SUMMARY ***
Total pot $24 | Rake $0.48
Board [Ah 2d 9h Tc]
Seat 1: leungting684 (big blind) folded on the Turn
Seat 3: NoVebra (button) (small blind) collected ($23.52)


PokerStars Hand #169381658523:  Hold'em Limit ($3/$6 USD) - 2017/04/21 23:22:38 ET
Table 'Rosselia' 6-max Seat #3 is the button
Seat 1: leungting684 ($86.65 in chips)
Seat 3: NoVebra ($148.60 in chips)
NoVebra: posts small blind $1
leungting684: posts big blind $3
*** HOLE CARDS ***
NoVebra: folds
Uncalled bet ($2) returned to leungting684
leungting684 collected $2 from pot
leungting684: doesn't show hand
*** SUMMARY ***
Total pot $2 | Rake $0
Seat 1: leungting684 (big blind) collected ($2)
Seat 3: NoVebra (button) (small blind) folded before Flop


PokerStars Hand #169381652764:  Hold'em Limit ($3/$6 USD) - 2017/04/21 23:22:21 ET
Table 'Rosselia' 6-max Seat #1 is the button
Seat 1: leungting684 ($75.13 in chips)
Seat 3: NoVebra ($160.60 in chips)
leungting684: posts small blind $1
NoVebra: posts big blind $3
*** HOLE CARDS ***
leungting684: calls $2
NoVebra: checks
*** FLOP *** [3d 5h Jd]
NoVebra: bets $3
leungting684: calls $3
*** TURN *** [3d 5h Jd] [3s]
NoVebra: checks
leungting684: checks
*** RIVER *** [3d 5h Jd 3s] [Js]
NoVebra: checks
leungting684: bets $6
NoVebra: calls $6
*** SHOW DOWN ***
leungting684: shows [5d 7s] (two pair, Jacks and Fives)
NoVebra: mucks hand
leungting684 collected $23.52 from pot
*** SUMMARY ***
Total pot $24 | Rake $0.48
Board [3d 5h Jd 3s Js]
Seat 1: leungting684 (button) (small blind) showed [5d 7s] and won ($23.52) with two pair, Jacks and Fives
Seat 3: NoVebra (big blind) mucked


PokerStars Hand #169381671588:  Hold'em Limit ($3/$6 USD) - 2017/04/21 23:23:18 ET
Table 'Rosselia' 6-max Seat #1 is the button
Seat 1: leungting684 ($102.05 in chips)
Seat 3: NoVebra ($132.60 in chips)
leungting684: posts small blind $1
NoVebra: posts big blind $3
*** HOLE CARDS ***
leungting684: raises $3 to $6
NoVebra: folds
Uncalled bet ($3) returned to leungting684
leungting684 collected $6 from pot
leungting684: doesn't show hand
*** SUMMARY ***
Total pot $6 | Rake $0
Seat 1: leungting684 (button) (small blind) collected ($6)
Seat 3: NoVebra (big blind) folded before Flop


PokerStars Hand #169381660251:  Hold'em Limit ($3/$6 USD) - 2017/04/21 23:22:43 ET
Table 'Rosselia' 6-max Seat #1 is the button
Seat 1: leungting684 ($87.65 in chips)
Seat 3: NoVebra ($147.60 in chips)
leungting684: posts small blind $1
NoVebra: posts big blind $3
*** HOLE CARDS ***
leungting684: raises $3 to $6
NoVebra: calls $3
*** FLOP *** [7h 2c 8s]
NoVebra: checks
leungting684: checks
*** TURN *** [7h 2c 8s] [Kh]
NoVebra: checks
leungting684: checks
*** RIVER *** [7h 2c 8s Kh] [3c]
NoVebra: checks
leungting684: checks
*** SHOW DOWN ***
NoVebra: shows [Qd Tc] (high card King)
leungting684: shows [Ac 9s] (high card Ace)
leungting684 collected $11.76 from pot
*** SUMMARY ***
Total pot $12 | Rake $0.24
Board [7h 2c 8s Kh 3c]
Seat 1: leungting684 (button) (small blind) showed [Ac 9s] and won ($11.76) with high card Ace
Seat 3: NoVebra (big blind) showed [Qd Tc] and lost with high card King


PokerStars Hand #169381665849:  Hold'em Limit ($3/$6 USD) - 2017/04/21 23:23:00 ET
Table 'Rosselia' 6-max Seat #3 is the button
Seat 1: leungting684 ($93.41 in chips)
Seat 3: NoVebra ($141.60 in chips)
NoVebra: posts small blind $1
leungting684: posts big blind $3
*** HOLE CARDS ***
NoVebra: raises $3 to $6
leungting684: calls $3
*** FLOP *** [Qd 5d 2d]
leungting684: checks
NoVebra: bets $3
leungting684: calls $3
*** TURN *** [Qd 5d 2d] [3d]
leungting684: checks
NoVebra: checks
*** RIVER *** [Qd 5d 2d 3d] [5h]
leungting684: bets $6
NoVebra: folds
Uncalled bet ($6) returned to leungting684
leungting684 collected $17.64 from pot
leungting684: doesn't show hand
*** SUMMARY ***
Total pot $18 | Rake $0.36
Board [Qd 5d 2d 3d 5h]
Seat 1: leungting684 (big blind) collected ($17.64)
Seat 3: NoVebra (button) (small blind) folded on the River


PokerStars Hand #169381673471:  Hold'em Limit ($3/$6 USD) - 2017/04/21 23:23:23 ET
Table 'Rosselia' 6-max Seat #3 is the button
Seat 1: leungting684 ($105.05 in chips)
Seat 3: NoVebra ($129.60 in chips)
NoVebra: posts small blind $1
leungting684: posts big blind $3
*** HOLE CARDS ***
NoVebra: raises $3 to $6
leungting684: calls $3
*** FLOP *** [Jc 4h 5d]
leungting684: checks
NoVebra: bets $3
leungting684: calls $3
*** TURN *** [Jc 4h 5d] [Ac]
leungting684: checks
NoVebra: bets $6
leungting684: calls $6
*** RIVER *** [Jc 4h 5d Ac] [Qd]
leungting684: checks
NoVebra: bets $6
leungting684: folds
Uncalled bet ($6) returned to NoVebra
NoVebra collected $29.50 from pot
NoVebra: doesn't show hand
*** SUMMARY ***
Total pot $30 | Rake $0.50
Board [Jc 4h 5d Ac Qd]
Seat 1: leungting684 (big blind) folded on the River
Seat 3: NoVebra (button) (small blind) collected ($29.50)


PokerStars Hand #169381685721:  Hold'em Limit ($3/$6 USD) - 2017/04/21 23:24:01 ET
Table 'Rosselia' 6-max Seat #3 is the button
Seat 1: leungting684 ($72.05 in chips)
Seat 3: NoVebra ($161.60 in chips)
NoVebra: posts small blind $1
leungting684: posts big blind $3
*** HOLE CARDS ***
NoVebra: raises $3 to $6
leungting684: calls $3
*** FLOP *** [Jd 6h Qs]
leungting684: checks
NoVebra: bets $3
leungting684: folds
Uncalled bet ($3) returned to NoVebra
NoVebra collected $11.76 from pot
NoVebra: doesn't show hand
*** SUMMARY ***
Total pot $12 | Rake $0.24
Board [Jd 6h Qs]
Seat 1: leungting684 (big blind) folded on the Flop
Seat 3: NoVebra (button) (small blind) collected ($11.76)


PokerStars Hand #169381680219:  Hold'em Limit ($3/$6 USD) - 2017/04/21 23:23:44 ET
Table 'Rosselia' 6-max Seat #1 is the button
Seat 1: leungting684 ($90.05 in chips)
Seat 3: NoVebra ($144.10 in chips)
leungting684: posts small blind $1
NoVebra: posts big blind $3
*** HOLE CARDS ***
leungting684: raises $3 to $6
NoVebra: calls $3
*** FLOP *** [Ad Ah 9s]
NoVebra: checks
leungting684: checks
*** TURN *** [Ad Ah 9s] [6c]
NoVebra: checks
leungting684: bets $6
NoVebra: calls $6
*** RIVER *** [Ad Ah 9s 6c] [8h]
NoVebra: checks
leungting684: bets $6
NoVebra: calls $6
*** SHOW DOWN ***
leungting684: shows [8s 6s] (two pair, Aces and Eights)
NoVebra: shows [Jd 9c] (two pair, Aces and Nines)
NoVebra collected $35.50 from pot
*** SUMMARY ***
Total pot $36 | Rake $0.50
Board [Ad Ah 9s 6c 8h]
Seat 1: leungting684 (button) (small blind) showed [8s 6s] and lost with two pair, Aces and Eights
Seat 3: NoVebra (big blind) showed [Jd 9c] and won ($35.50) with two pair, Aces and Nines


PokerStars Hand #169381688460:  Hold'em Limit ($3/$6 USD) - 2017/04/21 23:24:10 ET
Table 'Rosselia' 6-max Seat #1 is the button
Seat 1: leungting684 ($66.05 in chips)
Seat 3: NoVebra ($167.36 in chips)
leungting684: posts small blind $1
NoVebra: posts big blind $3
*** HOLE CARDS ***
leungting684: calls $2
NoVebra: checks
*** FLOP *** [As 9h Kd]
NoVebra: checks
leungting684: checks
*** TURN *** [As 9h Kd] [4h]
NoVebra: checks
leungting684: checks
*** RIVER *** [As 9h Kd 4h] [Td]
NoVebra: bets $6
leungting684: folds
Uncalled bet ($6) returned to NoVebra
NoVebra collected $5.88 from pot
NoVebra: doesn't show hand
*** SUMMARY ***
Total pot $6 | Rake $0.12
Board [As 9h Kd 4h Td]
Seat 1: leungting684 (button) (small blind) folded on the River
Seat 3: NoVebra (big blind) collected ($5.88)


PokerStars Hand #169381699699:  Hold'em Limit ($3/$6 USD) - 2017/04/21 23:24:44 ET
Table 'Rosselia' 6-max Seat #1 is the button
Seat 1: leungting684 ($74.57 in chips)
Seat 3: NoVebra ($158.24 in chips)
leungting684: posts small blind $1
NoVebra: posts big blind $3
*** HOLE CARDS ***
leungting684: raises $3 to $6
NoVebra: calls $3
*** FLOP *** [As Jh 7d]
NoVebra: checks
leungting684: checks
*** TURN *** [As Jh 7d] [4s]
NoVebra: bets $6
leungting684: folds
Uncalled bet ($6) returned to NoVebra
NoVebra collected $11.76 from pot
NoVebra: doesn't show hand
*** SUMMARY ***
Total pot $12 | Rake $0.24
Board [As Jh 7d 4s]
Seat 1: leungting684 (button) (small blind) folded on the Turn
Seat 3: NoVebra (big blind) collected ($11.76)


PokerStars Hand #169381708696:  Hold'em Limit ($3/$6 USD) - 2017/04/21 23:25:12 ET
Table 'Rosselia' 6-max Seat #3 is the button
Seat 1: leungting684 ($71.33 in chips)
Seat 3: NoVebra ($161 in chips)
NoVebra: posts small blind $1
leungting684: posts big blind $3
*** HOLE CARDS ***
NoVebra: raises $3 to $6
leungting684: calls $3
*** FLOP *** [8h 5h Jc]
leungting684: checks
NoVebra: bets $3
leungting684: calls $3
*** TURN *** [8h 5h Jc] [4c]
leungting684: checks
NoVebra: bets $6
leungting684: calls $6
*** RIVER *** [8h 5h Jc 4c] [6h]
leungting684: checks
NoVebra: checks
*** SHOW DOWN ***
leungting684: shows [Th 9d] (high card Jack)
NoVebra: shows [6s Qd] (a pair of Sixes)
NoVebra collected $29.50 from pot
*** SUMMARY ***
Total pot $30 | Rake $0.50
Board [8h 5h Jc 4c 6h]
Seat 1: leungting684 (big blind) showed [Th 9d] and lost with high card Jack
Seat 3: NoVebra (button) (small blind) showed [6s Qd] and won ($29.50) with a pair of Sixes


PokerStars Hand #169381703781:  Hold'em Limit ($3/$6 USD) - 2017/04/21 23:24:57 ET
Table 'Rosselia' 6-max Seat #3 is the button
Seat 1: leungting684 ($68.57 in chips)
Seat 3: NoVebra ($164 in chips)
NoVebra: posts small blind $1
leungting684: posts big blind $3
*** HOLE CARDS ***
NoVebra: raises $3 to $6
leungting684: folds
Uncalled bet ($3) returned to NoVebra
NoVebra collected $6 from pot
NoVebra: doesn't show hand
*** SUMMARY ***
Total pot $6 | Rake $0
Seat 1: leungting684 (big blind) folded before Flop
Seat 3: NoVebra (button) (small blind) collected ($6)


PokerStars Hand #169381705755:  Hold'em Limit ($3/$6 USD) - 2017/04/21 23:25:03 ET
Table 'Rosselia' 6-max Seat #1 is the button
Seat 1: leungting684 ($65.57 in chips)
Seat 3: NoVebra ($167 in chips)
leungting684: posts small blind $1
NoVebra: posts big blind $3
*** HOLE CARDS ***
leungting684: raises $3 to $6
NoVebra: calls $3
*** FLOP *** [3d Qd Kc]
NoVebra: checks
leungting684: bets $3
NoVebra: folds
Uncalled bet ($3) returned to leungting684
leungting684 collected $11.76 from pot
leungting684: doesn't show hand
*** SUMMARY ***
Total pot $12 | Rake $0.24
Board [3d Qd Kc]
Seat 1: leungting684 (button) (small blind) collected ($11.76)
Seat 3: NoVebra (big blind) folded on the Flop


PokerStars Hand #169381693119:  Hold'em Limit ($3/$6 USD) - 2017/04/21 23:24:24 ET
Table 'Rosselia' 6-max Seat #3 is the button
Seat 1: leungting684 ($63.05 in chips)
Seat 3: NoVebra ($170.24 in chips)
NoVebra: posts small blind $1
leungting684: posts big blind $3
*** HOLE CARDS ***
NoVebra: raises $3 to $6
leungting684: raises $3 to $9
NoVebra: calls $3
*** FLOP *** [Kc 9c Tc]
leungting684: checks
NoVebra: bets $3
leungting684: calls $3
*** TURN *** [Kc 9c Tc] [Kh]
leungting684: checks
NoVebra: checks
*** RIVER *** [Kc 9c Tc Kh] [9d]
leungting684: bets $6
NoVebra: folds
Uncalled bet ($6) returned to leungting684
leungting684 collected $23.52 from pot
leungting684: doesn't show hand
*** SUMMARY ***
Total pot $24 | Rake $0.48
Board [Kc 9c Tc Kh 9d]
Seat 1: leungting684 (big blind) collected ($23.52)
Seat 3: NoVebra (button) (small blind) folded on the River


PokerStars Hand #169381719618:  Hold'em Limit ($3/$6 USD) - 2017/04/21 23:25:45 ET
Table 'Rosselia' 6-max Seat #1 is the button
Seat 1: leungting684 ($65.97 in chips)
Seat 3: NoVebra ($165.50 in chips)
leungting684: posts small blind $1
NoVebra: posts big blind $3
*** HOLE CARDS ***
leungting684: raises $3 to $6
NoVebra: folds
Uncalled bet ($3) returned to leungting684
leungting684 collected $6 from pot
leungting684: doesn't show hand
*** SUMMARY ***
Total pot $6 | Rake $0
Seat 1: leungting684 (button) (small blind) collected ($6)
Seat 3: NoVebra (big blind) folded before Flop


PokerStars Hand #169381729959:  Hold'em Limit ($3/$6 USD) - 2017/04/21 23:26:16 ET
Table 'Rosselia' 6-max Seat #3 is the button
Seat 1: leungting684 ($89.47 in chips)
Seat 3: NoVebra ($141.50 in chips)
NoVebra: posts small blind $1
leungting684: posts big blind $3
*** HOLE CARDS ***
NoVebra: folds
Uncalled bet ($2) returned to leungting684
leungting684 collected $2 from pot
leungting684: doesn't show hand
*** SUMMARY ***
Total pot $2 | Rake $0
Seat 1: leungting684 (big blind) collected ($2)
Seat 3: NoVebra (button) (small blind) folded before Flop


PokerStars Hand #169381727896:  Hold'em Limit ($3/$6 USD) - 2017/04/21 23:26:10 ET
Table 'Rosselia' 6-max Seat #1 is the button
Seat 1: leungting684 ($86.47 in chips)
Seat 3: NoVebra ($144.50 in chips)
leungting684: posts small blind $1
NoVebra: posts big blind $3
*** HOLE CARDS ***
leungting684: raises $3 to $6
NoVebra: folds
Uncalled bet ($3) returned to leungting684
leungting684 collected $6 from pot
leungting684: doesn't show hand
*** SUMMARY ***
Total pot $6 | Rake $0
Seat 1: leungting684 (button) (small blind) collected ($6)
Seat 3: NoVebra (big blind) folded before Flop


PokerStars Hand #169381722432:  Hold'em Limit ($3/$6 USD) - 2017/04/21 23:25:53 ET
Table 'Rosselia' 6-max Seat #3 is the button
Seat 1: leungting684 ($68.97 in chips)
Seat 3: NoVebra ($162.50 in chips)
NoVebra: posts small blind $1
leungting684: posts big blind $3
*** HOLE CARDS ***
NoVebra: raises $3 to $6
leungting684: raises $3 to $9
NoVebra: calls $3
*** FLOP *** [4s Ts 9h]
leungting684: bets $3
NoVebra: calls $3
*** TURN *** [4s Ts 9h] [8c]
leungting684: bets $6
NoVebra: calls $6
*** RIVER *** [4s Ts 9h 8c] [3h]
leungting684: bets $6
NoVebra: folds
Uncalled bet ($6) returned to leungting684
leungting684 collected $35.50 from pot
leungting684: doesn't show hand
*** SUMMARY ***
Total pot $36 | Rake $0.50
Board [4s Ts 9h 8c 3h]
Seat 1: leungting684 (big blind) collected ($35.50)
Seat 3: NoVebra (button) (small blind) folded on the River


PokerStars Hand #169381731627:  Hold'em Limit ($3/$6 USD) - 2017/04/21 23:26:21 ET
Table 'Rosselia' 6-max Seat #1 is the button
Seat 1: leungting684 ($90.47 in chips)
Seat 3: NoVebra ($140.50 in chips)
leungting684: posts small blind $1
NoVebra: posts big blind $3
*** HOLE CARDS ***
leungting684: raises $3 to $6
NoVebra: calls $3
*** FLOP *** [6d Ts Jd]
NoVebra: checks
leungting684: bets $3
NoVebra: raises $3 to $6
leungting684: calls $3
*** TURN *** [6d Ts Jd] [Ah]
NoVebra: checks
leungting684: checks
*** RIVER *** [6d Ts Jd Ah] [Qs]
NoVebra: checks
leungting684: checks
*** SHOW DOWN ***
NoVebra: shows [Js 8c] (a pair of Jacks)
leungting684: shows [Jh 7c] (a pair of Jacks)
NoVebra collected $11.76 from pot
leungting684 collected $11.76 from pot
*** SUMMARY ***
Total pot $24 | Rake $0.48
Board [6d Ts Jd Ah Qs]
Seat 1: leungting684 (button) (small blind) showed [Jh 7c] and won ($11.76) with a pair of Jacks
Seat 3: NoVebra (big blind) showed [Js 8c] and won ($11.76) with a pair of Jacks


PokerStars Hand #169381718180:  Hold'em Limit ($3/$6 USD) - 2017/04/21 23:25:41 ET
Table 'Rosselia' 6-max Seat #3 is the button
Seat 1: leungting684 ($64.97 in chips)
Seat 3: NoVebra ($166.50 in chips)
NoVebra: posts small blind $1
leungting684: posts big blind $3
*** HOLE CARDS ***
NoVebra: folds
Uncalled bet ($2) returned to leungting684
leungting684 collected $2 from pot
leungting684: doesn't show hand
*** SUMMARY ***
Total pot $2 | Rake $0
Seat 1: leungting684 (big blind) collected ($2)
Seat 3: NoVebra (button) (small blind) folded before Flop


PokerStars Hand #169381714271:  Hold'em Limit ($3/$6 USD) - 2017/04/21 23:25:29 ET
Table 'Rosselia' 6-max Seat #1 is the button
Seat 1: leungting684 ($56.33 in chips)
Seat 3: NoVebra ($175.50 in chips)
leungting684: posts small blind $1
NoVebra: posts big blind $3
*** HOLE CARDS ***
leungting684: raises $3 to $6
NoVebra: calls $3
*** FLOP *** [Ts 3c 2d]
NoVebra: checks
leungting684: bets $3
NoVebra: calls $3
*** TURN *** [Ts 3c 2d] [7d]
NoVebra: checks
leungting684: bets $6
NoVebra: folds
Uncalled bet ($6) returned to leungting684
leungting684 collected $17.64 from pot
leungting684: doesn't show hand
*** SUMMARY ***
Total pot $18 | Rake $0.36
Board [Ts 3c 2d 7d]
Seat 1: leungting684 (button) (small blind) collected ($17.64)
Seat 3: NoVebra (big blind) folded on the Turn


PokerStars Hand #169381738501:  Hold'em Limit ($3/$6 USD) - 2017/04/21 23:26:42 ET
Table 'Rosselia' 6-max Seat #1 is the button
Seat 1: leungting684 ($91.23 in chips)
Seat 3: NoVebra ($139.26 in chips)
leungting684: posts small blind $1
NoVebra: posts big blind $3
*** HOLE CARDS ***
leungting684: raises $3 to $6
NoVebra: folds
Uncalled bet ($3) returned to leungting684
leungting684 collected $6 from pot
leungting684: doesn't show hand
*** SUMMARY ***
Total pot $6 | Rake $0
Seat 1: leungting684 (button) (small blind) collected ($6)
Seat 3: NoVebra (big blind) folded before Flop


PokerStars Hand #169381740975:  Hold'em Limit ($3/$6 USD) - 2017/04/21 23:26:49 ET
Table 'Rosselia' 6-max Seat #3 is the button
Seat 1: leungting684 ($94.23 in chips)
Seat 3: NoVebra ($136.26 in chips)
NoVebra: posts small blind $1
leungting684: posts big blind $3
*** HOLE CARDS ***
NoVebra: raises $3 to $6
leungting684: calls $3
*** FLOP *** [4s 4h 8s]
leungting684: checks
NoVebra: bets $3
leungting684: calls $3
*** TURN *** [4s 4h 8s] [Kc]
leungting684: checks
NoVebra: bets $6
leungting684: folds
Uncalled bet ($6) returned to NoVebra
NoVebra collected $17.64 from pot
NoVebra: doesn't show hand
*** SUMMARY ***
Total pot $18 | Rake $0.36
Board [4s 4h 8s Kc]
Seat 1: leungting684 (big blind) folded on the Turn
Seat 3: NoVebra (button) (small blind) collected ($17.64)


PokerStars Hand #169381745116:  Hold'em Limit ($3/$6 USD) - 2017/04/21 23:27:02 ET
Table 'Rosselia' 6-max Seat #1 is the button
Seat 1: leungting684 ($85.23 in chips)
Seat 3: NoVebra ($144.90 in chips)
leungting684: posts small blind $1
NoVebra: posts big blind $3
*** HOLE CARDS ***
leungting684: raises $3 to $6
NoVebra: calls $3
*** FLOP *** [6c Kc Ad]
NoVebra: checks
leungting684: bets $3
NoVebra: calls $3
*** TURN *** [6c Kc Ad] [3s]
NoVebra: checks
leungting684: bets $6
NoVebra: calls $6
*** RIVER *** [6c Kc Ad 3s] [Js]
NoVebra: checks
leungting684: checks
*** SHOW DOWN ***
NoVebra: shows [7s 6d] (a pair of Sixes)
leungting684: shows [5d Kd] (a pair of Kings)
leungting684 collected $29.50 from pot
*** SUMMARY ***
Total pot $30 | Rake $0.50
Board [6c Kc Ad 3s Js]
Seat 1: leungting684 (button) (small blind) showed [5d Kd] and won ($29.50) with a pair of Kings
Seat 3: NoVebra (big blind) showed [7s 6d] and lost with a pair of Sixes


PokerStars Hand #169381749909:  Hold'em Limit ($3/$6 USD) - 2017/04/21 23:27:17 ET
Table 'Rosselia' 6-max Seat #3 is the button
Seat 1: leungting684 ($99.73 in chips)
Seat 3: NoVebra ($129.90 in chips)
NoVebra: posts small blind $1
leungting684: posts big blind $3
*** HOLE CARDS ***
NoVebra: raises $3 to $6
leungting684: folds
Uncalled bet ($3) returned to NoVebra
NoVebra collected $6 from pot
NoVebra: doesn't show hand
*** SUMMARY ***
Total pot $6 | Rake $0
Seat 1: leungting684 (big blind) folded before Flop
Seat 3: NoVebra (button) (small blind) collected ($6)


PokerStars Hand #169381751615:  Hold'em Limit ($3/$6 USD) - 2017/04/21 23:27:22 ET
Table 'Rosselia' 6-max Seat #1 is the button
Seat 1: leungting684 ($96.73 in chips)
Seat 3: NoVebra ($132.90 in chips)
leungting684: posts small blind $1
NoVebra: posts big blind $3
*** HOLE CARDS ***
leungting684: calls $2
NoVebra: checks
*** FLOP *** [6s Kh 8c]
NoVebra: checks
leungting684: checks
*** TURN *** [6s Kh 8c] [Qd]
NoVebra: bets $6
leungting684: calls $6
*** RIVER *** [6s Kh 8c Qd] [Ac]
NoVebra: bets $6
leungting684: folds
Uncalled bet ($6) returned to NoVebra
NoVebra collected $17.64 from pot
NoVebra: doesn't show hand
*** SUMMARY ***
Total pot $18 | Rake $0.36
Board [6s Kh 8c Qd Ac]
Seat 1: leungting684 (button) (small blind) folded on the River
Seat 3: NoVebra (big blind) collected ($17.64)


PokerStars Hand #169381737117:  Hold'em Limit ($3/$6 USD) - 2017/04/21 23:26:38 ET
Table 'Rosselia' 6-max Seat #3 is the button
Seat 1: leungting684 ($90.23 in chips)
Seat 3: NoVebra ($140.26 in chips)
NoVebra: posts small blind $1
leungting684: posts big blind $3
*** HOLE CARDS ***
NoVebra: folds
Uncalled bet ($2) returned to leungting684
leungting684 collected $2 from pot
leungting684: doesn't show hand
*** SUMMARY ***
Total pot $2 | Rake $0
Seat 1: leungting684 (big blind) collected ($2)
Seat 3: NoVebra (button) (small blind) folded before Flop


PokerStars Hand #169381767884:  Hold'em Limit ($3/$6 USD) - 2017/04/21 23:28:13 ET
Table 'Rosselia' 6-max Seat #1 is the button
Seat 1: leungting684 ($120.75 in chips)
Seat 3: NoVebra ($107.54 in chips)
leungting684: posts small blind $1
NoVebra: posts big blind $3
*** HOLE CARDS ***
leungting684: raises $3 to $6
NoVebra: calls $3
*** FLOP *** [4d Tc 3d]
NoVebra: checks
leungting684: bets $3
NoVebra: folds
Uncalled bet ($3) returned to leungting684
leungting684 collected $11.76 from pot
leungting684: doesn't show hand
*** SUMMARY ***
Total pot $12 | Rake $0.24
Board [4d Tc 3d]
Seat 1: leungting684 (button) (small blind) collected ($11.76)
Seat 3: NoVebra (big blind) folded on the Flop


PokerStars Hand #169381757649:  Hold'em Limit ($3/$6 USD) - 2017/04/21 23:27:41 ET
Table 'Rosselia' 6-max Seat #1 is the button
Seat 1: leungting684 ($88.73 in chips)
Seat 3: NoVebra ($140.54 in chips)
leungting684: posts small blind $1
NoVebra: posts big blind $3
*** HOLE CARDS ***
leungting684: raises $3 to $6
NoVebra: calls $3
*** FLOP *** [Ah 7s 7d]
NoVebra: checks
leungting684: checks
*** TURN *** [Ah 7s 7d] [9h]
NoVebra: checks
leungting684: bets $6
NoVebra: calls $6
*** RIVER *** [Ah 7s 7d 9h] [Qh]
NoVebra: checks
leungting684: checks
*** SHOW DOWN ***
NoVebra: shows [Kd 5d] (a pair of Sevens)
leungting684: shows [4d 9c] (two pair, Nines and Sevens)
leungting684 collected $23.52 from pot
*** SUMMARY ***
Total pot $24 | Rake $0.48
Board [Ah 7s 7d 9h Qh]
Seat 1: leungting684 (button) (small blind) showed [4d 9c] and won ($23.52) with two pair, Nines and Sevens
Seat 3: NoVebra (big blind) showed [Kd 5d] and lost with a pair of Sevens


PokerStars Hand #169381763075:  Hold'em Limit ($3/$6 USD) - 2017/04/21 23:27:58 ET
Table 'Rosselia' 6-max Seat #3 is the button
Seat 1: leungting684 ($100.25 in chips)
Seat 3: NoVebra ($128.54 in chips)
NoVebra: posts small blind $1
leungting684: posts big blind $3
*** HOLE CARDS ***
NoVebra: raises $3 to $6
leungting684: calls $3
*** FLOP *** [As 2c Tc]
leungting684: bets $3
NoVebra: calls $3
*** TURN *** [As 2c Tc] [8d]
leungting684: bets $6
NoVebra: calls $6
*** RIVER *** [As 2c Tc 8d] [Th]
leungting684: bets $6
NoVebra: calls $6
*** SHOW DOWN ***
leungting684: shows [Jh Ts] (three of a kind, Tens)
NoVebra: mucks hand
leungting684 collected $41.50 from pot
*** SUMMARY ***
Total pot $42 | Rake $0.50
Board [As 2c Tc 8d Th]
Seat 1: leungting684 (big blind) showed [Jh Ts] and won ($41.50) with three of a kind, Tens
Seat 3: NoVebra (button) (small blind) mucked


PokerStars Hand #169381771780:  Hold'em Limit ($3/$6 USD) - 2017/04/21 23:28:25 ET
Table 'Rosselia' 6-max Seat #3 is the button
Seat 1: leungting684 ($126.51 in chips)
Seat 3: NoVebra ($101.54 in chips)
NoVebra: posts small blind $1
leungting684: posts big blind $3
*** HOLE CARDS ***
NoVebra: raises $3 to $6
leungting684: calls $3
*** FLOP *** [Ac Qd 8d]
leungting684: checks
NoVebra: bets $3
leungting684: folds
Uncalled bet ($3) returned to NoVebra
NoVebra collected $11.76 from pot
NoVebra: doesn't show hand
*** SUMMARY ***
Total pot $12 | Rake $0.24
Board [Ac Qd 8d]
Seat 1: leungting684 (big blind) folded on the Flop
Seat 3: NoVebra (button) (small blind) collected ($11.76)


PokerStars Hand #169381756244:  Hold'em Limit ($3/$6 USD) - 2017/04/21 23:27:36 ET
Table 'Rosselia' 6-max Seat #3 is the button
Seat 1: leungting684 ($87.73 in chips)
Seat 3: NoVebra ($141.54 in chips)
NoVebra: posts small blind $1
leungting684: posts big blind $3
*** HOLE CARDS ***
NoVebra: folds
Uncalled bet ($2) returned to leungting684
leungting684 collected $2 from pot
leungting684: doesn't show hand
*** SUMMARY ***
Total pot $2 | Rake $0
Seat 1: leungting684 (big blind) collected ($2)
Seat 3: NoVebra (button) (small blind) folded before Flop


PokerStars Hand #169381778661:  Hold'em Limit ($3/$6 USD) - 2017/04/21 23:28:46 ET
Table 'Rosselia' 6-max Seat #3 is the button
Seat 1: leungting684 ($126.27 in chips)
Seat 3: NoVebra ($101.30 in chips)
NoVebra: posts small blind $1
leungting684: posts big blind $3
*** HOLE CARDS ***
NoVebra: raises $3 to $6
leungting684: calls $3
*** FLOP *** [4c 2h Jd]
leungting684: checks
NoVebra: bets $3
leungting684: calls $3
*** TURN *** [4c 2h Jd] [8h]
leungting684: bets $6
NoVebra: calls $6
*** RIVER *** [4c 2h Jd 8h] [Ad]
leungting684: bets $6
NoVebra: calls $6
*** SHOW DOWN ***
leungting684: shows [Kc 8c] (a pair of Eights)
NoVebra: shows [Js 5s] (a pair of Jacks)
NoVebra collected $41.50 from pot
*** SUMMARY ***
Total pot $42 | Rake $0.50
Board [4c 2h Jd 8h Ad]
Seat 1: leungting684 (big blind) showed [Kc 8c] and lost with a pair of Eights
Seat 3: NoVebra (button) (small blind) showed [Js 5s] and won ($41.50) with a pair of Jacks


PokerStars Hand #169381783902:  Hold'em Limit ($3/$6 USD) - 2017/04/21 23:29:02 ET
Table 'Rosselia' 6-max Seat #1 is the button
Seat 1: leungting684 ($105.27 in chips)
Seat 3: NoVebra ($121.80 in chips)
leungting684: posts small blind $1
NoVebra: posts big blind $3
*** HOLE CARDS ***
leungting684: raises $3 to $6
NoVebra: calls $3
*** FLOP *** [Ah 7h As]
NoVebra: checks
leungting684: bets $3
NoVebra: calls $3
*** TURN *** [Ah 7h As] [Js]
NoVebra: checks
leungting684: checks
*** RIVER *** [Ah 7h As Js] [Th]
NoVebra: checks
leungting684: checks
*** SHOW DOWN ***
NoVebra: shows [8d 7c] (two pair, Aces and Sevens)
leungting684: mucks hand
NoVebra collected $17.64 from pot
*** SUMMARY ***
Total pot $18 | Rake $0.36
Board [Ah 7h As Js Th]
Seat 1: leungting684 (button) (small blind) mucked
Seat 3: NoVebra (big blind) showed [8d 7c] and won ($17.64) with two pair, Aces and Sevens


PokerStars Hand #169381775227:  Hold'em Limit ($3/$6 USD) - 2017/04/21 23:28:35 ET
Table 'Rosselia' 6-max Seat #1 is the button
Seat 1: leungting684 ($120.51 in chips)
Seat 3: NoVebra ($107.30 in chips)
leungting684: posts small blind $1
NoVebra: posts big blind $3
*** HOLE CARDS ***
leungting684: raises $3 to $6
NoVebra: calls $3
*** FLOP *** [2d Qc 4d]
NoVebra: checks
leungting684: bets $3
NoVebra: folds
Uncalled bet ($3) returned to leungting684
leungting684 collected $11.76 from pot
leungting684: doesn't show hand
*** SUMMARY ***
Total pot $12 | Rake $0.24
Board [2d Qc 4d]
Seat 1: leungting684 (button) (small blind) collected ($11.76)
Seat 3: NoVebra (big blind) folded on the Flop


PokerStars Hand #169381800399:  Hold'em Limit ($3/$6 USD) - 2017/04/21 23:29:53 ET
Table 'Rosselia' 6-max Seat #1 is the button
Seat 1: leungting684 ($111.79 in chips)
Seat 3: NoVebra ($114.44 in chips)
leungting684: posts small blind $1
NoVebra: posts big blind $3
*** HOLE CARDS ***
leungting684: raises $3 to $6
NoVebra: folds
Uncalled bet ($3) returned to leungting684
leungting684 collected $6 from pot
leungting684: doesn't show hand
*** SUMMARY ***
Total pot $6 | Rake $0
Seat 1: leungting684 (button) (small blind) collected ($6)
Seat 3: NoVebra (big blind) folded before Flop


PokerStars Hand #169381798537:  Hold'em Limit ($3/$6 USD) - 2017/04/21 23:29:47 ET
Table 'Rosselia' 6-max Seat #3 is the button
Seat 1: leungting684 ($110.79 in chips)
Seat 3: NoVebra ($115.44 in chips)
NoVebra: posts small blind $1
leungting684: posts big blind $3
*** HOLE CARDS ***
NoVebra: folds
Uncalled bet ($2) returned to leungting684
leungting684 collected $2 from pot
leungting684: doesn't show hand
*** SUMMARY ***
Total pot $2 | Rake $0
Seat 1: leungting684 (big blind) collected ($2)
Seat 3: NoVebra (button) (small blind) folded before Flop


PokerStars Hand #169381802344:  Hold'em Limit ($3/$6 USD) - 2017/04/21 23:29:59 ET
Table 'Rosselia' 6-max Seat #3 is the button
Seat 1: leungting684 ($114.79 in chips)
Seat 3: NoVebra ($111.44 in chips)
NoVebra: posts small blind $1
leungting684: posts big blind $3
*** HOLE CARDS ***
NoVebra: raises $3 to $6
leungting684: calls $3
*** FLOP *** [3h Kd Jh]
leungting684: checks
NoVebra: bets $3
leungting684: folds
Uncalled bet ($3) returned to NoVebra
NoVebra collected $11.76 from pot
NoVebra: doesn't show hand
*** SUMMARY ***
Total pot $12 | Rake $0.24
Board [3h Kd Jh]
Seat 1: leungting684 (big blind) folded on the Flop
Seat 3: NoVebra (button) (small blind) collected ($11.76)


PokerStars Hand #169381789214:  Hold'em Limit ($3/$6 USD) - 2017/04/21 23:29:19 ET
Table 'Rosselia' 6-max Seat #3 is the button
Seat 1: leungting684 ($96.27 in chips)
Seat 3: NoVebra ($130.44 in chips)
NoVebra: posts small blind $1
leungting684: posts big blind $3
*** HOLE CARDS ***
NoVebra: raises $3 to $6
leungting684: calls $3
*** FLOP *** [7h 5h 7c]
leungting684: bets $3
NoVebra: raises $3 to $6
leungting684: calls $3
*** TURN *** [7h 5h 7c] [8h]
leungting684: checks
NoVebra: checks
*** RIVER *** [7h 5h 7c 8h] [Kh]
leungting684: bets $6
NoVebra: folds
Uncalled bet ($6) returned to leungting684
leungting684 collected $23.52 from pot
leungting684: doesn't show hand
*** SUMMARY ***
Total pot $24 | Rake $0.48
Board [7h 5h 7c 8h Kh]
Seat 1: leungting684 (big blind) collected ($23.52)
Seat 3: NoVebra (button) (small blind) folded on the River


PokerStars Hand #169381805351:  Hold'em Limit ($3/$6 USD) - 2017/04/21 23:30:08 ET
Table 'Rosselia' 6-max Seat #1 is the button
Seat 1: leungting684 ($108.79 in chips)
Seat 3: NoVebra ($117.20 in chips)
leungting684: posts small blind $1
NoVebra: posts big blind $3
*** HOLE CARDS ***
leungting684: raises $3 to $6
NoVebra: folds
Uncalled bet ($3) returned to leungting684
leungting684 collected $6 from pot
leungting684: doesn't show hand
*** SUMMARY ***
Total pot $6 | Rake $0
Seat 1: leungting684 (button) (small blind) collected ($6)
Seat 3: NoVebra (big blind) folded before Flop


PokerStars Hand #169381822346:  Hold'em Limit ($3/$6 USD) - 2017/04/21 23:31:01 ET
Table 'Rosselia' 6-max Seat #1 is the button
Seat 1: leungting684 ($102.29 in chips)
Seat 3: NoVebra ($122.46 in chips)
leungting684: posts small blind $1
NoVebra: posts big blind $3
*** HOLE CARDS ***
leungting684: raises $3 to $6
NoVebra: calls $3
*** FLOP *** [3c 2h 2d]
NoVebra: checks
leungting684: bets $3
NoVebra: folds
Uncalled bet ($3) returned to leungting684
leungting684 collected $11.76 from pot
leungting684: doesn't show hand
*** SUMMARY ***
Total pot $12 | Rake $0.24
Board [3c 2h 2d]
Seat 1: leungting684 (button) (small blind) collected ($11.76)
Seat 3: NoVebra (big blind) folded on the Flop


PokerStars Hand #169381817027:  Hold'em Limit ($3/$6 USD) - 2017/04/21 23:30:45 ET
Table 'Rosselia' 6-max Seat #3 is the button
Seat 1: leungting684 ($120.29 in chips)
Seat 3: NoVebra ($104.96 in chips)
NoVebra: posts small blind $1
leungting684: posts big blind $3
*** HOLE CARDS ***
NoVebra: raises $3 to $6
leungting684: calls $3
*** FLOP *** [Td 9d 8s]
leungting684: bets $3
NoVebra: raises $3 to $6
leungting684: calls $3
*** TURN *** [Td 9d 8s] [Jc]
leungting684: checks
NoVebra: checks
*** RIVER *** [Td 9d 8s Jc] [Jd]
leungting684: bets $6
NoVebra: calls $6
*** SHOW DOWN ***
leungting684: shows [9s Kc] (two pair, Jacks and Nines)
NoVebra: shows [Ts 9h] (two pair, Jacks and Tens)
NoVebra collected $35.50 from pot
*** SUMMARY ***
Total pot $36 | Rake $0.50
Board [Td 9d 8s Jc Jd]
Seat 1: leungting684 (big blind) showed [9s Kc] and lost with two pair, Jacks and Nines
Seat 3: NoVebra (button) (small blind) showed [Ts 9h] and won ($35.50) with two pair, Jacks and Tens


PokerStars Hand #169381825236:  Hold'em Limit ($3/$6 USD) - 2017/04/21 23:31:10 ET
Table 'Rosselia' 6-max Seat #3 is the button
Seat 1: leungting684 ($108.05 in chips)
Seat 3: NoVebra ($116.46 in chips)
NoVebra: posts small blind $1
leungting684: posts big blind $3
*** HOLE CARDS ***
NoVebra: raises $3 to $6
leungting684: calls $3
*** FLOP *** [7c Kh 8c]
leungting684: checks
NoVebra: bets $3
leungting684: raises $3 to $6
NoVebra: calls $3
*** TURN *** [7c Kh 8c] [Th]
leungting684: bets $6
NoVebra: calls $6
*** RIVER *** [7c Kh 8c Th] [Ac]
leungting684: bets $6
NoVebra: folds
Uncalled bet ($6) returned to leungting684
leungting684 collected $35.50 from pot
leungting684: doesn't show hand
*** SUMMARY ***
Total pot $36 | Rake $0.50
Board [7c Kh 8c Th Ac]
Seat 1: leungting684 (big blind) collected ($35.50)
Seat 3: NoVebra (button) (small blind) folded on the River


PokerStars Hand #169381831164:  Hold'em Limit ($3/$6 USD) - 2017/04/21 23:31:29 ET
Table 'Rosselia' 6-max Seat #1 is the button
Seat 1: leungting684 ($125.55 in chips)
Seat 3: NoVebra ($98.46 in chips)
leungting684: posts small blind $1
NoVebra: posts big blind $3
*** HOLE CARDS ***
leungting684: raises $3 to $6
NoVebra: raises $3 to $9
leungting684: calls $3
*** FLOP *** [Jd Qc 6d]
NoVebra: bets $3
leungting684: folds
Uncalled bet ($3) returned to NoVebra
NoVebra collected $17.64 from pot
NoVebra: doesn't show hand
*** SUMMARY ***
Total pot $18 | Rake $0.36
Board [Jd Qc 6d]
Seat 1: leungting684 (button) (small blind) folded on the Flop
Seat 3: NoVebra (big blind) collected ($17.64)


PokerStars Hand #169381834732:  Hold'em Limit ($3/$6 USD) - 2017/04/21 23:31:40 ET
Table 'Rosselia' 6-max Seat #3 is the button
Seat 1: leungting684 ($116.55 in chips)
Seat 3: NoVebra ($107.10 in chips)
NoVebra: posts small blind $1
leungting684: posts big blind $3
*** HOLE CARDS ***
NoVebra: raises $3 to $6
leungting684: raises $3 to $9
NoVebra: raises $3 to $12
Betting is capped
leungting684: calls $3
*** FLOP *** [4c Js 9d]
leungting684: bets $3
NoVebra: calls $3
*** TURN *** [4c Js 9d] [2c]
leungting684: bets $6
NoVebra: raises $6 to $12
leungting684: calls $6
*** RIVER *** [4c Js 9d 2c] [9c]
leungting684: checks
NoVebra: bets $6
leungting684: folds
Uncalled bet ($6) returned to NoVebra
NoVebra collected $53.50 from pot
NoVebra: doesn't show hand
*** SUMMARY ***
Total pot $54 | Rake $0.50
Board [4c Js 9d 2c 9c]
Seat 1: leungting684 (big blind) folded on the River
Seat 3: NoVebra (button) (small blind) collected ($53.50)


PokerStars Hand #169381843005:  Hold'em Limit ($3/$6 USD) - 2017/04/21 23:32:06 ET
Table 'Rosselia' 6-max Seat #1 is the button
Seat 1: leungting684 ($89.55 in chips)
Seat 3: NoVebra ($133.60 in chips)
leungting684: posts small blind $1
NoVebra: posts big blind $3
*** HOLE CARDS ***
leungting684: raises $3 to $6
NoVebra: raises $3 to $9
leungting684: calls $3
*** FLOP *** [Kd 3s 8s]
NoVebra: bets $3
leungting684: calls $3
*** TURN *** [Kd 3s 8s] [2d]
NoVebra: checks
leungting684: checks
*** RIVER *** [Kd 3s 8s 2d] [3h]
NoVebra: bets $6
leungting684: folds
Uncalled bet ($6) returned to NoVebra
NoVebra collected $23.52 from pot
NoVebra: doesn't show hand
*** SUMMARY ***
Total pot $24 | Rake $0.48
Board [Kd 3s 8s 2d 3h]
Seat 1: leungting684 (button) (small blind) folded on the River
Seat 3: NoVebra (big blind) collected ($23.52)


PokerStars Hand #169381855782:  Hold'em Limit ($3/$6 USD) - 2017/04/21 23:32:32 ET
Table 'Rosselia' 6-max Seat #1 is the button
Seat 1: leungting684 ($71.55 in chips)
Seat 3: NoVebra ($150.88 in chips)
leungting684: posts small blind $1
NoVebra: posts big blind $3
*** HOLE CARDS ***
leungting684: raises $3 to $6
NoVebra: folds
Uncalled bet ($3) returned to leungting684
leungting684 collected $6 from pot
leungting684: doesn't show hand
*** SUMMARY ***
Total pot $6 | Rake $0
Seat 1: leungting684 (button) (small blind) collected ($6)
Seat 3: NoVebra (big blind) folded before Flop


PokerStars Hand #169381852432:  Hold'em Limit ($3/$6 USD) - 2017/04/21 23:32:22 ET
Table 'Rosselia' 6-max Seat #3 is the button
Seat 1: leungting684 ($77.55 in chips)
Seat 3: NoVebra ($145.12 in chips)
NoVebra: posts small blind $1
leungting684: posts big blind $3
*** HOLE CARDS ***
NoVebra: raises $3 to $6
leungting684: calls $3
*** FLOP *** [Jc 6s Qh]
leungting684: checks
NoVebra: bets $3
leungting684: folds
Uncalled bet ($3) returned to NoVebra
NoVebra collected $11.76 from pot
NoVebra: doesn't show hand
*** SUMMARY ***
Total pot $12 | Rake $0.24
Board [Jc 6s Qh]
Seat 1: leungting684 (big blind) folded on the Flop
Seat 3: NoVebra (button) (small blind) collected ($11.76)


PokerStars Hand #169381863796:  Hold'em Limit ($3/$6 USD) - 2017/04/21 23:32:57 ET
Table 'Rosselia' 6-max Seat #1 is the button
Seat 1: leungting684 ($65.55 in chips)
Seat 3: NoVebra ($156.52 in chips)
leungting684: posts small blind $1
NoVebra: posts big blind $3
*** HOLE CARDS ***
leungting684: raises $3 to $6
NoVebra: calls $3
*** FLOP *** [2s 2d 5c]
NoVebra: checks
leungting684: checks
*** TURN *** [2s 2d 5c] [Qh]
NoVebra: bets $6
leungting684: raises $6 to $12
NoVebra: folds
Uncalled bet ($6) returned to leungting684
leungting684 collected $23.52 from pot
leungting684: doesn't show hand
*** SUMMARY ***
Total pot $24 | Rake $0.48
Board [2s 2d 5c Qh]
Seat 1: leungting684 (button) (small blind) collected ($23.52)
Seat 3: NoVebra (big blind) folded on the Turn


PokerStars Hand #169381857747:  Hold'em Limit ($3/$6 USD) - 2017/04/21 23:32:38 ET
Table 'Rosselia' 6-max Seat #3 is the button
Seat 1: leungting684 ($74.55 in chips)
Seat 3: NoVebra ($147.88 in chips)
NoVebra: posts small blind $1
leungting684: posts big blind $3
*** HOLE CARDS ***
NoVebra: raises $3 to $6
leungting684: calls $3
*** FLOP *** [Jd 8c 7d]
leungting684: bets $3
NoVebra: calls $3
*** TURN *** [Jd 8c 7d] [5c]
leungting684: checks
NoVebra: bets $6
leungting684: folds
Uncalled bet ($6) returned to NoVebra
NoVebra collected $17.64 from pot
NoVebra: doesn't show hand
*** SUMMARY ***
Total pot $18 | Rake $0.36
Board [Jd 8c 7d 5c]
Seat 1: leungting684 (big blind) folded on the Turn
Seat 3: NoVebra (button) (small blind) collected ($17.64)


PokerStars Hand #169381869136:  Hold'em Limit ($3/$6 USD) - 2017/04/21 23:33:14 ET
Table 'Rosselia' 6-max Seat #3 is the button
Seat 1: leungting684 ($77.07 in chips)
Seat 3: NoVebra ($144.52 in chips)
NoVebra: posts small blind $1
leungting684: posts big blind $3
*** HOLE CARDS ***
NoVebra: raises $3 to $6
leungting684: calls $3
*** FLOP *** [6d As 3s]
leungting684: bets $3
NoVebra: calls $3
*** TURN *** [6d As 3s] [6s]
leungting684: checks
NoVebra: checks
*** RIVER *** [6d As 3s 6s] [2s]
leungting684: checks
NoVebra: bets $6
leungting684: folds
Uncalled bet ($6) returned to NoVebra
NoVebra collected $17.64 from pot
NoVebra: doesn't show hand
*** SUMMARY ***
Total pot $18 | Rake $0.36
Board [6d As 3s 6s 2s]
Seat 1: leungting684 (big blind) folded on the River
Seat 3: NoVebra (button) (small blind) collected ($17.64)


PokerStars Hand #169381884167:  Hold'em Limit ($3/$6 USD) - 2017/04/21 23:34:00 ET
Table 'Rosselia' 6-max Seat #1 is the button
Seat 1: leungting684 ($47.07 in chips)
Seat 3: NoVebra ($173.66 in chips)
leungting684: posts small blind $1
NoVebra: posts big blind $3
*** HOLE CARDS ***
leungting684: raises $3 to $6
NoVebra: raises $3 to $9
leungting684: calls $3
*** FLOP *** [7h Kh Td]
NoVebra: bets $3
leungting684: calls $3
*** TURN *** [7h Kh Td] [Qd]
NoVebra: bets $6
leungting684: raises $6 to $12
NoVebra: calls $6
*** RIVER *** [7h Kh Td Qd] [7c]
NoVebra: checks
leungting684: bets $6
NoVebra: calls $6
*** SHOW DOWN ***
leungting684: shows [Js 9s] (a straight, Nine to King)
NoVebra: mucks hand
leungting684 collected $59.50 from pot
*** SUMMARY ***
Total pot $60 | Rake $0.50
Board [7h Kh Td Qd 7c]
Seat 1: leungting684 (button) (small blind) showed [Js 9s] and won ($59.50) with a straight, Nine to King
Seat 3: NoVebra (big blind) mucked


PokerStars Hand #169381891030:  Hold'em Limit ($3/$6 USD) - 2017/04/21 23:34:22 ET
Table 'Rosselia' 6-max Seat #3 is the button
Seat 1: leungting684 ($76.57 in chips)
Seat 3: NoVebra ($143.66 in chips)
NoVebra: posts small blind $1
leungting684: posts big blind $3
*** HOLE CARDS ***
NoVebra: raises $3 to $6
leungting684: raises $3 to $9
NoVebra: calls $3
*** FLOP *** [9c Qs 8h]
leungting684: bets $3
NoVebra: folds
Uncalled bet ($3) returned to leungting684
leungting684 collected $17.64 from pot
leungting684: doesn't show hand
*** SUMMARY ***
Total pot $18 | Rake $0.36
Board [9c Qs 8h]
Seat 1: leungting684 (big blind) collected ($17.64)
Seat 3: NoVebra (button) (small blind) folded on the Flop


PokerStars Hand #169381882331:  Hold'em Limit ($3/$6 USD) - 2017/04/21 23:33:55 ET
Table 'Rosselia' 6-max Seat #3 is the button
Seat 1: leungting684 ($50.07 in chips)
Seat 3: NoVebra ($170.66 in chips)
NoVebra: posts small blind $1
leungting684: posts big blind $3
*** HOLE CARDS ***
NoVebra: raises $3 to $6
leungting684: folds
Uncalled bet ($3) returned to NoVebra
NoVebra collected $6 from pot
NoVebra: doesn't show hand
*** SUMMARY ***
Total pot $6 | Rake $0
Seat 1: leungting684 (big blind) folded before Flop
Seat 3: NoVebra (button) (small blind) collected ($6)


PokerStars Hand #169381875850:  Hold'em Limit ($3/$6 USD) - 2017/04/21 23:33:35 ET
Table 'Rosselia' 6-max Seat #1 is the button
Seat 1: leungting684 ($68.07 in chips)
Seat 3: NoVebra ($153.16 in chips)
leungting684: posts small blind $1
NoVebra: posts big blind $3
*** HOLE CARDS ***
leungting684: raises $3 to $6
NoVebra: raises $3 to $9
leungting684: calls $3
*** FLOP *** [Kc As 9d]
NoVebra: bets $3
leungting684: calls $3
*** TURN *** [Kc As 9d] [Ad]
NoVebra: bets $6
leungting684: calls $6
*** RIVER *** [Kc As 9d Ad] [2c]
NoVebra: bets $6
leungting684: folds
Uncalled bet ($6) returned to NoVebra
NoVebra collected $35.50 from pot
NoVebra: doesn't show hand
*** SUMMARY ***
Total pot $36 | Rake $0.50
Board [Kc As 9d Ad 2c]
Seat 1: leungting684 (button) (small blind) folded on the River
Seat 3: NoVebra (big blind) collected ($35.50)


PokerStars Hand #169381909768:  Hold'em Limit ($3/$6 USD) - 2017/04/21 23:35:20 ET
Table 'Rosselia' 6-max Seat #1 is the button
Seat 1: leungting684 ($61.97 in chips)
Seat 3: NoVebra ($156.66 in chips)
leungting684: posts small blind $1
NoVebra: posts big blind $3
*** HOLE CARDS ***
leungting684: raises $3 to $6
NoVebra: folds
Uncalled bet ($3) returned to leungting684
leungting684 collected $6 from pot
leungting684: doesn't show hand
*** SUMMARY ***
Total pot $6 | Rake $0
Seat 1: leungting684 (button) (small blind) collected ($6)
Seat 3: NoVebra (big blind) folded before Flop


PokerStars Hand #169381904268:  Hold'em Limit ($3/$6 USD) - 2017/04/21 23:35:03 ET
Table 'Rosselia' 6-max Seat #3 is the button
Seat 1: leungting684 ($76.97 in chips)
Seat 3: NoVebra ($142.16 in chips)
NoVebra: posts small blind $1
leungting684: posts big blind $3
*** HOLE CARDS ***
NoVebra: raises $3 to $6
leungting684: calls $3
*** FLOP *** [6h 9s 3s]
leungting684: bets $3
NoVebra: calls $3
*** TURN *** [6h 9s 3s] [Ks]
leungting684: checks
NoVebra: bets $6
leungting684: calls $6
*** RIVER *** [6h 9s 3s Ks] [4d]
leungting684: checks
NoVebra: bets $6
leungting684: folds
Uncalled bet ($6) returned to NoVebra
NoVebra collected $29.50 from pot
NoVebra: doesn't show hand
*** SUMMARY ***
Total pot $30 | Rake $0.50
Board [6h 9s 3s Ks 4d]
Seat 1: leungting684 (big blind) folded on the River
Seat 3: NoVebra (button) (small blind) collected ($29.50)


PokerStars Hand #169381894430:  Hold'em Limit ($3/$6 USD) - 2017/04/21 23:34:33 ET
Table 'Rosselia' 6-max Seat #1 is the button
Seat 1: leungting684 ($85.21 in chips)
Seat 3: NoVebra ($134.66 in chips)
leungting684: posts small blind $1
NoVebra: posts big blind $3
*** HOLE CARDS ***
leungting684: raises $3 to $6
NoVebra: calls $3
*** FLOP *** [Kc 2s 9c]
NoVebra: checks
leungting684: bets $3
NoVebra: calls $3
*** TURN *** [Kc 2s 9c] [3c]
NoVebra: checks
leungting684: bets $6
NoVebra: raises $6 to $12
leungting684: folds
Uncalled bet ($6) returned to NoVebra
NoVebra collected $29.50 from pot
NoVebra: doesn't show hand
*** SUMMARY ***
Total pot $30 | Rake $0.50
Board [Kc 2s 9c 3c]
Seat 1: leungting684 (button) (small blind) folded on the Turn
Seat 3: NoVebra (big blind) collected ($29.50)


PokerStars Hand #169381899561:  Hold'em Limit ($3/$6 USD) - 2017/04/21 23:34:48 ET
Table 'Rosselia' 6-max Seat #3 is the button
Seat 1: leungting684 ($70.21 in chips)
Seat 3: NoVebra ($149.16 in chips)
NoVebra: posts small blind $1
leungting684: posts big blind $3
*** HOLE CARDS ***
NoVebra: folds
Uncalled bet ($2) returned to leungting684
leungting684 collected $2 from pot
leungting684: doesn't show hand
*** SUMMARY ***
Total pot $2 | Rake $0
Seat 1: leungting684 (big blind) collected ($2)
Seat 3: NoVebra (button) (small blind) folded before Flop


PokerStars Hand #169381911544:  Hold'em Limit ($3/$6 USD) - 2017/04/21 23:35:26 ET
Table 'Rosselia' 6-max Seat #3 is the button
Seat 1: leungting684 ($64.97 in chips)
Seat 3: NoVebra ($153.66 in chips)
NoVebra: posts small blind $1
leungting684: posts big blind $3
*** HOLE CARDS ***
NoVebra: raises $3 to $6
leungting684: calls $3
*** FLOP *** [Qs Tc 6h]
leungting684: checks
NoVebra: bets $3
leungting684: calls $3
*** TURN *** [Qs Tc 6h] [2d]
leungting684: checks
NoVebra: bets $6
leungting684: folds
Uncalled bet ($6) returned to NoVebra
NoVebra collected $17.64 from pot
NoVebra: doesn't show hand
*** SUMMARY ***
Total pot $18 | Rake $0.36
Board [Qs Tc 6h 2d]
Seat 1: leungting684 (big blind) folded on the Turn
Seat 3: NoVebra (button) (small blind) collected ($17.64)


PokerStars Hand #169381901226:  Hold'em Limit ($3/$6 USD) - 2017/04/21 23:34:54 ET
Table 'Rosselia' 6-max Seat #1 is the button
Seat 1: leungting684 ($71.21 in chips)
Seat 3: NoVebra ($148.16 in chips)
leungting684: posts small blind $1
NoVebra: posts big blind $3
*** HOLE CARDS ***
leungting684: raises $3 to $6
NoVebra: calls $3
*** FLOP *** [8h 9c Qs]
NoVebra: checks
leungting684: bets $3
NoVebra: folds
Uncalled bet ($3) returned to leungting684
leungting684 collected $11.76 from pot
leungting684: doesn't show hand
*** SUMMARY ***
Total pot $12 | Rake $0.24
Board [8h 9c Qs]
Seat 1: leungting684 (button) (small blind) collected ($11.76)
Seat 3: NoVebra (big blind) folded on the Flop


PokerStars Hand #169381925667:  Hold'em Limit ($3/$6 USD) - 2017/04/21 23:36:10 ET
Table 'Rosselia' 6-max Seat #1 is the button
Seat 1: leungting684 ($19.97 in chips)
Seat 3: NoVebra ($197.32 in chips)
leungting684: posts small blind $1
NoVebra: posts big blind $3
*** HOLE CARDS ***
leungting684: raises $3 to $6
NoVebra: calls $3
*** FLOP *** [Kd 9c 8c]
NoVebra: checks
leungting684: bets $3
NoVebra: folds
Uncalled bet ($3) returned to leungting684
leungting684 collected $11.76 from pot
leungting684: doesn't show hand
*** SUMMARY ***
Total pot $12 | Rake $0.24
Board [Kd 9c 8c]
Seat 1: leungting684 (button) (small blind) collected ($11.76)
Seat 3: NoVebra (big blind) folded on the Flop


PokerStars Hand #169381920387:  Hold'em Limit ($3/$6 USD) - 2017/04/21 23:35:53 ET
Table 'Rosselia' 6-max Seat #3 is the button
Seat 1: leungting684 ($43.97 in chips)
Seat 3: NoVebra ($173.82 in chips)
NoVebra: posts small blind $1
leungting684: posts big blind $3
*** HOLE CARDS ***
NoVebra: raises $3 to $6
leungting684: raises $3 to $9
NoVebra: calls $3
*** FLOP *** [Kc 6s Ts]
leungting684: bets $3
NoVebra: calls $3
*** TURN *** [Kc 6s Ts] [Ah]
leungting684: bets $6
NoVebra: calls $6
*** RIVER *** [Kc 6s Ts Ah] [Kd]
leungting684: bets $6
NoVebra: calls $6
*** SHOW DOWN ***
leungting684: shows [Js 8s] (a pair of Kings)
NoVebra: shows [3s As] (two pair, Aces and Kings)
NoVebra collected $47.50 from pot
*** SUMMARY ***
Total pot $48 | Rake $0.50
Board [Kc 6s Ts Ah Kd]
Seat 1: leungting684 (big blind) showed [Js 8s] and lost with a pair of Kings
Seat 3: NoVebra (button) (small blind) showed [3s As] and won ($47.50) with two pair, Aces and Kings


PokerStars Hand #169381930101:  Hold'em Limit ($3/$6 USD) - 2017/04/21 23:36:23 ET
Table 'Rosselia' 6-max Seat #3 is the button
Seat 1: leungting684 ($25.73 in chips)
Seat 3: NoVebra ($191.32 in chips)
NoVebra: posts small blind $1
leungting684: posts big blind $3
*** HOLE CARDS ***
NoVebra: raises $3 to $6
leungting684: calls $3
*** FLOP *** [6h 9d 9s]
leungting684: checks
NoVebra: bets $3
leungting684: folds
Uncalled bet ($3) returned to NoVebra
NoVebra collected $11.76 from pot
NoVebra: doesn't show hand
*** SUMMARY ***
Total pot $12 | Rake $0.24
Board [6h 9d 9s]
Seat 1: leungting684 (big blind) folded on the Flop
Seat 3: NoVebra (button) (small blind) collected ($11.76)


PokerStars Hand #169381916034:  Hold'em Limit ($3/$6 USD) - 2017/04/21 23:35:40 ET
Table 'Rosselia' 6-max Seat #1 is the button
Seat 1: leungting684 ($55.97 in chips)
Seat 3: NoVebra ($162.30 in chips)
leungting684: posts small blind $1
NoVebra: posts big blind $3
*** HOLE CARDS ***
leungting684: raises $3 to $6
NoVebra: calls $3
*** FLOP *** [2h 4c 9c]
NoVebra: checks
leungting684: bets $3
NoVebra: raises $3 to $6
leungting684: calls $3
*** TURN *** [2h 4c 9c] [4d]
NoVebra: bets $6
leungting684: folds
Uncalled bet ($6) returned to NoVebra
NoVebra collected $23.52 from pot
NoVebra: doesn't show hand
*** SUMMARY ***
Total pot $24 | Rake $0.48
Board [2h 4c 9c 4d]
Seat 1: leungting684 (button) (small blind) folded on the Turn
Seat 3: NoVebra (big blind) collected ($23.52)


PokerStars Hand #169381939248:  Hold'em Limit ($3/$6 USD) - 2017/04/21 23:36:52 ET
Table 'Rosselia' 6-max Seat #1 is the button
Seat 1: leungting684 ($32.25 in chips)
Seat 3: NoVebra ($184.08 in chips)
leungting684: posts small blind $1
NoVebra: posts big blind $3
*** HOLE CARDS ***
leungting684: raises $3 to $6
NoVebra: calls $3
*** FLOP *** [8s 7s 3s]
NoVebra: checks
leungting684: checks
*** TURN *** [8s 7s 3s] [9d]
NoVebra: checks
leungting684: checks
*** RIVER *** [8s 7s 3s 9d] [Kd]
NoVebra: bets $6
leungting684: folds
Uncalled bet ($6) returned to NoVebra
NoVebra collected $11.76 from pot
NoVebra: doesn't show hand
*** SUMMARY ***
Total pot $12 | Rake $0.24
Board [8s 7s 3s 9d Kd]
Seat 1: leungting684 (button) (small blind) folded on the River
Seat 3: NoVebra (big blind) collected ($11.76)


PokerStars Hand #169381937738:  Hold'em Limit ($3/$6 USD) - 2017/04/21 23:36:47 ET
Table 'Rosselia' 6-max Seat #3 is the button
Seat 1: leungting684 ($31.25 in chips)
Seat 3: NoVebra ($185.08 in chips)
NoVebra: posts small blind $1
leungting684: posts big blind $3
*** HOLE CARDS ***
NoVebra: folds
Uncalled bet ($2) returned to leungting684
leungting684 collected $2 from pot
leungting684: doesn't show hand
*** SUMMARY ***
Total pot $2 | Rake $0
Seat 1: leungting684 (big blind) collected ($2)
Seat 3: NoVebra (button) (small blind) folded before Flop


PokerStars Hand #169381933642:  Hold'em Limit ($3/$6 USD) - 2017/04/21 23:36:34 ET
Table 'Rosselia' 6-max Seat #1 is the button
Seat 1: leungting684 ($19.73 in chips)
Seat 3: NoVebra ($197.08 in chips)
leungting684: posts small blind $1
NoVebra: posts big blind $3
*** HOLE CARDS ***
leungting684: raises $3 to $6
NoVebra: calls $3
*** FLOP *** [3h 8d 9c]
NoVebra: checks
leungting684: checks
*** TURN *** [3h 8d 9c] [5s]
NoVebra: bets $6
leungting684: raises $6 to $12
NoVebra: folds
Uncalled bet ($6) returned to leungting684
leungting684 collected $23.52 from pot
leungting684: doesn't show hand
*** SUMMARY ***
Total pot $24 | Rake $0.48
Board [3h 8d 9c 5s]
Seat 1: leungting684 (button) (small blind) collected ($23.52)
Seat 3: NoVebra (big blind) folded on the Turn


PokerStars Hand #169381944673:  Hold'em Limit ($3/$6 USD) - 2017/04/21 23:37:08 ET
Table 'Rosselia' 6-max Seat #3 is the button
Seat 1: leungting684 ($26.25 in chips)
Seat 3: NoVebra ($189.84 in chips)
NoVebra: posts small blind $1
leungting684: posts big blind $3
*** HOLE CARDS ***
NoVebra: raises $3 to $6
leungting684: calls $3
*** FLOP *** [Kd 4h 3h]
leungting684: bets $3
NoVebra: calls $3
*** TURN *** [Kd 4h 3h] [3s]
leungting684: bets $6
NoVebra: folds
Uncalled bet ($6) returned to leungting684
leungting684 collected $17.64 from pot
leungting684: doesn't show hand
*** SUMMARY ***
Total pot $18 | Rake $0.36
Board [Kd 4h 3h 3s]
Seat 1: leungting684 (big blind) collected ($17.64)
Seat 3: NoVebra (button) (small blind) folded on the Turn


PokerStars Hand #169381957949:  Hold'em Limit ($3/$6 USD) - 2017/04/21 23:37:50 ET
Table 'Rosselia' 6-max Seat #1 is the button
Seat 1: leungting684 ($52.39 in chips)
Seat 3: NoVebra ($162.84 in chips)
leungting684: posts small blind $1
NoVebra: posts big blind $3
*** HOLE CARDS ***
leungting684: raises $3 to $6
NoVebra: calls $3
*** FLOP *** [Ad 5h 3h]
NoVebra: checks
leungting684: bets $3
NoVebra: folds
Uncalled bet ($3) returned to leungting684
leungting684 collected $11.76 from pot
leungting684: doesn't show hand
*** SUMMARY ***
Total pot $12 | Rake $0.24
Board [Ad 5h 3h]
Seat 1: leungting684 (button) (small blind) collected ($11.76)
Seat 3: NoVebra (big blind) folded on the Flop


PokerStars Hand #169381956224:  Hold'em Limit ($3/$6 USD) - 2017/04/21 23:37:45 ET
Table 'Rosselia' 6-max Seat #3 is the button
Seat 1: leungting684 ($55.39 in chips)
Seat 3: NoVebra ($159.84 in chips)
NoVebra: posts small blind $1
leungting684: posts big blind $3
*** HOLE CARDS ***
NoVebra: raises $3 to $6
leungting684: folds
Uncalled bet ($3) returned to NoVebra
NoVebra collected $6 from pot
NoVebra: doesn't show hand
*** SUMMARY ***
Total pot $6 | Rake $0
Seat 1: leungting684 (big blind) folded before Flop
Seat 3: NoVebra (button) (small blind) collected ($6)


PokerStars Hand #169381948755:  Hold'em Limit ($3/$6 USD) - 2017/04/21 23:37:21 ET
Table 'Rosselia' 6-max Seat #1 is the button
Seat 1: leungting684 ($34.89 in chips)
Seat 3: NoVebra ($180.84 in chips)
leungting684: posts small blind $1
NoVebra: posts big blind $3
*** HOLE CARDS ***
leungting684: raises $3 to $6
NoVebra: raises $3 to $9
leungting684: raises $3 to $12
Betting is capped
NoVebra: calls $3
*** FLOP *** [8s 7c 5c]
NoVebra: checks
leungting684: bets $3
NoVebra: calls $3
*** TURN *** [8s 7c 5c] [6d]
NoVebra: checks
leungting684: bets $6
NoVebra: calls $6
*** RIVER *** [8s 7c 5c 6d] [Qd]
NoVebra: checks
leungting684: bets $6
NoVebra: folds
Uncalled bet ($6) returned to leungting684
leungting684 collected $41.50 from pot
leungting684: doesn't show hand
*** SUMMARY ***
Total pot $42 | Rake $0.50
Board [8s 7c 5c 6d Qd]
Seat 1: leungting684 (button) (small blind) collected ($41.50)
Seat 3: NoVebra (big blind) folded on the River


PokerStars Hand #169381968834:  Hold'em Limit ($3/$6 USD) - 2017/04/21 23:38:25 ET
Table 'Rosselia' 6-max Seat #3 is the button
Seat 1: leungting684 ($85.65 in chips)
Seat 3: NoVebra ($128.84 in chips)
NoVebra: posts small blind $1
leungting684: posts big blind $3
*** HOLE CARDS ***
NoVebra: raises $3 to $6
leungting684: folds
Uncalled bet ($3) returned to NoVebra
NoVebra collected $6 from pot
NoVebra: doesn't show hand
*** SUMMARY ***
Total pot $6 | Rake $0
Seat 1: leungting684 (big blind) folded before Flop
Seat 3: NoVebra (button) (small blind) collected ($6)


PokerStars Hand #169381962855:  Hold'em Limit ($3/$6 USD) - 2017/04/21 23:38:06 ET
Table 'Rosselia' 6-max Seat #1 is the button
Seat 1: leungting684 ($59.15 in chips)
Seat 3: NoVebra ($155.84 in chips)
leungting684: posts small blind $1
NoVebra: posts big blind $3
*** HOLE CARDS ***
leungting684: raises $3 to $6
NoVebra: raises $3 to $9
leungting684: raises $3 to $12
Betting is capped
NoVebra: calls $3
*** FLOP *** [Kh 7d 3c]
NoVebra: checks
leungting684: bets $3
NoVebra: calls $3
*** TURN *** [Kh 7d 3c] [6s]
NoVebra: checks
leungting684: bets $6
NoVebra: calls $6
*** RIVER *** [Kh 7d 3c 6s] [Qc]
NoVebra: checks
leungting684: bets $6
NoVebra: calls $6
*** SHOW DOWN ***
leungting684: shows [Kd Qs] (two pair, Kings and Queens)
NoVebra: mucks hand
leungting684 collected $53.50 from pot
*** SUMMARY ***
Total pot $54 | Rake $0.50
Board [Kh 7d 3c 6s Qc]
Seat 1: leungting684 (button) (small blind) showed [Kd Qs] and won ($53.50) with two pair, Kings and Queens
Seat 3: NoVebra (big blind) mucked


PokerStars Hand #169381960990:  Hold'em Limit ($3/$6 USD) - 2017/04/21 23:38:00 ET
Table 'Rosselia' 6-max Seat #3 is the button
Seat 1: leungting684 ($58.15 in chips)
Seat 3: NoVebra ($156.84 in chips)
NoVebra: posts small blind $1
leungting684: posts big blind $3
*** HOLE CARDS ***
NoVebra: folds
Uncalled bet ($2) returned to leungting684
leungting684 collected $2 from pot
leungting684: doesn't show hand
*** SUMMARY ***
Total pot $2 | Rake $0
Seat 1: leungting684 (big blind) collected ($2)
Seat 3: NoVebra (button) (small blind) folded before Flop


PokerStars Hand #169381989590:  Hold'em Limit ($3/$6 USD) - 2017/04/21 23:39:31 ET
Table 'Rosselia' 6-max Seat #3 is the button
Seat 1: leungting684 ($114.40 in chips)
Seat 3: NoVebra ($98.59 in chips)
NoVebra: posts small blind $1
leungting684: posts big blind $3
*** HOLE CARDS ***
NoVebra: raises $3 to $6
leungting684: calls $3
*** FLOP *** [6c 7h 8d]
leungting684: bets $3
NoVebra: calls $3
*** TURN *** [6c 7h 8d] [4s]
leungting684: bets $6
NoVebra: folds
Uncalled bet ($6) returned to leungting684
leungting684 collected $17.64 from pot
leungting684: doesn't show hand
*** SUMMARY ***
Total pot $18 | Rake $0.36
Board [6c 7h 8d 4s]
Seat 1: leungting684 (big blind) collected ($17.64)
Seat 3: NoVebra (button) (small blind) folded on the Turn


PokerStars Hand #169381977823:  Hold'em Limit ($3/$6 USD) - 2017/04/21 23:38:53 ET
Table 'Rosselia' 6-max Seat #1 is the button
Seat 1: leungting684 ($100.15 in chips)
Seat 3: NoVebra ($113.84 in chips)
leungting684: posts small blind $1
NoVebra: posts big blind $3
*** HOLE CARDS ***
leungting684: raises $3 to $6
NoVebra: calls $3
*** FLOP *** [Qc 4s 5d]
NoVebra: checks
leungting684: checks
*** TURN *** [Qc 4s 5d] [9d]
NoVebra: checks
leungting684: bets $6
NoVebra: calls $6
*** RIVER *** [Qc 4s 5d 9d] [2s]
NoVebra: checks
leungting684: bets $6
NoVebra: calls $6
*** SHOW DOWN ***
leungting684: shows [6h 9h] (a pair of Nines)
NoVebra: mucks hand
leungting684 collected $35.50 from pot
*** SUMMARY ***
Total pot $36 | Rake $0.50
Board [Qc 4s 5d 9d 2s]
Seat 1: leungting684 (button) (small blind) showed [6h 9h] and won ($35.50) with a pair of Nines
Seat 3: NoVebra (big blind) mucked


PokerStars Hand #169381982901:  Hold'em Limit ($3/$6 USD) - 2017/04/21 23:39:09 ET
Table 'Rosselia' 6-max Seat #3 is the button
Seat 1: leungting684 ($117.65 in chips)
Seat 3: NoVebra ($95.84 in chips)
NoVebra: posts small blind $1
leungting684: posts big blind $3
*** HOLE CARDS ***
NoVebra: raises $3 to $6
leungting684: folds
Uncalled bet ($3) returned to NoVebra
NoVebra collected $6 from pot
NoVebra: doesn't show hand
*** SUMMARY ***
Total pot $6 | Rake $0
Seat 1: leungting684 (big blind) folded before Flop
Seat 3: NoVebra (button) (small blind) collected ($6)


PokerStars Hand #169381972486:  Hold'em Limit ($3/$6 USD) - 2017/04/21 23:38:36 ET
Table 'Rosselia' 6-max Seat #3 is the button
Seat 1: leungting684 ($85.65 in chips)
Seat 3: NoVebra ($128.84 in chips)
NoVebra: posts small blind $1
leungting684: posts big blind $3
*** HOLE CARDS ***
NoVebra: raises $3 to $6
leungting684: raises $3 to $9
NoVebra: calls $3
*** FLOP *** [Qd Qc 4c]
leungting684: checks
NoVebra: checks
*** TURN *** [Qd Qc 4c] [Kc]
leungting684: checks
NoVebra: checks
*** RIVER *** [Qd Qc 4c Kc] [Js]
leungting684: bets $6
NoVebra: calls $6
*** SHOW DOWN ***
leungting684: shows [Ah Qh] (three of a kind, Queens)
NoVebra: mucks hand
leungting684 collected $29.50 from pot
*** SUMMARY ***
Total pot $30 | Rake $0.50
Board [Qd Qc 4c Kc Js]
Seat 1: leungting684 (big blind) showed [Ah Qh] and won ($29.50) with three of a kind, Queens
Seat 3: NoVebra (button) (small blind) mucked


PokerStars Hand #169381993229:  Hold'em Limit ($3/$6 USD) - 2017/04/21 23:39:42 ET
Table 'Rosselia' 6-max Seat #1 is the button
Seat 1: leungting684 ($123.04 in chips)
Seat 3: NoVebra ($89.59 in chips)
leungting684: posts small blind $1
NoVebra: posts big blind $3
*** HOLE CARDS ***
leungting684: raises $3 to $6
NoVebra: calls $3
*** FLOP *** [3c 9d 6s]
NoVebra: checks
leungting684: checks
*** TURN *** [3c 9d 6s] [6d]
NoVebra: checks
leungting684: checks
*** RIVER *** [3c 9d 6s 6d] [Th]
NoVebra: checks
leungting684: bets $6
NoVebra: folds
Uncalled bet ($6) returned to leungting684
leungting684 collected $11.76 from pot
leungting684: doesn't show hand
*** SUMMARY ***
Total pot $12 | Rake $0.24
Board [3c 9d 6s 6d Th]
Seat 1: leungting684 (button) (small blind) collected ($11.76)
Seat 3: NoVebra (big blind) folded on the River


PokerStars Hand #169382004686:  Hold'em Limit ($3/$6 USD) - 2017/04/21 23:40:19 ET
Table 'Rosselia' 6-max Seat #3 is the button
Seat 1: leungting684 ($146.08 in chips)
Seat 3: NoVebra ($72 in chips)
NoVebra: posts small blind $1
leungting684: posts big blind $3
*** HOLE CARDS ***
NoVebra: folds
Uncalled bet ($2) returned to leungting684
leungting684 collected $2 from pot
leungting684: doesn't show hand
*** SUMMARY ***
Total pot $2 | Rake $0
Seat 1: leungting684 (big blind) collected ($2)
Seat 3: NoVebra (button) (small blind) folded before Flop


PokerStars Hand #169382001636:  Hold'em Limit ($3/$6 USD) - 2017/04/21 23:40:09 ET
Table 'Rosselia' 6-max Seat #1 is the button
Seat 1: leungting684 ($140.32 in chips)
Seat 3: NoVebra ($72 in chips)
leungting684: posts small blind $1
NoVebra: posts big blind $3
*** HOLE CARDS ***
leungting684: raises $3 to $6
NoVebra: calls $3
*** FLOP *** [7h 7s 3d]
NoVebra: checks
leungting684: bets $3
NoVebra: folds
Uncalled bet ($3) returned to leungting684
leungting684 collected $11.76 from pot
leungting684: doesn't show hand
*** SUMMARY ***
Total pot $12 | Rake $0.24
Board [7h 7s 3d]
Seat 1: leungting684 (button) (small blind) collected ($11.76)
Seat 3: NoVebra (big blind) folded on the Flop


PokerStars Hand #169381998007:  Hold'em Limit ($3/$6 USD) - 2017/04/21 23:39:58 ET
Table 'Rosselia' 6-max Seat #3 is the button
Seat 1: leungting684 ($128.80 in chips)
Seat 3: NoVebra ($83.59 in chips)
NoVebra: posts small blind $1
leungting684: posts big blind $3
*** HOLE CARDS ***
NoVebra: raises $3 to $6
leungting684: raises $3 to $9
NoVebra: calls $3
*** FLOP *** [Ts Ac 9s]
leungting684: bets $3
NoVebra: calls $3
*** TURN *** [Ts Ac 9s] [Qs]
leungting684: bets $6
NoVebra: folds
Uncalled bet ($6) returned to leungting684
leungting684 collected $23.52 from pot
leungting684: doesn't show hand
*** SUMMARY ***
Total pot $24 | Rake $0.48
Board [Ts Ac 9s Qs]
Seat 1: leungting684 (big blind) collected ($23.52)
Seat 3: NoVebra (button) (small blind) folded on the Turn


PokerStars Hand #169382006140:  Hold'em Limit ($3/$6 USD) - 2017/04/21 23:40:23 ET
Table 'Rosselia' 6-max Seat #1 is the button
Seat 1: leungting684 ($147.08 in chips)
Seat 3: NoVebra ($72 in chips)
leungting684: posts small blind $1
NoVebra: posts big blind $3
*** HOLE CARDS ***
leungting684: raises $3 to $6
NoVebra: raises $3 to $9
leungting684: calls $3
*** FLOP *** [Qs Ks 6c]
NoVebra: bets $3
leungting684: raises $3 to $6
NoVebra: calls $3
*** TURN *** [Qs Ks 6c] [Ac]
NoVebra: checks
leungting684: bets $6
NoVebra: calls $6
*** RIVER *** [Qs Ks 6c Ac] [7d]
NoVebra: checks
leungting684: bets $6
NoVebra: folds
Uncalled bet ($6) returned to leungting684
leungting684 collected $41.50 from pot
leungting684: doesn't show hand
*** SUMMARY ***
Total pot $42 | Rake $0.50
Board [Qs Ks 6c Ac 7d]
Seat 1: leungting684 (button) (small blind) collected ($41.50)
Seat 3: NoVebra (big blind) folded on the River


PokerStars Hand #169382019639:  Hold'em Limit ($3/$6 USD) - 2017/04/21 23:41:06 ET
Table 'Rosselia' 6-max Seat #1 is the button
Seat 1: leungting684 ($180.10 in chips)
Seat 3: NoVebra ($72 in chips)
leungting684: posts small blind $1
NoVebra: posts big blind $3
*** HOLE CARDS ***
leungting684: raises $3 to $6
NoVebra: raises $3 to $9
leungting684: raises $3 to $12
Betting is capped
NoVebra: calls $3
*** FLOP *** [2s 9d Th]
NoVebra: checks
leungting684: bets $3
NoVebra: calls $3
*** TURN *** [2s 9d Th] [4d]
NoVebra: checks
leungting684: bets $6
NoVebra: calls $6
*** RIVER *** [2s 9d Th 4d] [8s]
NoVebra: checks
leungting684: checks
*** SHOW DOWN ***
NoVebra: shows [Ah 9s] (a pair of Nines)
leungting684: mucks hand
NoVebra collected $41.50 from pot
*** SUMMARY ***
Total pot $42 | Rake $0.50
Board [2s 9d Th 4d 8s]
Seat 1: leungting684 (button) (small blind) mucked
Seat 3: NoVebra (big blind) showed [Ah 9s] and won ($41.50) with a pair of Nines


PokerStars Hand #169382015047:  Hold'em Limit ($3/$6 USD) - 2017/04/21 23:40:51 ET
Table 'Rosselia' 6-max Seat #1 is the button
Seat 1: leungting684 ($173.34 in chips)
Seat 3: NoVebra ($72 in chips)
leungting684: posts small blind $1
NoVebra: posts big blind $3
*** HOLE CARDS ***
leungting684: raises $3 to $6
NoVebra: calls $3
*** FLOP *** [Tc Jc 9s]
NoVebra: checks
leungting684: bets $3
NoVebra: folds
Uncalled bet ($3) returned to leungting684
leungting684 collected $11.76 from pot
leungting684: doesn't show hand
*** SUMMARY ***
Total pot $12 | Rake $0.24
Board [Tc Jc 9s]
Seat 1: leungting684 (button) (small blind) collected ($11.76)
Seat 3: NoVebra (big blind) folded on the Flop


PokerStars Hand #169382018177:  Hold'em Limit ($3/$6 USD) - 2017/04/21 23:41:01 ET
Table 'Rosselia' 6-max Seat #3 is the button
Seat 1: leungting684 ($179.10 in chips)
Seat 3: NoVebra ($72 in chips)
NoVebra: posts small blind $1
leungting684: posts big blind $3
*** HOLE CARDS ***
NoVebra: folds
Uncalled bet ($2) returned to leungting684
leungting684 collected $2 from pot
leungting684: doesn't show hand
*** SUMMARY ***
Total pot $2 | Rake $0
Seat 1: leungting684 (big blind) collected ($2)
Seat 3: NoVebra (button) (small blind) folded before Flop


PokerStars Hand #169382012139:  Hold'em Limit ($3/$6 USD) - 2017/04/21 23:40:42 ET
Table 'Rosselia' 6-max Seat #3 is the button
Seat 1: leungting684 ($167.58 in chips)
Seat 3: NoVebra ($72 in chips)
NoVebra: posts small blind $1
leungting684: posts big blind $3
*** HOLE CARDS ***
NoVebra: raises $3 to $6
leungting684: calls $3
*** FLOP *** [2c Qh 9h]
leungting684: bets $3
NoVebra: folds
Uncalled bet ($3) returned to leungting684
leungting684 collected $11.76 from pot
leungting684: doesn't show hand
*** SUMMARY ***
Total pot $12 | Rake $0.24
Board [2c Qh 9h]
Seat 1: leungting684 (big blind) collected ($11.76)
Seat 3: NoVebra (button) (small blind) folded on the Flop


PokerStars Hand #169382025923:  Hold'em Limit ($3/$6 USD) - 2017/04/21 23:41:25 ET
Table 'Rosselia' 6-max Seat #3 is the button
Seat 1: leungting684 ($159.10 in chips)
Seat 3: NoVebra ($92.50 in chips)
NoVebra: posts small blind $1
leungting684: posts big blind $3
*** HOLE CARDS ***
NoVebra: raises $3 to $6
leungting684: calls $3
*** FLOP *** [9c Qd 5c]
leungting684: checks
NoVebra: bets $3
leungting684: folds
Uncalled bet ($3) returned to NoVebra
NoVebra collected $11.76 from pot
40 ft cliff joins the table at seat #4
NoVebra: doesn't show hand
*** SUMMARY ***
Total pot $12 | Rake $0.24
Board [9c Qd 5c]
Seat 1: leungting684 (big blind) folded on the Flop
Seat 3: NoVebra (button) (small blind) collected ($11.76)


PokerStars Hand #169382029032:  Hold'em Limit ($3/$6 USD) - 2017/04/21 23:41:35 ET
Table 'Rosselia' 6-max Seat #1 is the button
Seat 1: leungting684 ($153.10 in chips)
Seat 3: NoVebra ($98.26 in chips)
leungting684: posts small blind $1
NoVebra: posts big blind $3
*** HOLE CARDS ***
leungting684: raises $3 to $6
NoVebra: raises $3 to $9
leungting684: calls $3
*** FLOP *** [Ks 8h Td]
NoVebra: bets $3
leungting684: calls $3
*** TURN *** [Ks 8h Td] [Kc]
NoVebra: bets $6
leungting684: calls $6
*** RIVER *** [Ks 8h Td Kc] [3h]
NoVebra: checks
leungting684: bets $6
NoVebra: raises $6 to $12
leungting684: calls $6
*** SHOW DOWN ***
NoVebra: shows [Kh Jd] (three of a kind, Kings)
leungting684: mucks hand
NoVebra collected $59.50 from pot
*** SUMMARY ***
Total pot $60 | Rake $0.50
Board [Ks 8h Td Kc 3h]
Seat 1: leungting684 (button) (small blind) mucked
Seat 3: NoVebra (big blind) showed [Kh Jd] and won ($59.50) with three of a kind, Kings


