PokerStars Hand #168107790211:  Hold'em Limit ($3/$6 USD) - 2017/03/25 17:55:55 ET
Table 'Rosselia' 10-max Seat #1 is the button
Seat 1: oldtimers XX ($12.63 in chips)
Seat 9: GRAILKO ($505.29 in chips)
oldtimers XX: posts small blind $1
Dalingo: is sitting out
GRAILKO: posts big blind $3
*** HOLE CARDS ***
oldtimers XX: folds
Uncalled bet ($2) returned to GRAILKO
GRAILKO collected $2 from pot
GRAILKO: doesn't show hand
*** SUMMARY ***
Total pot $2 | Rake $0
Seat 1: oldtimers XX (button) (small blind) folded before Flop
Seat 9: GRAILKO (big blind) collected ($2)


PokerStars Hand #168107793776:  Hold'em Limit ($3/$6 USD) - 2017/03/25 17:56:00 ET
Table 'Rosselia' 10-max Seat #9 is the button
Seat 1: oldtimers XX ($11.63 in chips)
Seat 9: GRAILKO ($506.29 in chips)
GRAILKO: posts small blind $1
oldtimers XX: posts big blind $3
Dalingo leaves the table
*** HOLE CARDS ***
GRAILKO: raises $3 to $6
oldtimers XX: calls $3
*** FLOP *** [5s 7d 5c]
oldtimers XX: checks
GRAILKO: bets $3
oldtimers XX: calls $3
*** TURN *** [5s 7d 5c] [7h]
oldtimers XX: checks
GRAILKO: bets $6
oldtimers XX: folds
Uncalled bet ($6) returned to GRAILKO
GRAILKO collected $17.64 from pot
GRAILKO: doesn't show hand
*** SUMMARY ***
Total pot $18 | Rake $0.36
Board [5s 7d 5c 7h]
Seat 1: oldtimers XX (big blind) folded on the Turn
Seat 9: GRAILKO (button) (small blind) collected ($17.64)


