PokerStars Hand #153339759118:  Hold'em Limit ($3/$6 USD) - 2016/05/15 7:12:09 ET
Table 'Rosselia' 6-max Seat #2 is the button
Seat 1: supersjakie ($69.05 in chips)
Seat 2: freestyler85 ($232.95 in chips)
freestyler85: posts small blind $1
supersjakie: posts big blind $3
*** HOLE CARDS ***
freestyler85: raises $3 to $6
supersjakie: calls $3
*** FLOP *** [Ah 8d Qs]
supersjakie: checks
freestyler85: bets $3
supersjakie: folds
Uncalled bet ($3) returned to freestyler85
freestyler85 collected $11.76 from pot
freestyler85: doesn't show hand
*** SUMMARY ***
Total pot $12 | Rake $0.24
Board [Ah 8d Qs]
Seat 1: supersjakie (big blind) folded on the Flop
Seat 2: freestyler85 (button) (small blind) collected ($11.76)


PokerStars Hand #153342015653:  Hold'em Limit ($3/$6 USD) - 2016/05/15 8:23:53 ET
Table 'Rosselia' 6-max Seat #6 is the button
Seat 5: Tryptamean ($153.52 in chips)
Seat 6: fugu82 ($103.33 in chips)
fugu82: posts small blind $1
masterblstr8: is sitting out
Tryptamean: posts big blind $3
*** HOLE CARDS ***
fugu82: raises $3 to $6
Tryptamean: folds
Uncalled bet ($3) returned to fugu82
fugu82 collected $6 from pot
*** SUMMARY ***
Total pot $6 | Rake $0
Seat 5: Tryptamean (big blind) folded before Flop
Seat 6: fugu82 (button) (small blind) collected ($6)


PokerStars Hand #153342021584:  Hold'em Limit ($3/$6 USD) - 2016/05/15 8:24:04 ET
Table 'Rosselia' 6-max Seat #5 is the button
Seat 5: Tryptamean ($150.52 in chips)
Seat 6: fugu82 ($106.33 in chips)
Tryptamean: posts small blind $1
fugu82: posts big blind $3
*** HOLE CARDS ***
Tryptamean: raises $3 to $6
masterblstr8 leaves the table
fugu82: calls $3
*** FLOP *** [Qh 3d Kh]
fugu82: checks
masterblstr8 joins the table at seat #1
Tryptamean: bets $3
fugu82: folds
Uncalled bet ($3) returned to Tryptamean
Tryptamean collected $11.76 from pot
Tryptamean: doesn't show hand
*** SUMMARY ***
Total pot $12 | Rake $0.24
Board [Qh 3d Kh]
Seat 5: Tryptamean (button) (small blind) collected ($11.76)
Seat 6: fugu82 (big blind) folded on the Flop


PokerStars Hand #153342132604:  Hold'em Limit ($3/$6 USD) - 2016/05/15 8:27:18 ET
Table 'Rosselia' 6-max Seat #1 is the button
Seat 1: masterblstr8 ($90 in chips)
Seat 6: fugu82 ($36.33 in chips)
masterblstr8: posts small blind $1
Tryptamean: is sitting out
fugu82: posts big blind $3
*** HOLE CARDS ***
masterblstr8: raises $3 to $6
fugu82: calls $3
*** FLOP *** [Jc Ad 5d]
fugu82: checks
masterblstr8: bets $3
fugu82: folds
Uncalled bet ($3) returned to masterblstr8
masterblstr8 collected $11.76 from pot
masterblstr8: doesn't show hand
*** SUMMARY ***
Total pot $12 | Rake $0.24
Board [Jc Ad 5d]
Seat 1: masterblstr8 (button) (small blind) collected ($11.76)
Seat 6: fugu82 (big blind) folded on the Flop


PokerStars Hand #153342142123:  Hold'em Limit ($3/$6 USD) - 2016/05/15 8:27:34 ET
Table 'Rosselia' 6-max Seat #6 is the button
Seat 1: masterblstr8 ($95.76 in chips)
Seat 6: fugu82 ($30.33 in chips)
fugu82: posts small blind $1
masterblstr8: posts big blind $3
*** HOLE CARDS ***
fugu82: raises $3 to $6
masterblstr8: calls $3
*** FLOP *** [8c 5d 4s]
masterblstr8: checks
fugu82: bets $3
masterblstr8: calls $3
*** TURN *** [8c 5d 4s] [6h]
masterblstr8: checks
fugu82: bets $6
masterblstr8: folds
Uncalled bet ($6) returned to fugu82
verde7 joins the table at seat #3
fugu82 collected $17.64 from pot
*** SUMMARY ***
Total pot $18 | Rake $0.36
Board [8c 5d 4s 6h]
Seat 1: masterblstr8 (big blind) folded on the Turn
Seat 6: fugu82 (button) (small blind) collected ($17.64)


PokerStars Hand #153342438822:  Hold'em Limit ($3/$6 USD) - 2016/05/15 8:35:58 ET
Table 'Rosselia' 6-max Seat #4 is the button
Seat 1: masterblstr8 ($97.94 in chips)
Seat 4: Hadart ($112.31 in chips)
Hadart: posts small blind $1
masterblstr8: posts big blind $3
*** HOLE CARDS ***
Hadart: raises $3 to $6
fugu82 leaves the table
masterblstr8: calls $3
*** FLOP *** [Qs 7s 6s]
masterblstr8: checks
Hadart: bets $3
masterblstr8: calls $3
*** TURN *** [Qs 7s 6s] [Js]
masterblstr8: checks
Hadart: bets $6
masterblstr8: folds
Uncalled bet ($6) returned to Hadart
Hadart collected $17.64 from pot
Hadart: doesn't show hand
*** SUMMARY ***
Total pot $18 | Rake $0.36
Board [Qs 7s 6s Js]
Seat 1: masterblstr8 (big blind) folded on the Turn
Seat 4: Hadart (button) (small blind) collected ($17.64)


