PokerStars Hand #144447992713:  Hold'em Limit ($3/$6 USD) - 2015/11/27 4:39:58 ET
Table 'Rostia' 2-max Seat #2 is the button
Seat 1: jl45259071 ($76.92 in chips)
Seat 2: MTails ($124.20 in chips)
MTails: posts small blind $1
jl45259071: posts big blind $3
*** HOLE CARDS ***
MTails: raises $3 to $6
jl45259071: raises $3 to $9
MTails: calls $3
*** FLOP *** [5s 5h 9c]
jl45259071: bets $3
MTails: calls $3
*** TURN *** [5s 5h 9c] [4h]
jl45259071: bets $6
MTails: calls $6
*** RIVER *** [5s 5h 9c 4h] [Ts]
jl45259071: bets $6
MTails: calls $6
*** SHOW DOWN ***
jl45259071: shows [Th Ad] (two pair, Tens and Fives)
MTails: mucks hand
jl45259071 collected $47.50 from pot
*** SUMMARY ***
Total pot $48 | Rake $0.50
Board [5s 5h 9c 4h Ts]
Seat 1: jl45259071 (big blind) showed [Th Ad] and won ($47.50) with two pair, Tens and Fives
Seat 2: MTails (button) (small blind) mucked


PokerStars Hand #144448015306:  Hold'em Limit ($3/$6 USD) - 2015/11/27 4:41:01 ET
Table 'Rostia' 2-max Seat #2 is the button
Seat 1: jl45259071 ($102.56 in chips)
Seat 2: MTails ($96.70 in chips)
MTails: posts small blind $1
jl45259071: posts big blind $3
*** HOLE CARDS ***
MTails: folds
Uncalled bet ($2) returned to jl45259071
jl45259071 collected $2 from pot
jl45259071: doesn't show hand
*** SUMMARY ***
Total pot $2 | Rake $0
Seat 1: jl45259071 (big blind) collected ($2)
Seat 2: MTails (button) (small blind) folded before Flop


PokerStars Hand #144448009798:  Hold'em Limit ($3/$6 USD) - 2015/11/27 4:40:46 ET
Table 'Rostia' 2-max Seat #1 is the button
Seat 1: jl45259071 ($88.06 in chips)
Seat 2: MTails ($111.70 in chips)
jl45259071: posts small blind $1
MTails: posts big blind $3
*** HOLE CARDS ***
jl45259071: calls $2
MTails: raises $3 to $6
jl45259071: calls $3
*** FLOP *** [7c 4s Th]
MTails: bets $3
jl45259071: calls $3
*** TURN *** [7c 4s Th] [Qc]
MTails: bets $6
jl45259071: calls $6
*** RIVER *** [7c 4s Th Qc] [Tc]
MTails: checks
jl45259071: checks
*** SHOW DOWN ***
MTails: shows [6c Ah] (a pair of Tens)
jl45259071: shows [4c 5d] (two pair, Tens and Fours)
jl45259071 collected $29.50 from pot
*** SUMMARY ***
Total pot $30 | Rake $0.50
Board [7c 4s Th Qc Tc]
Seat 1: jl45259071 (button) (small blind) showed [4c 5d] and won ($29.50) with two pair, Tens and Fours
Seat 2: MTails (big blind) showed [6c Ah] and lost with a pair of Tens


PokerStars Hand #144448003950:  Hold'em Limit ($3/$6 USD) - 2015/11/27 4:40:30 ET
Table 'Rostia' 2-max Seat #2 is the button
Seat 1: jl45259071 ($79.42 in chips)
Seat 2: MTails ($120.70 in chips)
MTails: posts small blind $1
jl45259071: posts big blind $3
*** HOLE CARDS ***
MTails: raises $3 to $6
jl45259071: calls $3
*** FLOP *** [Ts 8d 4c]
jl45259071: checks
MTails: bets $3
jl45259071: calls $3
*** TURN *** [Ts 8d 4c] [2s]
jl45259071: checks
MTails: checks
*** RIVER *** [Ts 8d 4c 2s] [9c]
jl45259071: bets $6
MTails: folds
Uncalled bet ($6) returned to jl45259071
jl45259071 collected $17.64 from pot
jl45259071: doesn't show hand
*** SUMMARY ***
Total pot $18 | Rake $0.36
Board [Ts 8d 4c 2s 9c]
Seat 1: jl45259071 (big blind) collected ($17.64)
Seat 2: MTails (button) (small blind) folded on the River


PokerStars Hand #144447997856:  Hold'em Limit ($3/$6 USD) - 2015/11/27 4:40:13 ET
Table 'Rostia' 2-max Seat #1 is the button
Seat 1: jl45259071 ($100.42 in chips)
Seat 2: MTails ($100.20 in chips)
jl45259071: posts small blind $1
MTails: posts big blind $3
*** HOLE CARDS ***
jl45259071: calls $2
MTails: raises $3 to $6
jl45259071: calls $3
*** FLOP *** [8s 4s Ts]
MTails: bets $3
jl45259071: calls $3
*** TURN *** [8s 4s Ts] [7h]
MTails: bets $6
jl45259071: calls $6
*** RIVER *** [8s 4s Ts 7h] [8d]
MTails: bets $6
jl45259071: calls $6
*** SHOW DOWN ***
MTails: shows [Jd 7d] (two pair, Eights and Sevens)
jl45259071: mucks hand
MTails collected $41.50 from pot
*** SUMMARY ***
Total pot $42 | Rake $0.50
Board [8s 4s Ts 7h 8d]
Seat 1: jl45259071 (button) (small blind) mucked
Seat 2: MTails (big blind) showed [Jd 7d] and won ($41.50) with two pair, Eights and Sevens


PokerStars Hand #144448017070:  Hold'em Limit ($3/$6 USD) - 2015/11/27 4:41:06 ET
Table 'Rostia' 2-max Seat #1 is the button
Seat 1: jl45259071 ($103.56 in chips)
Seat 2: MTails ($95.70 in chips)
jl45259071: posts small blind $1
MTails: posts big blind $3
*** HOLE CARDS ***
jl45259071: calls $2
MTails: checks
*** FLOP *** [Kc 8h 2d]
MTails: checks
jl45259071: checks
*** TURN *** [Kc 8h 2d] [Ad]
MTails: checks
jl45259071: bets $6
MTails: calls $6
*** RIVER *** [Kc 8h 2d Ad] [9c]
MTails: checks
jl45259071: bets $6
MTails: calls $6
*** SHOW DOWN ***
jl45259071: shows [9h 3h] (a pair of Nines)
MTails: mucks hand
jl45259071 collected $29.50 from pot
*** SUMMARY ***
Total pot $30 | Rake $0.50
Board [Kc 8h 2d Ad 9c]
Seat 1: jl45259071 (button) (small blind) showed [9h 3h] and won ($29.50) with a pair of Nines
Seat 2: MTails (big blind) mucked


PokerStars Hand #144448030380:  Hold'em Limit ($3/$6 USD) - 2015/11/27 4:41:43 ET
Table 'Rostia' 2-max Seat #2 is the button
Seat 1: jl45259071 ($109.06 in chips)
Seat 2: MTails ($89.46 in chips)
MTails: posts small blind $1
jl45259071: posts big blind $3
*** HOLE CARDS ***
MTails: raises $3 to $6
jl45259071: calls $3
*** FLOP *** [Jh 5c 5s]
jl45259071: checks
MTails: bets $3
jl45259071: calls $3
*** TURN *** [Jh 5c 5s] [8s]
jl45259071: checks
MTails: bets $6
jl45259071: folds
Uncalled bet ($6) returned to MTails
MTails collected $17.64 from pot
MTails: doesn't show hand
*** SUMMARY ***
Total pot $18 | Rake $0.36
Board [Jh 5c 5s 8s]
Seat 1: jl45259071 (big blind) folded on the Turn
Seat 2: MTails (button) (small blind) collected ($17.64)


PokerStars Hand #144448026497:  Hold'em Limit ($3/$6 USD) - 2015/11/27 4:41:32 ET
Table 'Rostia' 2-max Seat #1 is the button
Seat 1: jl45259071 ($115.06 in chips)
Seat 2: MTails ($83.70 in chips)
jl45259071: posts small blind $1
MTails: posts big blind $3
*** HOLE CARDS ***
jl45259071: calls $2
MTails: raises $3 to $6
jl45259071: calls $3
*** FLOP *** [6h 9d Kd]
MTails: bets $3
jl45259071: folds
Uncalled bet ($3) returned to MTails
MTails collected $11.76 from pot
*** SUMMARY ***
Total pot $12 | Rake $0.24
Board [6h 9d Kd]
Seat 1: jl45259071 (button) (small blind) folded on the Flop
Seat 2: MTails (big blind) collected ($11.76)


PokerStars Hand #144448024427:  Hold'em Limit ($3/$6 USD) - 2015/11/27 4:41:27 ET
Table 'Rostia' 2-max Seat #2 is the button
Seat 1: jl45259071 ($118.06 in chips)
Seat 2: MTails ($80.70 in chips)
MTails: posts small blind $1
jl45259071: posts big blind $3
*** HOLE CARDS ***
MTails: raises $3 to $6
jl45259071: folds
Uncalled bet ($3) returned to MTails
MTails collected $6 from pot
*** SUMMARY ***
Total pot $6 | Rake $0
Seat 1: jl45259071 (big blind) folded before Flop
Seat 2: MTails (button) (small blind) collected ($6)


PokerStars Hand #144448055052:  Hold'em Limit ($3/$6 USD) - 2015/11/27 4:42:49 ET
Table 'Rostia' 2-max Seat #2 is the button
Seat 1: jl45259071 ($108.20 in chips)
Seat 2: MTails ($88.60 in chips)
MTails: posts small blind $1
jl45259071: posts big blind $3
*** HOLE CARDS ***
MTails: raises $3 to $6
jl45259071: calls $3
*** FLOP *** [8d Qc Ah]
jl45259071: checks
MTails: bets $3
jl45259071: calls $3
*** TURN *** [8d Qc Ah] [Qs]
jl45259071: checks
MTails: checks
*** RIVER *** [8d Qc Ah Qs] [Jc]
jl45259071: bets $6
MTails: calls $6
*** SHOW DOWN ***
jl45259071: shows [3h 8s] (two pair, Queens and Eights)
MTails: shows [9s Ad] (two pair, Aces and Queens)
MTails collected $29.50 from pot
*** SUMMARY ***
Total pot $30 | Rake $0.50
Board [8d Qc Ah Qs Jc]
Seat 1: jl45259071 (big blind) showed [3h 8s] and lost with two pair, Queens and Eights
Seat 2: MTails (button) (small blind) showed [9s Ad] and won ($29.50) with two pair, Aces and Queens


PokerStars Hand #144448047726:  Hold'em Limit ($3/$6 USD) - 2015/11/27 4:42:29 ET
Table 'Rostia' 2-max Seat #1 is the button
Seat 1: jl45259071 ($129.20 in chips)
Seat 2: MTails ($68.10 in chips)
jl45259071: posts small blind $1
MTails: posts big blind $3
*** HOLE CARDS ***
jl45259071: calls $2
MTails: raises $3 to $6
jl45259071: calls $3
*** FLOP *** [Ah 7h 3h]
MTails: bets $3
jl45259071: calls $3
*** TURN *** [Ah 7h 3h] [8c]
MTails: bets $6
jl45259071: calls $6
*** RIVER *** [Ah 7h 3h 8c] [2s]
MTails: bets $6
jl45259071: calls $6
*** SHOW DOWN ***
MTails: shows [6s 8h] (a pair of Eights)
jl45259071: mucks hand
MTails collected $41.50 from pot
*** SUMMARY ***
Total pot $42 | Rake $0.50
Board [Ah 7h 3h 8c 2s]
Seat 1: jl45259071 (button) (small blind) mucked
Seat 2: MTails (big blind) showed [6s 8h] and won ($41.50) with a pair of Eights


PokerStars Hand #144448043516:  Hold'em Limit ($3/$6 USD) - 2015/11/27 4:42:18 ET
Table 'Rostia' 2-max Seat #2 is the button
Seat 1: jl45259071 ($120.56 in chips)
Seat 2: MTails ($77.10 in chips)
MTails: posts small blind $1
jl45259071: posts big blind $3
*** HOLE CARDS ***
MTails: raises $3 to $6
jl45259071: calls $3
*** FLOP *** [9s Kd Kh]
jl45259071: checks
MTails: bets $3
jl45259071: raises $3 to $6
MTails: folds
Uncalled bet ($3) returned to jl45259071
jl45259071 collected $17.64 from pot
jl45259071: doesn't show hand
*** SUMMARY ***
Total pot $18 | Rake $0.36
Board [9s Kd Kh]
Seat 1: jl45259071 (big blind) collected ($17.64)
Seat 2: MTails (button) (small blind) folded on the Flop


PokerStars Hand #144448036314:  Hold'em Limit ($3/$6 USD) - 2015/11/27 4:42:00 ET
Table 'Rostia' 2-max Seat #1 is the button
Seat 1: jl45259071 ($100.06 in chips)
Seat 2: MTails ($98.10 in chips)
jl45259071: posts small blind $1
MTails: posts big blind $3
*** HOLE CARDS ***
jl45259071: calls $2
MTails: raises $3 to $6
jl45259071: calls $3
*** FLOP *** [8s 6d 7c]
MTails: bets $3
jl45259071: calls $3
*** TURN *** [8s 6d 7c] [4s]
MTails: bets $6
jl45259071: calls $6
*** RIVER *** [8s 6d 7c 4s] [Qh]
MTails: checks
jl45259071: bets $6
MTails: calls $6
*** SHOW DOWN ***
jl45259071: shows [7h 4c] (two pair, Sevens and Fours)
MTails: mucks hand
jl45259071 collected $41.50 from pot
*** SUMMARY ***
Total pot $42 | Rake $0.50
Board [8s 6d 7c 4s Qh]
Seat 1: jl45259071 (button) (small blind) showed [7h 4c] and won ($41.50) with two pair, Sevens and Fours
Seat 2: MTails (big blind) mucked


PokerStars Hand #144448072913:  Hold'em Limit ($3/$6 USD) - 2015/11/27 4:43:36 ET
Table 'Rostia' 2-max Seat #1 is the button
Seat 1: jl45259071 ($68.96 in chips)
Seat 2: MTails ($126.60 in chips)
jl45259071: posts small blind $1
MTails: posts big blind $3
*** HOLE CARDS ***
jl45259071: calls $2
MTails: raises $3 to $6
jl45259071: raises $3 to $9
MTails: calls $3
*** FLOP *** [Qc 9d 4c]
MTails: checks
jl45259071: bets $3
MTails: calls $3
*** TURN *** [Qc 9d 4c] [Td]
MTails: checks
jl45259071: bets $6
MTails: raises $6 to $12
jl45259071: calls $6
*** RIVER *** [Qc 9d 4c Td] [Ts]
MTails: bets $6
jl45259071: calls $6
*** SHOW DOWN ***
MTails: shows [Tc 8d] (three of a kind, Tens)
jl45259071: mucks hand
MTails collected $59.50 from pot
*** SUMMARY ***
Total pot $60 | Rake $0.50
Board [Qc 9d 4c Td Ts]
Seat 1: jl45259071 (button) (small blind) mucked
Seat 2: MTails (big blind) showed [Tc 8d] and won ($59.50) with three of a kind, Tens


PokerStars Hand #144448065014:  Hold'em Limit ($3/$6 USD) - 2015/11/27 4:43:15 ET
Table 'Rostia' 2-max Seat #2 is the button
Seat 1: jl45259071 ($98.96 in chips)
Seat 2: MTails ($97.10 in chips)
MTails: posts small blind $1
jl45259071: posts big blind $3
*** HOLE CARDS ***
MTails: raises $3 to $6
jl45259071: calls $3
*** FLOP *** [Ts 6c Qc]
jl45259071: checks
MTails: bets $3
jl45259071: raises $3 to $6
MTails: calls $3
*** TURN *** [Ts 6c Qc] [9c]
jl45259071: bets $6
MTails: raises $6 to $12
jl45259071: calls $6
*** RIVER *** [Ts 6c Qc 9c] [3c]
jl45259071: checks
MTails: bets $6
jl45259071: calls $6
*** SHOW DOWN ***
MTails: shows [4c Kc] (a flush, King high)
jl45259071: mucks hand
MTails collected $59.50 from pot
*** SUMMARY ***
Total pot $60 | Rake $0.50
Board [Ts 6c Qc 9c 3c]
Seat 1: jl45259071 (big blind) mucked
Seat 2: MTails (button) (small blind) showed [4c Kc] and won ($59.50) with a flush, King high


PokerStars Hand #144448061219:  Hold'em Limit ($3/$6 USD) - 2015/11/27 4:43:05 ET
Table 'Rostia' 2-max Seat #1 is the button
Seat 1: jl45259071 ($93.20 in chips)
Seat 2: MTails ($103.10 in chips)
jl45259071: posts small blind $1
MTails: posts big blind $3
*** HOLE CARDS ***
jl45259071: raises $3 to $6
MTails: calls $3
*** FLOP *** [6h Ad 3s]
MTails: checks
jl45259071: bets $3
MTails: folds
Uncalled bet ($3) returned to jl45259071
jl45259071 collected $11.76 from pot
*** SUMMARY ***
Total pot $12 | Rake $0.24
Board [6h Ad 3s]
Seat 1: jl45259071 (button) (small blind) collected ($11.76)
Seat 2: MTails (big blind) folded on the Flop


PokerStars Hand #144448092848:  Hold'em Limit ($3/$6 USD) - 2015/11/27 4:44:28 ET
Table 'Rostia' 2-max Seat #2 is the button
Seat 1: jl45259071 ($14.96 in chips)
Seat 2: MTails ($179.36 in chips)
MTails: posts small blind $1
jl45259071: posts big blind $3
*** HOLE CARDS ***
MTails: raises $3 to $6
jl45259071: raises $3 to $9
MTails: calls $3
*** FLOP *** [8d 8s Qs]
jl45259071: bets $3
MTails: raises $3 to $6
jl45259071: calls $2.96 and is all-in
Uncalled bet ($0.04) returned to MTails
*** TURN *** [8d 8s Qs] [6h]
*** RIVER *** [8d 8s Qs 6h] [5d]
*** SHOW DOWN ***
jl45259071: shows [Ks Ts] (a pair of Eights)
MTails: shows [Jc Ah] (a pair of Eights - Ace kicker)
MTails collected $29.42 from pot
*** SUMMARY ***
Total pot $29.92 | Rake $0.50
Board [8d 8s Qs 6h 5d]
Seat 1: jl45259071 (big blind) showed [Ks Ts] and lost with a pair of Eights
Seat 2: MTails (button) (small blind) showed [Jc Ah] and won ($29.42) with a pair of Eights


PokerStars Hand #144448086910:  Hold'em Limit ($3/$6 USD) - 2015/11/27 4:44:12 ET
Table 'Rostia' 2-max Seat #1 is the button
Seat 1: jl45259071 ($20.96 in chips)
Seat 2: MTails ($173.60 in chips)
jl45259071: posts small blind $1
MTails: posts big blind $3
*** HOLE CARDS ***
jl45259071: raises $3 to $6
MTails: calls $3
*** FLOP *** [6h 8d Kd]
MTails: checks
jl45259071: checks
*** TURN *** [6h 8d Kd] [6d]
MTails: bets $6
jl45259071: folds
Uncalled bet ($6) returned to MTails
MTails collected $11.76 from pot
*** SUMMARY ***
Total pot $12 | Rake $0.24
Board [6h 8d Kd 6d]
Seat 1: jl45259071 (button) (small blind) folded on the Turn
Seat 2: MTails (big blind) collected ($11.76)


PokerStars Hand #144448080582:  Hold'em Limit ($3/$6 USD) - 2015/11/27 4:43:56 ET
Table 'Rostia' 2-max Seat #2 is the button
Seat 1: jl45259071 ($38.96 in chips)
Seat 2: MTails ($156.10 in chips)
MTails: posts small blind $1
jl45259071: posts big blind $3
*** HOLE CARDS ***
MTails: raises $3 to $6
jl45259071: raises $3 to $9
MTails: calls $3
*** FLOP *** [8s 2d 4c]
jl45259071: bets $3
MTails: calls $3
*** TURN *** [8s 2d 4c] [Qc]
jl45259071: bets $6
MTails: raises $6 to $12
jl45259071: folds
Uncalled bet ($6) returned to MTails
MTails collected $35.50 from pot
*** SUMMARY ***
Total pot $36 | Rake $0.50
Board [8s 2d 4c Qc]
Seat 1: jl45259071 (big blind) folded on the Turn
Seat 2: MTails (button) (small blind) collected ($35.50)


