PokerStars Hand #151150668973:  Hold'em Limit ($3/$6 USD) - 2016/03/30 1:22:52 ET
Table 'Roswitha II' 6-max Seat #1 is the button
Seat 1: zarazzzza ($55.86 in chips)
Seat 4: VolkovDmitri ($120 in chips)
zarazzzza: posts small blind $1
VolkovDmitri: posts big blind $3
*** HOLE CARDS ***
zarazzzza: calls $2
VolkovDmitri: checks
*** FLOP *** [4h Jc As]
VolkovDmitri: checks
zarazzzza: checks
*** TURN *** [4h Jc As] [7c]
VolkovDmitri said, "igrai 4enoe kolvo ruk"
VolkovDmitri said, "a to zaban9t"
VolkovDmitri: checks
zarazzzza: checks
*** RIVER *** [4h Jc As 7c] [4d]
VolkovDmitri: checks
zarazzzza: checks
*** SHOW DOWN ***
VolkovDmitri: shows [Th 8h] (a pair of Fours)
zarazzzza: shows [Td 9c] (a pair of Fours)
VolkovDmitri collected $2.94 from pot
zarazzzza collected $2.94 from pot
*** SUMMARY ***
Total pot $6 | Rake $0.12
Board [4h Jc As 7c 4d]
Seat 1: zarazzzza (button) (small blind) showed [Td 9c] and won ($2.94) with a pair of Fours
Seat 4: VolkovDmitri (big blind) showed [Th 8h] and won ($2.94) with a pair of Fours


PokerStars Hand #151150688469:  Hold'em Limit ($3/$6 USD) - 2016/03/30 1:24:06 ET
Table 'Roswitha II' 6-max Seat #1 is the button
Seat 1: zarazzzza ($49.80 in chips)
Seat 4: VolkovDmitri ($125.76 in chips)
zarazzzza: posts small blind $1
VolkovDmitri: posts big blind $3
*** HOLE CARDS ***
zarazzzza: folds
Uncalled bet ($2) returned to VolkovDmitri
VolkovDmitri collected $2 from pot
VolkovDmitri: doesn't show hand
*** SUMMARY ***
Total pot $2 | Rake $0
Seat 1: zarazzzza (button) (small blind) folded before Flop
Seat 4: VolkovDmitri (big blind) collected ($2)


PokerStars Hand #151150683513:  Hold'em Limit ($3/$6 USD) - 2016/03/30 1:23:47 ET
Table 'Roswitha II' 6-max Seat #4 is the button
Seat 1: zarazzzza ($55.80 in chips)
Seat 4: VolkovDmitri ($120 in chips)
VolkovDmitri: posts small blind $1
zarazzzza: posts big blind $3
*** HOLE CARDS ***
VolkovDmitri: raises $3 to $6
zarazzzza: calls $3
*** FLOP *** [5c As 8c]
zarazzzza: checks
VolkovDmitri: bets $3
zarazzzza: folds
Uncalled bet ($3) returned to VolkovDmitri
VolkovDmitri collected $11.76 from pot
VolkovDmitri: doesn't show hand
*** SUMMARY ***
Total pot $12 | Rake $0.24
Board [5c As 8c]
Seat 1: zarazzzza (big blind) folded on the Flop
Seat 4: VolkovDmitri (button) (small blind) collected ($11.76)


PokerStars Hand #151150689952:  Hold'em Limit ($3/$6 USD) - 2016/03/30 1:24:11 ET
Table 'Roswitha II' 6-max Seat #4 is the button
Seat 1: zarazzzza ($48.80 in chips)
Seat 4: VolkovDmitri ($126.76 in chips)
VolkovDmitri: posts small blind $1
zarazzzza: posts big blind $3
*** HOLE CARDS ***
VolkovDmitri: raises $3 to $6
zarazzzza: calls $3
*** FLOP *** [3h Ts Jc]
zarazzzza: bets $3
VolkovDmitri: raises $3 to $6
zarazzzza: calls $3
*** TURN *** [3h Ts Jc] [Tc]
zarazzzza: checks
VolkovDmitri: bets $6
zarazzzza: raises $6 to $12
VolkovDmitri: raises $6 to $18
zarazzzza: raises $6 to $24
Betting is capped
VolkovDmitri: calls $6
*** RIVER *** [3h Ts Jc Tc] [5d]
zarazzzza: bets $6
VolkovDmitri: raises $6 to $12
zarazzzza: raises $0.80 to $12.80 and is all-in
VolkovDmitri: calls $0.80
*** SHOW DOWN ***
zarazzzza: shows [9h Td] (three of a kind, Tens)
VolkovDmitri: shows [Th Ac] (three of a kind, Tens - Ace kicker)
VolkovDmitri collected $97.10 from pot
*** SUMMARY ***
Total pot $97.60 | Rake $0.50
Board [3h Ts Jc Tc 5d]
Seat 1: zarazzzza (big blind) showed [9h Td] and lost with three of a kind, Tens
Seat 4: VolkovDmitri (button) (small blind) showed [Th Ac] and won ($97.10) with three of a kind, Tens


