PokerStars Hand #170405450118:  Hold'em Limit ($3/$6 USD) - 2017/05/14 10:15:04 ET
Table 'Roswitha' 6-max Seat #2 is the button
Seat 2: StakkAttakk ($66 in chips)
Seat 4: Agrotait ($72 in chips)
StakkAttakk: posts small blind $1
Agrotait: posts big blind $3
*** HOLE CARDS ***
StakkAttakk: folds
Uncalled bet ($2) returned to Agrotait
Agrotait collected $2 from pot
Agrotait: doesn't show hand
*** SUMMARY ***
Total pot $2 | Rake $0
Seat 2: StakkAttakk (button) (small blind) folded before Flop
Seat 4: Agrotait (big blind) collected ($2)


PokerStars Hand #170405461057:  Hold'em Limit ($3/$6 USD) - 2017/05/14 10:15:20 ET
Table 'Roswitha' 6-max Seat #4 is the button
Seat 2: StakkAttakk ($65 in chips)
Seat 4: Agrotait ($73 in chips)
Agrotait: posts small blind $1
StakkAttakk: posts big blind $3
*** HOLE CARDS ***
Agrotait: raises $3 to $6
StakkAttakk: calls $3
*** FLOP *** [8s Kh 4s]
StakkAttakk: checks
Agrotait: bets $3
StakkAttakk: calls $3
*** TURN *** [8s Kh 4s] [6d]
StakkAttakk: checks
Agrotait: bets $6
StakkAttakk: calls $6
*** RIVER *** [8s Kh 4s 6d] [2d]
StakkAttakk: checks
Agrotait: bets $6
StakkAttakk: calls $6
*** SHOW DOWN ***
Agrotait: shows [7h 5h] (a straight, Four to Eight)
StakkAttakk: mucks hand
Agrotait collected $41.50 from pot
*** SUMMARY ***
Total pot $42 | Rake $0.50
Board [8s Kh 4s 6d 2d]
Seat 2: StakkAttakk (big blind) mucked
Seat 4: Agrotait (button) (small blind) showed [7h 5h] and won ($41.50) with a straight, Four to Eight


PokerStars Hand #170405482199:  Hold'em Limit ($3/$6 USD) - 2017/05/14 10:15:51 ET
Table 'Roswitha' 6-max Seat #2 is the button
Seat 2: StakkAttakk ($44 in chips)
Seat 4: Agrotait ($93.50 in chips)
StakkAttakk: posts small blind $1
Agrotait: posts big blind $3
*** HOLE CARDS ***
StakkAttakk: raises $3 to $6
Agrotait: raises $3 to $9
StakkAttakk: calls $3
*** FLOP *** [Kd Js 9d]
Agrotait: bets $3
StakkAttakk: calls $3
*** TURN *** [Kd Js 9d] [Ah]
Agrotait: checks
StakkAttakk: checks
*** RIVER *** [Kd Js 9d Ah] [Qs]
Agrotait: bets $6
StakkAttakk: calls $6
*** SHOW DOWN ***
Agrotait: shows [Qc Ks] (two pair, Kings and Queens)
StakkAttakk: mucks hand
Agrotait collected $35.50 from pot
*** SUMMARY ***
Total pot $36 | Rake $0.50
Board [Kd Js 9d Ah Qs]
Seat 2: StakkAttakk (button) (small blind) mucked
Seat 4: Agrotait (big blind) showed [Qc Ks] and won ($35.50) with two pair, Kings and Queens


PokerStars Hand #170405501391:  Hold'em Limit ($3/$6 USD) - 2017/05/14 10:16:19 ET
Table 'Roswitha' 6-max Seat #2 is the button
Seat 2: StakkAttakk ($23 in chips)
Seat 4: Agrotait ($114 in chips)
StakkAttakk: posts small blind $1
Agrotait: posts big blind $3
*** HOLE CARDS ***
StakkAttakk: folds
Uncalled bet ($2) returned to Agrotait
Agrotait collected $2 from pot
Agrotait: doesn't show hand
*** SUMMARY ***
Total pot $2 | Rake $0
Seat 2: StakkAttakk (button) (small blind) folded before Flop
Seat 4: Agrotait (big blind) collected ($2)


PokerStars Hand #170405495577:  Hold'em Limit ($3/$6 USD) - 2017/05/14 10:16:10 ET
Table 'Roswitha' 6-max Seat #4 is the button
Seat 2: StakkAttakk ($26 in chips)
Seat 4: Agrotait ($111 in chips)
Agrotait: posts small blind $1
StakkAttakk: posts big blind $3
*** HOLE CARDS ***
Agrotait: raises $3 to $6
StakkAttakk: folds
Uncalled bet ($3) returned to Agrotait
Agrotait collected $6 from pot
Agrotait: doesn't show hand
*** SUMMARY ***
Total pot $6 | Rake $0
Seat 2: StakkAttakk (big blind) folded before Flop
Seat 4: Agrotait (button) (small blind) collected ($6)


PokerStars Hand #170405520838:  Hold'em Limit ($3/$6 USD) - 2017/05/14 10:16:47 ET
Table 'Roswitha' 6-max Seat #2 is the button
Seat 2: StakkAttakk ($16 in chips)
Seat 4: Agrotait ($120.76 in chips)
StakkAttakk: posts small blind $1
Agrotait: posts big blind $3
*** HOLE CARDS ***
StakkAttakk: folds
Uncalled bet ($2) returned to Agrotait
Agrotait collected $2 from pot
Agrotait: doesn't show hand
*** SUMMARY ***
Total pot $2 | Rake $0
Seat 2: StakkAttakk (button) (small blind) folded before Flop
Seat 4: Agrotait (big blind) collected ($2)


PokerStars Hand #170405504753:  Hold'em Limit ($3/$6 USD) - 2017/05/14 10:16:24 ET
Table 'Roswitha' 6-max Seat #4 is the button
Seat 2: StakkAttakk ($22 in chips)
Seat 4: Agrotait ($115 in chips)
Agrotait: posts small blind $1
StakkAttakk: posts big blind $3
*** HOLE CARDS ***
Agrotait: raises $3 to $6
StakkAttakk: calls $3
*** FLOP *** [Ad Js 5d]
StakkAttakk: checks
Agrotait: bets $3
StakkAttakk: folds
Uncalled bet ($3) returned to Agrotait
Agrotait collected $11.76 from pot
Agrotait: doesn't show hand
*** SUMMARY ***
Total pot $12 | Rake $0.24
Board [Ad Js 5d]
Seat 2: StakkAttakk (big blind) folded on the Flop
Seat 4: Agrotait (button) (small blind) collected ($11.76)


PokerStars Hand #170405524060:  Hold'em Limit ($3/$6 USD) - 2017/05/14 10:16:52 ET
Table 'Roswitha' 6-max Seat #4 is the button
Seat 2: StakkAttakk ($15 in chips)
Seat 4: Agrotait ($121.76 in chips)
Agrotait: posts small blind $1
StakkAttakk: posts big blind $3
*** HOLE CARDS ***
Agrotait: raises $3 to $6
StakkAttakk: folds
Uncalled bet ($3) returned to Agrotait
Agrotait collected $6 from pot
Agrotait: doesn't show hand
*** SUMMARY ***
Total pot $6 | Rake $0
Seat 2: StakkAttakk (big blind) folded before Flop
Seat 4: Agrotait (button) (small blind) collected ($6)


PokerStars Hand #170405528251:  Hold'em Limit ($3/$6 USD) - 2017/05/14 10:16:58 ET
Table 'Roswitha' 6-max Seat #2 is the button
Seat 2: StakkAttakk ($12 in chips)
Seat 4: Agrotait ($124.76 in chips)
StakkAttakk: posts small blind $1
Agrotait: posts big blind $3
*** HOLE CARDS ***
StakkAttakk: raises $3 to $6
Agrotait: calls $3
*** FLOP *** [Ts Jc 4h]
Agrotait: checks
StakkAttakk: bets $3
Agrotait: folds
Uncalled bet ($3) returned to StakkAttakk
StakkAttakk collected $11.76 from pot
StakkAttakk: doesn't show hand
*** SUMMARY ***
Total pot $12 | Rake $0.24
Board [Ts Jc 4h]
Seat 2: StakkAttakk (button) (small blind) collected ($11.76)
Seat 4: Agrotait (big blind) folded on the Flop


PokerStars Hand #170405546347:  Hold'em Limit ($3/$6 USD) - 2017/05/14 10:17:24 ET
Table 'Roswitha' 6-max Seat #4 is the button
Seat 2: StakkAttakk ($17.76 in chips)
Seat 4: Agrotait ($118.76 in chips)
Agrotait: posts small blind $1
StakkAttakk: posts big blind $3
*** HOLE CARDS ***
Agrotait: raises $3 to $6
StakkAttakk: folds
Uncalled bet ($3) returned to Agrotait
Agrotait collected $6 from pot
Agrotait: doesn't show hand
*** SUMMARY ***
Total pot $6 | Rake $0
Seat 2: StakkAttakk (big blind) folded before Flop
Seat 4: Agrotait (button) (small blind) collected ($6)


PokerStars Hand #170405550837:  Hold'em Limit ($3/$6 USD) - 2017/05/14 10:17:31 ET
Table 'Roswitha' 6-max Seat #2 is the button
Seat 2: StakkAttakk ($14.76 in chips)
Seat 4: Agrotait ($121.76 in chips)
StakkAttakk: posts small blind $1
Agrotait: posts big blind $3
*** HOLE CARDS ***
StakkAttakk: raises $3 to $6
Agrotait: calls $3
*** FLOP *** [Th As 7c]
Agrotait: checks
StakkAttakk: bets $3
Agrotait: folds
Uncalled bet ($3) returned to StakkAttakk
StakkAttakk collected $11.76 from pot
StakkAttakk: doesn't show hand
*** SUMMARY ***
Total pot $12 | Rake $0.24
Board [Th As 7c]
Seat 2: StakkAttakk (button) (small blind) collected ($11.76)
Seat 4: Agrotait (big blind) folded on the Flop


PokerStars Hand #170405561839:  Hold'em Limit ($3/$6 USD) - 2017/05/14 10:17:47 ET
Table 'Roswitha' 6-max Seat #4 is the button
Seat 2: StakkAttakk ($20.52 in chips)
Seat 4: Agrotait ($115.76 in chips)
Agrotait: posts small blind $1
StakkAttakk: posts big blind $3
*** HOLE CARDS ***
Agrotait: raises $3 to $6
StakkAttakk: folds
Uncalled bet ($3) returned to Agrotait
Agrotait collected $6 from pot
Agrotait: doesn't show hand
*** SUMMARY ***
Total pot $6 | Rake $0
Seat 2: StakkAttakk (big blind) folded before Flop
Seat 4: Agrotait (button) (small blind) collected ($6)


PokerStars Hand #170405565924:  Hold'em Limit ($3/$6 USD) - 2017/05/14 10:17:53 ET
Table 'Roswitha' 6-max Seat #2 is the button
Seat 2: StakkAttakk ($17.52 in chips)
Seat 4: Agrotait ($118.76 in chips)
StakkAttakk: posts small blind $1
Agrotait: posts big blind $3
*** HOLE CARDS ***
StakkAttakk: raises $3 to $6
Agrotait: calls $3
*** FLOP *** [6h 2c 4s]
Agrotait: checks
StakkAttakk: checks
*** TURN *** [6h 2c 4s] [5h]
Agrotait: checks
StakkAttakk: bets $6
Agrotait: folds
Uncalled bet ($6) returned to StakkAttakk
StakkAttakk collected $11.76 from pot
StakkAttakk: doesn't show hand
*** SUMMARY ***
Total pot $12 | Rake $0.24
Board [6h 2c 4s 5h]
Seat 2: StakkAttakk (button) (small blind) collected ($11.76)
Seat 4: Agrotait (big blind) folded on the Turn


PokerStars Hand #170405578847:  Hold'em Limit ($3/$6 USD) - 2017/05/14 10:18:11 ET
Table 'Roswitha' 6-max Seat #4 is the button
Seat 2: StakkAttakk ($23.28 in chips)
Seat 4: Agrotait ($112.76 in chips)
Agrotait: posts small blind $1
StakkAttakk: posts big blind $3
*** HOLE CARDS ***
Agrotait: raises $3 to $6
StakkAttakk: calls $3
*** FLOP *** [Jc 2s Js]
StakkAttakk: checks
Agrotait: bets $3
StakkAttakk: folds
Uncalled bet ($3) returned to Agrotait
Agrotait collected $11.76 from pot
Agrotait: doesn't show hand
*** SUMMARY ***
Total pot $12 | Rake $0.24
Board [Jc 2s Js]
Seat 2: StakkAttakk (big blind) folded on the Flop
Seat 4: Agrotait (button) (small blind) collected ($11.76)


PokerStars Hand #170405586230:  Hold'em Limit ($3/$6 USD) - 2017/05/14 10:18:22 ET
Table 'Roswitha' 6-max Seat #2 is the button
Seat 2: StakkAttakk ($17.28 in chips)
Seat 4: Agrotait ($118.52 in chips)
StakkAttakk: posts small blind $1
Agrotait: posts big blind $3
*** HOLE CARDS ***
StakkAttakk: folds
Uncalled bet ($2) returned to Agrotait
Agrotait collected $2 from pot
Agrotait: doesn't show hand
*** SUMMARY ***
Total pot $2 | Rake $0
Seat 2: StakkAttakk (button) (small blind) folded before Flop
Seat 4: Agrotait (big blind) collected ($2)


PokerStars Hand #170405609200:  Hold'em Limit ($3/$6 USD) - 2017/05/14 10:18:55 ET
Table 'Roswitha' 6-max Seat #2 is the button
Seat 2: StakkAttakk ($23.80 in chips)
Seat 4: Agrotait ($111.52 in chips)
StakkAttakk: posts small blind $1
Agrotait: posts big blind $3
*** HOLE CARDS ***
StakkAttakk: folds
Uncalled bet ($2) returned to Agrotait
Agrotait collected $2 from pot
Agrotait: doesn't show hand
*** SUMMARY ***
Total pot $2 | Rake $0
Seat 2: StakkAttakk (button) (small blind) folded before Flop
Seat 4: Agrotait (big blind) collected ($2)


PokerStars Hand #170405590109:  Hold'em Limit ($3/$6 USD) - 2017/05/14 10:18:28 ET
Table 'Roswitha' 6-max Seat #4 is the button
Seat 2: StakkAttakk ($16.28 in chips)
Seat 4: Agrotait ($119.52 in chips)
Agrotait: posts small blind $1
StakkAttakk: posts big blind $3
*** HOLE CARDS ***
Agrotait: raises $3 to $6
StakkAttakk: calls $3
*** FLOP *** [9d 4d Ac]
StakkAttakk: checks
Agrotait: checks
*** TURN *** [9d 4d Ac] [8s]
StakkAttakk: bets $6
Agrotait: calls $6
*** RIVER *** [9d 4d Ac 8s] [4c]
StakkAttakk: checks
Agrotait: checks
*** SHOW DOWN ***
StakkAttakk: shows [Kc Th] (a pair of Fours)
Agrotait: mucks hand
StakkAttakk collected $23.52 from pot
*** SUMMARY ***
Total pot $24 | Rake $0.48
Board [9d 4d Ac 8s 4c]
Seat 2: StakkAttakk (big blind) showed [Kc Th] and won ($23.52) with a pair of Fours
Seat 4: Agrotait (button) (small blind) mucked


PokerStars Hand #170405605447:  Hold'em Limit ($3/$6 USD) - 2017/05/14 10:18:50 ET
Table 'Roswitha' 6-max Seat #4 is the button
Seat 2: StakkAttakk ($26.80 in chips)
Seat 4: Agrotait ($108.52 in chips)
Agrotait: posts small blind $1
StakkAttakk: posts big blind $3
*** HOLE CARDS ***
Agrotait: raises $3 to $6
StakkAttakk: folds
Uncalled bet ($3) returned to Agrotait
Agrotait collected $6 from pot
Agrotait: doesn't show hand
*** SUMMARY ***
Total pot $6 | Rake $0
Seat 2: StakkAttakk (big blind) folded before Flop
Seat 4: Agrotait (button) (small blind) collected ($6)


PokerStars Hand #170405601655:  Hold'em Limit ($3/$6 USD) - 2017/05/14 10:18:45 ET
Table 'Roswitha' 6-max Seat #2 is the button
Seat 2: StakkAttakk ($27.80 in chips)
Seat 4: Agrotait ($107.52 in chips)
StakkAttakk: posts small blind $1
Agrotait: posts big blind $3
*** HOLE CARDS ***
StakkAttakk: folds
Uncalled bet ($2) returned to Agrotait
Agrotait collected $2 from pot
Agrotait: doesn't show hand
*** SUMMARY ***
Total pot $2 | Rake $0
Seat 2: StakkAttakk (button) (small blind) folded before Flop
Seat 4: Agrotait (big blind) collected ($2)


PokerStars Hand #170405612497:  Hold'em Limit ($3/$6 USD) - 2017/05/14 10:19:00 ET
Table 'Roswitha' 6-max Seat #4 is the button
Seat 2: StakkAttakk ($22.80 in chips)
Seat 4: Agrotait ($112.52 in chips)
Agrotait: posts small blind $1
StakkAttakk: posts big blind $3
*** HOLE CARDS ***
Agrotait: raises $3 to $6
StakkAttakk: raises $3 to $9
Agrotait: calls $3
*** FLOP *** [3d 4c 9h]
StakkAttakk: bets $3
Agrotait: raises $3 to $6
StakkAttakk: raises $3 to $9
Agrotait: calls $3
*** TURN *** [3d 4c 9h] [2c]
StakkAttakk: bets $4.80 and is all-in
Agrotait: calls $4.80
*** RIVER *** [3d 4c 9h 2c] [Ks]
*** SHOW DOWN ***
StakkAttakk: shows [Ac Qs] (high card Ace)
Agrotait: shows [9s Jd] (a pair of Nines)
Agrotait collected $45.10 from pot
*** SUMMARY ***
Total pot $45.60 | Rake $0.50
Board [3d 4c 9h 2c Ks]
Seat 2: StakkAttakk (big blind) showed [Ac Qs] and lost with high card Ace
Seat 4: Agrotait (button) (small blind) showed [9s Jd] and won ($45.10) with a pair of Nines


