PokerStars Hand #170016480238:  Hold'em Limit ($3/$6 USD) - 2017/05/05 23:26:41 ET
Table 'Roswitha' 6-max Seat #2 is the button
Seat 1: Mothman995 ($431.33 in chips)
Seat 2: TinaTurner72 ($270.65 in chips)
TinaTurner72: posts small blind $1
hairy1961: is sitting out
Mothman995: posts big blind $3
*** HOLE CARDS ***
hairy1961 leaves the table
TinaTurner72: raises $3 to $6
Mothman995: raises $3 to $9
2NiceWitIt joins the table at seat #3
TinaTurner72: calls $3
*** FLOP *** [8h Qh 6s]
Mothman995: bets $3
TinaTurner72: calls $3
*** TURN *** [8h Qh 6s] [6c]
Mothman995: bets $6
TinaTurner72: raises $6 to $12
Mothman995: raises $6 to $18
TinaTurner72: calls $6
*** RIVER *** [8h Qh 6s 6c] [6h]
Mothman995: bets $6
TinaTurner72: calls $6
*** SHOW DOWN ***
Mothman995: shows [Qs As] (a full house, Sixes full of Queens)
TinaTurner72: shows [Qc 2h] (a full house, Sixes full of Queens)
Mothman995 collected $35.75 from pot
TinaTurner72 collected $35.75 from pot
*** SUMMARY ***
Total pot $72 | Rake $0.50
Board [8h Qh 6s 6c 6h]
Seat 1: Mothman995 (big blind) showed [Qs As] and won ($35.75) with a full house, Sixes full of Queens
Seat 2: TinaTurner72 (button) (small blind) showed [Qc 2h] and won ($35.75) with a full house, Sixes full of Queens


PokerStars Hand #170016489794:  Hold'em Limit ($3/$6 USD) - 2017/05/05 23:27:10 ET
Table 'Roswitha' 6-max Seat #1 is the button
Seat 1: Mothman995 ($431.08 in chips)
Seat 2: TinaTurner72 ($270.40 in chips)
Mothman995: posts small blind $1
TinaTurner72: posts big blind $3
*** HOLE CARDS ***
Mothman995: raises $3 to $6
TinaTurner72: raises $3 to $9
Mothman995: calls $3
*** FLOP *** [Qh Jd 7s]
TinaTurner72: bets $3
Mothman995: calls $3
*** TURN *** [Qh Jd 7s] [Ah]
TinaTurner72: checks
Mothman995: bets $6
TinaTurner72: calls $6
*** RIVER *** [Qh Jd 7s Ah] [8h]
TinaTurner72: checks
Mothman995: bets $6
TinaTurner72: calls $6
*** SHOW DOWN ***
Mothman995: shows [Qs 2s] (a pair of Queens)
TinaTurner72: mucks hand
Mothman995 collected $47.50 from pot
*** SUMMARY ***
Total pot $48 | Rake $0.50
Board [Qh Jd 7s Ah 8h]
Seat 1: Mothman995 (button) (small blind) showed [Qs 2s] and won ($47.50) with a pair of Queens
Seat 2: TinaTurner72 (big blind) mucked


