PokerStars Hand #163156971671:  Hold'em Limit ($3/$6 USD) - 2016/12/18 15:57:02 ET
Table 'Roswitha II' 6-max Seat #2 is the button
Seat 1: anebodil ($87.91 in chips)
Seat 2: GRAILKO ($180 in chips)
GRAILKO: posts small blind $1
anebodil: posts big blind $3
*** HOLE CARDS ***
GRAILKO: raises $3 to $6
anebodil: calls $3
*** FLOP *** [4d 3h Td]
anebodil: bets $3
GRAILKO: calls $3
*** TURN *** [4d 3h Td] [Qh]
anebodil: bets $6
GRAILKO: calls $6
*** RIVER *** [4d 3h Td Qh] [2c]
anebodil: bets $6
GRAILKO: calls $6
*** SHOW DOWN ***
anebodil: shows [5c Ah] (a straight, Ace to Five)
GRAILKO: mucks hand
anebodil collected $41.50 from pot
*** SUMMARY ***
Total pot $42 | Rake $0.50
Board [4d 3h Td Qh 2c]
Seat 1: anebodil (big blind) showed [5c Ah] and won ($41.50) with a straight, Ace to Five
Seat 2: GRAILKO (button) (small blind) mucked


PokerStars Hand #163157022362:  Hold'em Limit ($3/$6 USD) - 2016/12/18 15:58:08 ET
Table 'Roswitha II' 6-max Seat #2 is the button
Seat 1: anebodil ($111.29 in chips)
Seat 2: GRAILKO ($156 in chips)
GRAILKO: posts small blind $1
anebodil: posts big blind $3
*** HOLE CARDS ***
GRAILKO: raises $3 to $6
anebodil: calls $3
*** FLOP *** [4c 3h Ad]
anebodil: checks
GRAILKO: bets $3
anebodil: calls $3
*** TURN *** [4c 3h Ad] [Ah]
anebodil: checks
GRAILKO: checks
*** RIVER *** [4c 3h Ad Ah] [8h]
anebodil: bets $6
GRAILKO: folds
Uncalled bet ($6) returned to anebodil
anebodil collected $17.64 from pot
*** SUMMARY ***
Total pot $18 | Rake $0.36
Board [4c 3h Ad Ah 8h]
Seat 1: anebodil (big blind) collected ($17.64)
Seat 2: GRAILKO (button) (small blind) folded on the River


PokerStars Hand #163157043520:  Hold'em Limit ($3/$6 USD) - 2016/12/18 15:58:35 ET
Table 'Roswitha II' 6-max Seat #1 is the button
Seat 1: anebodil ($119.93 in chips)
Seat 2: GRAILKO ($147 in chips)
anebodil: posts small blind $1
GRAILKO: posts big blind $3
*** HOLE CARDS ***
anebodil: calls $2
GRAILKO: raises $3 to $6
anebodil: calls $3
*** FLOP *** [Qd Kd 5h]
GRAILKO: bets $3
anebodil: calls $3
*** TURN *** [Qd Kd 5h] [2c]
Fantomet joins the table at seat #6
GRAILKO: bets $6
anebodil: calls $6
*** RIVER *** [Qd Kd 5h 2c] [As]
GRAILKO: bets $6
anebodil: folds
Uncalled bet ($6) returned to GRAILKO
GRAILKO collected $29.50 from pot
GRAILKO: doesn't show hand
*** SUMMARY ***
Total pot $30 | Rake $0.50
Board [Qd Kd 5h 2c As]
Seat 1: anebodil (button) (small blind) folded on the River
Seat 2: GRAILKO (big blind) collected ($29.50)


PokerStars Hand #163156997604:  Hold'em Limit ($3/$6 USD) - 2016/12/18 15:57:36 ET
Table 'Roswitha II' 6-max Seat #1 is the button
Seat 1: anebodil ($108.41 in chips)
Seat 2: GRAILKO ($159 in chips)
anebodil: posts small blind $1
GRAILKO: posts big blind $3
*** HOLE CARDS ***
anebodil: calls $2
GRAILKO: checks
*** FLOP *** [Jh 8s Ah]
GRAILKO: checks
anebodil: bets $3
GRAILKO: folds
Uncalled bet ($3) returned to anebodil
anebodil collected $5.88 from pot
*** SUMMARY ***
Total pot $6 | Rake $0.12
Board [Jh 8s Ah]
Seat 1: anebodil (button) (small blind) collected ($5.88)
Seat 2: GRAILKO (big blind) folded on the Flop


PokerStars Hand #163157017937:  Hold'em Limit ($3/$6 USD) - 2016/12/18 15:58:02 ET
Table 'Roswitha II' 6-max Seat #1 is the button
Seat 1: anebodil ($112.29 in chips)
Seat 2: GRAILKO ($155 in chips)
anebodil: posts small blind $1
GRAILKO: posts big blind $3
*** HOLE CARDS ***
anebodil: folds
Uncalled bet ($2) returned to GRAILKO
GRAILKO collected $2 from pot
GRAILKO: doesn't show hand
*** SUMMARY ***
Total pot $2 | Rake $0
Seat 1: anebodil (button) (small blind) folded before Flop
Seat 2: GRAILKO (big blind) collected ($2)


PokerStars Hand #163157012907:  Hold'em Limit ($3/$6 USD) - 2016/12/18 15:57:56 ET
Table 'Roswitha II' 6-max Seat #2 is the button
Seat 1: anebodil ($111.29 in chips)
Seat 2: GRAILKO ($156 in chips)
GRAILKO: posts small blind $1
anebodil: posts big blind $3
*** HOLE CARDS ***
GRAILKO: folds
Uncalled bet ($2) returned to anebodil
anebodil collected $2 from pot
*** SUMMARY ***
Total pot $2 | Rake $0
Seat 1: anebodil (big blind) collected ($2)
Seat 2: GRAILKO (button) (small blind) folded before Flop


PokerStars Hand #163166134469:  Hold'em Limit ($3/$6 USD) - 2016/12/18 18:39:19 ET
Table 'Roswitha II' 6-max Seat #2 is the button
Seat 2: GRAILKO ($6117.47 in chips)
Seat 5: ToDaFelt ($241.01 in chips)
GRAILKO: posts small blind $1
lanford: is sitting out
ToDaFelt: posts big blind $3
*** HOLE CARDS ***
GRAILKO: raises $3 to $6
ToDaFelt: calls $3
*** FLOP *** [8h Qh Jc]
ToDaFelt: checks
GRAILKO: checks
*** TURN *** [8h Qh Jc] [6h]
lanford leaves the table
ToDaFelt: bets $6
GRAILKO: calls $6
*** RIVER *** [8h Qh Jc 6h] [5h]
ToDaFelt: checks
GRAILKO: checks
*** SHOW DOWN ***
ToDaFelt: shows [5s Ts] (a pair of Fives)
GRAILKO: shows [3s Jd] (a pair of Jacks)
GRAILKO collected $23.52 from pot
*** SUMMARY ***
Total pot $24 | Rake $0.48
Board [8h Qh Jc 6h 5h]
Seat 2: GRAILKO (button) (small blind) showed [3s Jd] and won ($23.52) with a pair of Jacks
Seat 5: ToDaFelt (big blind) showed [5s Ts] and lost with a pair of Fives


