PokerStars Hand #145098618257:  Hold'em Limit ($3/$6 USD) - 2015/12/09 18:37:42 ET
Table 'Rotanev III' 2-max Seat #1 is the button
Seat 1: madmanjam ($121 in chips)
Seat 2: mdif ($120 in chips)
madmanjam: posts small blind $1
mdif: posts big blind $3
*** HOLE CARDS ***
madmanjam: calls $2
mdif: checks
*** FLOP *** [Qs Ah Jc]
mdif: checks
madmanjam: bets $3
mdif: raises $3 to $6
madmanjam: calls $3
*** TURN *** [Qs Ah Jc] [6s]
mdif: bets $6
madmanjam: calls $6
*** RIVER *** [Qs Ah Jc 6s] [5c]
mdif: bets $6
madmanjam: calls $6
*** SHOW DOWN ***
mdif: shows [Td 8c] (high card Ace)
madmanjam: shows [3d Jh] (a pair of Jacks)
madmanjam collected $41.50 from pot
*** SUMMARY ***
Total pot $42 | Rake $0.50
Board [Qs Ah Jc 6s 5c]
Seat 1: madmanjam (button) (small blind) showed [3d Jh] and won ($41.50) with a pair of Jacks
Seat 2: mdif (big blind) showed [Td 8c] and lost with high card Ace


PokerStars Hand #145098634275:  Hold'em Limit ($3/$6 USD) - 2015/12/09 18:38:04 ET
Table 'Rotanev III' 2-max Seat #2 is the button
Seat 1: madmanjam ($141.50 in chips)
Seat 2: mdif ($120 in chips)
mdif: posts small blind $1
madmanjam: posts big blind $3
*** HOLE CARDS ***
mdif: raises $3 to $6
madmanjam: folds
Uncalled bet ($3) returned to mdif
mdif collected $6 from pot
mdif: doesn't show hand
*** SUMMARY ***
Total pot $6 | Rake $0
Seat 1: madmanjam (big blind) folded before Flop
Seat 2: mdif (button) (small blind) collected ($6)


PokerStars Hand #145098638416:  Hold'em Limit ($3/$6 USD) - 2015/12/09 18:38:10 ET
Table 'Rotanev III' 2-max Seat #1 is the button
Seat 1: madmanjam ($138.50 in chips)
Seat 2: mdif ($123 in chips)
madmanjam: posts small blind $1
mdif: posts big blind $3
*** HOLE CARDS ***
madmanjam: raises $3 to $6
mdif: calls $3
*** FLOP *** [Jc Th Jh]
mdif: checks
madmanjam: bets $3
mdif: folds
Uncalled bet ($3) returned to madmanjam
madmanjam collected $11.76 from pot
*** SUMMARY ***
Total pot $12 | Rake $0.24
Board [Jc Th Jh]
Seat 1: madmanjam (button) (small blind) collected ($11.76)
Seat 2: mdif (big blind) folded on the Flop


PokerStars Hand #145098690336:  Hold'em Limit ($3/$6 USD) - 2015/12/09 18:39:20 ET
Table 'Rotanev III' 2-max Seat #2 is the button
Seat 1: madmanjam ($117.26 in chips)
Seat 2: mdif ($146.26 in chips)
mdif: posts small blind $1
madmanjam: posts big blind $3
*** HOLE CARDS ***
mdif: raises $3 to $6
madmanjam: calls $3
*** FLOP *** [9s Kh 5s]
madmanjam: checks
mdif: bets $3
madmanjam: calls $3
*** TURN *** [9s Kh 5s] [7c]
madmanjam: checks
mdif: checks
*** RIVER *** [9s Kh 5s 7c] [4c]
madmanjam: bets $6
mdif: calls $6
*** SHOW DOWN ***
madmanjam: shows [Js 9d] (a pair of Nines)
mdif: mucks hand
madmanjam collected $29.50 from pot
*** SUMMARY ***
Total pot $30 | Rake $0.50
Board [9s Kh 5s 7c 4c]
Seat 1: madmanjam (big blind) showed [Js 9d] and won ($29.50) with a pair of Nines
Seat 2: mdif (button) (small blind) mucked


PokerStars Hand #145098651064:  Hold'em Limit ($3/$6 USD) - 2015/12/09 18:38:27 ET
Table 'Rotanev III' 2-max Seat #2 is the button
Seat 1: madmanjam ($144.26 in chips)
Seat 2: mdif ($120 in chips)
mdif: posts small blind $1
madmanjam: posts big blind $3
*** HOLE CARDS ***
mdif: raises $3 to $6
madmanjam: calls $3
*** FLOP *** [3d 2d 8h]
madmanjam: checks
mdif: bets $3
madmanjam: calls $3
*** TURN *** [3d 2d 8h] [Ad]
madmanjam: bets $6
mdif: calls $6
*** RIVER *** [3d 2d 8h Ad] [Qd]
madmanjam: bets $6
mdif: calls $6
*** SHOW DOWN ***
madmanjam: shows [5s As] (a pair of Aces)
mdif: shows [7d 7c] (a flush, Ace high)
mdif collected $41.50 from pot
*** SUMMARY ***
Total pot $42 | Rake $0.50
Board [3d 2d 8h Ad Qd]
Seat 1: madmanjam (big blind) showed [5s As] and lost with a pair of Aces
Seat 2: mdif (button) (small blind) showed [7d 7c] and won ($41.50) with a flush, Ace high


PokerStars Hand #145098670313:  Hold'em Limit ($3/$6 USD) - 2015/12/09 18:38:53 ET
Table 'Rotanev III' 2-max Seat #1 is the button
Seat 1: madmanjam ($123.26 in chips)
Seat 2: mdif ($140.50 in chips)
madmanjam: posts small blind $1
mdif: posts big blind $3
*** HOLE CARDS ***
madmanjam: raises $3 to $6
mdif: calls $3
*** FLOP *** [Jd 6h 3c]
mdif: checks
madmanjam: checks
*** TURN *** [Jd 6h 3c] [5s]
mdif: checks
madmanjam: checks
*** RIVER *** [Jd 6h 3c 5s] [6d]
mdif: checks
madmanjam: checks
*** SHOW DOWN ***
mdif: shows [Ah 4c] (a pair of Sixes)
madmanjam: mucks hand
mdif collected $11.76 from pot
*** SUMMARY ***
Total pot $12 | Rake $0.24
Board [Jd 6h 3c 5s 6d]
Seat 1: madmanjam (button) (small blind) mucked
Seat 2: mdif (big blind) showed [Ah 4c] and won ($11.76) with a pair of Sixes


PokerStars Hand #145098709288:  Hold'em Limit ($3/$6 USD) - 2015/12/09 18:39:46 ET
Table 'Rotanev III' 2-max Seat #1 is the button
Seat 1: madmanjam ($131.76 in chips)
Seat 2: mdif ($131.26 in chips)
madmanjam: posts small blind $1
mdif: posts big blind $3
*** HOLE CARDS ***
madmanjam: folds
Uncalled bet ($2) returned to mdif
mdif collected $2 from pot
mdif: doesn't show hand
*** SUMMARY ***
Total pot $2 | Rake $0
Seat 1: madmanjam (button) (small blind) folded before Flop
Seat 2: mdif (big blind) collected ($2)


PokerStars Hand #145098712961:  Hold'em Limit ($3/$6 USD) - 2015/12/09 18:39:51 ET
Table 'Rotanev III' 2-max Seat #2 is the button
Seat 1: madmanjam ($130.76 in chips)
Seat 2: mdif ($132.26 in chips)
mdif: posts small blind $1
madmanjam: posts big blind $3
*** HOLE CARDS ***
mdif: raises $3 to $6
madmanjam: calls $3
*** FLOP *** [4d Qs Qd]
madmanjam: checks
mdif: bets $3
madmanjam: calls $3
*** TURN *** [4d Qs Qd] [Ac]
madmanjam: bets $6
mdif: folds
Uncalled bet ($6) returned to madmanjam
madmanjam collected $17.64 from pot
*** SUMMARY ***
Total pot $18 | Rake $0.36
Board [4d Qs Qd Ac]
Seat 1: madmanjam (big blind) collected ($17.64)
Seat 2: mdif (button) (small blind) folded on the Turn


PokerStars Hand #145098736562:  Hold'em Limit ($3/$6 USD) - 2015/12/09 18:40:23 ET
Table 'Rotanev III' 2-max Seat #2 is the button
Seat 1: madmanjam ($138.40 in chips)
Seat 2: mdif ($124.26 in chips)
mdif: posts small blind $1
madmanjam: posts big blind $3
*** HOLE CARDS ***
mdif: raises $3 to $6
madmanjam: calls $3
*** FLOP *** [5s Ad Qh]
madmanjam: checks
mdif: bets $3
madmanjam: calls $3
*** TURN *** [5s Ad Qh] [4s]
madmanjam: checks
mdif: checks
*** RIVER *** [5s Ad Qh 4s] [Kd]
madmanjam: bets $6
mdif: folds
Uncalled bet ($6) returned to madmanjam
madmanjam collected $17.64 from pot
*** SUMMARY ***
Total pot $18 | Rake $0.36
Board [5s Ad Qh 4s Kd]
Seat 1: madmanjam (big blind) collected ($17.64)
Seat 2: mdif (button) (small blind) folded on the River


PokerStars Hand #145098763901:  Hold'em Limit ($3/$6 USD) - 2015/12/09 18:41:01 ET
Table 'Rotanev III' 2-max Seat #2 is the button
Seat 1: madmanjam ($146.04 in chips)
Seat 2: mdif ($121 in chips)
mdif: posts small blind $1
madmanjam: posts big blind $3
*** HOLE CARDS ***
mdif: raises $3 to $6
madmanjam: calls $3
*** FLOP *** [Ah 8c Ts]
madmanjam: checks
mdif: bets $3
madmanjam: calls $3
*** TURN *** [Ah 8c Ts] [4d]
madmanjam: checks
mdif is disconnected
mdif has timed out while disconnected
mdif: checks
*** RIVER *** [Ah 8c Ts 4d] [As]
madmanjam: bets $6
mdif has timed out while disconnected
mdif: folds
Uncalled bet ($6) returned to madmanjam
madmanjam collected $17.64 from pot
*** SUMMARY ***
Total pot $18 | Rake $0.36
Board [Ah 8c Ts 4d As]
Seat 1: madmanjam (big blind) collected ($17.64)
Seat 2: mdif (button) (small blind) folded on the River


