PokerStars Hand #162860274790:  Hold'em Limit ($3/$6 USD) - 2016/12/12 21:59:34 ET
Table 'Rotraut' 6-max Seat #3 is the button
Seat 1: Velbor107 ($301.50 in chips)
Seat 3: avalonia777 ($27.50 in chips)
avalonia777: posts small blind $1
Velbor107: posts big blind $3
*** HOLE CARDS ***
avalonia777: folds
Uncalled bet ($2) returned to Velbor107
Velbor107 collected $2 from pot
*** SUMMARY ***
Total pot $2 | Rake $0
Seat 1: Velbor107 (big blind) collected ($2)
Seat 3: avalonia777 (button) (small blind) folded before Flop


PokerStars Hand #162860265141:  Hold'em Limit ($3/$6 USD) - 2016/12/12 21:59:07 ET
Table 'Rotraut' 6-max Seat #3 is the button
Seat 1: Velbor107 ($314.50 in chips)
Seat 3: avalonia777 ($15 in chips)
avalonia777: posts small blind $1
Velbor107: posts big blind $3
*** HOLE CARDS ***
avalonia777: folds
Uncalled bet ($2) returned to Velbor107
Velbor107 collected $2 from pot
*** SUMMARY ***
Total pot $2 | Rake $0
Seat 1: Velbor107 (big blind) collected ($2)
Seat 3: avalonia777 (button) (small blind) folded before Flop


PokerStars Hand #162860248855:  Hold'em Limit ($3/$6 USD) - 2016/12/12 21:58:46 ET
Table 'Rotraut' 6-max Seat #1 is the button
Seat 1: Velbor107 ($300 in chips)
Seat 3: avalonia777 ($30 in chips)
Velbor107: posts small blind $1
avalonia777: posts big blind $3
*** HOLE CARDS ***
Velbor107: raises $3 to $6
avalonia777: calls $3
*** FLOP *** [3c 4c 6c]
avalonia777: checks
Velbor107: bets $3
avalonia777: calls $3
*** TURN *** [3c 4c 6c] [Jh]
avalonia777: checks
Velbor107: bets $6
avalonia777: calls $6
*** RIVER *** [3c 4c 6c Jh] [Js]
avalonia777: checks
Velbor107: checks
*** SHOW DOWN ***
avalonia777: shows [9d 8c] (a pair of Jacks)
Velbor107: shows [8d Ac] (a pair of Jacks - Ace kicker)
Velbor107 collected $29.50 from pot
*** SUMMARY ***
Total pot $30 | Rake $0.50
Board [3c 4c 6c Jh Js]
Seat 1: Velbor107 (button) (small blind) showed [8d Ac] and won ($29.50) with a pair of Jacks
Seat 3: avalonia777 (big blind) showed [9d 8c] and lost with a pair of Jacks


PokerStars Hand #162860276627:  Hold'em Limit ($3/$6 USD) - 2016/12/12 21:59:40 ET
Table 'Rotraut' 6-max Seat #1 is the button
Seat 1: Velbor107 ($302.50 in chips)
Seat 3: avalonia777 ($26.50 in chips)
Velbor107: posts small blind $1
avalonia777: posts big blind $3
*** HOLE CARDS ***
Velbor107: raises $3 to $6
avalonia777: calls $3
*** FLOP *** [2c 7c Ad]
avalonia777: checks
Velbor107: bets $3
avalonia777: folds
Uncalled bet ($3) returned to Velbor107
Velbor107 collected $11.76 from pot
*** SUMMARY ***
Total pot $12 | Rake $0.24
Board [2c 7c Ad]
Seat 1: Velbor107 (button) (small blind) collected ($11.76)
Seat 3: avalonia777 (big blind) folded on the Flop


PokerStars Hand #162860283024:  Hold'em Limit ($3/$6 USD) - 2016/12/12 21:59:58 ET
Table 'Rotraut' 6-max Seat #1 is the button
Seat 1: Velbor107 ($305.26 in chips)
Seat 3: avalonia777 ($23.50 in chips)
Velbor107: posts small blind $1
avalonia777: posts big blind $3
*** HOLE CARDS ***
Velbor107: raises $3 to $6
avalonia777: folds
Uncalled bet ($3) returned to Velbor107
Velbor107 collected $6 from pot
*** SUMMARY ***
Total pot $6 | Rake $0
Seat 1: Velbor107 (button) (small blind) collected ($6)
Seat 3: avalonia777 (big blind) folded before Flop


PokerStars Hand #162860280749:  Hold'em Limit ($3/$6 USD) - 2016/12/12 21:59:51 ET
Table 'Rotraut' 6-max Seat #3 is the button
Seat 1: Velbor107 ($308.26 in chips)
Seat 3: avalonia777 ($20.50 in chips)
avalonia777: posts small blind $1
Velbor107: posts big blind $3
*** HOLE CARDS ***
avalonia777: raises $3 to $6
Velbor107: folds
Uncalled bet ($3) returned to avalonia777
avalonia777 collected $6 from pot
avalonia777: doesn't show hand
*** SUMMARY ***
Total pot $6 | Rake $0
Seat 1: Velbor107 (big blind) folded before Flop
Seat 3: avalonia777 (button) (small blind) collected ($6)


PokerStars Hand #162860285271:  Hold'em Limit ($3/$6 USD) - 2016/12/12 22:00:04 ET
Table 'Rotraut' 6-max Seat #3 is the button
Seat 1: Velbor107 ($308.26 in chips)
Seat 3: avalonia777 ($20.50 in chips)
avalonia777: posts small blind $1
Velbor107: posts big blind $3
*** HOLE CARDS ***
karambakilla joins the table at seat #4
avalonia777: raises $3 to $6
Velbor107: calls $3
*** FLOP *** [8c 3s Ts]
Velbor107: checks
avalonia777: bets $3
Velbor107: folds
Uncalled bet ($3) returned to avalonia777
avalonia777 collected $11.76 from pot
avalonia777: doesn't show hand
*** SUMMARY ***
Total pot $12 | Rake $0.24
Board [8c 3s Ts]
Seat 1: Velbor107 (big blind) folded on the Flop
Seat 3: avalonia777 (button) (small blind) collected ($11.76)


PokerStars Hand #162860290685:  Hold'em Limit ($3/$6 USD) - 2016/12/12 22:00:19 ET
Table 'Rotraut' 6-max Seat #1 is the button
Seat 1: Velbor107 ($302.26 in chips)
Seat 3: avalonia777 ($26.26 in chips)
Velbor107: posts small blind $1
avalonia777: posts big blind $3
*** HOLE CARDS ***
Velbor107: raises $3 to $6
avalonia777: calls $3
*** FLOP *** [Jd Jh 4d]
avalonia777: checks
Velbor107: bets $3
avalonia777: folds
Uncalled bet ($3) returned to Velbor107
Velbor107 collected $11.76 from pot
*** SUMMARY ***
Total pot $12 | Rake $0.24
Board [Jd Jh 4d]
Seat 1: Velbor107 (button) (small blind) collected ($11.76)
Seat 3: avalonia777 (big blind) folded on the Flop


PokerStars Hand #162860324521:  Hold'em Limit ($3/$6 USD) - 2016/12/12 22:01:48 ET
Table 'Rotraut' 6-max Seat #3 is the button
Seat 3: avalonia777 ($45.50 in chips)
Seat 4: karambakilla ($126.04 in chips)
avalonia777: posts small blind $1
karambakilla: posts big blind $3
*** HOLE CARDS ***
avalonia777: folds
Uncalled bet ($2) returned to karambakilla
karambakilla collected $2 from pot
karambakilla: doesn't show hand
*** SUMMARY ***
Total pot $2 | Rake $0
Seat 3: avalonia777 (button) (small blind) folded before Flop
Seat 4: karambakilla (big blind) collected ($2)


PokerStars Hand #162860322693:  Hold'em Limit ($3/$6 USD) - 2016/12/12 22:01:43 ET
Table 'Rotraut' 6-max Seat #4 is the button
Seat 3: avalonia777 ($44.50 in chips)
Seat 4: karambakilla ($127.04 in chips)
karambakilla: posts small blind $1
avalonia777: posts big blind $3
*** HOLE CARDS ***
karambakilla: folds
Uncalled bet ($2) returned to avalonia777
avalonia777 collected $2 from pot
avalonia777: doesn't show hand
*** SUMMARY ***
Total pot $2 | Rake $0
Seat 3: avalonia777 (big blind) collected ($2)
Seat 4: karambakilla (button) (small blind) folded before Flop


PokerStars Hand #162860308629:  Hold'em Limit ($3/$6 USD) - 2016/12/12 22:01:07 ET
Table 'Rotraut' 6-max Seat #4 is the button
Seat 1: Velbor107 ($308.02 in chips)
Seat 4: karambakilla ($139.04 in chips)
karambakilla: posts small blind $1
Velbor107: posts big blind $3
*** HOLE CARDS ***
karambakilla: raises $3 to $6
Velbor107: folds
Uncalled bet ($3) returned to karambakilla
karambakilla collected $6 from pot
karambakilla: doesn't show hand
*** SUMMARY ***
Total pot $6 | Rake $0
Seat 1: Velbor107 (big blind) folded before Flop
Seat 4: karambakilla (button) (small blind) collected ($6)


PokerStars Hand #162860316073:  Hold'em Limit ($3/$6 USD) - 2016/12/12 22:01:26 ET
Table 'Rotraut' 6-max Seat #3 is the button
Seat 3: avalonia777 ($30 in chips)
Seat 4: karambakilla ($142.04 in chips)
avalonia777: posts small blind $1
karambakilla: posts big blind $3
*** HOLE CARDS ***
avalonia777: calls $2
karambakilla: checks
*** FLOP *** [2c 7d 6c]
karambakilla: checks
avalonia777: checks
*** TURN *** [2c 7d 6c] [8d]
karambakilla: bets $6
avalonia777: calls $6
*** RIVER *** [2c 7d 6c 8d] [9d]
karambakilla: checks
avalonia777: bets $6
karambakilla: calls $6
*** SHOW DOWN ***
avalonia777: shows [Jc 5d] (a straight, Five to Nine)
karambakilla: mucks hand
avalonia777 collected $29.50 from pot
*** SUMMARY ***
Total pot $30 | Rake $0.50
Board [2c 7d 6c 8d 9d]
Seat 3: avalonia777 (button) (small blind) showed [Jc 5d] and won ($29.50) with a straight, Five to Nine
Seat 4: karambakilla (big blind) mucked


PokerStars Hand #162860339772:  Hold'em Limit ($3/$6 USD) - 2016/12/12 22:02:27 ET
Table 'Rotraut' 6-max Seat #4 is the button
Seat 3: avalonia777 ($55.02 in chips)
Seat 4: karambakilla ($116.04 in chips)
karambakilla: posts small blind $1
avalonia777: posts big blind $3
*** HOLE CARDS ***
karambakilla: raises $3 to $6
avalonia777: raises $3 to $9
karambakilla: calls $3
*** FLOP *** [8c 2c 7h]
avalonia777: checks
karambakilla: bets $3
avalonia777: raises $3 to $6
karambakilla: raises $3 to $9
avalonia777: folds
Uncalled bet ($3) returned to karambakilla
karambakilla collected $29.50 from pot
karambakilla: doesn't show hand
*** SUMMARY ***
Total pot $30 | Rake $0.50
Board [8c 2c 7h]
Seat 3: avalonia777 (big blind) folded on the Flop
Seat 4: karambakilla (button) (small blind) collected ($29.50)


PokerStars Hand #162860337605:  Hold'em Limit ($3/$6 USD) - 2016/12/12 22:02:21 ET
Table 'Rotraut' 6-max Seat #3 is the button
Seat 3: avalonia777 ($56.02 in chips)
Seat 4: karambakilla ($115.04 in chips)
avalonia777: posts small blind $1
karambakilla: posts big blind $3
*** HOLE CARDS ***
avalonia777: folds
Uncalled bet ($2) returned to karambakilla
karambakilla collected $2 from pot
karambakilla: doesn't show hand
*** SUMMARY ***
Total pot $2 | Rake $0
Seat 3: avalonia777 (button) (small blind) folded before Flop
Seat 4: karambakilla (big blind) collected ($2)


PokerStars Hand #162860335513:  Hold'em Limit ($3/$6 USD) - 2016/12/12 22:02:16 ET
Table 'Rotraut' 6-max Seat #4 is the button
Seat 3: avalonia777 ($55.02 in chips)
Seat 4: karambakilla ($116.04 in chips)
karambakilla: posts small blind $1
avalonia777: posts big blind $3
*** HOLE CARDS ***
karambakilla: folds
Uncalled bet ($2) returned to avalonia777
avalonia777 collected $2 from pot
avalonia777: doesn't show hand
*** SUMMARY ***
Total pot $2 | Rake $0
Seat 3: avalonia777 (big blind) collected ($2)
Seat 4: karambakilla (button) (small blind) folded before Flop


PokerStars Hand #162860333644:  Hold'em Limit ($3/$6 USD) - 2016/12/12 22:02:11 ET
Table 'Rotraut' 6-max Seat #3 is the button
Seat 3: avalonia777 ($56.02 in chips)
Seat 4: karambakilla ($115.04 in chips)
avalonia777: posts small blind $1
karambakilla: posts big blind $3
*** HOLE CARDS ***
avalonia777: folds
Uncalled bet ($2) returned to karambakilla
karambakilla collected $2 from pot
karambakilla: doesn't show hand
*** SUMMARY ***
Total pot $2 | Rake $0
Seat 3: avalonia777 (button) (small blind) folded before Flop
Seat 4: karambakilla (big blind) collected ($2)


PokerStars Hand #162860326597:  Hold'em Limit ($3/$6 USD) - 2016/12/12 22:01:53 ET
Table 'Rotraut' 6-max Seat #4 is the button
Seat 3: avalonia777 ($44.50 in chips)
Seat 4: karambakilla ($127.04 in chips)
karambakilla: posts small blind $1
avalonia777: posts big blind $3
*** HOLE CARDS ***
karambakilla: raises $3 to $6
avalonia777: raises $3 to $9
karambakilla: calls $3
*** FLOP *** [8s 6s 7c]
avalonia777: bets $3
karambakilla: calls $3
*** TURN *** [8s 6s 7c] [Ac]
avalonia777: checks
karambakilla: checks
*** RIVER *** [8s 6s 7c Ac] [3d]
avalonia777: checks
karambakilla: checks
*** SHOW DOWN ***
avalonia777: shows [3c Ah] (two pair, Aces and Threes)
karambakilla: mucks hand
avalonia777 collected $23.52 from pot
*** SUMMARY ***
Total pot $24 | Rake $0.48
Board [8s 6s 7c Ac 3d]
Seat 3: avalonia777 (big blind) showed [3c Ah] and won ($23.52) with two pair, Aces and Threes
Seat 4: karambakilla (button) (small blind) mucked


PokerStars Hand #162860353340:  Hold'em Limit ($3/$6 USD) - 2016/12/12 22:03:01 ET
Table 'Rotraut' 6-max Seat #3 is the button
Seat 3: avalonia777 ($38.02 in chips)
Seat 4: karambakilla ($132.42 in chips)
avalonia777: posts small blind $1
karambakilla: posts big blind $3
*** HOLE CARDS ***
avalonia777: raises $3 to $6
karambakilla: calls $3
*** FLOP *** [Th 9s 2h]
karambakilla: checks
avalonia777: bets $3
karambakilla: calls $3
*** TURN *** [Th 9s 2h] [Ts]
karambakilla: checks
avalonia777: bets $6
karambakilla: calls $6
*** RIVER *** [Th 9s 2h Ts] [7c]
karambakilla: checks
avalonia777: checks
*** SHOW DOWN ***
karambakilla: shows [Kh 8d] (a pair of Tens)
avalonia777: shows [Kc 2c] (two pair, Tens and Deuces)
avalonia777 collected $29.50 from pot
*** SUMMARY ***
Total pot $30 | Rake $0.50
Board [Th 9s 2h Ts 7c]
Seat 3: avalonia777 (button) (small blind) showed [Kc 2c] and won ($29.50) with two pair, Tens and Deuces
Seat 4: karambakilla (big blind) showed [Kh 8d] and lost with a pair of Tens


PokerStars Hand #162860351458:  Hold'em Limit ($3/$6 USD) - 2016/12/12 22:02:56 ET
Table 'Rotraut' 6-max Seat #4 is the button
Seat 3: avalonia777 ($37.02 in chips)
Seat 4: karambakilla ($133.42 in chips)
karambakilla: posts small blind $1
avalonia777: posts big blind $3
*** HOLE CARDS ***
karambakilla: folds
Uncalled bet ($2) returned to avalonia777
avalonia777 collected $2 from pot
avalonia777: doesn't show hand
*** SUMMARY ***
Total pot $2 | Rake $0
Seat 3: avalonia777 (big blind) collected ($2)
Seat 4: karambakilla (button) (small blind) folded before Flop


PokerStars Hand #162860346024:  Hold'em Limit ($3/$6 USD) - 2016/12/12 22:02:42 ET
Table 'Rotraut' 6-max Seat #3 is the button
Seat 3: avalonia777 ($40.02 in chips)
Seat 4: karambakilla ($130.54 in chips)
avalonia777: posts small blind $1
karambakilla: posts big blind $3
*** HOLE CARDS ***
avalonia777: calls $2
karambakilla: checks
*** FLOP *** [Td 7h 4c]
karambakilla: checks
avalonia777: checks
*** TURN *** [Td 7h 4c] [Kh]
karambakilla: bets $6
avalonia777: folds
Uncalled bet ($6) returned to karambakilla
karambakilla collected $5.88 from pot
karambakilla: doesn't show hand
*** SUMMARY ***
Total pot $6 | Rake $0.12
Board [Td 7h 4c Kh]
Seat 3: avalonia777 (button) (small blind) folded on the Turn
Seat 4: karambakilla (big blind) collected ($5.88)


PokerStars Hand #162860367083:  Hold'em Limit ($3/$6 USD) - 2016/12/12 22:03:36 ET
Table 'Rotraut' 6-max Seat #3 is the button
Seat 3: avalonia777 ($53.52 in chips)
Seat 4: karambakilla ($116.42 in chips)
avalonia777: posts small blind $1
karambakilla: posts big blind $3
*** HOLE CARDS ***
avalonia777: calls $2
karambakilla: raises $3 to $6
avalonia777: calls $3
*** FLOP *** [Tc 8d Kc]
karambakilla: bets $3
avalonia777: folds
Uncalled bet ($3) returned to karambakilla
karambakilla collected $11.76 from pot
karambakilla: doesn't show hand
*** SUMMARY ***
Total pot $12 | Rake $0.24
Board [Tc 8d Kc]
Seat 3: avalonia777 (button) (small blind) folded on the Flop
Seat 4: karambakilla (big blind) collected ($11.76)


PokerStars Hand #162860365065:  Hold'em Limit ($3/$6 USD) - 2016/12/12 22:03:30 ET
Table 'Rotraut' 6-max Seat #4 is the button
Seat 3: avalonia777 ($52.52 in chips)
Seat 4: karambakilla ($117.42 in chips)
karambakilla: posts small blind $1
avalonia777: posts big blind $3
*** HOLE CARDS ***
karambakilla: folds
Uncalled bet ($2) returned to avalonia777
avalonia777 collected $2 from pot
avalonia777: doesn't show hand
*** SUMMARY ***
Total pot $2 | Rake $0
Seat 3: avalonia777 (big blind) collected ($2)
Seat 4: karambakilla (button) (small blind) folded before Flop


PokerStars Hand #162860388195:  Hold'em Limit ($3/$6 USD) - 2016/12/12 22:04:28 ET
Table 'Rotraut' 6-max Seat #4 is the button
Seat 3: avalonia777 ($20.52 in chips)
Seat 4: karambakilla ($148.68 in chips)
karambakilla: posts small blind $1
avalonia777: posts big blind $3
*** HOLE CARDS ***
karambakilla: raises $3 to $6
avalonia777: folds
Uncalled bet ($3) returned to karambakilla
karambakilla collected $6 from pot
karambakilla: doesn't show hand
*** SUMMARY ***
Total pot $6 | Rake $0
Seat 3: avalonia777 (big blind) folded before Flop
Seat 4: karambakilla (button) (small blind) collected ($6)


PokerStars Hand #162860382697:  Hold'em Limit ($3/$6 USD) - 2016/12/12 22:04:14 ET
Table 'Rotraut' 6-max Seat #3 is the button
Seat 3: avalonia777 ($17.52 in chips)
Seat 4: karambakilla ($151.68 in chips)
avalonia777: posts small blind $1
karambakilla: posts big blind $3
*** HOLE CARDS ***
avalonia777: raises $3 to $6
karambakilla: folds
Uncalled bet ($3) returned to avalonia777
avalonia777 collected $6 from pot
avalonia777: doesn't show hand
*** SUMMARY ***
Total pot $6 | Rake $0
Seat 3: avalonia777 (button) (small blind) collected ($6)
Seat 4: karambakilla (big blind) folded before Flop


PokerStars Hand #162860390563:  Hold'em Limit ($3/$6 USD) - 2016/12/12 22:04:34 ET
Table 'Rotraut' 6-max Seat #3 is the button
Seat 3: avalonia777 ($17.52 in chips)
Seat 4: karambakilla ($151.68 in chips)
avalonia777: posts small blind $1
karambakilla: posts big blind $3
*** HOLE CARDS ***
avalonia777: raises $3 to $6
karambakilla: folds
Uncalled bet ($3) returned to avalonia777
avalonia777 collected $6 from pot
avalonia777: doesn't show hand
*** SUMMARY ***
Total pot $6 | Rake $0
Seat 3: avalonia777 (button) (small blind) collected ($6)
Seat 4: karambakilla (big blind) folded before Flop


PokerStars Hand #162860393367:  Hold'em Limit ($3/$6 USD) - 2016/12/12 22:04:41 ET
Table 'Rotraut' 6-max Seat #4 is the button
Seat 3: avalonia777 ($20.52 in chips)
Seat 4: karambakilla ($148.68 in chips)
karambakilla: posts small blind $1
avalonia777: posts big blind $3
*** HOLE CARDS ***
karambakilla: raises $3 to $6
avalonia777: calls $3
*** FLOP *** [4s 9s Qh]
avalonia777: checks
karambakilla: bets $3
avalonia777: folds
Uncalled bet ($3) returned to karambakilla
karambakilla collected $11.76 from pot
karambakilla: doesn't show hand
*** SUMMARY ***
Total pot $12 | Rake $0.24
Board [4s 9s Qh]
Seat 3: avalonia777 (big blind) folded on the Flop
Seat 4: karambakilla (button) (small blind) collected ($11.76)


PokerStars Hand #162860372194:  Hold'em Limit ($3/$6 USD) - 2016/12/12 22:03:48 ET
Table 'Rotraut' 6-max Seat #4 is the button
Seat 3: avalonia777 ($47.52 in chips)
Seat 4: karambakilla ($122.18 in chips)
karambakilla: posts small blind $1
avalonia777: posts big blind $3
*** HOLE CARDS ***
karambakilla: raises $3 to $6
avalonia777: raises $3 to $9
karambakilla: calls $3
*** FLOP *** [7d Ah Js]
avalonia777: bets $3
karambakilla: calls $3
*** TURN *** [7d Ah Js] [Kd]
avalonia777: bets $6
karambakilla: raises $6 to $12
avalonia777: calls $6
*** RIVER *** [7d Ah Js Kd] [9c]
avalonia777: checks
karambakilla: bets $6
avalonia777: calls $6
*** SHOW DOWN ***
karambakilla: shows [8c Th] (a straight, Seven to Jack)
avalonia777: mucks hand
karambakilla collected $59.50 from pot
*** SUMMARY ***
Total pot $60 | Rake $0.50
Board [7d Ah Js Kd 9c]
Seat 3: avalonia777 (big blind) mucked
Seat 4: karambakilla (button) (small blind) showed [8c Th] and won ($59.50) with a straight, Seven to Jack


PokerStars Hand #162860397933:  Hold'em Limit ($3/$6 USD) - 2016/12/12 22:04:52 ET
Table 'Rotraut' 6-max Seat #3 is the button
Seat 3: avalonia777 ($14.52 in chips)
Seat 4: karambakilla ($154.44 in chips)
avalonia777: posts small blind $1
karambakilla: posts big blind $3
*** HOLE CARDS ***
avalonia777: raises $3 to $6
karambakilla: calls $3
*** FLOP *** [8h Kd 9d]
karambakilla: checks
avalonia777: checks
*** TURN *** [8h Kd 9d] [Kc]
karambakilla: checks
avalonia777: checks
*** RIVER *** [8h Kd 9d Kc] [6c]
karambakilla: bets $6
avalonia777: raises $2.52 to $8.52 and is all-in
karambakilla: calls $2.52
*** SHOW DOWN ***
avalonia777: shows [6h Qs] (two pair, Kings and Sixes)
karambakilla: shows [6d 8s] (two pair, Kings and Eights)
karambakilla collected $28.54 from pot
*** SUMMARY ***
Total pot $29.04 | Rake $0.50
Board [8h Kd 9d Kc 6c]
Seat 3: avalonia777 (button) (small blind) showed [6h Qs] and lost with two pair, Kings and Sixes
Seat 4: karambakilla (big blind) showed [6d 8s] and won ($28.54) with two pair, Kings and Eights


