PokerStars Hand #155462317807:  Hold'em Limit ($3/$6 USD) - 2016/07/02 8:09:52 ET
Table 'Roucarie II' 6-max Seat #1 is the button
Seat 1: kolaz03 ($72 in chips)
Seat 6: 19woody58 ($215.38 in chips)
VolkovDmitri: is sitting out
kolaz03: posts small blind $1
19woody58: posts big blind $3
*** HOLE CARDS ***
kolaz03: raises $3 to $6
19woody58: folds
Uncalled bet ($3) returned to kolaz03
kolaz03 collected $6 from pot
kolaz03: doesn't show hand
*** SUMMARY ***
Total pot $6 | Rake $0
Seat 1: kolaz03 (button) (small blind) collected ($6)
Seat 6: 19woody58 (big blind) folded before Flop


PokerStars Hand #155462323388:  Hold'em Limit ($3/$6 USD) - 2016/07/02 8:10:04 ET
Table 'Roucarie II' 6-max Seat #6 is the button
Seat 1: kolaz03 ($75 in chips)
Seat 6: 19woody58 ($212.38 in chips)
19woody58: posts small blind $1
kolaz03: posts big blind $3
*** HOLE CARDS ***
19woody58: raises $3 to $6
VolkovDmitri leaves the table
kolaz03: folds
Uncalled bet ($3) returned to 19woody58
19woody58 collected $6 from pot
19woody58: doesn't show hand
*** SUMMARY ***
Total pot $6 | Rake $0
Seat 1: kolaz03 (big blind) folded before Flop
Seat 6: 19woody58 (button) (small blind) collected ($6)


PokerStars Hand #155462326963:  Hold'em Limit ($3/$6 USD) - 2016/07/02 8:10:11 ET
Table 'Roucarie II' 6-max Seat #1 is the button
Seat 1: kolaz03 ($72 in chips)
Seat 6: 19woody58 ($215.38 in chips)
kolaz03: posts small blind $1
19woody58: posts big blind $3
*** HOLE CARDS ***
kolaz03: raises $3 to $6
19woody58: calls $3
*** FLOP *** [5s Ad 6h]
19woody58: checks
kolaz03: bets $3
19woody58: folds
Uncalled bet ($3) returned to kolaz03
kolaz03 collected $11.76 from pot
kolaz03: doesn't show hand
*** SUMMARY ***
Total pot $12 | Rake $0.24
Board [5s Ad 6h]
Seat 1: kolaz03 (button) (small blind) collected ($11.76)
Seat 6: 19woody58 (big blind) folded on the Flop


PokerStars Hand #155462331911:  Hold'em Limit ($3/$6 USD) - 2016/07/02 8:10:21 ET
Table 'Roucarie II' 6-max Seat #6 is the button
Seat 1: kolaz03 ($77.76 in chips)
Seat 6: 19woody58 ($209.38 in chips)
19woody58: posts small blind $1
kolaz03: posts big blind $3
*** HOLE CARDS ***
19woody58: raises $3 to $6
kolaz03: calls $3
*** FLOP *** [Ac 6s Js]
kolaz03: checks
19woody58: bets $3
kolaz03: calls $3
*** TURN *** [Ac 6s Js] [Tc]
kolaz03: checks
19woody58: bets $6
kolaz03: calls $6
*** RIVER *** [Ac 6s Js Tc] [6h]
kolaz03: checks
19woody58: checks
*** SHOW DOWN ***
kolaz03: shows [9s Ts] (two pair, Tens and Sixes)
19woody58: mucks hand
kolaz03 collected $29.50 from pot
*** SUMMARY ***
Total pot $30 | Rake $0.50
Board [Ac 6s Js Tc 6h]
Seat 1: kolaz03 (big blind) showed [9s Ts] and won ($29.50) with two pair, Tens and Sixes
Seat 6: 19woody58 (button) (small blind) mucked


PokerStars Hand #155462344036:  Hold'em Limit ($3/$6 USD) - 2016/07/02 8:10:45 ET
Table 'Roucarie II' 6-max Seat #1 is the button
Seat 1: kolaz03 ($92.26 in chips)
Seat 6: 19woody58 ($194.38 in chips)
kolaz03: posts small blind $1
19woody58: posts big blind $3
*** HOLE CARDS ***
kolaz03: raises $3 to $6
19woody58: folds
Uncalled bet ($3) returned to kolaz03
kolaz03 collected $6 from pot
kolaz03: doesn't show hand
*** SUMMARY ***
Total pot $6 | Rake $0
Seat 1: kolaz03 (button) (small blind) collected ($6)
Seat 6: 19woody58 (big blind) folded before Flop


PokerStars Hand #155462346826:  Hold'em Limit ($3/$6 USD) - 2016/07/02 8:10:51 ET
Table 'Roucarie II' 6-max Seat #6 is the button
Seat 1: kolaz03 ($95.26 in chips)
Seat 6: 19woody58 ($191.38 in chips)
19woody58: posts small blind $1
kolaz03: posts big blind $3
*** HOLE CARDS ***
19woody58: calls $2
kolaz03: raises $3 to $6
19woody58: calls $3
*** FLOP *** [7s 9s 5c]
Makomar joins the table at seat #2
kolaz03: bets $3
19woody58: calls $3
*** TURN *** [7s 9s 5c] [Kc]
kolaz03: bets $6
19woody58: calls $6
*** RIVER *** [7s 9s 5c Kc] [3d]
kolaz03: bets $6
19woody58: calls $6
*** SHOW DOWN ***
kolaz03: shows [5d 5h] (three of a kind, Fives)
19woody58: mucks hand
kolaz03 collected $41.50 from pot
*** SUMMARY ***
Total pot $42 | Rake $0.50
Board [7s 9s 5c Kc 3d]
Seat 1: kolaz03 (big blind) showed [5d 5h] and won ($41.50) with three of a kind, Fives
Seat 6: 19woody58 (button) (small blind) mucked


PokerStars Hand #155462761047:  Hold'em Limit ($3/$6 USD) - 2016/07/02 8:24:41 ET
Table 'Roucarie II' 6-max Seat #3 is the button
Seat 3: seedzu282 ($52.47 in chips)
Seat 4: MTails ($120 in chips)
seedzu282: posts small blind $1
MTails: posts big blind $3
*** HOLE CARDS ***
seedzu282: raises $3 to $6
MTails: calls $3
*** FLOP *** [Qs 7s 7c]
MTails: checks
seedzu282: bets $3
MTails: calls $3
*** TURN *** [Qs 7s 7c] [Qh]
BuyMyLunch joins the table at seat #1
MTails: checks
seedzu282: bets $6
MTails: raises $6 to $12
seedzu282: calls $6
*** RIVER *** [Qs 7s 7c Qh] [7h]
MTails: bets $6
seedzu282: calls $6
*** SHOW DOWN ***
MTails: shows [4s 7d] (four of a kind, Sevens)
seedzu282: mucks hand
MTails collected $53.50 from pot
*** SUMMARY ***
Total pot $54 | Rake $0.50
Board [Qs 7s 7c Qh 7h]
Seat 3: seedzu282 (button) (small blind) mucked
Seat 4: MTails (big blind) showed [4s 7d] and won ($53.50) with four of a kind, Sevens


PokerStars Hand #155465417650:  Hold'em Limit ($3/$6 USD) - 2016/07/02 9:47:24 ET
Table 'Roucarie II' 6-max Seat #5 is the button
Seat 4: dokaten ($185.80 in chips)
Seat 5: Makomar ($149.02 in chips)
sokol-max-PS joins the table at seat #6
Makomar: posts small blind $1
lelala: is sitting out
dokaten: posts big blind $3
*** HOLE CARDS ***
Makomar: raises $3 to $6
dokaten: folds
Uncalled bet ($3) returned to Makomar
Makomar collected $6 from pot
Makomar: doesn't show hand
*** SUMMARY ***
Total pot $6 | Rake $0
Seat 4: dokaten (big blind) folded before Flop
Seat 5: Makomar (button) (small blind) collected ($6)


PokerStars Hand #155465428775:  Hold'em Limit ($3/$6 USD) - 2016/07/02 9:47:36 ET
Table 'Roucarie II' 6-max Seat #4 is the button
Seat 4: dokaten ($182.80 in chips)
Seat 5: Makomar ($152.02 in chips)
dokaten: posts small blind $1
Makomar: posts big blind $3
*** HOLE CARDS ***
dokaten: raises $3 to $6
Makomar: calls $3
*** FLOP *** [6c 6d Qd]
Makomar: checks
dokaten: bets $3
Makomar: folds
Uncalled bet ($3) returned to dokaten
dokaten collected $11.76 from pot
dokaten: doesn't show hand
*** SUMMARY ***
Total pot $12 | Rake $0.24
Board [6c 6d Qd]
Seat 4: dokaten (button) (small blind) collected ($11.76)
Seat 5: Makomar (big blind) folded on the Flop


PokerStars Hand #155465461829:  Hold'em Limit ($3/$6 USD) - 2016/07/02 9:48:28 ET
Table 'Roucarie II' 6-max Seat #4 is the button
Seat 4: dokaten ($182.56 in chips)
Seat 6: sokol-max-PS ($101 in chips)
dokaten: posts small blind $1
Makomar: is sitting out
sokol-max-PS: posts big blind $3
*** HOLE CARDS ***
dokaten: folds
Uncalled bet ($2) returned to sokol-max-PS
sokol-max-PS collected $2 from pot
*** SUMMARY ***
Total pot $2 | Rake $0
Seat 4: dokaten (button) (small blind) folded before Flop
Seat 6: sokol-max-PS (big blind) collected ($2)


PokerStars Hand #155466010927:  Hold'em Limit ($3/$6 USD) - 2016/07/02 10:05:04 ET
Table 'Roucarie II' 6-max Seat #4 is the button
Seat 1: jestanie ($111 in chips)
Seat 4: VolkovDmitri ($128.64 in chips)
VolkovDmitri: posts small blind $1
jestanie: posts big blind $3
*** HOLE CARDS ***
VolkovDmitri: raises $3 to $6
jestanie: folds
Uncalled bet ($3) returned to VolkovDmitri
VolkovDmitri collected $6 from pot
VolkovDmitri: doesn't show hand
*** SUMMARY ***
Total pot $6 | Rake $0
Seat 1: jestanie (big blind) folded before Flop
Seat 4: VolkovDmitri (button) (small blind) collected ($6)


PokerStars Hand #155465983168:  Hold'em Limit ($3/$6 USD) - 2016/07/02 10:04:16 ET
Table 'Roucarie II' 6-max Seat #1 is the button
Seat 1: jestanie ($120 in chips)
Seat 4: VolkovDmitri ($120 in chips)
jestanie: posts small blind $1
VolkovDmitri: posts big blind $3
*** HOLE CARDS ***
jestanie: raises $3 to $6
VolkovDmitri: calls $3
*** FLOP *** [Kc 9d 5c]
VolkovDmitri: checks
jestanie: bets $3
VolkovDmitri: calls $3
*** TURN *** [Kc 9d 5c] [Qh]
VolkovDmitri: checks
jestanie: checks
*** RIVER *** [Kc 9d 5c Qh] [2s]
VolkovDmitri: checks
jestanie: checks
*** SHOW DOWN ***
VolkovDmitri: shows [5s 3h] (a pair of Fives)
jestanie: mucks hand
VolkovDmitri collected $17.64 from pot
*** SUMMARY ***
Total pot $18 | Rake $0.36
Board [Kc 9d 5c Qh 2s]
Seat 1: jestanie (button) (small blind) mucked
Seat 4: VolkovDmitri (big blind) showed [5s 3h] and won ($17.64) with a pair of Fives


PokerStars Hand #155466051673:  Hold'em Limit ($3/$6 USD) - 2016/07/02 10:06:13 ET
Table 'Roucarie II' 6-max Seat #4 is the button
Seat 1: jestanie ($125.50 in chips)
Seat 4: VolkovDmitri ($120 in chips)
VolkovDmitri: posts small blind $1
jestanie: posts big blind $3
*** HOLE CARDS ***
VolkovDmitri: raises $3 to $6
jestanie: calls $3
*** FLOP *** [5h Th 6d]
jestanie: checks
VolkovDmitri: bets $3
jestanie: folds
Uncalled bet ($3) returned to VolkovDmitri
VolkovDmitri collected $11.76 from pot
VolkovDmitri: doesn't show hand
*** SUMMARY ***
Total pot $12 | Rake $0.24
Board [5h Th 6d]
Seat 1: jestanie (big blind) folded on the Flop
Seat 4: VolkovDmitri (button) (small blind) collected ($11.76)


PokerStars Hand #155466015619:  Hold'em Limit ($3/$6 USD) - 2016/07/02 10:05:12 ET
Table 'Roucarie II' 6-max Seat #1 is the button
Seat 1: jestanie ($108 in chips)
Seat 4: VolkovDmitri ($131.64 in chips)
jestanie: posts small blind $1
VolkovDmitri: posts big blind $3
*** HOLE CARDS ***
jestanie: raises $3 to $6
VolkovDmitri: calls $3
*** FLOP *** [Kc Jh 9s]
VolkovDmitri: checks
jestanie: bets $3
VolkovDmitri: raises $3 to $6
jestanie: calls $3
*** TURN *** [Kc Jh 9s] [6d]
VolkovDmitri: bets $6
jestanie: raises $6 to $12
VolkovDmitri: folds
Uncalled bet ($6) returned to jestanie
jestanie collected $35.50 from pot
jestanie: doesn't show hand
*** SUMMARY ***
Total pot $36 | Rake $0.50
Board [Kc Jh 9s 6d]
Seat 1: jestanie (button) (small blind) collected ($35.50)
Seat 4: VolkovDmitri (big blind) folded on the Turn


PokerStars Hand #155466089841:  Hold'em Limit ($3/$6 USD) - 2016/07/02 10:07:19 ET
Table 'Roucarie II' 6-max Seat #4 is the button
Seat 1: jestanie ($125.26 in chips)
Seat 4: VolkovDmitri ($120 in chips)
VolkovDmitri: posts small blind $1
jestanie: posts big blind $3
*** HOLE CARDS ***
VolkovDmitri: raises $3 to $6
jestanie: folds
Uncalled bet ($3) returned to VolkovDmitri
VolkovDmitri collected $6 from pot
VolkovDmitri: doesn't show hand
*** SUMMARY ***
Total pot $6 | Rake $0
Seat 1: jestanie (big blind) folded before Flop
Seat 4: VolkovDmitri (button) (small blind) collected ($6)


PokerStars Hand #155466067317:  Hold'em Limit ($3/$6 USD) - 2016/07/02 10:06:40 ET
Table 'Roucarie II' 6-max Seat #1 is the button
Seat 1: jestanie ($119.50 in chips)
Seat 4: VolkovDmitri ($125.76 in chips)
jestanie: posts small blind $1
VolkovDmitri: posts big blind $3
*** HOLE CARDS ***
jestanie: raises $3 to $6
VolkovDmitri: calls $3
*** FLOP *** [Qh Ks Js]
VolkovDmitri: checks
jestanie: checks
*** TURN *** [Qh Ks Js] [4s]
VolkovDmitri: checks
jestanie: bets $6
VolkovDmitri: folds
Uncalled bet ($6) returned to jestanie
jestanie collected $11.76 from pot
jestanie: doesn't show hand
*** SUMMARY ***
Total pot $12 | Rake $0.24
Board [Qh Ks Js 4s]
Seat 1: jestanie (button) (small blind) collected ($11.76)
Seat 4: VolkovDmitri (big blind) folded on the Turn


PokerStars Hand #155466116710:  Hold'em Limit ($3/$6 USD) - 2016/07/02 10:08:05 ET
Table 'Roucarie II' 6-max Seat #1 is the button
Seat 1: jestanie ($110.26 in chips)
Seat 4: VolkovDmitri ($134.64 in chips)
jestanie: posts small blind $1
VolkovDmitri: posts big blind $3
*** HOLE CARDS ***
jestanie: raises $3 to $6
VolkovDmitri: calls $3
*** FLOP *** [Kd 5d 4s]
VolkovDmitri: checks
jestanie: bets $3
VolkovDmitri: calls $3
*** TURN *** [Kd 5d 4s] [8s]
VolkovDmitri: checks
jestanie: bets $6
VolkovDmitri: calls $6
*** RIVER *** [Kd 5d 4s 8s] [Jh]
VolkovDmitri: checks
jestanie: checks
*** SHOW DOWN ***
VolkovDmitri: shows [4c 6h] (a pair of Fours)
jestanie: shows [3d 4d] (a pair of Fours)
VolkovDmitri collected $14.75 from pot
jestanie collected $14.75 from pot
*** SUMMARY ***
Total pot $30 | Rake $0.50
Board [Kd 5d 4s 8s Jh]
Seat 1: jestanie (button) (small blind) showed [3d 4d] and won ($14.75) with a pair of Fours
Seat 4: VolkovDmitri (big blind) showed [4c 6h] and won ($14.75) with a pair of Fours


PokerStars Hand #155466110958:  Hold'em Limit ($3/$6 USD) - 2016/07/02 10:07:55 ET
Table 'Roucarie II' 6-max Seat #4 is the button
Seat 1: jestanie ($113.26 in chips)
Seat 4: VolkovDmitri ($131.64 in chips)
VolkovDmitri: posts small blind $1
jestanie: posts big blind $3
*** HOLE CARDS ***
VolkovDmitri: raises $3 to $6
jestanie: folds
Uncalled bet ($3) returned to VolkovDmitri
VolkovDmitri collected $6 from pot
VolkovDmitri: doesn't show hand
*** SUMMARY ***
Total pot $6 | Rake $0
Seat 1: jestanie (big blind) folded before Flop
Seat 4: VolkovDmitri (button) (small blind) collected ($6)


PokerStars Hand #155466096585:  Hold'em Limit ($3/$6 USD) - 2016/07/02 10:07:30 ET
Table 'Roucarie II' 6-max Seat #1 is the button
Seat 1: jestanie ($122.26 in chips)
Seat 4: VolkovDmitri ($123 in chips)
jestanie: posts small blind $1
VolkovDmitri: posts big blind $3
*** HOLE CARDS ***
jestanie: raises $3 to $6
VolkovDmitri: raises $3 to $9
jestanie: calls $3
*** FLOP *** [7c 3c Ad]
VolkovDmitri: bets $3
jestanie: folds
Uncalled bet ($3) returned to VolkovDmitri
VolkovDmitri collected $17.64 from pot
VolkovDmitri: doesn't show hand
*** SUMMARY ***
Total pot $18 | Rake $0.36
Board [7c 3c Ad]
Seat 1: jestanie (button) (small blind) folded on the Flop
Seat 4: VolkovDmitri (big blind) collected ($17.64)


PokerStars Hand #155466154292:  Hold'em Limit ($3/$6 USD) - 2016/07/02 10:09:09 ET
Table 'Roucarie II' 6-max Seat #4 is the button
Seat 1: jestanie ($120.53 in chips)
Seat 4: VolkovDmitri ($123.39 in chips)
VolkovDmitri: posts small blind $1
jestanie: posts big blind $3
*** HOLE CARDS ***
VolkovDmitri: raises $3 to $6
jestanie: raises $3 to $9
VolkovDmitri: calls $3
*** FLOP *** [Qh 2d 9d]
jestanie: bets $3
VolkovDmitri: folds
Uncalled bet ($3) returned to jestanie
jestanie collected $17.64 from pot
jestanie: doesn't show hand
*** SUMMARY ***
Total pot $18 | Rake $0.36
Board [Qh 2d 9d]
Seat 1: jestanie (big blind) collected ($17.64)
Seat 4: VolkovDmitri (button) (small blind) folded on the Flop


PokerStars Hand #155466150274:  Hold'em Limit ($3/$6 USD) - 2016/07/02 10:09:02 ET
Table 'Roucarie II' 6-max Seat #1 is the button
Seat 1: jestanie ($121.53 in chips)
Seat 4: VolkovDmitri ($122.39 in chips)
jestanie: posts small blind $1
VolkovDmitri: posts big blind $3
*** HOLE CARDS ***
jestanie: folds
Uncalled bet ($2) returned to VolkovDmitri
VolkovDmitri collected $2 from pot
VolkovDmitri: doesn't show hand
*** SUMMARY ***
Total pot $2 | Rake $0
Seat 1: jestanie (button) (small blind) folded before Flop
Seat 4: VolkovDmitri (big blind) collected ($2)


PokerStars Hand #155466134943:  Hold'em Limit ($3/$6 USD) - 2016/07/02 10:08:36 ET
Table 'Roucarie II' 6-max Seat #4 is the button
Seat 1: jestanie ($110.01 in chips)
Seat 4: VolkovDmitri ($134.39 in chips)
VolkovDmitri: posts small blind $1
jestanie: posts big blind $3
*** HOLE CARDS ***
VolkovDmitri: raises $3 to $6
jestanie: raises $3 to $9
VolkovDmitri: calls $3
*** FLOP *** [8d 2d 6h]
jestanie: bets $3
VolkovDmitri: calls $3
*** TURN *** [8d 2d 6h] [4h]
jestanie: bets $6
VolkovDmitri: folds
Uncalled bet ($6) returned to jestanie
jestanie collected $23.52 from pot
jestanie: doesn't show hand
*** SUMMARY ***
Total pot $24 | Rake $0.48
Board [8d 2d 6h 4h]
Seat 1: jestanie (big blind) collected ($23.52)
Seat 4: VolkovDmitri (button) (small blind) folded on the Turn


PokerStars Hand #155466207808:  Hold'em Limit ($3/$6 USD) - 2016/07/02 10:10:41 ET
Table 'Roucarie II' 6-max Seat #1 is the button
Seat 1: jestanie ($151.31 in chips)
Seat 4: VolkovDmitri ($124 in chips)
jestanie: posts small blind $1
VolkovDmitri: posts big blind $3
*** HOLE CARDS ***
jestanie: raises $3 to $6
VolkovDmitri: raises $3 to $9
jestanie: calls $3
*** FLOP *** [Jd 4h 9h]
VolkovDmitri: bets $3
jestanie: folds
Uncalled bet ($3) returned to VolkovDmitri
VolkovDmitri collected $17.64 from pot
VolkovDmitri: doesn't show hand
*** SUMMARY ***
Total pot $18 | Rake $0.36
Board [Jd 4h 9h]
Seat 1: jestanie (button) (small blind) folded on the Flop
Seat 4: VolkovDmitri (big blind) collected ($17.64)


PokerStars Hand #155466201380:  Hold'em Limit ($3/$6 USD) - 2016/07/02 10:10:30 ET
Table 'Roucarie II' 6-max Seat #4 is the button
Seat 1: jestanie ($154.31 in chips)
Seat 4: VolkovDmitri ($121 in chips)
VolkovDmitri: posts small blind $1
jestanie: posts big blind $3
*** HOLE CARDS ***
VolkovDmitri: raises $3 to $6
jestanie: folds
Uncalled bet ($3) returned to VolkovDmitri
VolkovDmitri collected $6 from pot
VolkovDmitri: doesn't show hand
*** SUMMARY ***
Total pot $6 | Rake $0
Seat 1: jestanie (big blind) folded before Flop
Seat 4: VolkovDmitri (button) (small blind) collected ($6)


PokerStars Hand #155466198663:  Hold'em Limit ($3/$6 USD) - 2016/07/02 10:10:25 ET
Table 'Roucarie II' 6-max Seat #1 is the button
Seat 1: jestanie ($155.31 in chips)
Seat 4: VolkovDmitri ($120 in chips)
jestanie: posts small blind $1
VolkovDmitri: posts big blind $3
*** HOLE CARDS ***
jestanie: folds
Uncalled bet ($2) returned to VolkovDmitri
VolkovDmitri collected $2 from pot
VolkovDmitri: doesn't show hand
*** SUMMARY ***
Total pot $2 | Rake $0
Seat 1: jestanie (button) (small blind) folded before Flop
Seat 4: VolkovDmitri (big blind) collected ($2)


PokerStars Hand #155466182832:  Hold'em Limit ($3/$6 USD) - 2016/07/02 10:09:58 ET
Table 'Roucarie II' 6-max Seat #4 is the button
Seat 1: jestanie ($146.67 in chips)
Seat 4: VolkovDmitri ($120 in chips)
VolkovDmitri: posts small blind $1
jestanie: posts big blind $3
*** HOLE CARDS ***
VolkovDmitri: raises $3 to $6
jestanie: calls $3
*** FLOP *** [9s 9d 5d]
jestanie: checks
VolkovDmitri: bets $3
jestanie: calls $3
*** TURN *** [9s 9d 5d] [5h]
jestanie: checks
VolkovDmitri: checks
*** RIVER *** [9s 9d 5d 5h] [3d]
jestanie: checks
VolkovDmitri: checks
*** SHOW DOWN ***
jestanie: shows [Ts Kd] (two pair, Nines and Fives)
VolkovDmitri: mucks hand
jestanie collected $17.64 from pot
*** SUMMARY ***
Total pot $18 | Rake $0.36
Board [9s 9d 5d 5h 3d]
Seat 1: jestanie (big blind) showed [Ts Kd] and won ($17.64) with two pair, Nines and Fives
Seat 4: VolkovDmitri (button) (small blind) mucked


PokerStars Hand #155466168068:  Hold'em Limit ($3/$6 USD) - 2016/07/02 10:09:33 ET
Table 'Roucarie II' 6-max Seat #1 is the button
Seat 1: jestanie ($129.17 in chips)
Seat 4: VolkovDmitri ($120 in chips)
jestanie: posts small blind $1
VolkovDmitri: posts big blind $3
*** HOLE CARDS ***
jestanie: raises $3 to $6
VolkovDmitri: calls $3
*** FLOP *** [4s 9s Qs]
VolkovDmitri: checks
jestanie: checks
*** TURN *** [4s 9s Qs] [7h]
VolkovDmitri: bets $6
jestanie: calls $6
*** RIVER *** [4s 9s Qs 7h] [5h]
VolkovDmitri: bets $6
jestanie: calls $6
*** SHOW DOWN ***
VolkovDmitri: shows [6c 7d] (a pair of Sevens)
jestanie: shows [Ad 9c] (a pair of Nines)
jestanie collected $35.50 from pot
*** SUMMARY ***
Total pot $36 | Rake $0.50
Board [4s 9s Qs 7h 5h]
Seat 1: jestanie (button) (small blind) showed [Ad 9c] and won ($35.50) with a pair of Nines
Seat 4: VolkovDmitri (big blind) showed [6c 7d] and lost with a pair of Sevens


PokerStars Hand #155466223182:  Hold'em Limit ($3/$6 USD) - 2016/07/02 10:11:07 ET
Table 'Roucarie II' 6-max Seat #4 is the button
Seat 1: jestanie ($138.31 in chips)
Seat 4: VolkovDmitri ($136.64 in chips)
VolkovDmitri: posts small blind $1
jestanie: posts big blind $3
*** HOLE CARDS ***
VolkovDmitri: raises $3 to $6
jestanie: calls $3
*** FLOP *** [Ah Kc Ks]
jestanie: checks
VolkovDmitri: bets $3
jestanie: folds
Uncalled bet ($3) returned to VolkovDmitri
VolkovDmitri collected $11.76 from pot
VolkovDmitri: doesn't show hand
*** SUMMARY ***
Total pot $12 | Rake $0.24
Board [Ah Kc Ks]
Seat 1: jestanie (big blind) folded on the Flop
Seat 4: VolkovDmitri (button) (small blind) collected ($11.76)


PokerStars Hand #155466220481:  Hold'em Limit ($3/$6 USD) - 2016/07/02 10:11:02 ET
Table 'Roucarie II' 6-max Seat #1 is the button
Seat 1: jestanie ($139.31 in chips)
Seat 4: VolkovDmitri ($135.64 in chips)
jestanie: posts small blind $1
VolkovDmitri: posts big blind $3
*** HOLE CARDS ***
jestanie: folds
Uncalled bet ($2) returned to VolkovDmitri
VolkovDmitri collected $2 from pot
VolkovDmitri: doesn't show hand
*** SUMMARY ***
Total pot $2 | Rake $0
Seat 1: jestanie (button) (small blind) folded before Flop
Seat 4: VolkovDmitri (big blind) collected ($2)


PokerStars Hand #155466213195:  Hold'em Limit ($3/$6 USD) - 2016/07/02 10:10:50 ET
Table 'Roucarie II' 6-max Seat #4 is the button
Seat 1: jestanie ($142.31 in chips)
Seat 4: VolkovDmitri ($132.64 in chips)
VolkovDmitri: posts small blind $1
jestanie: posts big blind $3
*** HOLE CARDS ***
VolkovDmitri: raises $3 to $6
jestanie: folds
Uncalled bet ($3) returned to VolkovDmitri
VolkovDmitri collected $6 from pot
VolkovDmitri: doesn't show hand
*** SUMMARY ***
Total pot $6 | Rake $0
Seat 1: jestanie (big blind) folded before Flop
Seat 4: VolkovDmitri (button) (small blind) collected ($6)


PokerStars Hand #155466251909:  Hold'em Limit ($3/$6 USD) - 2016/07/02 10:11:56 ET
Table 'Roucarie II' 6-max Seat #4 is the button
Seat 1: jestanie ($138.07 in chips)
Seat 4: VolkovDmitri ($136.40 in chips)
VolkovDmitri: posts small blind $1
jestanie: posts big blind $3
*** HOLE CARDS ***
VolkovDmitri: raises $3 to $6
jestanie: calls $3
*** FLOP *** [2d 9c Td]
jestanie: checks
VolkovDmitri: bets $3
jestanie: raises $3 to $6
VolkovDmitri: folds
Uncalled bet ($3) returned to jestanie
jestanie collected $17.64 from pot
jestanie: doesn't show hand
*** SUMMARY ***
Total pot $18 | Rake $0.36
Board [2d 9c Td]
Seat 1: jestanie (big blind) collected ($17.64)
Seat 4: VolkovDmitri (button) (small blind) folded on the Flop


PokerStars Hand #155466231491:  Hold'em Limit ($3/$6 USD) - 2016/07/02 10:11:21 ET
Table 'Roucarie II' 6-max Seat #1 is the button
Seat 1: jestanie ($132.31 in chips)
Seat 4: VolkovDmitri ($142.40 in chips)
jestanie: posts small blind $1
VolkovDmitri: posts big blind $3
*** HOLE CARDS ***
jestanie: raises $3 to $6
VolkovDmitri: calls $3
*** FLOP *** [Js Qh Ts]
VolkovDmitri: checks
jestanie: checks
*** TURN *** [Js Qh Ts] [5h]
VolkovDmitri: checks
jestanie: checks
*** RIVER *** [Js Qh Ts 5h] [2d]
VolkovDmitri: checks
jestanie: checks
*** SHOW DOWN ***
VolkovDmitri: shows [7s Kd] (high card King)
jestanie: shows [Ad 6d] (high card Ace)
jestanie collected $11.76 from pot
*** SUMMARY ***
Total pot $12 | Rake $0.24
Board [Js Qh Ts 5h 2d]
Seat 1: jestanie (button) (small blind) showed [Ad 6d] and won ($11.76) with high card Ace
Seat 4: VolkovDmitri (big blind) showed [7s Kd] and lost with high card King


PokerStars Hand #155466308866:  Hold'em Limit ($3/$6 USD) - 2016/07/02 10:13:35 ET
Table 'Roucarie II' 6-max Seat #1 is the button
Seat 1: jestanie ($146.47 in chips)
Seat 4: VolkovDmitri ($127.16 in chips)
jestanie: posts small blind $1
VolkovDmitri: posts big blind $3
*** HOLE CARDS ***
jestanie: folds
Uncalled bet ($2) returned to VolkovDmitri
VolkovDmitri collected $2 from pot
VolkovDmitri: doesn't show hand
*** SUMMARY ***
Total pot $2 | Rake $0
Seat 1: jestanie (button) (small blind) folded before Flop
Seat 4: VolkovDmitri (big blind) collected ($2)


PokerStars Hand #155466299279:  Hold'em Limit ($3/$6 USD) - 2016/07/02 10:13:18 ET
Table 'Roucarie II' 6-max Seat #4 is the button
Seat 1: jestanie ($152.47 in chips)
Seat 4: VolkovDmitri ($121.40 in chips)
VolkovDmitri: posts small blind $1
jestanie: posts big blind $3
*** HOLE CARDS ***
VolkovDmitri: raises $3 to $6
jestanie: calls $3
*** FLOP *** [2h Ah 3h]
jestanie: checks
VolkovDmitri: bets $3
jestanie: folds
Uncalled bet ($3) returned to VolkovDmitri
VolkovDmitri collected $11.76 from pot
VolkovDmitri: doesn't show hand
*** SUMMARY ***
Total pot $12 | Rake $0.24
Board [2h Ah 3h]
Seat 1: jestanie (big blind) folded on the Flop
Seat 4: VolkovDmitri (button) (small blind) collected ($11.76)


PokerStars Hand #155466292900:  Hold'em Limit ($3/$6 USD) - 2016/07/02 10:13:07 ET
Table 'Roucarie II' 6-max Seat #1 is the button
Seat 1: jestanie ($149.47 in chips)
Seat 4: VolkovDmitri ($124.40 in chips)
jestanie: posts small blind $1
VolkovDmitri: posts big blind $3
*** HOLE CARDS ***
jestanie: raises $3 to $6
VolkovDmitri: folds
Uncalled bet ($3) returned to jestanie
jestanie collected $6 from pot
jestanie: doesn't show hand
*** SUMMARY ***
Total pot $6 | Rake $0
Seat 1: jestanie (button) (small blind) collected ($6)
Seat 4: VolkovDmitri (big blind) folded before Flop


PokerStars Hand #155466288468:  Hold'em Limit ($3/$6 USD) - 2016/07/02 10:13:01 ET
Table 'Roucarie II' 6-max Seat #4 is the button
Seat 1: jestanie ($152.47 in chips)
Seat 4: VolkovDmitri ($121.40 in chips)
VolkovDmitri: posts small blind $1
jestanie: posts big blind $3
*** HOLE CARDS ***
VolkovDmitri: raises $3 to $6
jestanie: folds
Uncalled bet ($3) returned to VolkovDmitri
VolkovDmitri collected $6 from pot
VolkovDmitri: doesn't show hand
*** SUMMARY ***
Total pot $6 | Rake $0
Seat 1: jestanie (big blind) folded before Flop
Seat 4: VolkovDmitri (button) (small blind) collected ($6)


PokerStars Hand #155466265947:  Hold'em Limit ($3/$6 USD) - 2016/07/02 10:12:20 ET
Table 'Roucarie II' 6-max Seat #1 is the button
Seat 1: jestanie ($146.71 in chips)
Seat 4: VolkovDmitri ($127.40 in chips)
jestanie: posts small blind $1
VolkovDmitri: posts big blind $3
*** HOLE CARDS ***
jestanie: raises $3 to $6
VolkovDmitri: calls $3
*** FLOP *** [Qc Qh 3c]
VolkovDmitri: checks
jestanie: checks
*** TURN *** [Qc Qh 3c] [Kh]
VolkovDmitri: checks
jestanie: checks
*** RIVER *** [Qc Qh 3c Kh] [2s]
VolkovDmitri: checks
jestanie: checks
*** SHOW DOWN ***
VolkovDmitri: shows [Ts 7h] (a pair of Queens)
jestanie: shows [Jd 6d] (a pair of Queens - King+Jack kicker)
jestanie collected $11.76 from pot
*** SUMMARY ***
Total pot $12 | Rake $0.24
Board [Qc Qh 3c Kh 2s]
Seat 1: jestanie (button) (small blind) showed [Jd 6d] and won ($11.76) with a pair of Queens
Seat 4: VolkovDmitri (big blind) showed [Ts 7h] and lost with a pair of Queens


PokerStars Hand #155466328388:  Hold'em Limit ($3/$6 USD) - 2016/07/02 10:14:08 ET
Table 'Roucarie II' 6-max Seat #1 is the button
Seat 1: jestanie ($139.47 in chips)
Seat 4: VolkovDmitri ($133.92 in chips)
jestanie: posts small blind $1
VolkovDmitri: posts big blind $3
*** HOLE CARDS ***
jestanie: raises $3 to $6
VolkovDmitri: raises $3 to $9
jestanie: raises $3 to $12
Betting is capped
VolkovDmitri: calls $3
*** FLOP *** [Kc Ah Th]
VolkovDmitri: bets $3
jestanie: raises $3 to $6
VolkovDmitri: calls $3
*** TURN *** [Kc Ah Th] [5c]
VolkovDmitri: bets $6
jestanie: calls $6
*** RIVER *** [Kc Ah Th 5c] [6d]
VolkovDmitri: bets $6
jestanie: calls $6
*** SHOW DOWN ***
VolkovDmitri: shows [7s Kd] (a pair of Kings)
jestanie: shows [Qs Ad] (a pair of Aces)
jestanie collected $59.50 from pot
*** SUMMARY ***
Total pot $60 | Rake $0.50
Board [Kc Ah Th 5c 6d]
Seat 1: jestanie (button) (small blind) showed [Qs Ad] and won ($59.50) with a pair of Aces
Seat 4: VolkovDmitri (big blind) showed [7s Kd] and lost with a pair of Kings


PokerStars Hand #155466311551:  Hold'em Limit ($3/$6 USD) - 2016/07/02 10:13:39 ET
Table 'Roucarie II' 6-max Seat #4 is the button
Seat 1: jestanie ($145.47 in chips)
Seat 4: VolkovDmitri ($128.16 in chips)
VolkovDmitri: posts small blind $1
jestanie: posts big blind $3
*** HOLE CARDS ***
VolkovDmitri: raises $3 to $6
jestanie: calls $3
*** FLOP *** [8h Kc 6s]
jestanie: checks
VolkovDmitri: bets $3
jestanie: folds
Uncalled bet ($3) returned to VolkovDmitri
VolkovDmitri collected $11.76 from pot
VolkovDmitri: doesn't show hand
*** SUMMARY ***
Total pot $12 | Rake $0.24
Board [8h Kc 6s]
Seat 1: jestanie (big blind) folded on the Flop
Seat 4: VolkovDmitri (button) (small blind) collected ($11.76)


PokerStars Hand #155466352456:  Hold'em Limit ($3/$6 USD) - 2016/07/02 10:14:46 ET
Table 'Roucarie II' 6-max Seat #4 is the button
Seat 1: jestanie ($168.97 in chips)
Seat 4: VolkovDmitri ($120 in chips)
VolkovDmitri: posts small blind $1
jestanie: posts big blind $3
*** HOLE CARDS ***
VolkovDmitri: raises $3 to $6
jestanie: calls $3
*** FLOP *** [7c 8c Kd]
jestanie: checks
VolkovDmitri: bets $3
jestanie: calls $3
*** TURN *** [7c 8c Kd] [5d]
jestanie: checks
VolkovDmitri: checks
*** RIVER *** [7c 8c Kd 5d] [6s]
jestanie: checks
VolkovDmitri: checks
*** SHOW DOWN ***
jestanie: shows [8s 4s] (a straight, Four to Eight)
VolkovDmitri: mucks hand
jestanie collected $17.64 from pot
*** SUMMARY ***
Total pot $18 | Rake $0.36
Board [7c 8c Kd 5d 6s]
Seat 1: jestanie (big blind) showed [8s 4s] and won ($17.64) with a straight, Four to Eight
Seat 4: VolkovDmitri (button) (small blind) mucked


PokerStars Hand #155466397228:  Hold'em Limit ($3/$6 USD) - 2016/07/02 10:16:02 ET
Table 'Roucarie II' 6-max Seat #4 is the button
Seat 1: jestanie ($201.11 in chips)
Seat 4: VolkovDmitri ($120 in chips)
VolkovDmitri: posts small blind $1
jestanie: posts big blind $3
*** HOLE CARDS ***
VolkovDmitri: raises $3 to $6
jestanie: raises $3 to $9
VolkovDmitri: calls $3
*** FLOP *** [9h Ks 9c]
jestanie: bets $3
VolkovDmitri: folds
Uncalled bet ($3) returned to jestanie
jestanie collected $17.64 from pot
jestanie: doesn't show hand
*** SUMMARY ***
Total pot $18 | Rake $0.36
Board [9h Ks 9c]
Seat 1: jestanie (big blind) collected ($17.64)
Seat 4: VolkovDmitri (button) (small blind) folded on the Flop


PokerStars Hand #155466372615:  Hold'em Limit ($3/$6 USD) - 2016/07/02 10:15:20 ET
Table 'Roucarie II' 6-max Seat #1 is the button
Seat 1: jestanie ($177.61 in chips)
Seat 4: VolkovDmitri ($120 in chips)
jestanie: posts small blind $1
VolkovDmitri: posts big blind $3
*** HOLE CARDS ***
jestanie: raises $3 to $6
SONCKG joins the table at seat #3
VolkovDmitri: raises $3 to $9
jestanie: calls $3
*** FLOP *** [Kd 6s Js]
VolkovDmitri: bets $3
jestanie: calls $3
*** TURN *** [Kd 6s Js] [7c]
VolkovDmitri: bets $6
jestanie: raises $6 to $12
VolkovDmitri: calls $6
*** RIVER *** [Kd 6s Js 7c] [5c]
VolkovDmitri: checks
jestanie: bets $6
VolkovDmitri: folds
Uncalled bet ($6) returned to jestanie
jestanie collected $47.50 from pot
jestanie: doesn't show hand
*** SUMMARY ***
Total pot $48 | Rake $0.50
Board [Kd 6s Js 7c 5c]
Seat 1: jestanie (button) (small blind) collected ($47.50)
Seat 4: VolkovDmitri (big blind) folded on the River


PokerStars Hand #155467964723:  Hold'em Limit ($3/$6 USD) - 2016/07/02 11:00:51 ET
Table 'Roucarie II' 6-max Seat #2 is the button
Seat 2: mk882 ($149.84 in chips)
Seat 4: Mordnilap ($75 in chips)
mk882: posts small blind $1
Mordnilap: posts big blind $3
*** HOLE CARDS ***
mk882: folds
Uncalled bet ($2) returned to Mordnilap
Mordnilap collected $2 from pot
Mordnilap: doesn't show hand
mk882 leaves the table
*** SUMMARY ***
Total pot $2 | Rake $0
Seat 2: mk882 (button) (small blind) folded before Flop
Seat 4: Mordnilap (big blind) collected ($2)


PokerStars Hand #155467958438:  Hold'em Limit ($3/$6 USD) - 2016/07/02 11:00:39 ET
Table 'Roucarie II' 6-max Seat #4 is the button
Seat 2: mk882 ($152.84 in chips)
Seat 4: Mordnilap ($72 in chips)
Mordnilap: posts small blind $1
vestimokrec: is sitting out
mk882: posts big blind $3
*** HOLE CARDS ***
Mordnilap: raises $3 to $6
vestimokrec leaves the table
mk882: folds
Uncalled bet ($3) returned to Mordnilap
Mordnilap collected $6 from pot
Mordnilap: doesn't show hand
*** SUMMARY ***
Total pot $6 | Rake $0
Seat 2: mk882 (big blind) folded before Flop
Seat 4: Mordnilap (button) (small blind) collected ($6)


