PokerStars Hand #149433273432:  Hold'em Limit ($3/$6 USD) - 2016/02/26 5:37:15 ET
Table 'Roucarie' 6-max Seat #6 is the button
Seat 1: nemets ($112 in chips)
Seat 6: anetkaapro ($80.64 in chips)
anetkaapro: posts small blind $1
nemets: posts big blind $3
*** HOLE CARDS ***
anetkaapro: folds
Uncalled bet ($2) returned to nemets
nemets collected $2 from pot
nemets: doesn't show hand
*** SUMMARY ***
Total pot $2 | Rake $0
Seat 1: nemets (big blind) collected ($2)
Seat 6: anetkaapro (button) (small blind) folded before Flop


PokerStars Hand #149433259108:  Hold'em Limit ($3/$6 USD) - 2016/02/26 5:36:45 ET
Table 'Roucarie' 6-max Seat #1 is the button
Seat 1: nemets ($121 in chips)
Seat 6: anetkaapro ($72 in chips)
nemets: posts small blind $1
anetkaapro: posts big blind $3
*** HOLE CARDS ***
nemets: raises $3 to $6
B_loJkl joins the table at seat #2
anetkaapro: calls $3
*** FLOP *** [5h 7h Ts]
anetkaapro: checks
nemets: bets $3
anetkaapro: raises $3 to $6
nemets: folds
Uncalled bet ($3) returned to anetkaapro
anetkaapro collected $17.64 from pot
anetkaapro: doesn't show hand
*** SUMMARY ***
Total pot $18 | Rake $0.36
Board [5h 7h Ts]
Seat 1: nemets (button) (small blind) folded on the Flop
Seat 6: anetkaapro (big blind) collected ($17.64)


PokerStars Hand #149433323960:  Hold'em Limit ($3/$6 USD) - 2016/02/26 5:39:02 ET
Table 'Roucarie' 6-max Seat #1 is the button
Seat 1: nemets ($102.96 in chips)
Seat 2: B_loJkl ($158.26 in chips)
nemets: posts small blind $1
B_loJkl: posts big blind $3
*** HOLE CARDS ***
nemets: folds
Uncalled bet ($2) returned to B_loJkl
B_loJkl collected $2 from pot
B_loJkl: doesn't show hand
*** SUMMARY ***
Total pot $2 | Rake $0
Seat 1: nemets (button) (small blind) folded before Flop
Seat 2: B_loJkl (big blind) collected ($2)


PokerStars Hand #149433315158:  Hold'em Limit ($3/$6 USD) - 2016/02/26 5:38:43 ET
Table 'Roucarie' 6-max Seat #2 is the button
Seat 1: nemets ($85.46 in chips)
Seat 2: B_loJkl ($176.26 in chips)
B_loJkl: posts small blind $1
nemets: posts big blind $3
*** HOLE CARDS ***
B_loJkl: raises $3 to $6
nemets: calls $3
*** FLOP *** [9s Ts 4c]
nemets: checks
B_loJkl: checks
*** TURN *** [9s Ts 4c] [Qd]
nemets: bets $6
B_loJkl: calls $6
*** RIVER *** [9s Ts 4c Qd] [2d]
nemets: bets $6
B_loJkl: calls $6
*** SHOW DOWN ***
nemets: shows [Qc 4s] (two pair, Queens and Fours)
B_loJkl: mucks hand
nemets collected $35.50 from pot
*** SUMMARY ***
Total pot $36 | Rake $0.50
Board [9s Ts 4c Qd 2d]
Seat 1: nemets (big blind) showed [Qc 4s] and won ($35.50) with two pair, Queens and Fours
Seat 2: B_loJkl (button) (small blind) mucked


PokerStars Hand #149433302442:  Hold'em Limit ($3/$6 USD) - 2016/02/26 5:38:16 ET
Table 'Roucarie' 6-max Seat #1 is the button
Seat 1: nemets ($115.46 in chips)
Seat 2: B_loJkl ($146.76 in chips)
nemets: posts small blind $1
B_loJkl: posts big blind $3
*** HOLE CARDS ***
nemets: raises $3 to $6
B_loJkl: calls $3
*** FLOP *** [6c 6s Ts]
B_loJkl: checks
nemets: bets $3
B_loJkl: raises $3 to $6
nemets: raises $3 to $9
B_loJkl: raises $3 to $12
Betting is capped
nemets: calls $3
*** TURN *** [6c 6s Ts] [9c]
B_loJkl: bets $6
nemets: calls $6
*** RIVER *** [6c 6s Ts 9c] [3c]
B_loJkl: bets $6
nemets: calls $6
*** SHOW DOWN ***
B_loJkl: shows [8h 6d] (three of a kind, Sixes)
nemets: mucks hand
B_loJkl collected $59.50 from pot
*** SUMMARY ***
Total pot $60 | Rake $0.50
Board [6c 6s Ts 9c 3c]
Seat 1: nemets (button) (small blind) mucked
Seat 2: B_loJkl (big blind) showed [8h 6d] and won ($59.50) with three of a kind, Sixes


PokerStars Hand #149433295334:  Hold'em Limit ($3/$6 USD) - 2016/02/26 5:38:01 ET
Table 'Roucarie' 6-max Seat #2 is the button
Seat 1: nemets ($121.46 in chips)
Seat 2: B_loJkl ($141 in chips)
B_loJkl: posts small blind $1
anetkaapro: is sitting out
nemets: posts big blind $3
*** HOLE CARDS ***
B_loJkl: raises $3 to $6
nemets: calls $3
*** FLOP *** [5d 7s 9c]
nemets: checks
B_loJkl: bets $3
nemets: folds
Uncalled bet ($3) returned to B_loJkl
B_loJkl collected $11.76 from pot
B_loJkl: doesn't show hand
*** SUMMARY ***
Total pot $12 | Rake $0.24
Board [5d 7s 9c]
Seat 1: nemets (big blind) folded on the Flop
Seat 2: B_loJkl (button) (small blind) collected ($11.76)


PokerStars Hand #149433326329:  Hold'em Limit ($3/$6 USD) - 2016/02/26 5:39:06 ET
Table 'Roucarie' 6-max Seat #2 is the button
Seat 1: nemets ($101.96 in chips)
Seat 2: B_loJkl ($159.26 in chips)
B_loJkl: posts small blind $1
nemets: posts big blind $3
*** HOLE CARDS ***
B_loJkl: raises $3 to $6
nemets: raises $3 to $9
B_loJkl: calls $3
*** FLOP *** [7c 5s 2s]
nemets: bets $3
B_loJkl: calls $3
*** TURN *** [7c 5s 2s] [4h]
nemets: bets $6
B_loJkl: calls $6
*** RIVER *** [7c 5s 2s 4h] [Jc]
nemets: checks
B_loJkl: bets $6
nemets: raises $6 to $12
B_loJkl: folds
Uncalled bet ($6) returned to nemets
nemets collected $47.50 from pot
nemets: doesn't show hand
*** SUMMARY ***
Total pot $48 | Rake $0.50
Board [7c 5s 2s 4h Jc]
Seat 1: nemets (big blind) collected ($47.50)
Seat 2: B_loJkl (button) (small blind) folded on the River


PokerStars Hand #149433347500:  Hold'em Limit ($3/$6 USD) - 2016/02/26 5:39:51 ET
Table 'Roucarie' 6-max Seat #1 is the button
Seat 1: nemets ($125.46 in chips)
Seat 2: B_loJkl ($135.26 in chips)
nemets: posts small blind $1
B_loJkl: posts big blind $3
*** HOLE CARDS ***
nemets: raises $3 to $6
B_loJkl: calls $3
*** FLOP *** [2d Kh 7s]
B_loJkl: checks
loh2706 joins the table at seat #3
nemets: checks
*** TURN *** [2d Kh 7s] [3h]
B_loJkl: bets $6
nemets: calls $6
*** RIVER *** [2d Kh 7s 3h] [3s]
B_loJkl: checks
nemets: checks
*** SHOW DOWN ***
B_loJkl: shows [Qh 5c] (a pair of Threes)
nemets: mucks hand
B_loJkl collected $23.52 from pot
*** SUMMARY ***
Total pot $24 | Rake $0.48
Board [2d Kh 7s 3h 3s]
Seat 1: nemets (button) (small blind) mucked
Seat 2: B_loJkl (big blind) showed [Qh 5c] and won ($23.52) with a pair of Threes


PokerStars Hand #149433783753:  Hold'em Limit ($3/$6 USD) - 2016/02/26 5:55:07 ET
Table 'Roucarie' 6-max Seat #5 is the button
Seat 3: Pele24 ($142.53 in chips)
Seat 5: TbIP-TbIP 88 ($140.89 in chips)
TbIP-TbIP 88: posts small blind $1
SmellyToes4u: is sitting out
B_loJkl: is sitting out
Pele24: posts big blind $3
*** HOLE CARDS ***
B_loJkl leaves the table
TbIP-TbIP 88: raises $3 to $6
Pele24: raises $3 to $9
TbIP-TbIP 88: calls $3
*** FLOP *** [8h 5c Js]
Pele24: bets $3
TbIP-TbIP 88: folds
Uncalled bet ($3) returned to Pele24
Pele24 collected $17.64 from pot
*** SUMMARY ***
Total pot $18 | Rake $0.36
Board [8h 5c Js]
Seat 3: Pele24 (big blind) collected ($17.64)
Seat 5: TbIP-TbIP 88 (button) (small blind) folded on the Flop


