PokerStars Hand #169450453145:  Hold'em Limit ($3/$6 USD) - 2017/04/23 12:03:57 ET
Table 'Roxane' 6-max Seat #1 is the button
Seat 1: Velbor107 ($300 in chips)
Seat 3: bekooi ($40 in chips)
Velbor107: posts small blind $1
bekooi: posts big blind $3
*** HOLE CARDS ***
Velbor107: raises $3 to $6
bekooi: raises $3 to $9
Velbor107: calls $3
*** FLOP *** [8d 3c 6s]
yamaxerm joins the table at seat #4
bekooi: bets $3
Velbor107: raises $3 to $6
bekooi: calls $3
*** TURN *** [8d 3c 6s] [Qh]
bekooi: checks
Velbor107: bets $6
bekooi: calls $6
*** RIVER *** [8d 3c 6s Qh] [5h]
bekooi: checks
Velbor107: bets $6
bekooi: calls $6
*** SHOW DOWN ***
Velbor107: shows [9s 9c] (a pair of Nines)
bekooi: mucks hand
Velbor107 collected $53.50 from pot
*** SUMMARY ***
Total pot $54 | Rake $0.50
Board [8d 3c 6s Qh 5h]
Seat 1: Velbor107 (button) (small blind) showed [9s 9c] and won ($53.50) with a pair of Nines
Seat 3: bekooi (big blind) mucked


PokerStars Hand #169450479735:  Hold'em Limit ($3/$6 USD) - 2017/04/23 12:04:31 ET
Table 'Roxane' 6-max Seat #1 is the button
Seat 1: Velbor107 ($327.50 in chips)
Seat 3: bekooi ($12 in chips)
Velbor107: posts small blind $1
bekooi: posts big blind $3
*** HOLE CARDS ***
Velbor107: folds
Uncalled bet ($2) returned to bekooi
bekooi collected $2 from pot
bekooi: doesn't show hand
*** SUMMARY ***
Total pot $2 | Rake $0
Seat 1: Velbor107 (button) (small blind) folded before Flop
Seat 3: bekooi (big blind) collected ($2)


PokerStars Hand #169450475942:  Hold'em Limit ($3/$6 USD) - 2017/04/23 12:04:26 ET
Table 'Roxane' 6-max Seat #3 is the button
Seat 1: Velbor107 ($326.50 in chips)
Seat 3: bekooi ($13 in chips)
bekooi: posts small blind $1
Velbor107: posts big blind $3
*** HOLE CARDS ***
bekooi: folds
Uncalled bet ($2) returned to Velbor107
Velbor107 collected $2 from pot
*** SUMMARY ***
Total pot $2 | Rake $0
Seat 1: Velbor107 (big blind) collected ($2)
Seat 3: bekooi (button) (small blind) folded before Flop


PokerStars Hand #169450488342:  Hold'em Limit ($3/$6 USD) - 2017/04/23 12:04:41 ET
Table 'Roxane' 6-max Seat #1 is the button
Seat 1: Velbor107 ($327.50 in chips)
Seat 3: bekooi ($12 in chips)
Velbor107: posts small blind $1
bekooi: posts big blind $3
*** HOLE CARDS ***
Velbor107: folds
Uncalled bet ($2) returned to bekooi
bekooi collected $2 from pot
bekooi: doesn't show hand
*** SUMMARY ***
Total pot $2 | Rake $0
Seat 1: Velbor107 (button) (small blind) folded before Flop
Seat 3: bekooi (big blind) collected ($2)


PokerStars Hand #169450484447:  Hold'em Limit ($3/$6 USD) - 2017/04/23 12:04:36 ET
Table 'Roxane' 6-max Seat #3 is the button
Seat 1: Velbor107 ($326.50 in chips)
Seat 3: bekooi ($13 in chips)
bekooi: posts small blind $1
Velbor107: posts big blind $3
*** HOLE CARDS ***
bekooi: folds
Uncalled bet ($2) returned to Velbor107
Velbor107 collected $2 from pot
*** SUMMARY ***
Total pot $2 | Rake $0
Seat 1: Velbor107 (big blind) collected ($2)
Seat 3: bekooi (button) (small blind) folded before Flop


PokerStars Hand #169450516702:  Hold'em Limit ($3/$6 USD) - 2017/04/23 12:05:16 ET
Table 'Roxane' 6-max Seat #1 is the button
Seat 1: Velbor107 ($323.50 in chips)
Seat 3: bekooi ($15.88 in chips)
Velbor107: posts small blind $1
bekooi: posts big blind $3
*** HOLE CARDS ***
Velbor107: folds
Uncalled bet ($2) returned to bekooi
bekooi collected $2 from pot
bekooi: doesn't show hand
*** SUMMARY ***
Total pot $2 | Rake $0
Seat 1: Velbor107 (button) (small blind) folded before Flop
Seat 3: bekooi (big blind) collected ($2)


PokerStars Hand #169450520551:  Hold'em Limit ($3/$6 USD) - 2017/04/23 12:05:21 ET
Table 'Roxane' 6-max Seat #3 is the button
Seat 1: Velbor107 ($322.50 in chips)
Seat 3: bekooi ($16.88 in chips)
bekooi: posts small blind $1
Velbor107: posts big blind $3
*** HOLE CARDS ***
bekooi: raises $3 to $6
Velbor107: calls $3
*** FLOP *** [7c 2s Js]
Velbor107: checks
bekooi: checks
*** TURN *** [7c 2s Js] [Td]
Velbor107: checks
yamaxerm leaves the table
bekooi: bets $6
Velbor107: folds
Uncalled bet ($6) returned to bekooi
bekooi collected $11.76 from pot
bekooi: doesn't show hand
*** SUMMARY ***
Total pot $12 | Rake $0.24
Board [7c 2s Js Td]
Seat 1: Velbor107 (big blind) folded on the Turn
Seat 3: bekooi (button) (small blind) collected ($11.76)


PokerStars Hand #169450492014:  Hold'em Limit ($3/$6 USD) - 2017/04/23 12:04:46 ET
Table 'Roxane' 6-max Seat #3 is the button
Seat 1: Velbor107 ($326.50 in chips)
Seat 3: bekooi ($13 in chips)
bekooi: posts small blind $1
Velbor107: posts big blind $3
*** HOLE CARDS ***
bekooi: calls $2
Velbor107: checks
*** FLOP *** [2h 5d Ah]
Velbor107: checks
bekooi: checks
*** TURN *** [2h 5d Ah] [9s]
Velbor107: checks
bekooi: checks
*** RIVER *** [2h 5d Ah 9s] [As]
Velbor107: checks
bekooi: checks
*** SHOW DOWN ***
Velbor107: shows [Js Ts] (a pair of Aces)
bekooi: shows [3s Qs] (a pair of Aces - Queen kicker)
bekooi collected $5.88 from pot
*** SUMMARY ***
Total pot $6 | Rake $0.12
Board [2h 5d Ah 9s As]
Seat 1: Velbor107 (big blind) showed [Js Ts] and lost with a pair of Aces
Seat 3: bekooi (button) (small blind) showed [3s Qs] and won ($5.88) with a pair of Aces


PokerStars Hand #169450560528:  Hold'em Limit ($3/$6 USD) - 2017/04/23 12:06:10 ET
Table 'Roxane' 6-max Seat #3 is the button
Seat 1: Velbor107 ($301.50 in chips)
Seat 3: bekooi ($37.14 in chips)
bekooi: posts small blind $1
Velbor107: posts big blind $3
*** HOLE CARDS ***
bekooi: calls $2
Velbor107: checks
*** FLOP *** [7s Qh As]
Velbor107: bets $3
bekooi: folds
Uncalled bet ($3) returned to Velbor107
Velbor107 collected $5.88 from pot
*** SUMMARY ***
Total pot $6 | Rake $0.12
Board [7s Qh As]
Seat 1: Velbor107 (big blind) collected ($5.88)
Seat 3: bekooi (button) (small blind) folded on the Flop


PokerStars Hand #169450556132:  Hold'em Limit ($3/$6 USD) - 2017/04/23 12:06:04 ET
Table 'Roxane' 6-max Seat #1 is the button
Seat 1: Velbor107 ($302.50 in chips)
Seat 3: bekooi ($36.14 in chips)
Velbor107: posts small blind $1
bekooi: posts big blind $3
*** HOLE CARDS ***
Velbor107: folds
Uncalled bet ($2) returned to bekooi
bekooi collected $2 from pot
bekooi: doesn't show hand
*** SUMMARY ***
Total pot $2 | Rake $0
Seat 1: Velbor107 (button) (small blind) folded before Flop
Seat 3: bekooi (big blind) collected ($2)


PokerStars Hand #169450570655:  Hold'em Limit ($3/$6 USD) - 2017/04/23 12:06:22 ET
Table 'Roxane' 6-max Seat #1 is the button
Seat 1: Velbor107 ($304.38 in chips)
Seat 3: bekooi ($34.14 in chips)
Velbor107: posts small blind $1
bekooi: posts big blind $3
*** HOLE CARDS ***
Velbor107: raises $3 to $6
bekooi: calls $3
*** FLOP *** [Kh Js 2c]
bekooi: checks
Velbor107: bets $3
bekooi: calls $3
*** TURN *** [Kh Js 2c] [2d]
bekooi: checks
tomasooo29 joins the table at seat #2
Velbor107: checks
*** RIVER *** [Kh Js 2c 2d] [4d]
bekooi: bets $6
Velbor107: folds
Uncalled bet ($6) returned to bekooi
bekooi collected $17.64 from pot
bekooi: doesn't show hand
*** SUMMARY ***
Total pot $18 | Rake $0.36
Board [Kh Js 2c 2d 4d]
Seat 1: Velbor107 (button) (small blind) folded on the River
Seat 3: bekooi (big blind) collected ($17.64)


PokerStars Hand #169450552235:  Hold'em Limit ($3/$6 USD) - 2017/04/23 12:06:00 ET
Table 'Roxane' 6-max Seat #3 is the button
Seat 1: Velbor107 ($301.50 in chips)
Seat 3: bekooi ($37.14 in chips)
bekooi: posts small blind $1
Velbor107: posts big blind $3
*** HOLE CARDS ***
bekooi: folds
Uncalled bet ($2) returned to Velbor107
Velbor107 collected $2 from pot
*** SUMMARY ***
Total pot $2 | Rake $0
Seat 1: Velbor107 (big blind) collected ($2)
Seat 3: bekooi (button) (small blind) folded before Flop


PokerStars Hand #169450532772:  Hold'em Limit ($3/$6 USD) - 2017/04/23 12:05:36 ET
Table 'Roxane' 6-max Seat #1 is the button
Seat 1: Velbor107 ($316.50 in chips)
Seat 3: bekooi ($22.64 in chips)
Velbor107: posts small blind $1
bekooi: posts big blind $3
*** HOLE CARDS ***
Velbor107: raises $3 to $6
bekooi: calls $3
*** FLOP *** [5c Th Qs]
bekooi: checks
Velbor107: bets $3
bekooi: calls $3
*** TURN *** [5c Th Qs] [Jd]
bekooi: checks
Velbor107: checks
*** RIVER *** [5c Th Qs Jd] [6s]
bekooi: bets $6
Velbor107: calls $6
*** SHOW DOWN ***
bekooi: shows [Kd 9c] (a straight, Nine to King)
Velbor107: mucks hand
bekooi collected $29.50 from pot
*** SUMMARY ***
Total pot $30 | Rake $0.50
Board [5c Th Qs Jd 6s]
Seat 1: Velbor107 (button) (small blind) mucked
Seat 3: bekooi (big blind) showed [Kd 9c] and won ($29.50) with a straight, Nine to King


PokerStars Hand #169450604011:  Hold'em Limit ($3/$6 USD) - 2017/04/23 12:07:03 ET
Table 'Roxane' 6-max Seat #2 is the button
Seat 2: tomasooo29 ($117 in chips)
Seat 4: Velbor107 ($303 in chips)
tomasooo29: posts small blind $1
Velbor107: posts big blind $3
*** HOLE CARDS ***
tomasooo29: raises $3 to $6
Velbor107: calls $3
*** FLOP *** [9c Jd 2c]
Velbor107: checks
tomasooo29: bets $3
Velbor107: calls $3
*** TURN *** [9c Jd 2c] [5d]
Velbor107: checks
tomasooo29: bets $6
Velbor107: calls $6
*** RIVER *** [9c Jd 2c 5d] [Ts]
Velbor107: checks
tomasooo29: bets $6
Velbor107: folds
Uncalled bet ($6) returned to tomasooo29
tomasooo29 collected $29.50 from pot
tomasooo29: doesn't show hand
*** SUMMARY ***
Total pot $30 | Rake $0.50
Board [9c Jd 2c 5d Ts]
Seat 2: tomasooo29 (button) (small blind) collected ($29.50)
Seat 4: Velbor107 (big blind) folded on the River


PokerStars Hand #169450596737:  Hold'em Limit ($3/$6 USD) - 2017/04/23 12:06:54 ET
Table 'Roxane' 6-max Seat #4 is the button
Seat 2: tomasooo29 ($120 in chips)
Seat 4: Velbor107 ($300 in chips)
Velbor107: posts small blind $1
tomasooo29: posts big blind $3
*** HOLE CARDS ***
Velbor107: raises $3 to $6
tomasooo29: folds
Uncalled bet ($3) returned to Velbor107
Velbor107 collected $6 from pot
*** SUMMARY ***
Total pot $6 | Rake $0
Seat 2: tomasooo29 (big blind) folded before Flop
Seat 4: Velbor107 (button) (small blind) collected ($6)


PokerStars Hand #169450633287:  Hold'em Limit ($3/$6 USD) - 2017/04/23 12:07:39 ET
Table 'Roxane' 6-max Seat #4 is the button
Seat 2: tomasooo29 ($131.50 in chips)
Seat 4: Velbor107 ($288 in chips)
Velbor107: posts small blind $1
tomasooo29: posts big blind $3
*** HOLE CARDS ***
Velbor107: raises $3 to $6
tomasooo29: calls $3
*** FLOP *** [7h 2d 9c]
tomasooo29: bets $3
Velbor107: calls $3
*** TURN *** [7h 2d 9c] [Qc]
tomasooo29: checks
Velbor107: bets $6
tomasooo29: raises $6 to $12
Velbor107: calls $6
*** RIVER *** [7h 2d 9c Qc] [Kh]
tomasooo29: bets $6
Velbor107: calls $6
*** SHOW DOWN ***
tomasooo29: shows [9h 8d] (a pair of Nines)
Velbor107: shows [Jh 9s] (a pair of Nines - King+Queen+Jack kicker)
Velbor107 collected $53.50 from pot
*** SUMMARY ***
Total pot $54 | Rake $0.50
Board [7h 2d 9c Qc Kh]
Seat 2: tomasooo29 (big blind) showed [9h 8d] and lost with a pair of Nines
Seat 4: Velbor107 (button) (small blind) showed [Jh 9s] and won ($53.50) with a pair of Nines


PokerStars Hand #169465579037:  Hold'em Limit ($3/$6 USD) - 2017/04/23 16:55:30 ET
Table 'Roxane' 6-max Seat #6 is the button
Seat 1: TinaTurner72 ($120 in chips)
Seat 6: HAOYUN88888 ($120 in chips)
HAOYUN88888: posts small blind $1
TinaTurner72: posts big blind $3
*** HOLE CARDS ***
HAOYUN88888: folds
Uncalled bet ($2) returned to TinaTurner72
TinaTurner72 collected $2 from pot
TinaTurner72: doesn't show hand
*** SUMMARY ***
Total pot $2 | Rake $0
Seat 1: TinaTurner72 (big blind) collected ($2)
Seat 6: HAOYUN88888 (button) (small blind) folded before Flop


PokerStars Hand #169465581878:  Hold'em Limit ($3/$6 USD) - 2017/04/23 16:55:34 ET
Table 'Roxane' 6-max Seat #1 is the button
Seat 1: TinaTurner72 ($121 in chips)
Seat 6: HAOYUN88888 ($119 in chips)
TinaTurner72: posts small blind $1
HAOYUN88888: posts big blind $3
*** HOLE CARDS ***
TinaTurner72: folds
Uncalled bet ($2) returned to HAOYUN88888
HAOYUN88888 collected $2 from pot
HAOYUN88888: doesn't show hand
*** SUMMARY ***
Total pot $2 | Rake $0
Seat 1: TinaTurner72 (button) (small blind) folded before Flop
Seat 6: HAOYUN88888 (big blind) collected ($2)


PokerStars Hand #169465585272:  Hold'em Limit ($3/$6 USD) - 2017/04/23 16:55:40 ET
Table 'Roxane' 6-max Seat #6 is the button
Seat 1: TinaTurner72 ($120 in chips)
Seat 6: HAOYUN88888 ($120 in chips)
HAOYUN88888: posts small blind $1
TinaTurner72: posts big blind $3
*** HOLE CARDS ***
HAOYUN88888: raises $3 to $6
TinaTurner72: calls $3
*** FLOP *** [8s 2c 8d]
TinaTurner72: checks
HAOYUN88888: bets $3
TinaTurner72: folds
Uncalled bet ($3) returned to HAOYUN88888
HAOYUN88888 collected $11.76 from pot
HAOYUN88888: doesn't show hand
*** SUMMARY ***
Total pot $12 | Rake $0.24
Board [8s 2c 8d]
Seat 1: TinaTurner72 (big blind) folded on the Flop
Seat 6: HAOYUN88888 (button) (small blind) collected ($11.76)


PokerStars Hand #169466318469:  Hold'em Limit ($3/$6 USD) - 2017/04/23 17:11:08 ET
Table 'Roxane' 6-max Seat #2 is the button
Seat 2: hairy1961 ($61.34 in chips)
Seat 5: xxPSRxx ($149.21 in chips)
Chessnok will be allowed to play after the button
hairy1961: posts small blind $1
vestimokrec: is sitting out
xxPSRxx: posts big blind $3
*** HOLE CARDS ***
hairy1961: raises $3 to $6
xxPSRxx: calls $3
*** FLOP *** [As 6h 3s]
xxPSRxx: checks
hairy1961: bets $3
xxPSRxx: calls $3
*** TURN *** [As 6h 3s] [5d]
xxPSRxx: checks
hairy1961: bets $6
xxPSRxx: calls $6
*** RIVER *** [As 6h 3s 5d] [Kc]
xxPSRxx: checks
hairy1961: checks
*** SHOW DOWN ***
xxPSRxx: shows [6d Jc] (a pair of Sixes)
hairy1961: mucks hand
xxPSRxx collected $29.50 from pot
*** SUMMARY ***
Total pot $30 | Rake $0.50
Board [As 6h 3s 5d Kc]
Seat 2: hairy1961 (button) (small blind) mucked
Seat 5: xxPSRxx (big blind) showed [6d Jc] and won ($29.50) with a pair of Sixes


PokerStars Hand #169466646432:  Hold'em Limit ($3/$6 USD) - 2017/04/23 17:17:23 ET
Table 'Roxane' 6-max Seat #5 is the button
Seat 5: xxPSRxx ($231.78 in chips)
Seat 6: Chessnok ($87.79 in chips)
maggiemoodle will be allowed to play after the button
xxPSRxx: posts small blind $1
Chessnok: posts big blind $3
*** HOLE CARDS ***
hairy1961 leaves the table
xxPSRxx: folds
Uncalled bet ($2) returned to Chessnok
Chessnok collected $2 from pot
Chessnok: doesn't show hand
*** SUMMARY ***
Total pot $2 | Rake $0
Seat 5: xxPSRxx (button) (small blind) folded before Flop
Seat 6: Chessnok (big blind) collected ($2)


PokerStars Hand #169470806579:  Hold'em Limit ($3/$6 USD) - 2017/04/23 18:47:44 ET
Table 'Roxane' 6-max Seat #2 is the button
Seat 2: aloven ($218.56 in chips)
Seat 5: Koraseg ($60.64 in chips)
Bedard will be allowed to play after the button
aloven: posts small blind $1
bloeffer: is sitting out
Koraseg: posts big blind $3
*** HOLE CARDS ***
aloven: folds
Uncalled bet ($2) returned to Koraseg
Koraseg collected $2 from pot
Koraseg: doesn't show hand
*** SUMMARY ***
Total pot $2 | Rake $0
Seat 2: aloven (button) (small blind) folded before Flop
Seat 5: Koraseg (big blind) collected ($2)


