PokerStars Hand #144482742032:  Hold'em Limit ($3/$6 USD) - 2015/11/27 18:35:39 ET
Table 'Ruanda' 2-max Seat #1 is the button
Seat 1: guinness5860 ($16.62 in chips)
Seat 2: xAndorx ($138.02 in chips)
guinness5860: posts small blind $1
xAndorx: posts big blind $3
*** HOLE CARDS ***
guinness5860: calls $2
xAndorx: raises $3 to $6
guinness5860: calls $3
*** FLOP *** [7s 2h Td]
xAndorx: checks
guinness5860: checks
*** TURN *** [7s 2h Td] [3h]
xAndorx: checks
guinness5860: bets $6
xAndorx: folds
Uncalled bet ($6) returned to guinness5860
guinness5860 collected $11.76 from pot
guinness5860: doesn't show hand
*** SUMMARY ***
Total pot $12 | Rake $0.24
Board [7s 2h Td 3h]
Seat 1: guinness5860 (button) (small blind) collected ($11.76)
Seat 2: xAndorx (big blind) folded on the Turn


PokerStars Hand #144482723952:  Hold'em Limit ($3/$6 USD) - 2015/11/27 18:35:15 ET
Table 'Ruanda' 2-max Seat #2 is the button
Seat 1: guinness5860 ($8.48 in chips)
Seat 2: xAndorx ($146.50 in chips)
xAndorx: posts small blind $1
guinness5860: posts big blind $3
*** HOLE CARDS ***
xAndorx: raises $3 to $6
guinness5860: calls $3
*** FLOP *** [4h Js Ac]
guinness5860: checks
xAndorx: bets $3
guinness5860: calls $2.48 and is all-in
Uncalled bet ($0.52) returned to xAndorx
*** TURN *** [4h Js Ac] [Jc]
*** RIVER *** [4h Js Ac Jc] [7d]
*** SHOW DOWN ***
guinness5860: shows [Jh 2d] (three of a kind, Jacks)
xAndorx: shows [Qs 9d] (a pair of Jacks)
guinness5860 collected $16.62 from pot
*** SUMMARY ***
Total pot $16.96 | Rake $0.34
Board [4h Js Ac Jc 7d]
Seat 1: guinness5860 (big blind) showed [Jh 2d] and won ($16.62) with three of a kind, Jacks
Seat 2: xAndorx (button) (small blind) showed [Qs 9d] and lost with a pair of Jacks


PokerStars Hand #144482689360:  Hold'em Limit ($3/$6 USD) - 2015/11/27 18:34:29 ET
Table 'Ruanda' 2-max Seat #1 is the button
Seat 1: guinness5860 ($32.48 in chips)
Seat 2: xAndorx ($123 in chips)
guinness5860: posts small blind $1
xAndorx: posts big blind $3
*** HOLE CARDS ***
guinness5860: calls $2
xAndorx: checks
*** FLOP *** [9s 4d 6d]
xAndorx: checks
guinness5860: bets $3
xAndorx: calls $3
*** TURN *** [9s 4d 6d] [Th]
xAndorx: checks
guinness5860: bets $6
xAndorx: raises $6 to $12
guinness5860: calls $6
*** RIVER *** [9s 4d 6d Th] [4c]
xAndorx: bets $6
guinness5860: calls $6
*** SHOW DOWN ***
xAndorx: shows [4s 6s] (a full house, Fours full of Sixes)
guinness5860: mucks hand
xAndorx collected $47.50 from pot
*** SUMMARY ***
Total pot $48 | Rake $0.50
Board [9s 4d 6d Th 4c]
Seat 1: guinness5860 (button) (small blind) mucked
Seat 2: xAndorx (big blind) showed [4s 6s] and won ($47.50) with a full house, Fours full of Sixes


PokerStars Hand #144482756830:  Hold'em Limit ($3/$6 USD) - 2015/11/27 18:35:59 ET
Table 'Ruanda' 2-max Seat #2 is the button
Seat 1: guinness5860 ($22.38 in chips)
Seat 2: xAndorx ($132.02 in chips)
xAndorx: posts small blind $1
guinness5860: posts big blind $3
*** HOLE CARDS ***
xAndorx: raises $3 to $6
guinness5860: calls $3
*** FLOP *** [3d 5s Ks]
guinness5860: checks
xAndorx: checks
*** TURN *** [3d 5s Ks] [4s]
guinness5860: checks
xAndorx: checks
*** RIVER *** [3d 5s Ks 4s] [Jd]
guinness5860: bets $6
xAndorx: folds
Uncalled bet ($6) returned to guinness5860
guinness5860 collected $11.76 from pot
guinness5860: doesn't show hand
*** SUMMARY ***
Total pot $12 | Rake $0.24
Board [3d 5s Ks 4s Jd]
Seat 1: guinness5860 (big blind) collected ($11.76)
Seat 2: xAndorx (button) (small blind) folded on the River


PokerStars Hand #144482831894:  Hold'em Limit ($3/$6 USD) - 2015/11/27 18:37:40 ET
Table 'Ruanda' 2-max Seat #2 is the button
Seat 1: guinness5860 ($45.42 in chips)
Seat 2: xAndorx ($108.02 in chips)
xAndorx: posts small blind $1
guinness5860: posts big blind $3
*** HOLE CARDS ***
xAndorx: raises $3 to $6
guinness5860: folds
Uncalled bet ($3) returned to xAndorx
xAndorx collected $6 from pot
xAndorx: doesn't show hand
*** SUMMARY ***
Total pot $6 | Rake $0
Seat 1: guinness5860 (big blind) folded before Flop
Seat 2: xAndorx (button) (small blind) collected ($6)


PokerStars Hand #144482820675:  Hold'em Limit ($3/$6 USD) - 2015/11/27 18:37:25 ET
Table 'Ruanda' 2-max Seat #1 is the button
Seat 1: guinness5860 ($42.54 in chips)
Seat 2: xAndorx ($111.02 in chips)
guinness5860: posts small blind $1
xAndorx: posts big blind $3
*** HOLE CARDS ***
guinness5860: calls $2
xAndorx: checks
*** FLOP *** [Jd 7c Tc]
xAndorx: checks
guinness5860: bets $3
xAndorx: folds
Uncalled bet ($3) returned to guinness5860
guinness5860 collected $5.88 from pot
guinness5860: doesn't show hand
*** SUMMARY ***
Total pot $6 | Rake $0.12
Board [Jd 7c Tc]
Seat 1: guinness5860 (button) (small blind) collected ($5.88)
Seat 2: xAndorx (big blind) folded on the Flop


PokerStars Hand #144482804334:  Hold'em Limit ($3/$6 USD) - 2015/11/27 18:37:03 ET
Table 'Ruanda' 2-max Seat #2 is the button
Seat 1: guinness5860 ($31.02 in chips)
Seat 2: xAndorx ($123.02 in chips)
xAndorx: posts small blind $1
guinness5860: posts big blind $3
*** HOLE CARDS ***
xAndorx: raises $3 to $6
guinness5860: calls $3
*** FLOP *** [8d 4c 6c]
guinness5860: checks
xAndorx: checks
*** TURN *** [8d 4c 6c] [Qs]
guinness5860: checks
xAndorx: bets $6
guinness5860: calls $6
*** RIVER *** [8d 4c 6c Qs] [Qd]
guinness5860: bets $6
xAndorx: folds
Uncalled bet ($6) returned to guinness5860
guinness5860 collected $23.52 from pot
guinness5860: doesn't show hand
*** SUMMARY ***
Total pot $24 | Rake $0.48
Board [8d 4c 6c Qs Qd]
Seat 1: guinness5860 (big blind) collected ($23.52)
Seat 2: xAndorx (button) (small blind) folded on the River


PokerStars Hand #144482861584:  Hold'em Limit ($3/$6 USD) - 2015/11/27 18:38:21 ET
Table 'Ruanda' 2-max Seat #1 is the button
Seat 1: guinness5860 ($22.42 in chips)
Seat 2: xAndorx ($130.52 in chips)
guinness5860: posts small blind $1
xAndorx: posts big blind $3
*** HOLE CARDS ***
guinness5860: raises $3 to $6
xAndorx: calls $3
*** FLOP *** [Qc 7d 5d]
xAndorx: checks
guinness5860: bets $3
xAndorx: calls $3
*** TURN *** [Qc 7d 5d] [Tc]
xAndorx: checks
guinness5860: bets $6
xAndorx: calls $6
*** RIVER *** [Qc 7d 5d Tc] [9s]
xAndorx: checks
guinness5860: bets $6
xAndorx: calls $6
*** SHOW DOWN ***
guinness5860: shows [Ad Kh] (high card Ace)
xAndorx: shows [8c 9h] (a pair of Nines)
xAndorx collected $41.50 from pot
*** SUMMARY ***
Total pot $42 | Rake $0.50
Board [Qc 7d 5d Tc 9s]
Seat 1: guinness5860 (button) (small blind) showed [Ad Kh] and lost with high card Ace
Seat 2: xAndorx (big blind) showed [8c 9h] and won ($41.50) with a pair of Nines


PokerStars Hand #144482856967:  Hold'em Limit ($3/$6 USD) - 2015/11/27 18:38:14 ET
Table 'Ruanda' 2-max Seat #2 is the button
Seat 1: guinness5860 ($25.42 in chips)
Seat 2: xAndorx ($127.52 in chips)
xAndorx: posts small blind $1
guinness5860: posts big blind $3
*** HOLE CARDS ***
xAndorx: raises $3 to $6
guinness5860: folds
Uncalled bet ($3) returned to xAndorx
xAndorx collected $6 from pot
xAndorx: doesn't show hand
*** SUMMARY ***
Total pot $6 | Rake $0
Seat 1: guinness5860 (big blind) folded before Flop
Seat 2: xAndorx (button) (small blind) collected ($6)


PokerStars Hand #144482852808:  Hold'em Limit ($3/$6 USD) - 2015/11/27 18:38:09 ET
Table 'Ruanda' 2-max Seat #1 is the button
Seat 1: guinness5860 ($22.42 in chips)
Seat 2: xAndorx ($130.52 in chips)
guinness5860: posts small blind $1
xAndorx: posts big blind $3
*** HOLE CARDS ***
guinness5860: raises $3 to $6
xAndorx: folds
Uncalled bet ($3) returned to guinness5860
guinness5860 collected $6 from pot
guinness5860: doesn't show hand
*** SUMMARY ***
Total pot $6 | Rake $0
Seat 1: guinness5860 (button) (small blind) collected ($6)
Seat 2: xAndorx (big blind) folded before Flop


PokerStars Hand #144482849714:  Hold'em Limit ($3/$6 USD) - 2015/11/27 18:38:05 ET
Table 'Ruanda' 2-max Seat #2 is the button
Seat 1: guinness5860 ($21.42 in chips)
Seat 2: xAndorx ($131.52 in chips)
xAndorx: posts small blind $1
guinness5860: posts big blind $3
*** HOLE CARDS ***
xAndorx: folds
Uncalled bet ($2) returned to guinness5860
guinness5860 collected $2 from pot
guinness5860: doesn't show hand
*** SUMMARY ***
Total pot $2 | Rake $0
Seat 1: guinness5860 (big blind) collected ($2)
Seat 2: xAndorx (button) (small blind) folded before Flop


PokerStars Hand #144482836510:  Hold'em Limit ($3/$6 USD) - 2015/11/27 18:37:47 ET
Table 'Ruanda' 2-max Seat #1 is the button
Seat 1: guinness5860 ($42.42 in chips)
Seat 2: xAndorx ($111.02 in chips)
guinness5860: posts small blind $1
xAndorx: posts big blind $3
*** HOLE CARDS ***
guinness5860: calls $2
xAndorx: raises $3 to $6
guinness5860: calls $3
*** FLOP *** [9d Ad 3s]
xAndorx: bets $3
guinness5860: calls $3
*** TURN *** [9d Ad 3s] [4c]
xAndorx: bets $6
guinness5860: calls $6
*** RIVER *** [9d Ad 3s 4c] [Tc]
xAndorx: bets $6
guinness5860: calls $6
*** SHOW DOWN ***
xAndorx: shows [Ac Qh] (a pair of Aces)
guinness5860: mucks hand
xAndorx collected $41.50 from pot
*** SUMMARY ***
Total pot $42 | Rake $0.50
Board [9d Ad 3s 4c Tc]
Seat 1: guinness5860 (button) (small blind) mucked
Seat 2: xAndorx (big blind) showed [Ac Qh] and won ($41.50) with a pair of Aces


PokerStars Hand #144483058785:  Hold'em Limit ($3/$6 USD) - 2015/11/27 18:42:49 ET
Table 'Ruanda' 2-max Seat #1 is the button
Seat 1: guinness5860 ($24.20 in chips)
Seat 2: xAndorx ($159.66 in chips)
guinness5860: posts small blind $1
xAndorx: posts big blind $3
*** HOLE CARDS ***
guinness5860: folds
Uncalled bet ($2) returned to xAndorx
xAndorx collected $2 from pot
xAndorx: doesn't show hand
*** SUMMARY ***
Total pot $2 | Rake $0
Seat 1: guinness5860 (button) (small blind) folded before Flop
Seat 2: xAndorx (big blind) collected ($2)


PokerStars Hand #144483013523:  Hold'em Limit ($3/$6 USD) - 2015/11/27 18:41:47 ET
Table 'Ruanda' 2-max Seat #2 is the button
Seat 1: guinness5860 ($33.20 in chips)
Seat 2: xAndorx ($151.02 in chips)
xAndorx: posts small blind $1
guinness5860: posts big blind $3
*** HOLE CARDS ***
xAndorx: raises $3 to $6
guinness5860: calls $3
*** FLOP *** [3s 7d Ts]
guinness5860: checks
xAndorx: bets $3
guinness5860: calls $3
*** TURN *** [3s 7d Ts] [3h]
guinness5860: checks
xAndorx: checks
*** RIVER *** [3s 7d Ts 3h] [Kd]
guinness5860: checks
xAndorx: checks
*** SHOW DOWN ***
guinness5860: shows [6d Ad] (a pair of Threes)
xAndorx: shows [Js Ac] (a pair of Threes - Ace+King+Jack kicker)
xAndorx collected $17.64 from pot
*** SUMMARY ***
Total pot $18 | Rake $0.36
Board [3s 7d Ts 3h Kd]
Seat 1: guinness5860 (big blind) showed [6d Ad] and lost with a pair of Threes
Seat 2: xAndorx (button) (small blind) showed [Js Ac] and won ($17.64) with a pair of Threes


PokerStars Hand #144483062700:  Hold'em Limit ($3/$6 USD) - 2015/11/27 18:42:54 ET
Table 'Ruanda' 2-max Seat #2 is the button
Seat 1: guinness5860 ($23.20 in chips)
Seat 2: xAndorx ($160.66 in chips)
xAndorx: posts small blind $1
guinness5860: posts big blind $3
*** HOLE CARDS ***
xAndorx: raises $3 to $6
guinness5860: calls $3
*** FLOP *** [As 3s 5h]
guinness5860: checks
xAndorx: bets $3
guinness5860: raises $3 to $6
xAndorx: calls $3
*** TURN *** [As 3s 5h] [Ac]
guinness5860: bets $6
xAndorx: raises $6 to $12
guinness5860: calls $5.20 and is all-in
Uncalled bet ($0.80) returned to xAndorx
*** RIVER *** [As 3s 5h Ac] [4c]
*** SHOW DOWN ***
guinness5860: shows [8c Ad] (three of a kind, Aces)
xAndorx: shows [Js Ah] (three of a kind, Aces - Jack kicker)
xAndorx collected $45.90 from pot
*** SUMMARY ***
Total pot $46.40 | Rake $0.50
Board [As 3s 5h Ac 4c]
Seat 1: guinness5860 (big blind) showed [8c Ad] and lost with three of a kind, Aces
Seat 2: xAndorx (button) (small blind) showed [Js Ah] and won ($45.90) with three of a kind, Aces


