PokerStars Hand #168881941356:  Hold'em Limit ($3/$6 USD) - 2017/04/11 7:08:18 ET
Table 'Ruanda' 6-max Seat #1 is the button
Seat 1: artecris ($185.15 in chips)
Seat 2: AzureCaper ($72 in chips)
artecris: posts small blind $1
AzureCaper: posts big blind $3
*** HOLE CARDS ***
artecris: raises $3 to $6
AzureCaper: calls $3
*** FLOP *** [3c 8d 7s]
AzureCaper: bets $3
artecris: calls $3
*** TURN *** [3c 8d 7s] [Ad]
sim5sim5 leaves the table
AzureCaper: bets $6
artecris: folds
Uncalled bet ($6) returned to AzureCaper
AzureCaper collected $17.64 from pot
AzureCaper: doesn't show hand
*** SUMMARY ***
Total pot $18 | Rake $0.36
Board [3c 8d 7s Ad]
Seat 1: artecris (button) (small blind) folded on the Turn
Seat 2: AzureCaper (big blind) collected ($17.64)


PokerStars Hand #168881938852:  Hold'em Limit ($3/$6 USD) - 2017/04/11 7:08:13 ET
Table 'Ruanda' 6-max Seat #2 is the button
Seat 1: artecris ($184.15 in chips)
Seat 2: AzureCaper ($72 in chips)
AzureCaper: posts small blind $1
artecris: posts big blind $3
*** HOLE CARDS ***
AzureCaper: folds
Uncalled bet ($2) returned to artecris
artecris collected $2 from pot
artecris: doesn't show hand
*** SUMMARY ***
Total pot $2 | Rake $0
Seat 1: artecris (big blind) collected ($2)
Seat 2: AzureCaper (button) (small blind) folded before Flop


PokerStars Hand #168881933121:  Hold'em Limit ($3/$6 USD) - 2017/04/11 7:08:00 ET
Table 'Ruanda' 6-max Seat #1 is the button
Seat 1: artecris ($178.39 in chips)
Seat 2: AzureCaper ($75 in chips)
artecris: posts small blind $1
AzureCaper: posts big blind $3
*** HOLE CARDS ***
artecris: raises $3 to $6
AzureCaper: calls $3
*** FLOP *** [4h 3d 4d]
AzureCaper: checks
artecris: bets $3
AzureCaper: folds
Uncalled bet ($3) returned to artecris
artecris collected $11.76 from pot
artecris: doesn't show hand
*** SUMMARY ***
Total pot $12 | Rake $0.24
Board [4h 3d 4d]
Seat 1: artecris (button) (small blind) collected ($11.76)
Seat 2: AzureCaper (big blind) folded on the Flop


PokerStars Hand #168881921474:  Hold'em Limit ($3/$6 USD) - 2017/04/11 7:07:34 ET
Table 'Ruanda' 6-max Seat #2 is the button
Seat 1: artecris ($181.39 in chips)
Seat 2: AzureCaper ($72 in chips)
AzureCaper: posts small blind $1
sim5sim5 has timed out
sim5sim5: is sitting out
artecris: posts big blind $3
*** HOLE CARDS ***
AzureCaper: raises $3 to $6
artecris: folds
Uncalled bet ($3) returned to AzureCaper
AzureCaper collected $6 from pot
AzureCaper: doesn't show hand
*** SUMMARY ***
Total pot $6 | Rake $0
Seat 1: artecris (big blind) folded before Flop
Seat 2: AzureCaper (button) (small blind) collected ($6)


PokerStars Hand #168881971221:  Hold'em Limit ($3/$6 USD) - 2017/04/11 7:09:24 ET
Table 'Ruanda' 6-max Seat #1 is the button
Seat 1: artecris ($155.15 in chips)
Seat 2: AzureCaper ($100.90 in chips)
artecris: posts small blind $1
AzureCaper: posts big blind $3
*** HOLE CARDS ***
artecris: folds
Uncalled bet ($2) returned to AzureCaper
AzureCaper collected $2 from pot
AzureCaper: doesn't show hand
*** SUMMARY ***
Total pot $2 | Rake $0
Seat 1: artecris (button) (small blind) folded before Flop
Seat 2: AzureCaper (big blind) collected ($2)


PokerStars Hand #168881968880:  Hold'em Limit ($3/$6 USD) - 2017/04/11 7:09:19 ET
Table 'Ruanda' 6-max Seat #2 is the button
Seat 1: artecris ($154.15 in chips)
Seat 2: AzureCaper ($101.90 in chips)
AzureCaper: posts small blind $1
artecris: posts big blind $3
*** HOLE CARDS ***
AzureCaper: folds
Uncalled bet ($2) returned to artecris
artecris collected $2 from pot
artecris: doesn't show hand
*** SUMMARY ***
Total pot $2 | Rake $0
Seat 1: artecris (big blind) collected ($2)
Seat 2: AzureCaper (button) (small blind) folded before Flop


PokerStars Hand #168881965717:  Hold'em Limit ($3/$6 USD) - 2017/04/11 7:09:12 ET
Table 'Ruanda' 6-max Seat #1 is the button
Seat 1: artecris ($151.15 in chips)
Seat 2: AzureCaper ($104.90 in chips)
artecris: posts small blind $1
AzureCaper: posts big blind $3
*** HOLE CARDS ***
artecris: raises $3 to $6
AzureCaper: folds
Uncalled bet ($3) returned to artecris
artecris collected $6 from pot
artecris: doesn't show hand
*** SUMMARY ***
Total pot $6 | Rake $0
Seat 1: artecris (button) (small blind) collected ($6)
Seat 2: AzureCaper (big blind) folded before Flop


PokerStars Hand #168881960963:  Hold'em Limit ($3/$6 USD) - 2017/04/11 7:09:02 ET
Table 'Ruanda' 6-max Seat #2 is the button
Seat 1: artecris ($157.15 in chips)
Seat 2: AzureCaper ($99.14 in chips)
AzureCaper: posts small blind $1
artecris: posts big blind $3
*** HOLE CARDS ***
AzureCaper: raises $3 to $6
artecris: calls $3
*** FLOP *** [Ts Jd Ah]
artecris: checks
AzureCaper: bets $3
artecris: folds
Uncalled bet ($3) returned to AzureCaper
AzureCaper collected $11.76 from pot
AzureCaper: doesn't show hand
*** SUMMARY ***
Total pot $12 | Rake $0.24
Board [Ts Jd Ah]
Seat 1: artecris (big blind) folded on the Flop
Seat 2: AzureCaper (button) (small blind) collected ($11.76)


PokerStars Hand #168881958784:  Hold'em Limit ($3/$6 USD) - 2017/04/11 7:08:57 ET
Table 'Ruanda' 6-max Seat #1 is the button
Seat 1: artecris ($158.15 in chips)
Seat 2: AzureCaper ($98.14 in chips)
artecris: posts small blind $1
AzureCaper: posts big blind $3
*** HOLE CARDS ***
artecris: folds
Uncalled bet ($2) returned to AzureCaper
AzureCaper collected $2 from pot
AzureCaper: doesn't show hand
*** SUMMARY ***
Total pot $2 | Rake $0
Seat 1: artecris (button) (small blind) folded before Flop
Seat 2: AzureCaper (big blind) collected ($2)


PokerStars Hand #168881950433:  Hold'em Limit ($3/$6 USD) - 2017/04/11 7:08:39 ET
Table 'Ruanda' 6-max Seat #2 is the button
Seat 1: artecris ($176.15 in chips)
Seat 2: AzureCaper ($80.64 in chips)
AzureCaper: posts small blind $1
artecris: posts big blind $3
*** HOLE CARDS ***
AzureCaper: raises $3 to $6
artecris: calls $3
*** FLOP *** [6c Jh 2d]
artecris: checks
AzureCaper: bets $3
artecris: raises $3 to $6
AzureCaper: calls $3
*** TURN *** [6c Jh 2d] [9s]
artecris: bets $6
AzureCaper: raises $6 to $12
artecris: folds
Uncalled bet ($6) returned to AzureCaper
AzureCaper collected $35.50 from pot
*** SUMMARY ***
Total pot $36 | Rake $0.50
Board [6c Jh 2d 9s]
Seat 1: artecris (big blind) folded on the Turn
Seat 2: AzureCaper (button) (small blind) collected ($35.50)


PokerStars Hand #168881997868:  Hold'em Limit ($3/$6 USD) - 2017/04/11 7:10:23 ET
Table 'Ruanda' 6-max Seat #1 is the button
Seat 1: artecris ($146.79 in chips)
Seat 2: AzureCaper ($108.40 in chips)
artecris: posts small blind $1
AzureCaper: posts big blind $3
*** HOLE CARDS ***
artecris: raises $3 to $6
AzureCaper: calls $3
*** FLOP *** [Qs Js Kc]
AzureCaper: checks
artecris: bets $3
AzureCaper: calls $3
*** TURN *** [Qs Js Kc] [7d]
AzureCaper: checks
artecris: checks
*** RIVER *** [Qs Js Kc 7d] [Th]
AzureCaper: checks
artecris: checks
*** SHOW DOWN ***
AzureCaper: shows [Tc 6h] (a pair of Tens)
artecris: mucks hand
AzureCaper collected $17.64 from pot
*** SUMMARY ***
Total pot $18 | Rake $0.36
Board [Qs Js Kc 7d Th]
Seat 1: artecris (button) (small blind) mucked
Seat 2: AzureCaper (big blind) showed [Tc 6h] and won ($17.64) with a pair of Tens


PokerStars Hand #168881995648:  Hold'em Limit ($3/$6 USD) - 2017/04/11 7:10:18 ET
Table 'Ruanda' 6-max Seat #2 is the button
Seat 1: artecris ($149.79 in chips)
Seat 2: AzureCaper ($105.40 in chips)
AzureCaper: posts small blind $1
artecris: posts big blind $3
*** HOLE CARDS ***
AzureCaper: raises $3 to $6
artecris: folds
Uncalled bet ($3) returned to AzureCaper
AzureCaper collected $6 from pot
AzureCaper: doesn't show hand
*** SUMMARY ***
Total pot $6 | Rake $0
Seat 1: artecris (big blind) folded before Flop
Seat 2: AzureCaper (button) (small blind) collected ($6)


PokerStars Hand #168881993161:  Hold'em Limit ($3/$6 USD) - 2017/04/11 7:10:13 ET
Table 'Ruanda' 6-max Seat #1 is the button
Seat 1: artecris ($146.79 in chips)
Seat 2: AzureCaper ($108.40 in chips)
artecris: posts small blind $1
AzureCaper: posts big blind $3
*** HOLE CARDS ***
artecris: raises $3 to $6
AzureCaper: folds
Uncalled bet ($3) returned to artecris
artecris collected $6 from pot
artecris: doesn't show hand
*** SUMMARY ***
Total pot $6 | Rake $0
Seat 1: artecris (button) (small blind) collected ($6)
Seat 2: AzureCaper (big blind) folded before Flop


PokerStars Hand #168881986242:  Hold'em Limit ($3/$6 USD) - 2017/04/11 7:09:57 ET
Table 'Ruanda' 6-max Seat #2 is the button
Seat 1: artecris ($138.15 in chips)
Seat 2: AzureCaper ($117.40 in chips)
AzureCaper: posts small blind $1
artecris: posts big blind $3
*** HOLE CARDS ***
AzureCaper: raises $3 to $6
artecris: calls $3
*** FLOP *** [2s 5h 2h]
artecris: checks
AzureCaper: bets $3
artecris: calls $3
*** TURN *** [2s 5h 2h] [4c]
artecris: bets $6
AzureCaper: folds
Uncalled bet ($6) returned to artecris
artecris collected $17.64 from pot
artecris: doesn't show hand
*** SUMMARY ***
Total pot $18 | Rake $0.36
Board [2s 5h 2h 4c]
Seat 1: artecris (big blind) collected ($17.64)
Seat 2: AzureCaper (button) (small blind) folded on the Turn


PokerStars Hand #168881983924:  Hold'em Limit ($3/$6 USD) - 2017/04/11 7:09:52 ET
Table 'Ruanda' 6-max Seat #1 is the button
Seat 1: artecris ($139.15 in chips)
Seat 2: AzureCaper ($116.40 in chips)
artecris: posts small blind $1
AzureCaper: posts big blind $3
*** HOLE CARDS ***
artecris: folds
Uncalled bet ($2) returned to AzureCaper
AzureCaper collected $2 from pot
AzureCaper: doesn't show hand
*** SUMMARY ***
Total pot $2 | Rake $0
Seat 1: artecris (button) (small blind) folded before Flop
Seat 2: AzureCaper (big blind) collected ($2)


PokerStars Hand #168881973346:  Hold'em Limit ($3/$6 USD) - 2017/04/11 7:09:29 ET
Table 'Ruanda' 6-max Seat #2 is the button
Seat 1: artecris ($154.15 in chips)
Seat 2: AzureCaper ($101.90 in chips)
AzureCaper: posts small blind $1
artecris: posts big blind $3
*** HOLE CARDS ***
AzureCaper: raises $3 to $6
artecris: calls $3
*** FLOP *** [Kc 3d 8h]
artecris: checks
AzureCaper: bets $3
artecris: calls $3
*** TURN *** [Kc 3d 8h] [2c]
artecris: checks
AzureCaper: bets $6
artecris: calls $6
*** RIVER *** [Kc 3d 8h 2c] [7d]
artecris: checks
AzureCaper: checks
*** SHOW DOWN ***
artecris: shows [Jd Ah] (high card Ace)
AzureCaper: shows [2s Qs] (a pair of Deuces)
AzureCaper collected $29.50 from pot
*** SUMMARY ***
Total pot $30 | Rake $0.50
Board [Kc 3d 8h 2c 7d]
Seat 1: artecris (big blind) showed [Jd Ah] and lost with high card Ace
Seat 2: AzureCaper (button) (small blind) showed [2s Qs] and won ($29.50) with a pair of Deuces


PokerStars Hand #168882019044:  Hold'em Limit ($3/$6 USD) - 2017/04/11 7:11:09 ET
Table 'Ruanda' 6-max Seat #2 is the button
Seat 1: artecris ($110.79 in chips)
Seat 2: AzureCaper ($143.54 in chips)
AzureCaper: posts small blind $1
artecris: posts big blind $3
*** HOLE CARDS ***
AzureCaper: raises $3 to $6
artecris: calls $3
*** FLOP *** [3h 5s 8d]
artecris: checks
AzureCaper: checks
*** TURN *** [3h 5s 8d] [8h]
artecris: folds
artecris leaves the table
AzureCaper collected $11.76 from pot
AzureCaper: doesn't show hand
*** SUMMARY ***
Total pot $12 | Rake $0.24
Board [3h 5s 8d 8h]
Seat 1: artecris (big blind) folded on the Turn
Seat 2: AzureCaper (button) (small blind) collected ($11.76)


PokerStars Hand #168882009380:  Hold'em Limit ($3/$6 USD) - 2017/04/11 7:10:48 ET
Table 'Ruanda' 6-max Seat #1 is the button
Seat 1: artecris ($134.79 in chips)
Seat 2: AzureCaper ($120.04 in chips)
artecris: posts small blind $1
AzureCaper: posts big blind $3
*** HOLE CARDS ***
artecris: calls $2
AzureCaper: raises $3 to $6
artecris: calls $3
*** FLOP *** [9d 8c 6h]
AzureCaper: bets $3
artecris: raises $3 to $6
AzureCaper: calls $3
*** TURN *** [9d 8c 6h] [Qd]
AzureCaper: checks
artecris: bets $6
AzureCaper: calls $6
*** RIVER *** [9d 8c 6h Qd] [Jd]
AzureCaper: bets $6
artecris: calls $6
*** SHOW DOWN ***
AzureCaper: shows [Ks Td] (a straight, Nine to King)
artecris: mucks hand
AzureCaper collected $47.50 from pot
*** SUMMARY ***
Total pot $48 | Rake $0.50
Board [9d 8c 6h Qd Jd]
Seat 1: artecris (button) (small blind) mucked
Seat 2: AzureCaper (big blind) showed [Ks Td] and won ($47.50) with a straight, Nine to King


PokerStars Hand #168882006989:  Hold'em Limit ($3/$6 USD) - 2017/04/11 7:10:43 ET
Table 'Ruanda' 6-max Seat #2 is the button
Seat 1: artecris ($137.79 in chips)
Seat 2: AzureCaper ($117.04 in chips)
AzureCaper: posts small blind $1
artecris: posts big blind $3
*** HOLE CARDS ***
AzureCaper: raises $3 to $6
artecris: folds
Uncalled bet ($3) returned to AzureCaper
AzureCaper collected $6 from pot
AzureCaper: doesn't show hand
*** SUMMARY ***
Total pot $6 | Rake $0
Seat 1: artecris (big blind) folded before Flop
Seat 2: AzureCaper (button) (small blind) collected ($6)


