PokerStars Hand #145636219375:  Hold'em Limit ($3/$6 USD) - 2015/12/20 10:43:46 ET
Table 'Ruchbah III' 2-max Seat #2 is the button
Seat 1: cepzorr ($61.30 in chips)
Seat 2: dragon1893 ($150 in chips)
dragon1893: posts small blind $1
cepzorr: posts big blind $3
*** HOLE CARDS ***
dragon1893: folds
Uncalled bet ($2) returned to cepzorr
cepzorr collected $2 from pot
cepzorr: doesn't show hand
*** SUMMARY ***
Total pot $2 | Rake $0
Seat 1: cepzorr (big blind) collected ($2)
Seat 2: dragon1893 (button) (small blind) folded before Flop


PokerStars Hand #145636206855:  Hold'em Limit ($3/$6 USD) - 2015/12/20 10:43:31 ET
Table 'Ruchbah III' 2-max Seat #1 is the button
Seat 1: cepzorr ($34.80 in chips)
Seat 2: dragon1893 ($158.64 in chips)
cepzorr: posts small blind $1
dragon1893: posts big blind $3
*** HOLE CARDS ***
cepzorr: raises $3 to $6
dragon1893: raises $3 to $9
cepzorr: raises $3 to $12
Betting is capped
dragon1893: calls $3
*** FLOP *** [7s Jd 7d]
dragon1893: checks
cepzorr: bets $3
dragon1893: calls $3
*** TURN *** [7s Jd 7d] [8d]
dragon1893: checks
cepzorr: bets $6
dragon1893: calls $6
*** RIVER *** [7s Jd 7d 8d] [Qh]
dragon1893: checks
cepzorr: bets $6
dragon1893: calls $6
*** SHOW DOWN ***
cepzorr: shows [Jh 3h] (two pair, Jacks and Sevens)
dragon1893: mucks hand
cepzorr collected $53.50 from pot
*** SUMMARY ***
Total pot $54 | Rake $0.50
Board [7s Jd 7d 8d Qh]
Seat 1: cepzorr (button) (small blind) showed [Jh 3h] and won ($53.50) with two pair, Jacks and Sevens
Seat 2: dragon1893 (big blind) mucked


PokerStars Hand #145636271423:  Hold'em Limit ($3/$6 USD) - 2015/12/20 10:44:48 ET
Table 'Ruchbah III' 2-max Seat #2 is the button
Seat 1: cepzorr ($69.58 in chips)
Seat 2: dragon1893 ($154 in chips)
dragon1893: posts small blind $1
cepzorr: posts big blind $3
*** HOLE CARDS ***
dragon1893: raises $3 to $6
cepzorr: folds
Uncalled bet ($3) returned to dragon1893
dragon1893 collected $6 from pot
dragon1893: doesn't show hand
*** SUMMARY ***
Total pot $6 | Rake $0
Seat 1: cepzorr (big blind) folded before Flop
Seat 2: dragon1893 (button) (small blind) collected ($6)


PokerStars Hand #145636267810:  Hold'em Limit ($3/$6 USD) - 2015/12/20 10:44:44 ET
Table 'Ruchbah III' 2-max Seat #1 is the button
Seat 1: cepzorr ($70.58 in chips)
Seat 2: dragon1893 ($153 in chips)
cepzorr: posts small blind $1
dragon1893: posts big blind $3
*** HOLE CARDS ***
cepzorr: folds
Uncalled bet ($2) returned to dragon1893
dragon1893 collected $2 from pot
dragon1893: doesn't show hand
*** SUMMARY ***
Total pot $2 | Rake $0
Seat 1: cepzorr (button) (small blind) folded before Flop
Seat 2: dragon1893 (big blind) collected ($2)


PokerStars Hand #145636251820:  Hold'em Limit ($3/$6 USD) - 2015/12/20 10:44:24 ET
Table 'Ruchbah III' 2-max Seat #1 is the button
Seat 1: cepzorr ($64.94 in chips)
Seat 2: dragon1893 ($150 in chips)
cepzorr: posts small blind $1
dragon1893: posts big blind $3
*** HOLE CARDS ***
cepzorr: raises $3 to $6
dragon1893: calls $3
*** FLOP *** [Qc 4c 4s]
dragon1893: checks
cepzorr: bets $3
dragon1893: calls $3
*** TURN *** [Qc 4c 4s] [2c]
dragon1893: checks
cepzorr: checks
*** RIVER *** [Qc 4c 4s 2c] [7h]
dragon1893: checks
cepzorr: bets $6
dragon1893: folds
Uncalled bet ($6) returned to cepzorr
cepzorr collected $17.64 from pot
cepzorr: doesn't show hand
*** SUMMARY ***
Total pot $18 | Rake $0.36
Board [Qc 4c 4s 2c 7h]
Seat 1: cepzorr (button) (small blind) collected ($17.64)
Seat 2: dragon1893 (big blind) folded on the River


PokerStars Hand #145636248274:  Hold'em Limit ($3/$6 USD) - 2015/12/20 10:44:20 ET
Table 'Ruchbah III' 2-max Seat #2 is the button
Seat 1: cepzorr ($63.94 in chips)
Seat 2: dragon1893 ($151 in chips)
dragon1893: posts small blind $1
cepzorr: posts big blind $3
*** HOLE CARDS ***
dragon1893: folds
Uncalled bet ($2) returned to cepzorr
cepzorr collected $2 from pot
cepzorr: doesn't show hand
*** SUMMARY ***
Total pot $2 | Rake $0
Seat 1: cepzorr (big blind) collected ($2)
Seat 2: dragon1893 (button) (small blind) folded before Flop


PokerStars Hand #145636244299:  Hold'em Limit ($3/$6 USD) - 2015/12/20 10:44:16 ET
Table 'Ruchbah III' 2-max Seat #1 is the button
Seat 1: cepzorr ($64.94 in chips)
Seat 2: dragon1893 ($150 in chips)
cepzorr: posts small blind $1
dragon1893: posts big blind $3
*** HOLE CARDS ***
cepzorr: folds
Uncalled bet ($2) returned to dragon1893
dragon1893 collected $2 from pot
dragon1893: doesn't show hand
*** SUMMARY ***
Total pot $2 | Rake $0
Seat 1: cepzorr (button) (small blind) folded before Flop
Seat 2: dragon1893 (big blind) collected ($2)


PokerStars Hand #145636234071:  Hold'em Limit ($3/$6 USD) - 2015/12/20 10:44:03 ET
Table 'Ruchbah III' 2-max Seat #2 is the button
Seat 1: cepzorr ($56.30 in chips)
Seat 2: dragon1893 ($155.76 in chips)
dragon1893: posts small blind $1
cepzorr: posts big blind $3
*** HOLE CARDS ***
dragon1893: raises $3 to $6
cepzorr: calls $3
*** FLOP *** [8s Jh 5s]
cepzorr: bets $3
dragon1893: calls $3
*** TURN *** [8s Jh 5s] [5c]
cepzorr: bets $6
dragon1893: folds
Uncalled bet ($6) returned to cepzorr
cepzorr collected $17.64 from pot
cepzorr: doesn't show hand
*** SUMMARY ***
Total pot $18 | Rake $0.36
Board [8s Jh 5s 5c]
Seat 1: cepzorr (big blind) collected ($17.64)
Seat 2: dragon1893 (button) (small blind) folded on the Turn


PokerStars Hand #145636223250:  Hold'em Limit ($3/$6 USD) - 2015/12/20 10:43:50 ET
Table 'Ruchbah III' 2-max Seat #1 is the button
Seat 1: cepzorr ($62.30 in chips)
Seat 2: dragon1893 ($150 in chips)
cepzorr: posts small blind $1
dragon1893: posts big blind $3
*** HOLE CARDS ***
cepzorr: raises $3 to $6
dragon1893: calls $3
*** FLOP *** [6h Qs 8h]
dragon1893: checks
cepzorr: checks
*** TURN *** [6h Qs 8h] [8c]
dragon1893: bets $6
cepzorr: folds
Uncalled bet ($6) returned to dragon1893
dragon1893 collected $11.76 from pot
dragon1893: doesn't show hand
*** SUMMARY ***
Total pot $12 | Rake $0.24
Board [6h Qs 8h 8c]
Seat 1: cepzorr (button) (small blind) folded on the Turn
Seat 2: dragon1893 (big blind) collected ($11.76)


PokerStars Hand #145636325331:  Hold'em Limit ($3/$6 USD) - 2015/12/20 10:45:52 ET
Table 'Ruchbah III' 2-max Seat #1 is the button
Seat 1: cepzorr ($21.10 in chips)
Seat 2: dragon1893 ($201.26 in chips)
cepzorr: posts small blind $1
dragon1893: posts big blind $3
*** HOLE CARDS ***
cepzorr: folds
Uncalled bet ($2) returned to dragon1893
dragon1893 collected $2 from pot
dragon1893: doesn't show hand
*** SUMMARY ***
Total pot $2 | Rake $0
Seat 1: cepzorr (button) (small blind) folded before Flop
Seat 2: dragon1893 (big blind) collected ($2)


PokerStars Hand #145636321066:  Hold'em Limit ($3/$6 USD) - 2015/12/20 10:45:47 ET
Table 'Ruchbah III' 2-max Seat #2 is the button
Seat 1: cepzorr ($24.10 in chips)
Seat 2: dragon1893 ($198.26 in chips)
dragon1893: posts small blind $1
cepzorr: posts big blind $3
*** HOLE CARDS ***
dragon1893: raises $3 to $6
cepzorr: folds
Uncalled bet ($3) returned to dragon1893
dragon1893 collected $6 from pot
dragon1893: doesn't show hand
*** SUMMARY ***
Total pot $6 | Rake $0
Seat 1: cepzorr (big blind) folded before Flop
Seat 2: dragon1893 (button) (small blind) collected ($6)


PokerStars Hand #145636311581:  Hold'em Limit ($3/$6 USD) - 2015/12/20 10:45:36 ET
Table 'Ruchbah III' 2-max Seat #1 is the button
Seat 1: cepzorr ($18.34 in chips)
Seat 2: dragon1893 ($204.26 in chips)
cepzorr: posts small blind $1
dragon1893: posts big blind $3
*** HOLE CARDS ***
cepzorr: raises $3 to $6
dragon1893: calls $3
*** FLOP *** [2d Kd Qs]
dragon1893: checks
cepzorr: checks
*** TURN *** [2d Kd Qs] [Qh]
dragon1893: checks
cepzorr: bets $6
dragon1893: folds
Uncalled bet ($6) returned to cepzorr
cepzorr collected $11.76 from pot
cepzorr: doesn't show hand
*** SUMMARY ***
Total pot $12 | Rake $0.24
Board [2d Kd Qs Qh]
Seat 1: cepzorr (button) (small blind) collected ($11.76)
Seat 2: dragon1893 (big blind) folded on the Turn


PokerStars Hand #145636306541:  Hold'em Limit ($3/$6 USD) - 2015/12/20 10:45:30 ET
Table 'Ruchbah III' 2-max Seat #2 is the button
Seat 1: cepzorr ($21.34 in chips)
Seat 2: dragon1893 ($201.26 in chips)
dragon1893: posts small blind $1
cepzorr: posts big blind $3
*** HOLE CARDS ***
dragon1893: raises $3 to $6
cepzorr: folds
Uncalled bet ($3) returned to dragon1893
dragon1893 collected $6 from pot
dragon1893: doesn't show hand
*** SUMMARY ***
Total pot $6 | Rake $0
Seat 1: cepzorr (big blind) folded before Flop
Seat 2: dragon1893 (button) (small blind) collected ($6)


PokerStars Hand #145636289765:  Hold'em Limit ($3/$6 USD) - 2015/12/20 10:45:10 ET
Table 'Ruchbah III' 2-max Seat #1 is the button
Seat 1: cepzorr ($66.34 in chips)
Seat 2: dragon1893 ($156.76 in chips)
cepzorr: posts small blind $1
dragon1893: posts big blind $3
*** HOLE CARDS ***
cepzorr: raises $3 to $6
dragon1893: calls $3
*** FLOP *** [5h 7d 8h]
dragon1893: checks
cepzorr: bets $3
dragon1893: raises $3 to $6
cepzorr: raises $3 to $9
dragon1893: calls $3
*** TURN *** [5h 7d 8h] [9d]
dragon1893: bets $6
cepzorr: raises $6 to $12
dragon1893: raises $6 to $18
cepzorr: raises $6 to $24
Betting is capped
dragon1893: calls $6
*** RIVER *** [5h 7d 8h 9d] [4c]
dragon1893: checks
cepzorr: bets $6
dragon1893: calls $6
*** SHOW DOWN ***
cepzorr: shows [Th Qh] (high card Queen)
dragon1893: shows [6h 7c] (a straight, Five to Nine)
dragon1893 collected $89.50 from pot
*** SUMMARY ***
Total pot $90 | Rake $0.50
Board [5h 7d 8h 9d 4c]
Seat 1: cepzorr (button) (small blind) showed [Th Qh] and lost with high card Queen
Seat 2: dragon1893 (big blind) showed [6h 7c] and won ($89.50) with a straight, Five to Nine


PokerStars Hand #145636282453:  Hold'em Limit ($3/$6 USD) - 2015/12/20 10:45:01 ET
Table 'Ruchbah III' 2-max Seat #2 is the button
Seat 1: cepzorr ($72.34 in chips)
Seat 2: dragon1893 ($151 in chips)
dragon1893: posts small blind $1
cepzorr: posts big blind $3
*** HOLE CARDS ***
dragon1893: raises $3 to $6
cepzorr: calls $3
*** FLOP *** [9c 6h As]
cepzorr: checks
dragon1893: bets $3
cepzorr: folds
Uncalled bet ($3) returned to dragon1893
dragon1893 collected $11.76 from pot
dragon1893: doesn't show hand
*** SUMMARY ***
Total pot $12 | Rake $0.24
Board [9c 6h As]
Seat 1: cepzorr (big blind) folded on the Flop
Seat 2: dragon1893 (button) (small blind) collected ($11.76)


PokerStars Hand #145636275544:  Hold'em Limit ($3/$6 USD) - 2015/12/20 10:44:53 ET
Table 'Ruchbah III' 2-max Seat #1 is the button
Seat 1: cepzorr ($66.58 in chips)
Seat 2: dragon1893 ($157 in chips)
cepzorr: posts small blind $1
dragon1893: posts big blind $3
*** HOLE CARDS ***
cepzorr: raises $3 to $6
dragon1893: calls $3
*** FLOP *** [Kd 8d Ts]
dragon1893: checks
cepzorr: bets $3
dragon1893: folds
Uncalled bet ($3) returned to cepzorr
cepzorr collected $11.76 from pot
cepzorr: doesn't show hand
*** SUMMARY ***
Total pot $12 | Rake $0.24
Board [Kd 8d Ts]
Seat 1: cepzorr (button) (small blind) collected ($11.76)
Seat 2: dragon1893 (big blind) folded on the Flop


PokerStars Hand #145636370942:  Hold'em Limit ($3/$6 USD) - 2015/12/20 10:46:46 ET
Table 'Ruchbah III' 2-max Seat #2 is the button
Seat 1: cepzorr ($38.20 in chips)
Seat 2: dragon1893 ($182.66 in chips)
dragon1893: posts small blind $1
cepzorr: posts big blind $3
*** HOLE CARDS ***
dragon1893: raises $3 to $6
cepzorr: calls $3
*** FLOP *** [5d 4d 2c]
cepzorr: checks
dragon1893: bets $3
cepzorr: folds
Uncalled bet ($3) returned to dragon1893
dragon1893 collected $11.76 from pot
dragon1893: doesn't show hand
*** SUMMARY ***
Total pot $12 | Rake $0.24
Board [5d 4d 2c]
Seat 1: cepzorr (big blind) folded on the Flop
Seat 2: dragon1893 (button) (small blind) collected ($11.76)


PokerStars Hand #145636356294:  Hold'em Limit ($3/$6 USD) - 2015/12/20 10:46:29 ET
Table 'Ruchbah III' 2-max Seat #1 is the button
Seat 1: cepzorr ($62.20 in chips)
Seat 2: dragon1893 ($159.16 in chips)
cepzorr: posts small blind $1
dragon1893: posts big blind $3
*** HOLE CARDS ***
cepzorr: raises $3 to $6
dragon1893: calls $3
*** FLOP *** [2d 3c 7d]
dragon1893: checks
cepzorr: bets $3
dragon1893: raises $3 to $6
cepzorr: calls $3
*** TURN *** [2d 3c 7d] [8h]
dragon1893: bets $6
cepzorr: calls $6
*** RIVER *** [2d 3c 7d 8h] [2s]
dragon1893: bets $6
cepzorr: calls $6
*** SHOW DOWN ***
dragon1893: shows [Kh 7h] (two pair, Sevens and Deuces)
cepzorr: mucks hand
dragon1893 collected $47.50 from pot
*** SUMMARY ***
Total pot $48 | Rake $0.50
Board [2d 3c 7d 8h 2s]
Seat 1: cepzorr (button) (small blind) mucked
Seat 2: dragon1893 (big blind) showed [Kh 7h] and won ($47.50) with two pair, Sevens and Deuces


PokerStars Hand #145636345601:  Hold'em Limit ($3/$6 USD) - 2015/12/20 10:46:16 ET
Table 'Ruchbah III' 2-max Seat #2 is the button
Seat 1: cepzorr ($41.70 in chips)
Seat 2: dragon1893 ($180.16 in chips)
dragon1893: posts small blind $1
cepzorr: posts big blind $3
*** HOLE CARDS ***
dragon1893: raises $3 to $6
cepzorr: calls $3
*** FLOP *** [7d As 2d]
cepzorr: bets $3
dragon1893: calls $3
*** TURN *** [7d As 2d] [Ad]
cepzorr: bets $6
dragon1893: calls $6
*** RIVER *** [7d As 2d Ad] [5c]
cepzorr: bets $6
dragon1893: calls $6
*** SHOW DOWN ***
cepzorr: shows [Jd 6d] (a flush, Ace high)
dragon1893: mucks hand
cepzorr collected $41.50 from pot
*** SUMMARY ***
Total pot $42 | Rake $0.50
Board [7d As 2d Ad 5c]
Seat 1: cepzorr (big blind) showed [Jd 6d] and won ($41.50) with a flush, Ace high
Seat 2: dragon1893 (button) (small blind) mucked


PokerStars Hand #145636333014:  Hold'em Limit ($3/$6 USD) - 2015/12/20 10:46:02 ET
Table 'Ruchbah III' 2-max Seat #1 is the button
Seat 1: cepzorr ($21.10 in chips)
Seat 2: dragon1893 ($201.26 in chips)
cepzorr: posts small blind $1
dragon1893: posts big blind $3
*** HOLE CARDS ***
cepzorr: raises $3 to $6
dragon1893: calls $3
*** FLOP *** [5d 8c 6s]
dragon1893: checks
cepzorr: bets $3
dragon1893: raises $3 to $6
cepzorr: raises $3 to $9
dragon1893: raises $3 to $12
Betting is capped
cepzorr: calls $3
*** TURN *** [5d 8c 6s] [Qc]
dragon1893: bets $6
cepzorr: calls $3.10 and is all-in
Uncalled bet ($2.90) returned to dragon1893
*** RIVER *** [5d 8c 6s Qc] [8s]
*** SHOW DOWN ***
dragon1893: shows [9c 5s] (two pair, Eights and Fives)
cepzorr: shows [Kd 8h] (three of a kind, Eights)
cepzorr collected $41.70 from pot
*** SUMMARY ***
Total pot $42.20 | Rake $0.50
Board [5d 8c 6s Qc 8s]
Seat 1: cepzorr (button) (small blind) showed [Kd 8h] and won ($41.70) with three of a kind, Eights
Seat 2: dragon1893 (big blind) showed [9c 5s] and lost with two pair, Eights and Fives


PokerStars Hand #145636329236:  Hold'em Limit ($3/$6 USD) - 2015/12/20 10:45:57 ET
Table 'Ruchbah III' 2-max Seat #2 is the button
Seat 1: cepzorr ($20.10 in chips)
Seat 2: dragon1893 ($202.26 in chips)
dragon1893: posts small blind $1
cepzorr: posts big blind $3
*** HOLE CARDS ***
dragon1893: folds
Uncalled bet ($2) returned to cepzorr
cepzorr collected $2 from pot
cepzorr: doesn't show hand
*** SUMMARY ***
Total pot $2 | Rake $0
Seat 1: cepzorr (big blind) collected ($2)
Seat 2: dragon1893 (button) (small blind) folded before Flop


PokerStars Hand #145636415061:  Hold'em Limit ($3/$6 USD) - 2015/12/20 10:47:38 ET
Table 'Ruchbah III' 2-max Seat #1 is the button
Seat 1: cepzorr ($20.60 in chips)
Seat 2: dragon1893 ($198.92 in chips)
cepzorr: posts small blind $1
dragon1893: posts big blind $3
*** HOLE CARDS ***
cepzorr: raises $3 to $6
dragon1893: calls $3
*** FLOP *** [7c 4s 2s]
dragon1893: checks
cepzorr: bets $3
dragon1893: calls $3
*** TURN *** [7c 4s 2s] [7d]
dragon1893: checks
cepzorr: bets $6
dragon1893: folds
Uncalled bet ($6) returned to cepzorr
cepzorr collected $17.64 from pot
cepzorr: doesn't show hand
*** SUMMARY ***
Total pot $18 | Rake $0.36
Board [7c 4s 2s 7d]
Seat 1: cepzorr (button) (small blind) collected ($17.64)
Seat 2: dragon1893 (big blind) folded on the Turn


PokerStars Hand #145636406995:  Hold'em Limit ($3/$6 USD) - 2015/12/20 10:47:29 ET
Table 'Ruchbah III' 2-max Seat #2 is the button
Seat 1: cepzorr ($19.60 in chips)
Seat 2: dragon1893 ($199.92 in chips)
dragon1893: posts small blind $1
cepzorr: posts big blind $3
*** HOLE CARDS ***
dragon1893: folds
Uncalled bet ($2) returned to cepzorr
cepzorr collected $2 from pot
cepzorr: doesn't show hand
*** SUMMARY ***
Total pot $2 | Rake $0
Seat 1: cepzorr (big blind) collected ($2)
Seat 2: dragon1893 (button) (small blind) folded before Flop


PokerStars Hand #145636393640:  Hold'em Limit ($3/$6 USD) - 2015/12/20 10:47:13 ET
Table 'Ruchbah III' 2-max Seat #1 is the button
Seat 1: cepzorr ($46.60 in chips)
Seat 2: dragon1893 ($173.42 in chips)
cepzorr: posts small blind $1
dragon1893: posts big blind $3
*** HOLE CARDS ***
cepzorr: raises $3 to $6
dragon1893: calls $3
*** FLOP *** [Qh 6h 3c]
dragon1893: checks
cepzorr: bets $3
dragon1893: raises $3 to $6
cepzorr: raises $3 to $9
dragon1893: calls $3
*** TURN *** [Qh 6h 3c] [Tc]
dragon1893: checks
cepzorr: bets $6
dragon1893: calls $6
*** RIVER *** [Qh 6h 3c Tc] [4s]
dragon1893: checks
cepzorr: bets $6
dragon1893: calls $6
*** SHOW DOWN ***
cepzorr: shows [8h 4h] (a pair of Fours)
dragon1893: shows [6d 9s] (a pair of Sixes)
dragon1893 collected $53.50 from pot
*** SUMMARY ***
Total pot $54 | Rake $0.50
Board [Qh 6h 3c Tc 4s]
Seat 1: cepzorr (button) (small blind) showed [8h 4h] and lost with a pair of Fours
Seat 2: dragon1893 (big blind) showed [6d 9s] and won ($53.50) with a pair of Sixes


PokerStars Hand #145636384790:  Hold'em Limit ($3/$6 USD) - 2015/12/20 10:47:03 ET
Table 'Ruchbah III' 2-max Seat #2 is the button
Seat 1: cepzorr ($37.96 in chips)
Seat 2: dragon1893 ($182.42 in chips)
dragon1893: posts small blind $1
cepzorr: posts big blind $3
*** HOLE CARDS ***
dragon1893: raises $3 to $6
cepzorr: raises $3 to $9
dragon1893: calls $3
*** FLOP *** [7c 8c 7s]
cepzorr: bets $3
dragon1893: folds
Uncalled bet ($3) returned to cepzorr
cepzorr collected $17.64 from pot
cepzorr: doesn't show hand
*** SUMMARY ***
Total pot $18 | Rake $0.36
Board [7c 8c 7s]
Seat 1: cepzorr (big blind) collected ($17.64)
Seat 2: dragon1893 (button) (small blind) folded on the Flop


PokerStars Hand #145636378298:  Hold'em Limit ($3/$6 USD) - 2015/12/20 10:46:55 ET
Table 'Ruchbah III' 2-max Seat #1 is the button
Seat 1: cepzorr ($32.20 in chips)
Seat 2: dragon1893 ($188.42 in chips)
cepzorr: posts small blind $1
dragon1893: posts big blind $3
*** HOLE CARDS ***
cepzorr: raises $3 to $6
dragon1893: calls $3
*** FLOP *** [Ks Ts 8s]
dragon1893: checks
cepzorr: bets $3
dragon1893: folds
Uncalled bet ($3) returned to cepzorr
cepzorr collected $11.76 from pot
cepzorr: doesn't show hand
*** SUMMARY ***
Total pot $12 | Rake $0.24
Board [Ks Ts 8s]
Seat 1: cepzorr (button) (small blind) collected ($11.76)
Seat 2: dragon1893 (big blind) folded on the Flop


PokerStars Hand #145636462686:  Hold'em Limit ($3/$6 USD) - 2015/12/20 10:48:35 ET
Table 'Ruchbah III' 2-max Seat #2 is the button
Seat 1: cepzorr ($56.98 in chips)
Seat 2: dragon1893 ($161.68 in chips)
dragon1893: posts small blind $1
cepzorr: posts big blind $3
*** HOLE CARDS ***
dragon1893: raises $3 to $6
cepzorr: calls $3
*** FLOP *** [3s Jc 8c]
cepzorr: bets $3
dragon1893: calls $3
*** TURN *** [3s Jc 8c] [Tc]
cepzorr: bets $6
dragon1893: calls $6
*** RIVER *** [3s Jc 8c Tc] [2h]
cepzorr: bets $6
dragon1893: folds
Uncalled bet ($6) returned to cepzorr
cepzorr collected $29.50 from pot
cepzorr: doesn't show hand
*** SUMMARY ***
Total pot $30 | Rake $0.50
Board [3s Jc 8c Tc 2h]
Seat 1: cepzorr (big blind) collected ($29.50)
Seat 2: dragon1893 (button) (small blind) folded on the River


PokerStars Hand #145636458899:  Hold'em Limit ($3/$6 USD) - 2015/12/20 10:48:30 ET
Table 'Ruchbah III' 2-max Seat #1 is the button
Seat 1: cepzorr ($57.98 in chips)
Seat 2: dragon1893 ($160.68 in chips)
cepzorr: posts small blind $1
dragon1893: posts big blind $3
*** HOLE CARDS ***
cepzorr: folds
Uncalled bet ($2) returned to dragon1893
dragon1893 collected $2 from pot
dragon1893: doesn't show hand
*** SUMMARY ***
Total pot $2 | Rake $0
Seat 1: cepzorr (button) (small blind) folded before Flop
Seat 2: dragon1893 (big blind) collected ($2)


PokerStars Hand #145636454322:  Hold'em Limit ($3/$6 USD) - 2015/12/20 10:48:25 ET
Table 'Ruchbah III' 2-max Seat #2 is the button
Seat 1: cepzorr ($60.98 in chips)
Seat 2: dragon1893 ($157.68 in chips)
dragon1893: posts small blind $1
cepzorr: posts big blind $3
*** HOLE CARDS ***
dragon1893: raises $3 to $6
cepzorr: folds
Uncalled bet ($3) returned to dragon1893
dragon1893 collected $6 from pot
dragon1893: doesn't show hand
*** SUMMARY ***
Total pot $6 | Rake $0
Seat 1: cepzorr (big blind) folded before Flop
Seat 2: dragon1893 (button) (small blind) collected ($6)


PokerStars Hand #145636447223:  Hold'em Limit ($3/$6 USD) - 2015/12/20 10:48:16 ET
Table 'Ruchbah III' 2-max Seat #1 is the button
Seat 1: cepzorr ($57.98 in chips)
Seat 2: dragon1893 ($160.68 in chips)
cepzorr: posts small blind $1
dragon1893: posts big blind $3
*** HOLE CARDS ***
cepzorr: raises $3 to $6
dragon1893: folds
Uncalled bet ($3) returned to cepzorr
cepzorr collected $6 from pot
cepzorr: doesn't show hand
*** SUMMARY ***
Total pot $6 | Rake $0
Seat 1: cepzorr (button) (small blind) collected ($6)
Seat 2: dragon1893 (big blind) folded before Flop


PokerStars Hand #145636428203:  Hold'em Limit ($3/$6 USD) - 2015/12/20 10:47:54 ET
Table 'Ruchbah III' 2-max Seat #2 is the button
Seat 1: cepzorr ($29.24 in chips)
Seat 2: dragon1893 ($189.92 in chips)
dragon1893: posts small blind $1
cepzorr: posts big blind $3
*** HOLE CARDS ***
dragon1893: raises $3 to $6
cepzorr: calls $3
*** FLOP *** [6h 7c Ah]
cepzorr: bets $3
dragon1893: calls $3
*** TURN *** [6h 7c Ah] [8s]
cepzorr: bets $6
dragon1893: raises $6 to $12
cepzorr: raises $6 to $18
dragon1893: raises $6 to $24
Betting is capped
cepzorr: calls $2.24 and is all-in
Uncalled bet ($3.76) returned to dragon1893
*** RIVER *** [6h 7c Ah 8s] [Kc]
*** SHOW DOWN ***
cepzorr: shows [Tc 9d] (a straight, Six to Ten)
dragon1893: shows [8c Ac] (two pair, Aces and Eights)
cepzorr collected $57.98 from pot
*** SUMMARY ***
Total pot $58.48 | Rake $0.50
Board [6h 7c Ah 8s Kc]
Seat 1: cepzorr (big blind) showed [Tc 9d] and won ($57.98) with a straight, Six to Ten
Seat 2: dragon1893 (button) (small blind) showed [8c Ac] and lost with two pair, Aces and Eights


PokerStars Hand #145636507401:  Hold'em Limit ($3/$6 USD) - 2015/12/20 10:49:27 ET
Table 'Ruchbah III' 2-max Seat #1 is the button
Seat 1: cepzorr ($52.48 in chips)
Seat 2: dragon1893 ($168.40 in chips)
cepzorr: posts small blind $1
dragon1893: posts big blind $3
*** HOLE CARDS ***
cepzorr: folds
Uncalled bet ($2) returned to dragon1893
cepzorr leaves the table
dragon1893 collected $2 from pot
dragon1893: doesn't show hand
*** SUMMARY ***
Total pot $2 | Rake $0
Seat 1: cepzorr (button) (small blind) folded before Flop
Seat 2: dragon1893 (big blind) collected ($2)


PokerStars Hand #145636502441:  Hold'em Limit ($3/$6 USD) - 2015/12/20 10:49:22 ET
Table 'Ruchbah III' 2-max Seat #2 is the button
Seat 1: cepzorr ($55.48 in chips)
Seat 2: dragon1893 ($165.40 in chips)
dragon1893: posts small blind $1
cepzorr: posts big blind $3
*** HOLE CARDS ***
dragon1893: raises $3 to $6
cepzorr: folds
Uncalled bet ($3) returned to dragon1893
dragon1893 collected $6 from pot
dragon1893: doesn't show hand
*** SUMMARY ***
Total pot $6 | Rake $0
Seat 1: cepzorr (big blind) folded before Flop
Seat 2: dragon1893 (button) (small blind) collected ($6)


PokerStars Hand #145636498677:  Hold'em Limit ($3/$6 USD) - 2015/12/20 10:49:17 ET
Table 'Ruchbah III' 2-max Seat #1 is the button
Seat 1: cepzorr ($56.48 in chips)
Seat 2: dragon1893 ($164.40 in chips)
cepzorr: posts small blind $1
dragon1893: posts big blind $3
*** HOLE CARDS ***
cepzorr: folds
Uncalled bet ($2) returned to dragon1893
dragon1893 collected $2 from pot
dragon1893: doesn't show hand
*** SUMMARY ***
Total pot $2 | Rake $0
Seat 1: cepzorr (button) (small blind) folded before Flop
Seat 2: dragon1893 (big blind) collected ($2)


PokerStars Hand #145636490212:  Hold'em Limit ($3/$6 USD) - 2015/12/20 10:49:07 ET
Table 'Ruchbah III' 2-max Seat #2 is the button
Seat 1: cepzorr ($62.48 in chips)
Seat 2: dragon1893 ($158.64 in chips)
dragon1893: posts small blind $1
cepzorr: posts big blind $3
*** HOLE CARDS ***
dragon1893: raises $3 to $6
cepzorr: calls $3
*** FLOP *** [6c 7s 3d]
cepzorr: checks
dragon1893: bets $3
cepzorr: folds
Uncalled bet ($3) returned to dragon1893
dragon1893 collected $11.76 from pot
dragon1893: doesn't show hand
*** SUMMARY ***
Total pot $12 | Rake $0.24
Board [6c 7s 3d]
Seat 1: cepzorr (big blind) folded on the Flop
Seat 2: dragon1893 (button) (small blind) collected ($11.76)


PokerStars Hand #145636483083:  Hold'em Limit ($3/$6 USD) - 2015/12/20 10:48:59 ET
Table 'Ruchbah III' 2-max Seat #1 is the button
Seat 1: cepzorr ($71.48 in chips)
Seat 2: dragon1893 ($150 in chips)
cepzorr: posts small blind $1
dragon1893: posts big blind $3
*** HOLE CARDS ***
cepzorr: raises $3 to $6
dragon1893: raises $3 to $9
cepzorr: calls $3
*** FLOP *** [Ah 9c As]
dragon1893: bets $3
cepzorr: folds
Uncalled bet ($3) returned to dragon1893
dragon1893 collected $17.64 from pot
dragon1893: doesn't show hand
*** SUMMARY ***
Total pot $18 | Rake $0.36
Board [Ah 9c As]
Seat 1: cepzorr (button) (small blind) folded on the Flop
Seat 2: dragon1893 (big blind) collected ($17.64)


