PokerStars Hand #145026981403:  Hold'em Limit ($3/$6 USD) - 2015/12/08 12:09:22 ET
Table 'Ruchbah' 2-max Seat #1 is the button
Seat 1: balrog25 ($176.52 in chips)
Seat 2: mbpaalborg ($37.68 in chips)
balrog25: posts small blind $1
mbpaalborg: posts big blind $3
*** HOLE CARDS ***
balrog25: raises $3 to $6
mbpaalborg: folds
Uncalled bet ($3) returned to balrog25
balrog25 collected $6 from pot
balrog25: doesn't show hand
*** SUMMARY ***
Total pot $6 | Rake $0
Seat 1: balrog25 (button) (small blind) collected ($6)
Seat 2: mbpaalborg (big blind) folded before Flop


PokerStars Hand #145026990042:  Hold'em Limit ($3/$6 USD) - 2015/12/08 12:09:32 ET
Table 'Ruchbah' 2-max Seat #2 is the button
Seat 1: balrog25 ($179.52 in chips)
Seat 2: mbpaalborg ($34.68 in chips)
mbpaalborg: posts small blind $1
balrog25: posts big blind $3
*** HOLE CARDS ***
mbpaalborg: calls $2
balrog25: checks
*** FLOP *** [Ad 2c 8s]
balrog25: bets $3
mbpaalborg: raises $3 to $6
balrog25: calls $3
*** TURN *** [Ad 2c 8s] [Qd]
balrog25: checks
mbpaalborg: bets $6
balrog25: folds
Uncalled bet ($6) returned to mbpaalborg
mbpaalborg collected $17.64 from pot
mbpaalborg: doesn't show hand
*** SUMMARY ***
Total pot $18 | Rake $0.36
Board [Ad 2c 8s Qd]
Seat 1: balrog25 (big blind) folded on the Turn
Seat 2: mbpaalborg (button) (small blind) collected ($17.64)


PokerStars Hand #145027040905:  Hold'em Limit ($3/$6 USD) - 2015/12/08 12:10:30 ET
Table 'Ruchbah' 2-max Seat #1 is the button
Seat 1: balrog25 ($195.02 in chips)
Seat 2: mbpaalborg ($18.32 in chips)
balrog25: posts small blind $1
mbpaalborg: posts big blind $3
*** HOLE CARDS ***
balrog25: raises $3 to $6
mbpaalborg: raises $3 to $9
balrog25: calls $3
*** FLOP *** [Jh Js 9h]
mbpaalborg: bets $3
balrog25: calls $3
*** TURN *** [Jh Js 9h] [Qs]
mbpaalborg: bets $6
balrog25: raises $6 to $12
mbpaalborg: calls $0.32 and is all-in
Uncalled bet ($5.68) returned to balrog25
*** RIVER *** [Jh Js 9h Qs] [7s]
*** SHOW DOWN ***
mbpaalborg: shows [Qd 7d] (two pair, Queens and Jacks)
balrog25: shows [Qc 9s] (two pair, Queens and Jacks)
mbpaalborg collected $18.07 from pot
balrog25 collected $18.07 from pot
*** SUMMARY ***
Total pot $36.64 | Rake $0.50
Board [Jh Js 9h Qs 7s]
Seat 1: balrog25 (button) (small blind) showed [Qc 9s] and won ($18.07) with two pair, Queens and Jacks
Seat 2: mbpaalborg (big blind) showed [Qd 7d] and won ($18.07) with two pair, Queens and Jacks


PokerStars Hand #145027056554:  Hold'em Limit ($3/$6 USD) - 2015/12/08 12:10:48 ET
Table 'Ruchbah' 2-max Seat #2 is the button
Seat 1: balrog25 ($194.77 in chips)
Seat 2: mbpaalborg ($18.07 in chips)
mbpaalborg: posts small blind $1
balrog25: posts big blind $3
*** HOLE CARDS ***
mbpaalborg: raises $3 to $6
balrog25: calls $3
*** FLOP *** [Js 6d Td]
balrog25: checks
mbpaalborg: bets $3
balrog25: raises $3 to $6
mbpaalborg: folds
Uncalled bet ($3) returned to balrog25
balrog25 collected $17.64 from pot
balrog25: doesn't show hand
*** SUMMARY ***
Total pot $18 | Rake $0.36
Board [Js 6d Td]
Seat 1: balrog25 (big blind) collected ($17.64)
Seat 2: mbpaalborg (button) (small blind) folded on the Flop


PokerStars Hand #145027065475:  Hold'em Limit ($3/$6 USD) - 2015/12/08 12:10:59 ET
Table 'Ruchbah' 2-max Seat #1 is the button
Seat 1: balrog25 ($203.41 in chips)
Seat 2: mbpaalborg ($9.07 in chips)
balrog25: posts small blind $1
mbpaalborg: posts big blind $3
*** HOLE CARDS ***
balrog25: raises $3 to $6
mbpaalborg: raises $3 to $9
balrog25: calls $3
*** FLOP *** [Ks Jd 3s]
mbpaalborg: bets $0.07 and is all-in
balrog25: calls $0.07
*** TURN *** [Ks Jd 3s] [Qd]
*** RIVER *** [Ks Jd 3s Qd] [Jh]
*** SHOW DOWN ***
mbpaalborg: shows [9c 6s] (a pair of Jacks)
balrog25: shows [6d Qh] (two pair, Queens and Jacks)
balrog25 collected $17.78 from pot
*** SUMMARY ***
Total pot $18.14 | Rake $0.36
Board [Ks Jd 3s Qd Jh]
Seat 1: balrog25 (button) (small blind) showed [6d Qh] and won ($17.78) with two pair, Queens and Jacks
Seat 2: mbpaalborg (big blind) showed [9c 6s] and lost with a pair of Jacks


PokerStars Hand #145027037064:  Hold'em Limit ($3/$6 USD) - 2015/12/08 12:10:26 ET
Table 'Ruchbah' 2-max Seat #2 is the button
Seat 1: balrog25 ($194.02 in chips)
Seat 2: mbpaalborg ($19.32 in chips)
mbpaalborg: posts small blind $1
balrog25: posts big blind $3
*** HOLE CARDS ***
mbpaalborg: folds
Uncalled bet ($2) returned to balrog25
balrog25 collected $2 from pot
balrog25: doesn't show hand
*** SUMMARY ***
Total pot $2 | Rake $0
Seat 1: balrog25 (big blind) collected ($2)
Seat 2: mbpaalborg (button) (small blind) folded before Flop


PokerStars Hand #145027009294:  Hold'em Limit ($3/$6 USD) - 2015/12/08 12:09:54 ET
Table 'Ruchbah' 2-max Seat #1 is the button
Seat 1: balrog25 ($170.52 in chips)
Seat 2: mbpaalborg ($43.32 in chips)
balrog25: posts small blind $1
mbpaalborg: posts big blind $3
*** HOLE CARDS ***
balrog25: raises $3 to $6
mbpaalborg: raises $3 to $9
balrog25: calls $3
*** FLOP *** [7h 7s Kc]
mbpaalborg: bets $3
balrog25: calls $3
*** TURN *** [7h 7s Kc] [9s]
mbpaalborg: checks
balrog25: bets $6
mbpaalborg: calls $6
*** RIVER *** [7h 7s Kc 9s] [4c]
mbpaalborg: checks
balrog25: bets $6
mbpaalborg: calls $6
*** SHOW DOWN ***
balrog25: shows [Ts 9c] (two pair, Nines and Sevens)
mbpaalborg: mucks hand
balrog25 collected $47.50 from pot
*** SUMMARY ***
Total pot $48 | Rake $0.50
Board [7h 7s Kc 9s 4c]
Seat 1: balrog25 (button) (small blind) showed [Ts 9c] and won ($47.50) with two pair, Nines and Sevens
Seat 2: mbpaalborg (big blind) mucked


