PokerStars Hand #166731276435:  Hold'em Limit ($3/$6 USD) - 2017/02/24 22:40:44 ET
Table 'Ruchbah II' 6-max Seat #1 is the button
Seat 1: LifeisagameX ($84 in chips)
Seat 3: edweirdodude ($120 in chips)
LifeisagameX: posts small blind $1
edweirdodude: posts big blind $3
*** HOLE CARDS ***
LifeisagameX: raises $3 to $6
edweirdodude: calls $3
*** FLOP *** [6d 2h 5h]
edweirdodude: bets $3
Chessnok joins the table at seat #4
LifeisagameX: calls $3
*** TURN *** [6d 2h 5h] [8h]
edweirdodude: bets $6
LifeisagameX: calls $6
*** RIVER *** [6d 2h 5h 8h] [5s]
edweirdodude: bets $6
LifeisagameX: raises $6 to $12
edweirdodude: calls $6
*** SHOW DOWN ***
LifeisagameX: shows [5d Kd] (three of a kind, Fives)
edweirdodude: mucks hand
LifeisagameX collected $53.50 from pot
*** SUMMARY ***
Total pot $54 | Rake $0.50
Board [6d 2h 5h 8h 5s]
Seat 1: LifeisagameX (button) (small blind) showed [5d Kd] and won ($53.50) with three of a kind, Fives
Seat 3: edweirdodude (big blind) mucked


PokerStars Hand #166732701559:  Hold'em Limit ($3/$6 USD) - 2017/02/24 23:50:15 ET
Table 'Ruchbah II' 6-max Seat #4 is the button
Seat 1: hairy1961 ($175.84 in chips)
Seat 4: Chessnok ($194.36 in chips)
Chessnok: posts small blind $1
hairy1961: posts big blind $3
*** HOLE CARDS ***
Chessnok: raises $3 to $6
hairy1961: calls $3
*** FLOP *** [8h 6c 9s]
MellivoraSto joins the table at seat #2
hairy1961: checks
Chessnok: bets $3
hairy1961: calls $3
*** TURN *** [8h 6c 9s] [Qh]
hairy1961: bets $6
Chessnok: calls $6
*** RIVER *** [8h 6c 9s Qh] [Jc]
hairy1961: bets $6
Chessnok: calls $6
*** SHOW DOWN ***
hairy1961: shows [7c 6s] (a pair of Sixes)
Chessnok: mucks hand
hairy1961 collected $41.50 from pot
*** SUMMARY ***
Total pot $42 | Rake $0.50
Board [8h 6c 9s Qh Jc]
Seat 1: hairy1961 (big blind) showed [7c 6s] and won ($41.50) with a pair of Sixes
Seat 4: Chessnok (button) (small blind) mucked


PokerStars Hand #166732699949:  Hold'em Limit ($3/$6 USD) - 2017/02/24 23:50:10 ET
Table 'Ruchbah II' 6-max Seat #1 is the button
Seat 1: hairy1961 ($176.84 in chips)
Seat 4: Chessnok ($193.36 in chips)
hairy1961: posts small blind $1
Chessnok: posts big blind $3
*** HOLE CARDS ***
hairy1961: folds
Uncalled bet ($2) returned to Chessnok
Chessnok collected $2 from pot
Chessnok: doesn't show hand
*** SUMMARY ***
Total pot $2 | Rake $0
Seat 1: hairy1961 (button) (small blind) folded before Flop
Seat 4: Chessnok (big blind) collected ($2)


PokerStars Hand #166732697518:  Hold'em Limit ($3/$6 USD) - 2017/02/24 23:50:02 ET
Table 'Ruchbah II' 6-max Seat #4 is the button
Seat 1: hairy1961 ($175.84 in chips)
Seat 4: Chessnok ($194.36 in chips)
Chessnok: posts small blind $1
MellivoraSto: is sitting out
hairy1961: posts big blind $3
*** HOLE CARDS ***
MellivoraSto leaves the table
Chessnok: folds
Uncalled bet ($2) returned to hairy1961
hairy1961 collected $2 from pot
*** SUMMARY ***
Total pot $2 | Rake $0
Seat 1: hairy1961 (big blind) collected ($2)
Seat 4: Chessnok (button) (small blind) folded before Flop


PokerStars Hand #166732920907:  Hold'em Limit ($3/$6 USD) - 2017/02/25 0:02:25 ET
Table 'Ruchbah II' 6-max Seat #6 is the button
Seat 4: Chessnok ($155.40 in chips)
Seat 6: alpha2777 ($117 in chips)
alpha2777: posts small blind $1
MellivoraSto: is sitting out
Chessnok: posts big blind $3
*** HOLE CARDS ***
alpha2777: calls $2
Chessnok: raises $3 to $6
alpha2777: calls $3
*** FLOP *** [3c Jh 7h]
Chessnok: bets $3
alpha2777: folds
Uncalled bet ($3) returned to Chessnok
Chessnok collected $11.76 from pot
Chessnok: doesn't show hand
*** SUMMARY ***
Total pot $12 | Rake $0.24
Board [3c Jh 7h]
Seat 4: Chessnok (big blind) collected ($11.76)
Seat 6: alpha2777 (button) (small blind) folded on the Flop


PokerStars Hand #166732927526:  Hold'em Limit ($3/$6 USD) - 2017/02/25 0:02:47 ET
Table 'Ruchbah II' 6-max Seat #4 is the button
Seat 4: Chessnok ($161.16 in chips)
Seat 6: alpha2777 ($111 in chips)
Chessnok: posts small blind $1
alpha2777: posts big blind $3
*** HOLE CARDS ***
Chessnok: raises $3 to $6
alpha2777: folds
Uncalled bet ($3) returned to Chessnok
Chessnok collected $6 from pot
Chessnok: doesn't show hand
*** SUMMARY ***
Total pot $6 | Rake $0
Seat 4: Chessnok (button) (small blind) collected ($6)
Seat 6: alpha2777 (big blind) folded before Flop


PokerStars Hand #166732929733:  Hold'em Limit ($3/$6 USD) - 2017/02/25 0:02:55 ET
Table 'Ruchbah II' 6-max Seat #6 is the button
Seat 4: Chessnok ($164.16 in chips)
Seat 6: alpha2777 ($108 in chips)
alpha2777: posts small blind $1
Chessnok: posts big blind $3
*** HOLE CARDS ***
alpha2777: raises $3 to $6
Chessnok: calls $3
*** FLOP *** [Kc 6d 4s]
Chessnok: bets $3
alpha2777: calls $3
*** TURN *** [Kc 6d 4s] [2s]
Chessnok: checks
alpha2777: bets $6
MellivoraSto leaves the table
Chessnok: calls $6
*** RIVER *** [Kc 6d 4s 2s] [Kd]
Chessnok: checks
alpha2777: bets $6
Chessnok: calls $6
*** SHOW DOWN ***
alpha2777: shows [Jc Kh] (three of a kind, Kings)
Chessnok: mucks hand
alpha2777 collected $41.50 from pot
*** SUMMARY ***
Total pot $42 | Rake $0.50
Board [Kc 6d 4s 2s Kd]
Seat 4: Chessnok (big blind) mucked
Seat 6: alpha2777 (button) (small blind) showed [Jc Kh] and won ($41.50) with three of a kind, Kings


PokerStars Hand #166732938299:  Hold'em Limit ($3/$6 USD) - 2017/02/25 0:03:23 ET
Table 'Ruchbah II' 6-max Seat #4 is the button
Seat 4: Chessnok ($143.16 in chips)
Seat 6: alpha2777 ($128.50 in chips)
Chessnok: posts small blind $1
alpha2777: posts big blind $3
*** HOLE CARDS ***
Chessnok: raises $3 to $6
alpha2777: calls $3
*** FLOP *** [Td Js 9d]
alpha2777: checks
Chessnok: bets $3
alpha2777: calls $3
*** TURN *** [Td Js 9d] [4c]
alpha2777: checks
Chessnok: checks
*** RIVER *** [Td Js 9d 4c] [5s]
alpha2777: checks
Chessnok: checks
*** SHOW DOWN ***
alpha2777: shows [6h Kh] (high card King)
Chessnok: shows [As Kd] (high card Ace)
Chessnok collected $17.64 from pot
*** SUMMARY ***
Total pot $18 | Rake $0.36
Board [Td Js 9d 4c 5s]
Seat 4: Chessnok (button) (small blind) showed [As Kd] and won ($17.64) with high card Ace
Seat 6: alpha2777 (big blind) showed [6h Kh] and lost with high card King


PokerStars Hand #166732954131:  Hold'em Limit ($3/$6 USD) - 2017/02/25 0:04:14 ET
Table 'Ruchbah II' 6-max Seat #4 is the button
Seat 4: Chessnok ($127.80 in chips)
Seat 6: alpha2777 ($143 in chips)
Chessnok: posts small blind $1
alpha2777: posts big blind $3
*** HOLE CARDS ***
Chessnok: raises $3 to $6
alpha2777: calls $3
*** FLOP *** [Jd 3s 6c]
Helmes1402 joins the table at seat #5
alpha2777: checks
Chessnok: bets $3
alpha2777: raises $3 to $6
Chessnok: folds
Uncalled bet ($3) returned to alpha2777
alpha2777 collected $17.64 from pot
alpha2777: doesn't show hand
*** SUMMARY ***
Total pot $18 | Rake $0.36
Board [Jd 3s 6c]
Seat 4: Chessnok (button) (small blind) folded on the Flop
Seat 6: alpha2777 (big blind) collected ($17.64)


PokerStars Hand #166732959829:  Hold'em Limit ($3/$6 USD) - 2017/02/25 0:04:33 ET
Table 'Ruchbah II' 6-max Seat #6 is the button
Seat 4: Chessnok ($118.80 in chips)
Seat 6: alpha2777 ($151.64 in chips)
alpha2777: posts small blind $1
Chessnok: posts big blind $3
*** HOLE CARDS ***
alpha2777: raises $3 to $6
Chessnok: calls $3
*** FLOP *** [7s 3d Qc]
Chessnok: bets $3
alpha2777: calls $3
*** TURN *** [7s 3d Qc] [Ah]
Chessnok: bets $6
alpha2777: folds
Uncalled bet ($6) returned to Chessnok
Chessnok collected $17.64 from pot
Chessnok: doesn't show hand
*** SUMMARY ***
Total pot $18 | Rake $0.36
Board [7s 3d Qc Ah]
Seat 4: Chessnok (big blind) collected ($17.64)
Seat 6: alpha2777 (button) (small blind) folded on the Turn


PokerStars Hand #166732945941:  Hold'em Limit ($3/$6 USD) - 2017/02/25 0:03:47 ET
Table 'Ruchbah II' 6-max Seat #6 is the button
Seat 4: Chessnok ($151.80 in chips)
Seat 6: alpha2777 ($119.50 in chips)
alpha2777: posts small blind $1
Chessnok: posts big blind $3
*** HOLE CARDS ***
alpha2777: raises $3 to $6
Chessnok: raises $3 to $9
alpha2777: calls $3
*** FLOP *** [Kh 8h 3h]
Chessnok: bets $3
alpha2777: calls $3
*** TURN *** [Kh 8h 3h] [4h]
Chessnok: checks
alpha2777: bets $6
Chessnok: calls $6
*** RIVER *** [Kh 8h 3h 4h] [Jh]
Chessnok: checks
alpha2777: bets $6
Chessnok: calls $6
*** SHOW DOWN ***
alpha2777: shows [Qh Jc] (a flush, King high)
Chessnok: mucks hand
alpha2777 collected $47.50 from pot
*** SUMMARY ***
Total pot $48 | Rake $0.50
Board [Kh 8h 3h 4h Jh]
Seat 4: Chessnok (big blind) mucked
Seat 6: alpha2777 (button) (small blind) showed [Qh Jc] and won ($47.50) with a flush, King high


PokerStars Hand #166733288931:  Hold'em Limit ($3/$6 USD) - 2017/02/25 0:22:20 ET
Table 'Ruchbah II' 6-max Seat #4 is the button
Seat 4: Chessnok ($85.50 in chips)
Seat 5: Helmes1402 ($112.67 in chips)
Chessnok: posts small blind $1
Helmes1402: posts big blind $3
*** HOLE CARDS ***
Chessnok: raises $3 to $6
Helmes1402: calls $3
*** FLOP *** [As Jh Ks]
Helmes1402: checks
Chessnok: checks
*** TURN *** [As Jh Ks] [4c]
Helmes1402: checks
Chessnok: checks
*** RIVER *** [As Jh Ks 4c] [Js]
Helmes1402: checks
Chessnok: bets $6
Helmes1402: folds
Uncalled bet ($6) returned to Chessnok
Chessnok collected $11.76 from pot
Chessnok: doesn't show hand
*** SUMMARY ***
Total pot $12 | Rake $0.24
Board [As Jh Ks 4c Js]
Seat 4: Chessnok (button) (small blind) collected ($11.76)
Seat 5: Helmes1402 (big blind) folded on the River


PokerStars Hand #166733285244:  Hold'em Limit ($3/$6 USD) - 2017/02/25 0:22:08 ET
Table 'Ruchbah II' 6-max Seat #5 is the button
Seat 4: Chessnok ($79.74 in chips)
Seat 5: Helmes1402 ($118.67 in chips)
Helmes1402: posts small blind $1
MellivoraSto: is sitting out
Chessnok: posts big blind $3
*** HOLE CARDS ***
Helmes1402: calls $2
MellivoraSto leaves the table
Chessnok: raises $3 to $6
Helmes1402: calls $3
*** FLOP *** [Th Ad 4c]
TbIP-TbIP 88 joins the table at seat #6
Chessnok: bets $3
Helmes1402: folds
Uncalled bet ($3) returned to Chessnok
Chessnok collected $11.76 from pot
Chessnok: doesn't show hand
*** SUMMARY ***
Total pot $12 | Rake $0.24
Board [Th Ad 4c]
Seat 4: Chessnok (big blind) collected ($11.76)
Seat 5: Helmes1402 (button) (small blind) folded on the Flop


PokerStars Hand #166737116869:  Hold'em Limit ($3/$6 USD) - 2017/02/25 3:46:51 ET
Table 'Ruchbah II' 6-max Seat #6 is the button
Seat 3: RUNNINGMAN70 ($86.94 in chips)
Seat 6: Pfuenph ($82.39 in chips)
Pfuenph: posts small blind $1
RUNNINGMAN70: posts big blind $3
*** HOLE CARDS ***
Pfuenph: raises $3 to $6
RUNNINGMAN70: calls $3
*** FLOP *** [7d Ad 6s]
RUNNINGMAN70: checks
Pfuenph: bets $3
RUNNINGMAN70: folds
Uncalled bet ($3) returned to Pfuenph
Pfuenph collected $11.76 from pot
Pfuenph: doesn't show hand
*** SUMMARY ***
Total pot $12 | Rake $0.24
Board [7d Ad 6s]
Seat 3: RUNNINGMAN70 (big blind) folded on the Flop
Seat 6: Pfuenph (button) (small blind) collected ($11.76)


PokerStars Hand #166737113958:  Hold'em Limit ($3/$6 USD) - 2017/02/25 3:46:43 ET
Table 'Ruchbah II' 6-max Seat #3 is the button
Seat 3: RUNNINGMAN70 ($87.94 in chips)
Seat 6: Pfuenph ($81.39 in chips)
RUNNINGMAN70: posts small blind $1
rascal_319: is sitting out
Pfuenph: posts big blind $3
*** HOLE CARDS ***
rascal_319 leaves the table
RUNNINGMAN70: folds
Uncalled bet ($2) returned to Pfuenph
Pfuenph collected $2 from pot
Pfuenph: doesn't show hand
*** SUMMARY ***
Total pot $2 | Rake $0
Seat 3: RUNNINGMAN70 (button) (small blind) folded before Flop
Seat 6: Pfuenph (big blind) collected ($2)


