PokerStars Hand #169750875151:  Hold'em Limit ($3/$6 USD) - 2017/04/30 4:42:42 ET
Table 'Ruchbah' 6-max Seat #3 is the button
Seat 3: RunitupAnto ($99 in chips)
Seat 4: Agrotait ($72 in chips)
RunitupAnto: posts small blind $1
Agrotait: posts big blind $3
*** HOLE CARDS ***
Ale4o joins the table at seat #5
RunitupAnto: folds
Uncalled bet ($2) returned to Agrotait
Agrotait collected $2 from pot
Agrotait: doesn't show hand
*** SUMMARY ***
Total pot $2 | Rake $0
Seat 3: RunitupAnto (button) (small blind) folded before Flop
Seat 4: Agrotait (big blind) collected ($2)


PokerStars Hand #169752442218:  Hold'em Limit ($3/$6 USD) - 2017/04/30 5:49:26 ET
Table 'Ruchbah' 6-max Seat #1 is the button
Seat 1: Krazy90 ($577.42 in chips)
Seat 4: Df_master ($201.23 in chips)
Krazy90: posts small blind $1
Df_master: posts big blind $3
*** HOLE CARDS ***
Krazy90: calls $2
Df_master: checks
*** FLOP *** [Ts Th 5s]
Df_master: checks
Krazy90: checks
*** TURN *** [Ts Th 5s] [9c]
Df_master: bets $6
Krazy90: folds
Uncalled bet ($6) returned to Df_master
Df_master collected $5.88 from pot
Df_master: doesn't show hand
*** SUMMARY ***
Total pot $6 | Rake $0.12
Board [Ts Th 5s 9c]
Seat 1: Krazy90 (button) (small blind) folded on the Turn
Seat 4: Df_master (big blind) collected ($5.88)


PokerStars Hand #169752466045:  Hold'em Limit ($3/$6 USD) - 2017/04/30 5:50:23 ET
Table 'Ruchbah' 6-max Seat #1 is the button
Seat 1: Krazy90 ($556.42 in chips)
Seat 4: Df_master ($221.51 in chips)
Krazy90: posts small blind $1
Df_master: posts big blind $3
*** HOLE CARDS ***
Krazy90: raises $3 to $6
Df_master: calls $3
*** FLOP *** [7h Jd 6d]
Df_master: checks
Krazy90: bets $3
Df_master: folds
Uncalled bet ($3) returned to Krazy90
Krazy90 collected $11.76 from pot
Krazy90: doesn't show hand
*** SUMMARY ***
Total pot $12 | Rake $0.24
Board [7h Jd 6d]
Seat 1: Krazy90 (button) (small blind) collected ($11.76)
Seat 4: Df_master (big blind) folded on the Flop


PokerStars Hand #169752448653:  Hold'em Limit ($3/$6 USD) - 2017/04/30 5:49:42 ET
Table 'Ruchbah' 6-max Seat #4 is the button
Seat 1: Krazy90 ($574.42 in chips)
Seat 4: Df_master ($204.11 in chips)
Df_master: posts small blind $1
Krazy90: posts big blind $3
*** HOLE CARDS ***
Df_master: raises $3 to $6
Krazy90: folds
Uncalled bet ($3) returned to Df_master
Df_master collected $6 from pot
Df_master: doesn't show hand
*** SUMMARY ***
Total pot $6 | Rake $0
Seat 1: Krazy90 (big blind) folded before Flop
Seat 4: Df_master (button) (small blind) collected ($6)


PokerStars Hand #169752451033:  Hold'em Limit ($3/$6 USD) - 2017/04/30 5:49:47 ET
Table 'Ruchbah' 6-max Seat #1 is the button
Seat 1: Krazy90 ($571.42 in chips)
Seat 4: Df_master ($207.11 in chips)
Krazy90: posts small blind $1
Df_master: posts big blind $3
*** HOLE CARDS ***
Krazy90: raises $3 to $6
Df_master: calls $3
*** FLOP *** [7d 4d Qh]
Df_master: checks
Krazy90: bets $3
Df_master: calls $3
*** TURN *** [7d 4d Qh] [6d]
Df_master: checks
Krazy90: checks
*** RIVER *** [7d 4d Qh 6d] [Ts]
Df_master: checks
Krazy90: checks
*** SHOW DOWN ***
Df_master: shows [8h 6s] (a pair of Sixes)
Krazy90: mucks hand
Df_master collected $17.64 from pot
*** SUMMARY ***
Total pot $18 | Rake $0.36
Board [7d 4d Qh 6d Ts]
Seat 1: Krazy90 (button) (small blind) mucked
Seat 4: Df_master (big blind) showed [8h 6s] and won ($17.64) with a pair of Sixes


PokerStars Hand #169752470735:  Hold'em Limit ($3/$6 USD) - 2017/04/30 5:50:34 ET
Table 'Ruchbah' 6-max Seat #4 is the button
Seat 1: Krazy90 ($562.18 in chips)
Seat 4: Df_master ($215.51 in chips)
Df_master: posts small blind $1
Krazy90: posts big blind $3
*** HOLE CARDS ***
Df_master: raises $3 to $6
Krazy90: calls $3
*** FLOP *** [Jh Td Js]
Krazy90: checks
Df_master: bets $3
Krazy90: folds
Uncalled bet ($3) returned to Df_master
Df_master collected $11.76 from pot
Df_master: doesn't show hand
*** SUMMARY ***
Total pot $12 | Rake $0.24
Board [Jh Td Js]
Seat 1: Krazy90 (big blind) folded on the Flop
Seat 4: Df_master (button) (small blind) collected ($11.76)


PokerStars Hand #169752491833:  Hold'em Limit ($3/$6 USD) - 2017/04/30 5:51:25 ET
Table 'Ruchbah' 6-max Seat #1 is the button
Seat 1: Krazy90 ($544.18 in chips)
Seat 4: Df_master ($232.67 in chips)
Krazy90: posts small blind $1
Df_master: posts big blind $3
*** HOLE CARDS ***
Krazy90: calls $2
Df_master: checks
*** FLOP *** [Td 9c Qs]
Df_master: checks
Krazy90: checks
*** TURN *** [Td 9c Qs] [Qd]
Df_master: checks
Krazy90: checks
*** RIVER *** [Td 9c Qs Qd] [Qh]
Df_master: checks
Krazy90: checks
*** SHOW DOWN ***
Df_master: shows [2h Ad] (three of a kind, Queens)
Krazy90: mucks hand
Df_master collected $5.88 from pot
*** SUMMARY ***
Total pot $6 | Rake $0.12
Board [Td 9c Qs Qd Qh]
Seat 1: Krazy90 (button) (small blind) mucked
Seat 4: Df_master (big blind) showed [2h Ad] and won ($5.88) with three of a kind, Queens


PokerStars Hand #169752487008:  Hold'em Limit ($3/$6 USD) - 2017/04/30 5:51:13 ET
Table 'Ruchbah' 6-max Seat #4 is the button
Seat 1: Krazy90 ($550.18 in chips)
Seat 4: Df_master ($226.91 in chips)
Df_master: posts small blind $1
Krazy90: posts big blind $3
*** HOLE CARDS ***
Df_master: raises $3 to $6
Krazy90: calls $3
*** FLOP *** [Ac 3d Kc]
Krazy90: checks
Df_master: bets $3
Krazy90: folds
Uncalled bet ($3) returned to Df_master
Df_master collected $11.76 from pot
Df_master: doesn't show hand
*** SUMMARY ***
Total pot $12 | Rake $0.24
Board [Ac 3d Kc]
Seat 1: Krazy90 (big blind) folded on the Flop
Seat 4: Df_master (button) (small blind) collected ($11.76)


PokerStars Hand #169752475438:  Hold'em Limit ($3/$6 USD) - 2017/04/30 5:50:46 ET
Table 'Ruchbah' 6-max Seat #1 is the button
Seat 1: Krazy90 ($556.18 in chips)
Seat 4: Df_master ($221.27 in chips)
Krazy90: posts small blind $1
Df_master: posts big blind $3
*** HOLE CARDS ***
Krazy90: raises $3 to $6
Df_master: folds
Uncalled bet ($3) returned to Krazy90
Krazy90 collected $6 from pot
Krazy90: doesn't show hand
*** SUMMARY ***
Total pot $6 | Rake $0
Seat 1: Krazy90 (button) (small blind) collected ($6)
Seat 4: Df_master (big blind) folded before Flop


PokerStars Hand #169752483370:  Hold'em Limit ($3/$6 USD) - 2017/04/30 5:51:05 ET
Table 'Ruchbah' 6-max Seat #1 is the button
Seat 1: Krazy90 ($553.18 in chips)
Seat 4: Df_master ($224.03 in chips)
Krazy90: posts small blind $1
Df_master: posts big blind $3
*** HOLE CARDS ***
Krazy90: calls $2
Df_master: checks
*** FLOP *** [Qd 2h 9d]
Df_master: bets $3
Krazy90: folds
Uncalled bet ($3) returned to Df_master
Df_master collected $5.88 from pot
Df_master: doesn't show hand
*** SUMMARY ***
Total pot $6 | Rake $0.12
Board [Qd 2h 9d]
Seat 1: Krazy90 (button) (small blind) folded on the Flop
Seat 4: Df_master (big blind) collected ($5.88)


PokerStars Hand #169752478835:  Hold'em Limit ($3/$6 USD) - 2017/04/30 5:50:54 ET
Table 'Ruchbah' 6-max Seat #4 is the button
Seat 1: Krazy90 ($559.18 in chips)
Seat 4: Df_master ($218.27 in chips)
Df_master: posts small blind $1
Krazy90: posts big blind $3
*** HOLE CARDS ***
Df_master: raises $3 to $6
Krazy90: calls $3
*** FLOP *** [4c Td Th]
Krazy90: checks
Df_master: bets $3
Krazy90: folds
Uncalled bet ($3) returned to Df_master
Df_master collected $11.76 from pot
Df_master: doesn't show hand
*** SUMMARY ***
Total pot $12 | Rake $0.24
Board [4c Td Th]
Seat 1: Krazy90 (big blind) folded on the Flop
Seat 4: Df_master (button) (small blind) collected ($11.76)


PokerStars Hand #169752505483:  Hold'em Limit ($3/$6 USD) - 2017/04/30 5:51:58 ET
Table 'Ruchbah' 6-max Seat #1 is the button
Seat 1: Krazy90 ($535.18 in chips)
Seat 4: Df_master ($241.31 in chips)
Krazy90: posts small blind $1
Df_master: posts big blind $3
*** HOLE CARDS ***
Krazy90: calls $2
Df_master: raises $3 to $6
Krazy90: calls $3
*** FLOP *** [9c 2s 5c]
Df_master: checks
Krazy90: checks
*** TURN *** [9c 2s 5c] [Ks]
Df_master: bets $6
Krazy90: folds
Uncalled bet ($6) returned to Df_master
Df_master collected $11.76 from pot
Df_master: doesn't show hand
*** SUMMARY ***
Total pot $12 | Rake $0.24
Board [9c 2s 5c Ks]
Seat 1: Krazy90 (button) (small blind) folded on the Turn
Seat 4: Df_master (big blind) collected ($11.76)


PokerStars Hand #169752516705:  Hold'em Limit ($3/$6 USD) - 2017/04/30 5:52:25 ET
Table 'Ruchbah' 6-max Seat #4 is the button
Seat 1: Krazy90 ($529.18 in chips)
Seat 4: Df_master ($247.07 in chips)
Df_master: posts small blind $1
Krazy90: posts big blind $3
*** HOLE CARDS ***
Df_master: raises $3 to $6
Krazy90: calls $3
*** FLOP *** [Jd 7d Jc]
Krazy90: checks
Df_master: bets $3
Krazy90: folds
Uncalled bet ($3) returned to Df_master
Df_master collected $11.76 from pot
Df_master: doesn't show hand
*** SUMMARY ***
Total pot $12 | Rake $0.24
Board [Jd 7d Jc]
Seat 1: Krazy90 (big blind) folded on the Flop
Seat 4: Df_master (button) (small blind) collected ($11.76)


PokerStars Hand #169752497710:  Hold'em Limit ($3/$6 USD) - 2017/04/30 5:51:39 ET
Table 'Ruchbah' 6-max Seat #4 is the button
Seat 1: Krazy90 ($541.18 in chips)
Seat 4: Df_master ($235.55 in chips)
Df_master: posts small blind $1
Krazy90: posts big blind $3
*** HOLE CARDS ***
Df_master: raises $3 to $6
Krazy90: calls $3
*** FLOP *** [6d 5d 3d]
Krazy90: checks
Df_master: bets $3
Krazy90: folds
Uncalled bet ($3) returned to Df_master
Df_master collected $11.76 from pot
Df_master: doesn't show hand
*** SUMMARY ***
Total pot $12 | Rake $0.24
Board [6d 5d 3d]
Seat 1: Krazy90 (big blind) folded on the Flop
Seat 4: Df_master (button) (small blind) collected ($11.76)


PokerStars Hand #169752531554:  Hold'em Limit ($3/$6 USD) - 2017/04/30 5:53:00 ET
Table 'Ruchbah' 6-max Seat #4 is the button
Seat 1: Krazy90 ($528.94 in chips)
Seat 4: Df_master ($246.83 in chips)
Df_master: posts small blind $1
Krazy90: posts big blind $3
*** HOLE CARDS ***
Df_master: calls $2
Krazy90: raises $3 to $6
Df_master: calls $3
*** FLOP *** [Jc 3s 6d]
Krazy90: bets $3
Df_master: folds
Uncalled bet ($3) returned to Krazy90
Krazy90 collected $11.76 from pot
Krazy90: doesn't show hand
*** SUMMARY ***
Total pot $12 | Rake $0.24
Board [Jc 3s 6d]
Seat 1: Krazy90 (big blind) collected ($11.76)
Seat 4: Df_master (button) (small blind) folded on the Flop


PokerStars Hand #169752539769:  Hold'em Limit ($3/$6 USD) - 2017/04/30 5:53:20 ET
Table 'Ruchbah' 6-max Seat #1 is the button
Seat 1: Krazy90 ($534.70 in chips)
Seat 4: Df_master ($240.83 in chips)
Krazy90: posts small blind $1
Df_master: posts big blind $3
*** HOLE CARDS ***
Krazy90: raises $3 to $6
Df_master: calls $3
*** FLOP *** [8c 5s 8d]
Df_master: checks
Krazy90: bets $3
Df_master: calls $3
*** TURN *** [8c 5s 8d] [2h]
Df_master: bets $6
Krazy90: folds
Uncalled bet ($6) returned to Df_master
Df_master collected $17.64 from pot
Df_master: doesn't show hand
*** SUMMARY ***
Total pot $18 | Rake $0.36
Board [8c 5s 8d 2h]
Seat 1: Krazy90 (button) (small blind) folded on the Turn
Seat 4: Df_master (big blind) collected ($17.64)


PokerStars Hand #169752520832:  Hold'em Limit ($3/$6 USD) - 2017/04/30 5:52:34 ET
Table 'Ruchbah' 6-max Seat #1 is the button
Seat 1: Krazy90 ($523.18 in chips)
Seat 4: Df_master ($252.83 in chips)
Krazy90: posts small blind $1
Df_master: posts big blind $3
*** HOLE CARDS ***
Krazy90: raises $3 to $6
Df_master: calls $3
*** FLOP *** [8s Th Kh]
Df_master: checks
Krazy90: bets $3
Df_master: folds
Uncalled bet ($3) returned to Krazy90
Krazy90 collected $11.76 from pot
Krazy90: doesn't show hand
*** SUMMARY ***
Total pot $12 | Rake $0.24
Board [8s Th Kh]
Seat 1: Krazy90 (button) (small blind) collected ($11.76)
Seat 4: Df_master (big blind) folded on the Flop


PokerStars Hand #169752547462:  Hold'em Limit ($3/$6 USD) - 2017/04/30 5:53:38 ET
Table 'Ruchbah' 6-max Seat #4 is the button
Seat 1: Krazy90 ($525.70 in chips)
Seat 4: Df_master ($249.47 in chips)
Df_master: posts small blind $1
Krazy90: posts big blind $3
*** HOLE CARDS ***
Df_master: raises $3 to $6
Krazy90: folds
Uncalled bet ($3) returned to Df_master
Df_master collected $6 from pot
Df_master: doesn't show hand
*** SUMMARY ***
Total pot $6 | Rake $0
Seat 1: Krazy90 (big blind) folded before Flop
Seat 4: Df_master (button) (small blind) collected ($6)


PokerStars Hand #169752554121:  Hold'em Limit ($3/$6 USD) - 2017/04/30 5:53:54 ET
Table 'Ruchbah' 6-max Seat #1 is the button
Seat 1: Krazy90 ($522.70 in chips)
Seat 4: Df_master ($252.47 in chips)
Krazy90: posts small blind $1
Df_master: posts big blind $3
*** HOLE CARDS ***
Krazy90: raises $3 to $6
Df_master: calls $3
*** FLOP *** [As 3h Ad]
Df_master: checks
Krazy90: bets $3
Df_master: calls $3
*** TURN *** [As 3h Ad] [4s]
Df_master: checks
Krazy90: bets $6
Df_master: folds
Uncalled bet ($6) returned to Krazy90
Krazy90 collected $17.64 from pot
Krazy90: doesn't show hand
*** SUMMARY ***
Total pot $18 | Rake $0.36
Board [As 3h Ad 4s]
Seat 1: Krazy90 (button) (small blind) collected ($17.64)
Seat 4: Df_master (big blind) folded on the Turn


PokerStars Hand #169752561433:  Hold'em Limit ($3/$6 USD) - 2017/04/30 5:54:11 ET
Table 'Ruchbah' 6-max Seat #4 is the button
Seat 1: Krazy90 ($531.34 in chips)
Seat 4: Df_master ($243.47 in chips)
Df_master: posts small blind $1
Krazy90: posts big blind $3
*** HOLE CARDS ***
Df_master: calls $2
Krazy90: checks
*** FLOP *** [Ac 2c 5s]
Krazy90: checks
Df_master: bets $3
Krazy90: folds
Uncalled bet ($3) returned to Df_master
Df_master collected $5.88 from pot
Df_master: doesn't show hand
*** SUMMARY ***
Total pot $6 | Rake $0.12
Board [Ac 2c 5s]
Seat 1: Krazy90 (big blind) folded on the Flop
Seat 4: Df_master (button) (small blind) collected ($5.88)


PokerStars Hand #169752581550:  Hold'em Limit ($3/$6 USD) - 2017/04/30 5:54:59 ET
Table 'Ruchbah' 6-max Seat #4 is the button
Seat 1: Krazy90 ($534.10 in chips)
Seat 4: Df_master ($240.35 in chips)
Df_master: posts small blind $1
Krazy90: posts big blind $3
*** HOLE CARDS ***
Df_master: folds
Uncalled bet ($2) returned to Krazy90
Krazy90 collected $2 from pot
Krazy90: doesn't show hand
*** SUMMARY ***
Total pot $2 | Rake $0
Seat 1: Krazy90 (big blind) collected ($2)
Seat 4: Df_master (button) (small blind) folded before Flop


PokerStars Hand #169752585338:  Hold'em Limit ($3/$6 USD) - 2017/04/30 5:55:08 ET
Table 'Ruchbah' 6-max Seat #1 is the button
Seat 1: Krazy90 ($535.10 in chips)
Seat 4: Df_master ($239.35 in chips)
Krazy90: posts small blind $1
Df_master: posts big blind $3
*** HOLE CARDS ***
Krazy90: calls $2
Df_master: checks
*** FLOP *** [Jd Ah 6c]
Df_master: checks
Krazy90: checks
*** TURN *** [Jd Ah 6c] [5h]
Df_master: checks
Krazy90: checks
*** RIVER *** [Jd Ah 6c 5h] [8c]
Df_master: bets $6
Krazy90: folds
Uncalled bet ($6) returned to Df_master
Df_master collected $5.88 from pot
Df_master: doesn't show hand
*** SUMMARY ***
Total pot $6 | Rake $0.12
Board [Jd Ah 6c 5h 8c]
Seat 1: Krazy90 (button) (small blind) folded on the River
Seat 4: Df_master (big blind) collected ($5.88)


PokerStars Hand #169752592321:  Hold'em Limit ($3/$6 USD) - 2017/04/30 5:55:26 ET
Table 'Ruchbah' 6-max Seat #4 is the button
Seat 1: Krazy90 ($532.10 in chips)
Seat 4: Df_master ($242.23 in chips)
Df_master: posts small blind $1
Krazy90: posts big blind $3
*** HOLE CARDS ***
Df_master: folds
Uncalled bet ($2) returned to Krazy90
Krazy90 collected $2 from pot
Krazy90: doesn't show hand
*** SUMMARY ***
Total pot $2 | Rake $0
Seat 1: Krazy90 (big blind) collected ($2)
Seat 4: Df_master (button) (small blind) folded before Flop


PokerStars Hand #169752572966:  Hold'em Limit ($3/$6 USD) - 2017/04/30 5:54:38 ET
Table 'Ruchbah' 6-max Seat #1 is the button
Seat 1: Krazy90 ($528.34 in chips)
Seat 4: Df_master ($246.35 in chips)
Krazy90: posts small blind $1
Df_master: posts big blind $3
*** HOLE CARDS ***
Krazy90: raises $3 to $6
Df_master: calls $3
*** FLOP *** [Ts Jc 9d]
Df_master: checks
Krazy90: bets $3
Df_master: folds
Uncalled bet ($3) returned to Krazy90
Krazy90 collected $11.76 from pot
Krazy90: doesn't show hand
*** SUMMARY ***
Total pot $12 | Rake $0.24
Board [Ts Jc 9d]
Seat 1: Krazy90 (button) (small blind) collected ($11.76)
Seat 4: Df_master (big blind) folded on the Flop


PokerStars Hand #169752593968:  Hold'em Limit ($3/$6 USD) - 2017/04/30 5:55:30 ET
Table 'Ruchbah' 6-max Seat #1 is the button
Seat 1: Krazy90 ($533.10 in chips)
Seat 4: Df_master ($241.23 in chips)
Krazy90: posts small blind $1
Df_master: posts big blind $3
*** HOLE CARDS ***
Krazy90: raises $3 to $6
Df_master: folds
Uncalled bet ($3) returned to Krazy90
Krazy90 collected $6 from pot
Krazy90: doesn't show hand
*** SUMMARY ***
Total pot $6 | Rake $0
Seat 1: Krazy90 (button) (small blind) collected ($6)
Seat 4: Df_master (big blind) folded before Flop


PokerStars Hand #169752596537:  Hold'em Limit ($3/$6 USD) - 2017/04/30 5:55:37 ET
Table 'Ruchbah' 6-max Seat #4 is the button
Seat 1: Krazy90 ($536.10 in chips)
Seat 4: Df_master ($238.23 in chips)
Df_master: posts small blind $1
Krazy90: posts big blind $3
*** HOLE CARDS ***
Df_master: raises $3 to $6
Krazy90: folds
Uncalled bet ($3) returned to Df_master
Df_master collected $6 from pot
Df_master: doesn't show hand
*** SUMMARY ***
Total pot $6 | Rake $0
Seat 1: Krazy90 (big blind) folded before Flop
Seat 4: Df_master (button) (small blind) collected ($6)


PokerStars Hand #169752610643:  Hold'em Limit ($3/$6 USD) - 2017/04/30 5:56:14 ET
Table 'Ruchbah' 6-max Seat #4 is the button
Seat 1: Krazy90 ($556.60 in chips)
Seat 4: Df_master ($217.23 in chips)
Df_master: posts small blind $1
Krazy90: posts big blind $3
*** HOLE CARDS ***
Df_master: folds
Uncalled bet ($2) returned to Krazy90
Krazy90 collected $2 from pot
Krazy90: doesn't show hand
*** SUMMARY ***
Total pot $2 | Rake $0
Seat 1: Krazy90 (big blind) collected ($2)
Seat 4: Df_master (button) (small blind) folded before Flop


PokerStars Hand #169752608792:  Hold'em Limit ($3/$6 USD) - 2017/04/30 5:56:09 ET
Table 'Ruchbah' 6-max Seat #1 is the button
Seat 1: Krazy90 ($557.60 in chips)
Seat 4: Df_master ($216.23 in chips)
Krazy90: posts small blind $1
Df_master: posts big blind $3
*** HOLE CARDS ***
Krazy90: folds
Uncalled bet ($2) returned to Df_master
Df_master collected $2 from pot
Df_master: doesn't show hand
*** SUMMARY ***
Total pot $2 | Rake $0
Seat 1: Krazy90 (button) (small blind) folded before Flop
Seat 4: Df_master (big blind) collected ($2)


PokerStars Hand #169752606709:  Hold'em Limit ($3/$6 USD) - 2017/04/30 5:56:04 ET
Table 'Ruchbah' 6-max Seat #4 is the button
Seat 1: Krazy90 ($556.60 in chips)
Seat 4: Df_master ($217.23 in chips)
Df_master: posts small blind $1
Krazy90: posts big blind $3
*** HOLE CARDS ***
Df_master: folds
Uncalled bet ($2) returned to Krazy90
Krazy90 collected $2 from pot
Krazy90: doesn't show hand
*** SUMMARY ***
Total pot $2 | Rake $0
Seat 1: Krazy90 (big blind) collected ($2)
Seat 4: Df_master (button) (small blind) folded before Flop


PokerStars Hand #169752598935:  Hold'em Limit ($3/$6 USD) - 2017/04/30 5:55:43 ET
Table 'Ruchbah' 6-max Seat #1 is the button
Seat 1: Krazy90 ($533.10 in chips)
Seat 4: Df_master ($241.23 in chips)
Krazy90: posts small blind $1
Df_master: posts big blind $3
*** HOLE CARDS ***
Krazy90: raises $3 to $6
Df_master: raises $3 to $9
Krazy90: calls $3
*** FLOP *** [7h 4s Ts]
Df_master: bets $3
Krazy90: calls $3
*** TURN *** [7h 4s Ts] [2d]
Df_master: bets $6
Krazy90: raises $6 to $12
Df_master: calls $6
*** RIVER *** [7h 4s Ts 2d] [Ad]
Df_master: checks
Krazy90: bets $6
Df_master: folds
Uncalled bet ($6) returned to Krazy90
Krazy90 collected $47.50 from pot
Krazy90: doesn't show hand
*** SUMMARY ***
Total pot $48 | Rake $0.50
Board [7h 4s Ts 2d Ad]
Seat 1: Krazy90 (button) (small blind) collected ($47.50)
Seat 4: Df_master (big blind) folded on the River


