PokerStars Hand #148940723496:  Hold'em Limit ($3/$6 USD) - 2016/02/17 2:18:06 ET
Table 'Ruchbah' 6-max Seat #4 is the button
Seat 1: megabaitt ($128.64 in chips)
Seat 4: Agrotait ($63 in chips)
Agrotait: posts small blind $1
megabaitt: posts big blind $3
*** HOLE CARDS ***
Agrotait: raises $3 to $6
megabaitt: calls $3
*** FLOP *** [2h Ks Ts]
megabaitt: checks
Agrotait: bets $3
megabaitt: calls $3
*** TURN *** [2h Ks Ts] [4c]
megabaitt: checks
Agrotait: bets $6
megabaitt: folds
Uncalled bet ($6) returned to Agrotait
Agrotait collected $17.64 from pot
Agrotait: doesn't show hand
*** SUMMARY ***
Total pot $18 | Rake $0.36
Board [2h Ks Ts 4c]
Seat 1: megabaitt (big blind) folded on the Turn
Seat 4: Agrotait (button) (small blind) collected ($17.64)


PokerStars Hand #148940729612:  Hold'em Limit ($3/$6 USD) - 2016/02/17 2:18:25 ET
Table 'Ruchbah' 6-max Seat #1 is the button
Seat 1: megabaitt ($119.64 in chips)
Seat 4: Agrotait ($71.64 in chips)
megabaitt: posts small blind $1
Agrotait: posts big blind $3
*** HOLE CARDS ***
megabaitt: calls $2
Agrotait: checks
*** FLOP *** [Ts 2h 2s]
Agrotait: bets $3
megabaitt: folds
Uncalled bet ($3) returned to Agrotait
Agrotait collected $5.88 from pot
Agrotait: doesn't show hand
*** SUMMARY ***
Total pot $6 | Rake $0.12
Board [Ts 2h 2s]
Seat 1: megabaitt (button) (small blind) folded on the Flop
Seat 4: Agrotait (big blind) collected ($5.88)


PokerStars Hand #148940710951:  Hold'em Limit ($3/$6 USD) - 2016/02/17 2:17:26 ET
Table 'Ruchbah' 6-max Seat #1 is the button
Seat 1: megabaitt ($120 in chips)
Seat 4: Agrotait ($72 in chips)
megabaitt: posts small blind $1
Agrotait: posts big blind $3
*** HOLE CARDS ***
megabaitt: calls $2
Agrotait: checks
*** FLOP *** [8c Ts Jh]
Agrotait: checks
megabaitt: checks
*** TURN *** [8c Ts Jh] [Kh]
Agrotait: bets $6
megabaitt: raises $6 to $12
Agrotait: folds
Uncalled bet ($6) returned to megabaitt
megabaitt collected $17.64 from pot
megabaitt: doesn't show hand
*** SUMMARY ***
Total pot $18 | Rake $0.36
Board [8c Ts Jh Kh]
Seat 1: megabaitt (button) (small blind) collected ($17.64)
Seat 4: Agrotait (big blind) folded on the Turn


PokerStars Hand #148940739092:  Hold'em Limit ($3/$6 USD) - 2016/02/17 2:18:55 ET
Table 'Ruchbah' 6-max Seat #1 is the button
Seat 1: megabaitt ($117.64 in chips)
Seat 4: Agrotait ($73.52 in chips)
megabaitt: posts small blind $1
Agrotait: posts big blind $3
*** HOLE CARDS ***
megabaitt: calls $2
Agrotait: raises $3 to $6
megabaitt: calls $3
*** FLOP *** [Ac Qs 7c]
Agrotait: bets $3
megabaitt: folds
Uncalled bet ($3) returned to Agrotait
Agrotait collected $11.76 from pot
Agrotait: doesn't show hand
*** SUMMARY ***
Total pot $12 | Rake $0.24
Board [Ac Qs 7c]
Seat 1: megabaitt (button) (small blind) folded on the Flop
Seat 4: Agrotait (big blind) collected ($11.76)


PokerStars Hand #148940748916:  Hold'em Limit ($3/$6 USD) - 2016/02/17 2:19:26 ET
Table 'Ruchbah' 6-max Seat #4 is the button
Seat 1: megabaitt ($111.64 in chips)
Seat 4: Agrotait ($79.28 in chips)
Agrotait: posts small blind $1
megabaitt: posts big blind $3
*** HOLE CARDS ***
Agrotait: raises $3 to $6
megabaitt: folds
Uncalled bet ($3) returned to Agrotait
Agrotait collected $6 from pot
Agrotait: doesn't show hand
*** SUMMARY ***
Total pot $6 | Rake $0
Seat 1: megabaitt (big blind) folded before Flop
Seat 4: Agrotait (button) (small blind) collected ($6)


PokerStars Hand #148940752626:  Hold'em Limit ($3/$6 USD) - 2016/02/17 2:19:38 ET
Table 'Ruchbah' 6-max Seat #1 is the button
Seat 1: megabaitt ($108.64 in chips)
Seat 4: Agrotait ($82.28 in chips)
megabaitt: posts small blind $1
Agrotait: posts big blind $3
*** HOLE CARDS ***
megabaitt: folds
Uncalled bet ($2) returned to Agrotait
Agrotait collected $2 from pot
Agrotait: doesn't show hand
*** SUMMARY ***
Total pot $2 | Rake $0
Seat 1: megabaitt (button) (small blind) folded before Flop
Seat 4: Agrotait (big blind) collected ($2)


PokerStars Hand #148940734093:  Hold'em Limit ($3/$6 USD) - 2016/02/17 2:18:39 ET
Table 'Ruchbah' 6-max Seat #4 is the button
Seat 1: megabaitt ($116.64 in chips)
Seat 4: Agrotait ($74.52 in chips)
Agrotait: posts small blind $1
megabaitt: posts big blind $3
*** HOLE CARDS ***
Agrotait: folds
Uncalled bet ($2) returned to megabaitt
megabaitt collected $2 from pot
megabaitt: doesn't show hand
*** SUMMARY ***
Total pot $2 | Rake $0
Seat 1: megabaitt (big blind) collected ($2)
Seat 4: Agrotait (button) (small blind) folded before Flop


PokerStars Hand #148940764776:  Hold'em Limit ($3/$6 USD) - 2016/02/17 2:20:15 ET
Table 'Ruchbah' 6-max Seat #1 is the button
Seat 1: megabaitt ($119.16 in chips)
Seat 4: Agrotait ($71.28 in chips)
megabaitt: posts small blind $1
Agrotait: posts big blind $3
*** HOLE CARDS ***
megabaitt: folds
Uncalled bet ($2) returned to Agrotait
Agrotait collected $2 from pot
Agrotait: doesn't show hand
*** SUMMARY ***
Total pot $2 | Rake $0
Seat 1: megabaitt (button) (small blind) folded before Flop
Seat 4: Agrotait (big blind) collected ($2)


PokerStars Hand #148940754493:  Hold'em Limit ($3/$6 USD) - 2016/02/17 2:19:43 ET
Table 'Ruchbah' 6-max Seat #4 is the button
Seat 1: megabaitt ($107.64 in chips)
Seat 4: Agrotait ($83.28 in chips)
Agrotait: posts small blind $1
megabaitt: posts big blind $3
*** HOLE CARDS ***
Agrotait: raises $3 to $6
megabaitt: calls $3
*** FLOP *** [2c 7c Ks]
megabaitt: checks
Agrotait: checks
*** TURN *** [2c 7c Ks] [5c]
megabaitt: bets $6
Agrotait: calls $6
*** RIVER *** [2c 7c Ks 5c] [6d]
megabaitt: checks
Agrotait: checks
*** SHOW DOWN ***
megabaitt: shows [9h 7d] (a pair of Sevens)
Agrotait: mucks hand
megabaitt collected $23.52 from pot
*** SUMMARY ***
Total pot $24 | Rake $0.48
Board [2c 7c Ks 5c 6d]
Seat 1: megabaitt (big blind) showed [9h 7d] and won ($23.52) with a pair of Sevens
Seat 4: Agrotait (button) (small blind) mucked


PokerStars Hand #148940766581:  Hold'em Limit ($3/$6 USD) - 2016/02/17 2:20:21 ET
Table 'Ruchbah' 6-max Seat #4 is the button
Seat 1: megabaitt ($118.16 in chips)
Seat 4: Agrotait ($72.28 in chips)
Agrotait: posts small blind $1
megabaitt: posts big blind $3
*** HOLE CARDS ***
Agrotait: raises $3 to $6
megabaitt: folds
Uncalled bet ($3) returned to Agrotait
Agrotait collected $6 from pot
Agrotait: doesn't show hand
*** SUMMARY ***
Total pot $6 | Rake $0
Seat 1: megabaitt (big blind) folded before Flop
Seat 4: Agrotait (button) (small blind) collected ($6)


PokerStars Hand #148940768578:  Hold'em Limit ($3/$6 USD) - 2016/02/17 2:20:27 ET
Table 'Ruchbah' 6-max Seat #1 is the button
Seat 1: megabaitt ($115.16 in chips)
Seat 4: Agrotait ($75.28 in chips)
megabaitt: posts small blind $1
Agrotait: posts big blind $3
*** HOLE CARDS ***
megabaitt: calls $2
Agrotait: checks
*** FLOP *** [Js 2c 6c]
Agrotait: bets $3
megabaitt: folds
Uncalled bet ($3) returned to Agrotait
Agrotait collected $5.88 from pot
Agrotait: doesn't show hand
*** SUMMARY ***
Total pot $6 | Rake $0.12
Board [Js 2c 6c]
Seat 1: megabaitt (button) (small blind) folded on the Flop
Seat 4: Agrotait (big blind) collected ($5.88)


PokerStars Hand #148940772406:  Hold'em Limit ($3/$6 USD) - 2016/02/17 2:20:39 ET
Table 'Ruchbah' 6-max Seat #4 is the button
Seat 1: megabaitt ($112.16 in chips)
Seat 4: Agrotait ($78.16 in chips)
Agrotait: posts small blind $1
megabaitt: posts big blind $3
*** HOLE CARDS ***
Agrotait: raises $3 to $6
megabaitt: folds
Uncalled bet ($3) returned to Agrotait
Agrotait collected $6 from pot
Agrotait: doesn't show hand
*** SUMMARY ***
Total pot $6 | Rake $0
Seat 1: megabaitt (big blind) folded before Flop
Seat 4: Agrotait (button) (small blind) collected ($6)


PokerStars Hand #148940776346:  Hold'em Limit ($3/$6 USD) - 2016/02/17 2:20:52 ET
Table 'Ruchbah' 6-max Seat #4 is the button
Seat 1: megabaitt ($108.16 in chips)
Seat 4: Agrotait ($82.16 in chips)
Agrotait: posts small blind $1
megabaitt: posts big blind $3
*** HOLE CARDS ***
Agrotait: raises $3 to $6
megabaitt: calls $3
*** FLOP *** [4h Ah Th]
megabaitt: checks
Agrotait: bets $3
megabaitt: calls $3
*** TURN *** [4h Ah Th] [5c]
megabaitt: checks
Agrotait: bets $6
megabaitt: raises $6 to $12
Agrotait: calls $6
*** RIVER *** [4h Ah Th 5c] [9c]
megabaitt: bets $6
Agrotait: folds
Uncalled bet ($6) returned to megabaitt
megabaitt collected $41.50 from pot
megabaitt: doesn't show hand
*** SUMMARY ***
Total pot $42 | Rake $0.50
Board [4h Ah Th 5c 9c]
Seat 1: megabaitt (big blind) collected ($41.50)
Seat 4: Agrotait (button) (small blind) folded on the River


PokerStars Hand #148940774596:  Hold'em Limit ($3/$6 USD) - 2016/02/17 2:20:46 ET
Table 'Ruchbah' 6-max Seat #1 is the button
Seat 1: megabaitt ($109.16 in chips)
Seat 4: Agrotait ($81.16 in chips)
megabaitt: posts small blind $1
Agrotait: posts big blind $3
*** HOLE CARDS ***
megabaitt: folds
Uncalled bet ($2) returned to Agrotait
Agrotait collected $2 from pot
Agrotait: doesn't show hand
*** SUMMARY ***
Total pot $2 | Rake $0
Seat 1: megabaitt (button) (small blind) folded before Flop
Seat 4: Agrotait (big blind) collected ($2)


PokerStars Hand #148940798015:  Hold'em Limit ($3/$6 USD) - 2016/02/17 2:21:59 ET
Table 'Ruchbah' 6-max Seat #4 is the button
Seat 1: megabaitt ($140.18 in chips)
Seat 4: Agrotait ($72 in chips)
Agrotait: posts small blind $1
megabaitt: posts big blind $3
*** HOLE CARDS ***
Agrotait: raises $3 to $6
megabaitt: folds
Uncalled bet ($3) returned to Agrotait
Agrotait collected $6 from pot
Agrotait: doesn't show hand
*** SUMMARY ***
Total pot $6 | Rake $0
Seat 1: megabaitt (big blind) folded before Flop
Seat 4: Agrotait (button) (small blind) collected ($6)


PokerStars Hand #148940800348:  Hold'em Limit ($3/$6 USD) - 2016/02/17 2:22:07 ET
Table 'Ruchbah' 6-max Seat #1 is the button
Seat 1: megabaitt ($137.18 in chips)
Seat 4: Agrotait ($75 in chips)
megabaitt: posts small blind $1
Agrotait: posts big blind $3
*** HOLE CARDS ***
megabaitt: calls $2
Agrotait: checks
*** FLOP *** [2s 5h 7d]
Agrotait: checks
megabaitt: bets $3
Agrotait: raises $3 to $6
megabaitt: folds
Uncalled bet ($3) returned to Agrotait
Agrotait collected $11.76 from pot
Agrotait: doesn't show hand
*** SUMMARY ***
Total pot $12 | Rake $0.24
Board [2s 5h 7d]
Seat 1: megabaitt (button) (small blind) folded on the Flop
Seat 4: Agrotait (big blind) collected ($11.76)


PokerStars Hand #148940791940:  Hold'em Limit ($3/$6 USD) - 2016/02/17 2:21:40 ET
Table 'Ruchbah' 6-max Seat #1 is the button
Seat 1: megabaitt ($128.66 in chips)
Seat 4: Agrotait ($61.16 in chips)
megabaitt: posts small blind $1
Agrotait: posts big blind $3
*** HOLE CARDS ***
megabaitt: calls $2
Agrotait: checks
*** FLOP *** [Ad 3d 9s]
Agrotait: bets $3
megabaitt: calls $3
*** TURN *** [Ad 3d 9s] [9c]
Agrotait: checks
megabaitt: bets $6
Agrotait: calls $6
*** RIVER *** [Ad 3d 9s 9c] [Js]
Agrotait: checks
megabaitt: checks
*** SHOW DOWN ***
Agrotait: shows [2s 3h] (two pair, Nines and Threes)
megabaitt: shows [4s Ah] (two pair, Aces and Nines)
megabaitt collected $23.52 from pot
*** SUMMARY ***
Total pot $24 | Rake $0.48
Board [Ad 3d 9s 9c Js]
Seat 1: megabaitt (button) (small blind) showed [4s Ah] and won ($23.52) with two pair, Aces and Nines
Seat 4: Agrotait (big blind) showed [2s 3h] and lost with two pair, Nines and Threes


PokerStars Hand #148940804937:  Hold'em Limit ($3/$6 USD) - 2016/02/17 2:22:21 ET
Table 'Ruchbah' 6-max Seat #4 is the button
Seat 1: megabaitt ($131.18 in chips)
Seat 4: Agrotait ($80.76 in chips)
Agrotait: posts small blind $1
megabaitt: posts big blind $3
*** HOLE CARDS ***
Agrotait: raises $3 to $6
megabaitt: folds
Uncalled bet ($3) returned to Agrotait
Agrotait collected $6 from pot
Agrotait: doesn't show hand
*** SUMMARY ***
Total pot $6 | Rake $0
Seat 1: megabaitt (big blind) folded before Flop
Seat 4: Agrotait (button) (small blind) collected ($6)


PokerStars Hand #148940807175:  Hold'em Limit ($3/$6 USD) - 2016/02/17 2:22:28 ET
Table 'Ruchbah' 6-max Seat #1 is the button
Seat 1: megabaitt ($128.18 in chips)
Seat 4: Agrotait ($83.76 in chips)
megabaitt: posts small blind $1
Agrotait: posts big blind $3
*** HOLE CARDS ***
megabaitt: folds
Uncalled bet ($2) returned to Agrotait
Agrotait collected $2 from pot
Agrotait: doesn't show hand
*** SUMMARY ***
Total pot $2 | Rake $0
Seat 1: megabaitt (button) (small blind) folded before Flop
Seat 4: Agrotait (big blind) collected ($2)


PokerStars Hand #148940809194:  Hold'em Limit ($3/$6 USD) - 2016/02/17 2:22:34 ET
Table 'Ruchbah' 6-max Seat #4 is the button
Seat 1: megabaitt ($127.18 in chips)
Seat 4: Agrotait ($84.76 in chips)
Agrotait: posts small blind $1
megabaitt: posts big blind $3
*** HOLE CARDS ***
Agrotait: folds
Uncalled bet ($2) returned to megabaitt
megabaitt collected $2 from pot
megabaitt: doesn't show hand
*** SUMMARY ***
Total pot $2 | Rake $0
Seat 1: megabaitt (big blind) collected ($2)
Seat 4: Agrotait (button) (small blind) folded before Flop


PokerStars Hand #148940821532:  Hold'em Limit ($3/$6 USD) - 2016/02/17 2:23:13 ET
Table 'Ruchbah' 6-max Seat #4 is the button
Seat 1: megabaitt ($139.70 in chips)
Seat 4: Agrotait ($71.76 in chips)
Agrotait: posts small blind $1
megabaitt: posts big blind $3
*** HOLE CARDS ***
Agrotait: raises $3 to $6
megabaitt: calls $3
*** FLOP *** [4d Jh Th]
megabaitt: checks
Agrotait: bets $3
megabaitt: calls $3
*** TURN *** [4d Jh Th] [8d]
megabaitt: checks
Agrotait: bets $6
megabaitt: raises $6 to $12
Agrotait: calls $6
*** RIVER *** [4d Jh Th 8d] [Ts]
megabaitt: bets $6
Agrotait: calls $6
*** SHOW DOWN ***
megabaitt: shows [9s Qd] (a straight, Eight to Queen)
Agrotait: mucks hand
megabaitt collected $53.50 from pot
*** SUMMARY ***
Total pot $54 | Rake $0.50
Board [4d Jh Th 8d Ts]
Seat 1: megabaitt (big blind) showed [9s Qd] and won ($53.50) with a straight, Eight to Queen
Seat 4: Agrotait (button) (small blind) mucked


PokerStars Hand #148940812441:  Hold'em Limit ($3/$6 USD) - 2016/02/17 2:22:44 ET
Table 'Ruchbah' 6-max Seat #1 is the button
Seat 1: megabaitt ($128.18 in chips)
Seat 4: Agrotait ($83.76 in chips)
megabaitt: posts small blind $1
Agrotait: posts big blind $3
*** HOLE CARDS ***
megabaitt: calls $2
Agrotait: checks
*** FLOP *** [Jh 4d 4s]
Agrotait: checks
megabaitt: bets $3
Agrotait: calls $3
*** TURN *** [Jh 4d 4s] [4c]
Agrotait: checks
megabaitt: checks
*** RIVER *** [Jh 4d 4s 4c] [8h]
Agrotait: bets $6
megabaitt: calls $6
*** SHOW DOWN ***
Agrotait: shows [Qd Ts] (three of a kind, Fours)
megabaitt: shows [Tc Ks] (three of a kind, Fours - King kicker)
megabaitt collected $23.52 from pot
*** SUMMARY ***
Total pot $24 | Rake $0.48
Board [Jh 4d 4s 4c 8h]
Seat 1: megabaitt (button) (small blind) showed [Tc Ks] and won ($23.52) with three of a kind, Fours
Seat 4: Agrotait (big blind) showed [Qd Ts] and lost with three of a kind, Fours


PokerStars Hand #148940829295:  Hold'em Limit ($3/$6 USD) - 2016/02/17 2:23:37 ET
Table 'Ruchbah' 6-max Seat #1 is the button
Seat 1: megabaitt ($166.20 in chips)
Seat 4: Agrotait ($72 in chips)
megabaitt: posts small blind $1
Agrotait: posts big blind $3
*** HOLE CARDS ***
megabaitt: calls $2
Agrotait: checks
*** FLOP *** [5d Kh 6c]
Agrotait: bets $3
megabaitt: folds
Uncalled bet ($3) returned to Agrotait
Agrotait collected $5.88 from pot
Agrotait: doesn't show hand
*** SUMMARY ***
Total pot $6 | Rake $0.12
Board [5d Kh 6c]
Seat 1: megabaitt (button) (small blind) folded on the Flop
Seat 4: Agrotait (big blind) collected ($5.88)


PokerStars Hand #148940839942:  Hold'em Limit ($3/$6 USD) - 2016/02/17 2:24:10 ET
Table 'Ruchbah' 6-max Seat #4 is the button
Seat 1: megabaitt ($163.20 in chips)
Seat 4: Agrotait ($74.88 in chips)
Agrotait: posts small blind $1
megabaitt: posts big blind $3
*** HOLE CARDS ***
Agrotait: raises $3 to $6
megabaitt: calls $3
*** FLOP *** [2s 6d 2d]
megabaitt: checks
Agrotait: bets $3
megabaitt: calls $3
*** TURN *** [2s 6d 2d] [6s]
megabaitt: checks
Agrotait: bets $6
megabaitt: raises $6 to $12
Agrotait: folds
Uncalled bet ($6) returned to megabaitt
megabaitt collected $29.50 from pot
megabaitt: doesn't show hand
*** SUMMARY ***
Total pot $30 | Rake $0.50
Board [2s 6d 2d 6s]
Seat 1: megabaitt (big blind) collected ($29.50)
Seat 4: Agrotait (button) (small blind) folded on the Turn


PokerStars Hand #148940857164:  Hold'em Limit ($3/$6 USD) - 2016/02/17 2:25:04 ET
Table 'Ruchbah' 6-max Seat #4 is the button
Seat 1: megabaitt ($186.34 in chips)
Seat 4: Agrotait ($63 in chips)
Agrotait: posts small blind $1
megabaitt: posts big blind $3
*** HOLE CARDS ***
Agrotait: raises $3 to $6
megabaitt: folds
Uncalled bet ($3) returned to Agrotait
Agrotait collected $6 from pot
Agrotait: doesn't show hand
*** SUMMARY ***
Total pot $6 | Rake $0
Seat 1: megabaitt (big blind) folded before Flop
Seat 4: Agrotait (button) (small blind) collected ($6)


PokerStars Hand #148940846659:  Hold'em Limit ($3/$6 USD) - 2016/02/17 2:24:31 ET
Table 'Ruchbah' 6-max Seat #1 is the button
Seat 1: megabaitt ($177.70 in chips)
Seat 4: Agrotait ($72 in chips)
megabaitt: posts small blind $1
Agrotait: posts big blind $3
*** HOLE CARDS ***
megabaitt: calls $2
Agrotait: checks
*** FLOP *** [Qs 9c 5h]
Agrotait: checks
megabaitt: bets $3
Agrotait: raises $3 to $6
megabaitt: calls $3
*** TURN *** [Qs 9c 5h] [5s]
Agrotait: checks
megabaitt: checks
*** RIVER *** [Qs 9c 5h 5s] [6h]
Agrotait: checks
megabaitt: bets $6
Agrotait: folds
Uncalled bet ($6) returned to megabaitt
megabaitt collected $17.64 from pot
megabaitt: doesn't show hand
*** SUMMARY ***
Total pot $18 | Rake $0.36
Board [Qs 9c 5h 5s 6h]
Seat 1: megabaitt (button) (small blind) collected ($17.64)
Seat 4: Agrotait (big blind) folded on the River


PokerStars Hand #148940859564:  Hold'em Limit ($3/$6 USD) - 2016/02/17 2:25:11 ET
Table 'Ruchbah' 6-max Seat #1 is the button
Seat 1: megabaitt ($183.34 in chips)
Seat 4: Agrotait ($66 in chips)
megabaitt: posts small blind $1
Agrotait: posts big blind $3
*** HOLE CARDS ***
megabaitt: calls $2
Agrotait: checks
*** FLOP *** [3d Td 2h]
Agrotait: checks
megabaitt: bets $3
Agrotait: raises $3 to $6
megabaitt: folds
Uncalled bet ($3) returned to Agrotait
Agrotait collected $11.76 from pot
Agrotait: doesn't show hand
*** SUMMARY ***
Total pot $12 | Rake $0.24
Board [3d Td 2h]
Seat 1: megabaitt (button) (small blind) folded on the Flop
Seat 4: Agrotait (big blind) collected ($11.76)


PokerStars Hand #148940876364:  Hold'em Limit ($3/$6 USD) - 2016/02/17 2:26:03 ET
Table 'Ruchbah' 6-max Seat #1 is the button
Seat 1: megabaitt ($185.98 in chips)
Seat 4: Agrotait ($62.76 in chips)
megabaitt: posts small blind $1
Agrotait: posts big blind $3
*** HOLE CARDS ***
megabaitt: folds
Uncalled bet ($2) returned to Agrotait
Agrotait collected $2 from pot
Agrotait: doesn't show hand
*** SUMMARY ***
Total pot $2 | Rake $0
Seat 1: megabaitt (button) (small blind) folded before Flop
Seat 4: Agrotait (big blind) collected ($2)


PokerStars Hand #148940864328:  Hold'em Limit ($3/$6 USD) - 2016/02/17 2:25:26 ET
Table 'Ruchbah' 6-max Seat #4 is the button
Seat 1: megabaitt ($177.34 in chips)
Seat 4: Agrotait ($71.76 in chips)
Agrotait: posts small blind $1
megabaitt: posts big blind $3
*** HOLE CARDS ***
Agrotait: raises $3 to $6
megabaitt: calls $3
*** FLOP *** [Ad 7s Js]
megabaitt: checks
Agrotait: bets $3
megabaitt: calls $3
*** TURN *** [Ad 7s Js] [9d]
megabaitt: checks
Agrotait: checks
*** RIVER *** [Ad 7s Js 9d] [Ac]
megabaitt: bets $6
Agrotait: folds
Uncalled bet ($6) returned to megabaitt
megabaitt collected $17.64 from pot
megabaitt: doesn't show hand
*** SUMMARY ***
Total pot $18 | Rake $0.36
Board [Ad 7s Js 9d Ac]
Seat 1: megabaitt (big blind) collected ($17.64)
Seat 4: Agrotait (button) (small blind) folded on the River


PokerStars Hand #148940878067:  Hold'em Limit ($3/$6 USD) - 2016/02/17 2:26:08 ET
Table 'Ruchbah' 6-max Seat #4 is the button
Seat 1: megabaitt ($184.98 in chips)
Seat 4: Agrotait ($63.76 in chips)
Agrotait: posts small blind $1
megabaitt: posts big blind $3
*** HOLE CARDS ***
Agrotait: raises $3 to $6
megabaitt: calls $3
*** FLOP *** [8s Tc 8h]
megabaitt: checks
Agrotait: bets $3
megabaitt: calls $3
*** TURN *** [8s Tc 8h] [Qh]
megabaitt: checks
Agrotait: checks
*** RIVER *** [8s Tc 8h Qh] [Kh]
megabaitt: bets $6
Agrotait: folds
Uncalled bet ($6) returned to megabaitt
megabaitt collected $17.64 from pot
megabaitt: doesn't show hand
*** SUMMARY ***
Total pot $18 | Rake $0.36
Board [8s Tc 8h Qh Kh]
Seat 1: megabaitt (big blind) collected ($17.64)
Seat 4: Agrotait (button) (small blind) folded on the River


PokerStars Hand #148940884715:  Hold'em Limit ($3/$6 USD) - 2016/02/17 2:26:29 ET
Table 'Ruchbah' 6-max Seat #1 is the button
Seat 1: megabaitt ($193.62 in chips)
Seat 4: Agrotait ($72 in chips)
megabaitt: posts small blind $1
Agrotait: posts big blind $3
*** HOLE CARDS ***
megabaitt: folds
Uncalled bet ($2) returned to Agrotait
Agrotait collected $2 from pot
Agrotait: doesn't show hand
*** SUMMARY ***
Total pot $2 | Rake $0
Seat 1: megabaitt (button) (small blind) folded before Flop
Seat 4: Agrotait (big blind) collected ($2)


PokerStars Hand #148940895709:  Hold'em Limit ($3/$6 USD) - 2016/02/17 2:27:03 ET
Table 'Ruchbah' 6-max Seat #1 is the button
Seat 1: megabaitt ($207.12 in chips)
Seat 4: Agrotait ($72 in chips)
megabaitt: posts small blind $1
Agrotait: posts big blind $3
*** HOLE CARDS ***
megabaitt: folds
Uncalled bet ($2) returned to Agrotait
Agrotait collected $2 from pot
Agrotait: doesn't show hand
*** SUMMARY ***
Total pot $2 | Rake $0
Seat 1: megabaitt (button) (small blind) folded before Flop
Seat 4: Agrotait (big blind) collected ($2)


PokerStars Hand #148940887176:  Hold'em Limit ($3/$6 USD) - 2016/02/17 2:26:36 ET
Table 'Ruchbah' 6-max Seat #4 is the button
Seat 1: megabaitt ($192.62 in chips)
Seat 4: Agrotait ($73 in chips)
Agrotait: posts small blind $1
megabaitt: posts big blind $3
*** HOLE CARDS ***
Agrotait: raises $3 to $6
megabaitt: calls $3
*** FLOP *** [As Jc 9d]
megabaitt: checks
Agrotait: bets $3
megabaitt: calls $3
*** TURN *** [As Jc 9d] [8c]
megabaitt: checks
Agrotait: checks
*** RIVER *** [As Jc 9d 8c] [3d]
megabaitt: bets $6
Agrotait: calls $6
*** SHOW DOWN ***
megabaitt: shows [Qh 8s] (a pair of Eights)
Agrotait: mucks hand
megabaitt collected $29.50 from pot
*** SUMMARY ***
Total pot $30 | Rake $0.50
Board [As Jc 9d 8c 3d]
Seat 1: megabaitt (big blind) showed [Qh 8s] and won ($29.50) with a pair of Eights
Seat 4: Agrotait (button) (small blind) mucked


PokerStars Hand #148940897387:  Hold'em Limit ($3/$6 USD) - 2016/02/17 2:27:08 ET
Table 'Ruchbah' 6-max Seat #4 is the button
Seat 1: megabaitt ($206.12 in chips)
Seat 4: Agrotait ($73 in chips)
Agrotait: posts small blind $1
megabaitt: posts big blind $3
*** HOLE CARDS ***
Agrotait: raises $3 to $6
megabaitt: calls $3
*** FLOP *** [9h 4s 4d]
megabaitt: checks
Agrotait: bets $3
megabaitt: folds
Uncalled bet ($3) returned to Agrotait
Agrotait collected $11.76 from pot
Agrotait: doesn't show hand
*** SUMMARY ***
Total pot $12 | Rake $0.24
Board [9h 4s 4d]
Seat 1: megabaitt (big blind) folded on the Flop
Seat 4: Agrotait (button) (small blind) collected ($11.76)


PokerStars Hand #148940901744:  Hold'em Limit ($3/$6 USD) - 2016/02/17 2:27:21 ET
Table 'Ruchbah' 6-max Seat #1 is the button
Seat 1: megabaitt ($200.12 in chips)
Seat 4: Agrotait ($78.76 in chips)
megabaitt: posts small blind $1
Agrotait: posts big blind $3
*** HOLE CARDS ***
megabaitt: folds
Uncalled bet ($2) returned to Agrotait
Agrotait collected $2 from pot
Agrotait: doesn't show hand
*** SUMMARY ***
Total pot $2 | Rake $0
Seat 1: megabaitt (button) (small blind) folded before Flop
Seat 4: Agrotait (big blind) collected ($2)


PokerStars Hand #148940903564:  Hold'em Limit ($3/$6 USD) - 2016/02/17 2:27:27 ET
Table 'Ruchbah' 6-max Seat #4 is the button
Seat 1: megabaitt ($199.12 in chips)
Seat 4: Agrotait ($79.76 in chips)
Agrotait: posts small blind $1
megabaitt: posts big blind $3
*** HOLE CARDS ***
Agrotait: raises $3 to $6
megabaitt: folds
Uncalled bet ($3) returned to Agrotait
Agrotait collected $6 from pot
Agrotait: doesn't show hand
*** SUMMARY ***
Total pot $6 | Rake $0
Seat 1: megabaitt (big blind) folded before Flop
Seat 4: Agrotait (button) (small blind) collected ($6)


PokerStars Hand #148940917904:  Hold'em Limit ($3/$6 USD) - 2016/02/17 2:28:12 ET
Table 'Ruchbah' 6-max Seat #1 is the button
Seat 1: megabaitt ($219.62 in chips)
Seat 4: Agrotait ($75 in chips)
megabaitt: posts small blind $1
Agrotait: posts big blind $3
*** HOLE CARDS ***
megabaitt: calls $2
Agrotait: checks
*** FLOP *** [Tc Jc 6c]
Agrotait: checks
megabaitt: bets $3
Agrotait: calls $3
*** TURN *** [Tc Jc 6c] [Qs]
Agrotait: checks
megabaitt: bets $6
Agrotait: calls $6
*** RIVER *** [Tc Jc 6c Qs] [2s]
Agrotait: checks
megabaitt: bets $6
Agrotait: calls $6
*** SHOW DOWN ***
megabaitt: shows [Ah Ks] (a straight, Ten to Ace)
Agrotait: mucks hand
megabaitt collected $35.50 from pot
*** SUMMARY ***
Total pot $36 | Rake $0.50
Board [Tc Jc 6c Qs 2s]
Seat 1: megabaitt (button) (small blind) showed [Ah Ks] and won ($35.50) with a straight, Ten to Ace
Seat 4: Agrotait (big blind) mucked


PokerStars Hand #148940915466:  Hold'em Limit ($3/$6 USD) - 2016/02/17 2:28:04 ET
Table 'Ruchbah' 6-max Seat #4 is the button
Seat 1: megabaitt ($222.62 in chips)
Seat 4: Agrotait ($72 in chips)
Agrotait: posts small blind $1
megabaitt: posts big blind $3
*** HOLE CARDS ***
Agrotait: raises $3 to $6
megabaitt: folds
Uncalled bet ($3) returned to Agrotait
Agrotait collected $6 from pot
Agrotait: doesn't show hand
*** SUMMARY ***
Total pot $6 | Rake $0
Seat 1: megabaitt (big blind) folded before Flop
Seat 4: Agrotait (button) (small blind) collected ($6)


PokerStars Hand #148940905840:  Hold'em Limit ($3/$6 USD) - 2016/02/17 2:27:34 ET
Table 'Ruchbah' 6-max Seat #1 is the button
Seat 1: megabaitt ($196.12 in chips)
Seat 4: Agrotait ($82.76 in chips)
megabaitt: posts small blind $1
Agrotait: posts big blind $3
*** HOLE CARDS ***
megabaitt: calls $2
Agrotait: raises $3 to $6
megabaitt: calls $3
*** FLOP *** [7h 4s 5s]
Agrotait: bets $3
megabaitt: calls $3
*** TURN *** [7h 4s 5s] [4d]
Agrotait: bets $6
megabaitt: raises $6 to $12
Agrotait: calls $6
*** RIVER *** [7h 4s 5s 4d] [2h]
Agrotait: checks
megabaitt: bets $6
Agrotait: calls $6
*** SHOW DOWN ***
megabaitt: shows [9s 9h] (two pair, Nines and Fours)
Agrotait: mucks hand
megabaitt collected $53.50 from pot
*** SUMMARY ***
Total pot $54 | Rake $0.50
Board [7h 4s 5s 4d 2h]
Seat 1: megabaitt (button) (small blind) showed [9s 9h] and won ($53.50) with two pair, Nines and Fours
Seat 4: Agrotait (big blind) mucked


PokerStars Hand #148940935321:  Hold'em Limit ($3/$6 USD) - 2016/02/17 2:29:05 ET
Table 'Ruchbah' 6-max Seat #1 is the button
Seat 1: megabaitt ($257.62 in chips)
Seat 4: Agrotait ($72 in chips)
megabaitt: posts small blind $1
Agrotait: posts big blind $3
*** HOLE CARDS ***
megabaitt: calls $2
Agrotait: checks
*** FLOP *** [Td 2s Jd]
Agrotait: checks
megabaitt: bets $3
Agrotait: folds
Uncalled bet ($3) returned to megabaitt
megabaitt collected $5.88 from pot
megabaitt: doesn't show hand
*** SUMMARY ***
Total pot $6 | Rake $0.12
Board [Td 2s Jd]
Seat 1: megabaitt (button) (small blind) collected ($5.88)
Seat 4: Agrotait (big blind) folded on the Flop


PokerStars Hand #148940944522:  Hold'em Limit ($3/$6 USD) - 2016/02/17 2:29:34 ET
Table 'Ruchbah' 6-max Seat #1 is the button
Seat 1: megabaitt ($254.50 in chips)
Seat 4: Agrotait ($74.76 in chips)
megabaitt: posts small blind $1
Agrotait: posts big blind $3
*** HOLE CARDS ***
megabaitt: folds
Uncalled bet ($2) returned to Agrotait
Agrotait collected $2 from pot
Agrotait: doesn't show hand
*** SUMMARY ***
Total pot $2 | Rake $0
Seat 1: megabaitt (button) (small blind) folded before Flop
Seat 4: Agrotait (big blind) collected ($2)


PokerStars Hand #148940939727:  Hold'em Limit ($3/$6 USD) - 2016/02/17 2:29:19 ET
Table 'Ruchbah' 6-max Seat #4 is the button
Seat 1: megabaitt ($260.50 in chips)
Seat 4: Agrotait ($69 in chips)
Agrotait: posts small blind $1
megabaitt: posts big blind $3
*** HOLE CARDS ***
Agrotait: raises $3 to $6
megabaitt: calls $3
*** FLOP *** [2s 7s 3h]
megabaitt: checks
Agrotait: bets $3
megabaitt: folds
Uncalled bet ($3) returned to Agrotait
Agrotait collected $11.76 from pot
Agrotait: doesn't show hand
*** SUMMARY ***
Total pot $12 | Rake $0.24
Board [2s 7s 3h]
Seat 1: megabaitt (big blind) folded on the Flop
Seat 4: Agrotait (button) (small blind) collected ($11.76)


PokerStars Hand #148940926332:  Hold'em Limit ($3/$6 USD) - 2016/02/17 2:28:38 ET
Table 'Ruchbah' 6-max Seat #4 is the button
Seat 1: megabaitt ($237.12 in chips)
Seat 4: Agrotait ($72 in chips)
Agrotait: posts small blind $1
megabaitt: posts big blind $3
*** HOLE CARDS ***
Agrotait: raises $3 to $6
megabaitt: calls $3
*** FLOP *** [Qd 3s 2s]
megabaitt: checks
Agrotait: bets $3
megabaitt: calls $3
*** TURN *** [Qd 3s 2s] [2h]
megabaitt: checks
Agrotait: checks
*** RIVER *** [Qd 3s 2s 2h] [6c]
megabaitt: bets $6
Agrotait: raises $6 to $12
megabaitt: calls $6
*** SHOW DOWN ***
Agrotait: shows [9s Td] (a pair of Deuces)
megabaitt: shows [4s 4h] (two pair, Fours and Deuces)
megabaitt collected $41.50 from pot
*** SUMMARY ***
Total pot $42 | Rake $0.50
Board [Qd 3s 2s 2h 6c]
Seat 1: megabaitt (big blind) showed [4s 4h] and won ($41.50) with two pair, Fours and Deuces
Seat 4: Agrotait (button) (small blind) showed [9s Td] and lost with a pair of Deuces


PokerStars Hand #148940946320:  Hold'em Limit ($3/$6 USD) - 2016/02/17 2:29:40 ET
Table 'Ruchbah' 6-max Seat #4 is the button
Seat 1: megabaitt ($253.50 in chips)
Seat 4: Agrotait ($75.76 in chips)
Agrotait: posts small blind $1
megabaitt: posts big blind $3
*** HOLE CARDS ***
Agrotait: raises $3 to $6
megabaitt: calls $3
*** FLOP *** [Ks Ac Kc]
megabaitt: checks
Agrotait: bets $3
megabaitt: calls $3
*** TURN *** [Ks Ac Kc] [Qs]
megabaitt: checks
Agrotait: checks
*** RIVER *** [Ks Ac Kc Qs] [2d]
megabaitt: bets $6
Agrotait: folds
Uncalled bet ($6) returned to megabaitt
megabaitt collected $17.64 from pot
megabaitt: doesn't show hand
*** SUMMARY ***
Total pot $18 | Rake $0.36
Board [Ks Ac Kc Qs 2d]
Seat 1: megabaitt (big blind) collected ($17.64)
Seat 4: Agrotait (button) (small blind) folded on the River


PokerStars Hand #148940953863:  Hold'em Limit ($3/$6 USD) - 2016/02/17 2:30:04 ET
Table 'Ruchbah' 6-max Seat #4 is the button
Seat 1: megabaitt ($261.14 in chips)
Seat 4: Agrotait ($67.76 in chips)
Agrotait: posts small blind $1
megabaitt: posts big blind $3
*** HOLE CARDS ***
Agrotait: raises $3 to $6
megabaitt: folds
Uncalled bet ($3) returned to Agrotait
Agrotait collected $6 from pot
Agrotait: doesn't show hand
*** SUMMARY ***
Total pot $6 | Rake $0
Seat 1: megabaitt (big blind) folded before Flop
Seat 4: Agrotait (button) (small blind) collected ($6)


PokerStars Hand #148940952221:  Hold'em Limit ($3/$6 USD) - 2016/02/17 2:29:58 ET
Table 'Ruchbah' 6-max Seat #1 is the button
Seat 1: megabaitt ($262.14 in chips)
Seat 4: Agrotait ($66.76 in chips)
megabaitt: posts small blind $1
Agrotait: posts big blind $3
*** HOLE CARDS ***
megabaitt: folds
Uncalled bet ($2) returned to Agrotait
Agrotait collected $2 from pot
Agrotait: doesn't show hand
*** SUMMARY ***
Total pot $2 | Rake $0
Seat 1: megabaitt (button) (small blind) folded before Flop
Seat 4: Agrotait (big blind) collected ($2)


PokerStars Hand #148940956114:  Hold'em Limit ($3/$6 USD) - 2016/02/17 2:30:11 ET
Table 'Ruchbah' 6-max Seat #1 is the button
Seat 1: megabaitt ($258.14 in chips)
Seat 4: Agrotait ($70.76 in chips)
megabaitt: posts small blind $1
Agrotait: posts big blind $3
*** HOLE CARDS ***
megabaitt: folds
Uncalled bet ($2) returned to Agrotait
Agrotait collected $2 from pot
Agrotait: doesn't show hand
*** SUMMARY ***
Total pot $2 | Rake $0
Seat 1: megabaitt (button) (small blind) folded before Flop
Seat 4: Agrotait (big blind) collected ($2)


PokerStars Hand #148940958189:  Hold'em Limit ($3/$6 USD) - 2016/02/17 2:30:17 ET
Table 'Ruchbah' 6-max Seat #4 is the button
Seat 1: megabaitt ($257.14 in chips)
Seat 4: Agrotait ($71.76 in chips)
Agrotait: posts small blind $1
megabaitt: posts big blind $3
*** HOLE CARDS ***
Agrotait: raises $3 to $6
megabaitt: calls $3
*** FLOP *** [3c Qc 9s]
megabaitt: checks
Agrotait: bets $3
megabaitt: calls $3
*** TURN *** [3c Qc 9s] [8c]
megabaitt: checks
Agrotait: checks
*** RIVER *** [3c Qc 9s 8c] [9d]
megabaitt: bets $6
Agrotait: calls $6
*** SHOW DOWN ***
megabaitt: shows [4h 9h] (three of a kind, Nines)
Agrotait: mucks hand
megabaitt collected $29.50 from pot
*** SUMMARY ***
Total pot $30 | Rake $0.50
Board [3c Qc 9s 8c 9d]
Seat 1: megabaitt (big blind) showed [4h 9h] and won ($29.50) with three of a kind, Nines
Seat 4: Agrotait (button) (small blind) mucked


PokerStars Hand #148940974389:  Hold'em Limit ($3/$6 USD) - 2016/02/17 2:31:07 ET
Table 'Ruchbah' 6-max Seat #1 is the button
Seat 1: megabaitt ($262.64 in chips)
Seat 4: Agrotait ($80.76 in chips)
megabaitt: posts small blind $1
Agrotait: posts big blind $3
*** HOLE CARDS ***
megabaitt: calls $2
Agrotait: checks
*** FLOP *** [3c Kc 6d]
Agrotait: bets $3
megabaitt: calls $3
*** TURN *** [3c Kc 6d] [6s]
Agrotait: checks
megabaitt: bets $6
Agrotait: folds
Uncalled bet ($6) returned to megabaitt
megabaitt collected $11.76 from pot
megabaitt: doesn't show hand
*** SUMMARY ***
Total pot $12 | Rake $0.24
Board [3c Kc 6d 6s]
Seat 1: megabaitt (button) (small blind) collected ($11.76)
Seat 4: Agrotait (big blind) folded on the Turn


PokerStars Hand #148940979870:  Hold'em Limit ($3/$6 USD) - 2016/02/17 2:31:24 ET
Table 'Ruchbah' 6-max Seat #4 is the button
Seat 1: megabaitt ($268.40 in chips)
Seat 4: Agrotait ($74.76 in chips)
Agrotait: posts small blind $1
megabaitt: posts big blind $3
*** HOLE CARDS ***
Agrotait: raises $3 to $6
megabaitt: calls $3
*** FLOP *** [Qs Ah 6c]
megabaitt: checks
Agrotait: checks
*** TURN *** [Qs Ah 6c] [3d]
megabaitt: bets $6
Agrotait: calls $6
*** RIVER *** [Qs Ah 6c 3d] [Jd]
megabaitt: checks
Agrotait: bets $6
megabaitt: folds
Uncalled bet ($6) returned to Agrotait
Agrotait collected $23.52 from pot
Agrotait: doesn't show hand
*** SUMMARY ***
Total pot $24 | Rake $0.48
Board [Qs Ah 6c 3d Jd]
Seat 1: megabaitt (big blind) folded on the River
Seat 4: Agrotait (button) (small blind) collected ($23.52)


PokerStars Hand #148940972059:  Hold'em Limit ($3/$6 USD) - 2016/02/17 2:31:00 ET
Table 'Ruchbah' 6-max Seat #4 is the button
Seat 1: megabaitt ($265.64 in chips)
Seat 4: Agrotait ($77.76 in chips)
Agrotait: posts small blind $1
megabaitt: posts big blind $3
*** HOLE CARDS ***
Agrotait: raises $3 to $6
megabaitt: folds
Uncalled bet ($3) returned to Agrotait
Agrotait collected $6 from pot
Agrotait: doesn't show hand
*** SUMMARY ***
Total pot $6 | Rake $0
Seat 1: megabaitt (big blind) folded before Flop
Seat 4: Agrotait (button) (small blind) collected ($6)


PokerStars Hand #148940966051:  Hold'em Limit ($3/$6 USD) - 2016/02/17 2:30:41 ET
Table 'Ruchbah' 6-max Seat #1 is the button
Seat 1: megabaitt ($271.64 in chips)
Seat 4: Agrotait ($72 in chips)
megabaitt: posts small blind $1
Agrotait: posts big blind $3
*** HOLE CARDS ***
megabaitt: calls $2
Agrotait: checks
*** FLOP *** [4c Tc 6c]
Agrotait: checks
megabaitt: bets $3
Agrotait: calls $3
*** TURN *** [4c Tc 6c] [2s]
Agrotait: checks
megabaitt: checks
*** RIVER *** [4c Tc 6c 2s] [7c]
Agrotait: checks
megabaitt: checks
*** SHOW DOWN ***
Agrotait: shows [5h 4d] (a pair of Fours)
megabaitt: mucks hand
Agrotait collected $11.76 from pot
*** SUMMARY ***
Total pot $12 | Rake $0.24
Board [4c Tc 6c 2s 7c]
Seat 1: megabaitt (button) (small blind) mucked
Seat 4: Agrotait (big blind) showed [5h 4d] and won ($11.76) with a pair of Fours


PokerStars Hand #148940997423:  Hold'em Limit ($3/$6 USD) - 2016/02/17 2:32:18 ET
Table 'Ruchbah' 6-max Seat #4 is the button
Seat 1: megabaitt ($258.16 in chips)
Seat 4: Agrotait ($84.28 in chips)
Agrotait: posts small blind $1
megabaitt: posts big blind $3
*** HOLE CARDS ***
Agrotait: calls $2
megabaitt: checks
*** FLOP *** [4c 9d 3s]
megabaitt: checks
Agrotait: bets $3
megabaitt: folds
Uncalled bet ($3) returned to Agrotait
Agrotait collected $5.88 from pot
Agrotait: doesn't show hand
*** SUMMARY ***
Total pot $6 | Rake $0.12
Board [4c 9d 3s]
Seat 1: megabaitt (big blind) folded on the Flop
Seat 4: Agrotait (button) (small blind) collected ($5.88)


PokerStars Hand #148940995459:  Hold'em Limit ($3/$6 USD) - 2016/02/17 2:32:12 ET
Table 'Ruchbah' 6-max Seat #1 is the button
Seat 1: megabaitt ($259.16 in chips)
Seat 4: Agrotait ($83.28 in chips)
megabaitt: posts small blind $1
Agrotait: posts big blind $3
*** HOLE CARDS ***
megabaitt: folds
Uncalled bet ($2) returned to Agrotait
Agrotait collected $2 from pot
Agrotait: doesn't show hand
*** SUMMARY ***
Total pot $2 | Rake $0
Seat 1: megabaitt (button) (small blind) folded before Flop
Seat 4: Agrotait (big blind) collected ($2)


PokerStars Hand #148940993009:  Hold'em Limit ($3/$6 USD) - 2016/02/17 2:32:04 ET
Table 'Ruchbah' 6-max Seat #4 is the button
Seat 1: megabaitt ($262.16 in chips)
Seat 4: Agrotait ($80.28 in chips)
Agrotait: posts small blind $1
megabaitt: posts big blind $3
*** HOLE CARDS ***
Agrotait: raises $3 to $6
megabaitt: folds
Uncalled bet ($3) returned to Agrotait
Agrotait collected $6 from pot
Agrotait: doesn't show hand
*** SUMMARY ***
Total pot $6 | Rake $0
Seat 1: megabaitt (big blind) folded before Flop
Seat 4: Agrotait (button) (small blind) collected ($6)


PokerStars Hand #148940986230:  Hold'em Limit ($3/$6 USD) - 2016/02/17 2:31:43 ET
Table 'Ruchbah' 6-max Seat #1 is the button
Seat 1: megabaitt ($256.40 in chips)
Seat 4: Agrotait ($86.28 in chips)
megabaitt: posts small blind $1
Agrotait: posts big blind $3
*** HOLE CARDS ***
megabaitt: calls $2
Agrotait: checks
*** FLOP *** [Ah 8h 8s]
Agrotait: bets $3
megabaitt: calls $3
*** TURN *** [Ah 8h 8s] [Ts]
Agrotait: checks
megabaitt: bets $6
Agrotait: folds
Uncalled bet ($6) returned to megabaitt
megabaitt collected $11.76 from pot
megabaitt: doesn't show hand
*** SUMMARY ***
Total pot $12 | Rake $0.24
Board [Ah 8h 8s Ts]
Seat 1: megabaitt (button) (small blind) collected ($11.76)
Seat 4: Agrotait (big blind) folded on the Turn


PokerStars Hand #148941009469:  Hold'em Limit ($3/$6 USD) - 2016/02/17 2:32:55 ET
Table 'Ruchbah' 6-max Seat #4 is the button
Seat 1: megabaitt ($249.16 in chips)
Seat 4: Agrotait ($92.92 in chips)
Agrotait: posts small blind $1
megabaitt: posts big blind $3
*** HOLE CARDS ***
Agrotait: calls $2
megabaitt: checks
*** FLOP *** [8s 2s 5s]
megabaitt: bets $3
Agrotait: calls $3
*** TURN *** [8s 2s 5s] [4d]
megabaitt: checks
Agrotait: checks
*** RIVER *** [8s 2s 5s 4d] [2c]
megabaitt: bets $6
Agrotait: folds
Uncalled bet ($6) returned to megabaitt
megabaitt collected $11.76 from pot
megabaitt: doesn't show hand
*** SUMMARY ***
Total pot $12 | Rake $0.24
Board [8s 2s 5s 4d 2c]
Seat 1: megabaitt (big blind) collected ($11.76)
Seat 4: Agrotait (button) (small blind) folded on the River


PokerStars Hand #148941001718:  Hold'em Limit ($3/$6 USD) - 2016/02/17 2:32:31 ET
Table 'Ruchbah' 6-max Seat #1 is the button
Seat 1: megabaitt ($255.16 in chips)
Seat 4: Agrotait ($87.16 in chips)
megabaitt: posts small blind $1
Agrotait: posts big blind $3
*** HOLE CARDS ***
megabaitt: calls $2
Agrotait: raises $3 to $6
megabaitt: calls $3
*** FLOP *** [3d 7s 5h]
Agrotait: checks
megabaitt: checks
*** TURN *** [3d 7s 5h] [6s]
Agrotait: bets $6
megabaitt: folds
Uncalled bet ($6) returned to Agrotait
Agrotait collected $11.76 from pot
Agrotait: doesn't show hand
*** SUMMARY ***
Total pot $12 | Rake $0.24
Board [3d 7s 5h 6s]
Seat 1: megabaitt (button) (small blind) folded on the Turn
Seat 4: Agrotait (big blind) collected ($11.76)


PokerStars Hand #148941035243:  Hold'em Limit ($3/$6 USD) - 2016/02/17 2:34:13 ET
Table 'Ruchbah' 6-max Seat #4 is the button
Seat 1: megabaitt ($248.67 in chips)
Seat 4: Agrotait ($92.67 in chips)
Agrotait: posts small blind $1
megabaitt: posts big blind $3
*** HOLE CARDS ***
Agrotait: raises $3 to $6
megabaitt: calls $3
*** FLOP *** [Kd As Js]
megabaitt: checks
Agrotait: bets $3
megabaitt: calls $3
*** TURN *** [Kd As Js] [Kc]
megabaitt: checks
Agrotait: checks
*** RIVER *** [Kd As Js Kc] [4h]
megabaitt: bets $6
Agrotait: calls $6
*** SHOW DOWN ***
megabaitt: shows [Ac Ts] (two pair, Aces and Kings)
Agrotait: mucks hand
megabaitt collected $29.50 from pot
*** SUMMARY ***
Total pot $30 | Rake $0.50
Board [Kd As Js Kc 4h]
Seat 1: megabaitt (big blind) showed [Ac Ts] and won ($29.50) with two pair, Aces and Kings
Seat 4: Agrotait (button) (small blind) mucked


PokerStars Hand #148941033366:  Hold'em Limit ($3/$6 USD) - 2016/02/17 2:34:08 ET
Table 'Ruchbah' 6-max Seat #1 is the button
Seat 1: megabaitt ($249.67 in chips)
Seat 4: Agrotait ($91.67 in chips)
megabaitt: posts small blind $1
Agrotait: posts big blind $3
*** HOLE CARDS ***
megabaitt: folds
Uncalled bet ($2) returned to Agrotait
Agrotait collected $2 from pot
Agrotait: doesn't show hand
*** SUMMARY ***
Total pot $2 | Rake $0
Seat 1: megabaitt (button) (small blind) folded before Flop
Seat 4: Agrotait (big blind) collected ($2)


PokerStars Hand #148941031293:  Hold'em Limit ($3/$6 USD) - 2016/02/17 2:34:01 ET
Table 'Ruchbah' 6-max Seat #4 is the button
Seat 1: megabaitt ($252.67 in chips)
Seat 4: Agrotait ($88.67 in chips)
Agrotait: posts small blind $1
megabaitt: posts big blind $3
*** HOLE CARDS ***
Agrotait: raises $3 to $6
megabaitt: folds
Uncalled bet ($3) returned to Agrotait
Agrotait collected $6 from pot
Agrotait: doesn't show hand
*** SUMMARY ***
Total pot $6 | Rake $0
Seat 1: megabaitt (big blind) folded before Flop
Seat 4: Agrotait (button) (small blind) collected ($6)


PokerStars Hand #148941029478:  Hold'em Limit ($3/$6 USD) - 2016/02/17 2:33:55 ET
Table 'Ruchbah' 6-max Seat #1 is the button
Seat 1: megabaitt ($253.67 in chips)
Seat 4: Agrotait ($87.67 in chips)
megabaitt: posts small blind $1
Agrotait: posts big blind $3
*** HOLE CARDS ***
megabaitt: folds
Uncalled bet ($2) returned to Agrotait
Agrotait collected $2 from pot
Agrotait: doesn't show hand
*** SUMMARY ***
Total pot $2 | Rake $0
Seat 1: megabaitt (button) (small blind) folded before Flop
Seat 4: Agrotait (big blind) collected ($2)


PokerStars Hand #148941020688:  Hold'em Limit ($3/$6 USD) - 2016/02/17 2:33:29 ET
Table 'Ruchbah' 6-max Seat #4 is the button
Seat 1: megabaitt ($253.92 in chips)
Seat 4: Agrotait ($87.92 in chips)
Agrotait: posts small blind $1
megabaitt: posts big blind $3
*** HOLE CARDS ***
Agrotait: raises $3 to $6
megabaitt: calls $3
*** FLOP *** [2c 5d 4d]
megabaitt: checks
Agrotait: bets $3
megabaitt: calls $3
*** TURN *** [2c 5d 4d] [Jd]
megabaitt: checks
Agrotait: checks
*** RIVER *** [2c 5d 4d Jd] [3h]
megabaitt: bets $6
Agrotait: raises $6 to $12
megabaitt: raises $6 to $18
Agrotait: calls $6
*** SHOW DOWN ***
megabaitt: shows [Ah 6s] (a straight, Deuce to Six)
Agrotait: shows [6h Th] (a straight, Deuce to Six)
megabaitt collected $26.75 from pot
Agrotait collected $26.75 from pot
*** SUMMARY ***
Total pot $54 | Rake $0.50
Board [2c 5d 4d Jd 3h]
Seat 1: megabaitt (big blind) showed [Ah 6s] and won ($26.75) with a straight, Deuce to Six
Seat 4: Agrotait (button) (small blind) showed [6h Th] and won ($26.75) with a straight, Deuce to Six


PokerStars Hand #148941041872:  Hold'em Limit ($3/$6 USD) - 2016/02/17 2:34:33 ET
Table 'Ruchbah' 6-max Seat #1 is the button
Seat 1: megabaitt ($263.17 in chips)
Seat 4: Agrotait ($77.67 in chips)
megabaitt: posts small blind $1
Agrotait: posts big blind $3
*** HOLE CARDS ***
megabaitt: calls $2
Agrotait: checks
*** FLOP *** [2c Ad Tc]
Agrotait: bets $3
megabaitt: calls $3
*** TURN *** [2c Ad Tc] [9d]
Agrotait: checks
megabaitt: bets $6
Agrotait: folds
Uncalled bet ($6) returned to megabaitt
megabaitt collected $11.76 from pot
megabaitt: doesn't show hand
*** SUMMARY ***
Total pot $12 | Rake $0.24
Board [2c Ad Tc 9d]
Seat 1: megabaitt (button) (small blind) collected ($11.76)
Seat 4: Agrotait (big blind) folded on the Turn


PokerStars Hand #148941060368:  Hold'em Limit ($3/$6 USD) - 2016/02/17 2:35:30 ET
Table 'Ruchbah' 6-max Seat #4 is the button
Seat 1: megabaitt ($255.93 in chips)
Seat 4: Agrotait ($84.31 in chips)
Agrotait: posts small blind $1
megabaitt: posts big blind $3
*** HOLE CARDS ***
Agrotait: raises $3 to $6
megabaitt: folds
Uncalled bet ($3) returned to Agrotait
Agrotait collected $6 from pot
Agrotait: doesn't show hand
*** SUMMARY ***
Total pot $6 | Rake $0
Seat 1: megabaitt (big blind) folded before Flop
Seat 4: Agrotait (button) (small blind) collected ($6)


PokerStars Hand #148941056107:  Hold'em Limit ($3/$6 USD) - 2016/02/17 2:35:17 ET
Table 'Ruchbah' 6-max Seat #1 is the button
Seat 1: megabaitt ($261.93 in chips)
Seat 4: Agrotait ($78.55 in chips)
megabaitt: posts small blind $1
Agrotait: posts big blind $3
*** HOLE CARDS ***
megabaitt: calls $2
Agrotait: raises $3 to $6
megabaitt: calls $3
*** FLOP *** [As 9s Ks]
Agrotait: bets $3
megabaitt: folds
Uncalled bet ($3) returned to Agrotait
Agrotait collected $11.76 from pot
Agrotait: doesn't show hand
*** SUMMARY ***
Total pot $12 | Rake $0.24
Board [As 9s Ks]
Seat 1: megabaitt (button) (small blind) folded on the Flop
Seat 4: Agrotait (big blind) collected ($11.76)


PokerStars Hand #148941052084:  Hold'em Limit ($3/$6 USD) - 2016/02/17 2:35:05 ET
Table 'Ruchbah' 6-max Seat #4 is the button
Seat 1: megabaitt ($264.93 in chips)
Seat 4: Agrotait ($75.67 in chips)
Agrotait: posts small blind $1
megabaitt: posts big blind $3
*** HOLE CARDS ***
Agrotait: calls $2
megabaitt: checks
*** FLOP *** [7h Jd Js]
megabaitt: checks
Agrotait: bets $3
megabaitt: folds
Uncalled bet ($3) returned to Agrotait
Agrotait collected $5.88 from pot
Agrotait: doesn't show hand
*** SUMMARY ***
Total pot $6 | Rake $0.12
Board [7h Jd Js]
Seat 1: megabaitt (big blind) folded on the Flop
Seat 4: Agrotait (button) (small blind) collected ($5.88)


PokerStars Hand #148941050109:  Hold'em Limit ($3/$6 USD) - 2016/02/17 2:34:59 ET
Table 'Ruchbah' 6-max Seat #1 is the button
Seat 1: megabaitt ($265.93 in chips)
Seat 4: Agrotait ($74.67 in chips)
megabaitt: posts small blind $1
Agrotait: posts big blind $3
*** HOLE CARDS ***
megabaitt: folds
Uncalled bet ($2) returned to Agrotait
Agrotait collected $2 from pot
Agrotait: doesn't show hand
*** SUMMARY ***
Total pot $2 | Rake $0
Seat 1: megabaitt (button) (small blind) folded before Flop
Seat 4: Agrotait (big blind) collected ($2)


PokerStars Hand #148941048079:  Hold'em Limit ($3/$6 USD) - 2016/02/17 2:34:53 ET
Table 'Ruchbah' 6-max Seat #4 is the button
Seat 1: megabaitt ($268.93 in chips)
Seat 4: Agrotait ($71.67 in chips)
Agrotait: posts small blind $1
megabaitt: posts big blind $3
*** HOLE CARDS ***
Agrotait: raises $3 to $6
megabaitt: folds
Uncalled bet ($3) returned to Agrotait
Agrotait collected $6 from pot
Agrotait: doesn't show hand
*** SUMMARY ***
Total pot $6 | Rake $0
Seat 1: megabaitt (big blind) folded before Flop
Seat 4: Agrotait (button) (small blind) collected ($6)


PokerStars Hand #148941076562:  Hold'em Limit ($3/$6 USD) - 2016/02/17 2:36:20 ET
Table 'Ruchbah' 6-max Seat #4 is the button
Seat 1: megabaitt ($240.93 in chips)
Seat 4: Agrotait ($98.83 in chips)
Agrotait: posts small blind $1
megabaitt: posts big blind $3
*** HOLE CARDS ***
Agrotait: raises $3 to $6
megabaitt: folds
Uncalled bet ($3) returned to Agrotait
Agrotait collected $6 from pot
Agrotait: doesn't show hand
*** SUMMARY ***
Total pot $6 | Rake $0
Seat 1: megabaitt (big blind) folded before Flop
Seat 4: Agrotait (button) (small blind) collected ($6)


PokerStars Hand #148941062767:  Hold'em Limit ($3/$6 USD) - 2016/02/17 2:35:38 ET
Table 'Ruchbah' 6-max Seat #1 is the button
Seat 1: megabaitt ($252.93 in chips)
Seat 4: Agrotait ($87.31 in chips)
megabaitt: posts small blind $1
Agrotait: posts big blind $3
*** HOLE CARDS ***
megabaitt: calls $2
Agrotait: raises $3 to $6
megabaitt: calls $3
*** FLOP *** [2h 8d 7c]
Agrotait: checks
megabaitt: checks
*** TURN *** [2h 8d 7c] [7d]
Agrotait: checks
megabaitt: bets $6
Agrotait: calls $6
*** RIVER *** [2h 8d 7c 7d] [2s]
Agrotait: checks
megabaitt: checks
*** SHOW DOWN ***
Agrotait: shows [Qc Ks] (two pair, Sevens and Deuces)
megabaitt: mucks hand
Agrotait collected $23.52 from pot
*** SUMMARY ***
Total pot $24 | Rake $0.48
Board [2h 8d 7c 7d 2s]
Seat 1: megabaitt (button) (small blind) mucked
Seat 4: Agrotait (big blind) showed [Qc Ks] and won ($23.52) with two pair, Sevens and Deuces


PokerStars Hand #148941079040:  Hold'em Limit ($3/$6 USD) - 2016/02/17 2:36:27 ET
Table 'Ruchbah' 6-max Seat #1 is the button
Seat 1: megabaitt ($237.93 in chips)
Seat 4: Agrotait ($101.83 in chips)
megabaitt: posts small blind $1
Agrotait: posts big blind $3
*** HOLE CARDS ***
megabaitt: calls $2
Agrotait: checks
*** FLOP *** [Ts 2c 4h]
Agrotait: checks
megabaitt: bets $3
Agrotait: calls $3
*** TURN *** [Ts 2c 4h] [7c]
Agrotait: checks
megabaitt: checks
*** RIVER *** [Ts 2c 4h 7c] [Ks]
Agrotait: bets $6
megabaitt: folds
Uncalled bet ($6) returned to Agrotait
megabaitt leaves the table
Agrotait collected $11.76 from pot
Agrotait: doesn't show hand
*** SUMMARY ***
Total pot $12 | Rake $0.24
Board [Ts 2c 4h 7c Ks]
Seat 1: megabaitt (button) (small blind) folded on the River
Seat 4: Agrotait (big blind) collected ($11.76)


