PokerStars Hand #153874930115:  Hold'em Limit ($3/$6 USD) - 2016/05/26 14:10:03 ET
Table 'Ruchba II' 6-max Seat #2 is the button
Seat 2: TinaTurner72 ($120 in chips)
Seat 3: beekka ($120 in chips)
TinaTurner72: posts small blind $1
beekka: posts big blind $3
*** HOLE CARDS ***
TinaTurner72: raises $3 to $6
beekka: calls $3
*** FLOP *** [Qs 4h 9h]
beekka: checks
TinaTurner72: bets $3
Chessnok joins the table at seat #4
beekka: calls $3
*** TURN *** [Qs 4h 9h] [4c]
beekka: checks
TinaTurner72: bets $6
beekka: folds
Uncalled bet ($6) returned to TinaTurner72
TinaTurner72 collected $17.64 from pot
TinaTurner72: doesn't show hand
*** SUMMARY ***
Total pot $18 | Rake $0.36
Board [Qs 4h 9h 4c]
Seat 2: TinaTurner72 (button) (small blind) collected ($17.64)
Seat 3: beekka (big blind) folded on the Turn


PokerStars Hand #153877311737:  Hold'em Limit ($3/$6 USD) - 2016/05/26 14:58:42 ET
Table 'Ruchba II' 6-max Seat #4 is the button
Seat 4: Chessnok ($159.48 in chips)
Seat 6: Zizou123 ($66.13 in chips)
Chessnok: posts small blind $1
Zizou123: posts big blind $3
*** HOLE CARDS ***
Chessnok: raises $3 to $6
Zizou123: calls $3
*** FLOP *** [7d 6c Qs]
Zizou123: checks
Chessnok: bets $3
Zizou123: calls $3
*** TURN *** [7d 6c Qs] [4c]
Zizou123: checks
Chessnok: checks
*** RIVER *** [7d 6c Qs 4c] [Td]
Zizou123: checks
Chessnok: checks
*** SHOW DOWN ***
Zizou123: shows [8h 6s] (a pair of Sixes)
Chessnok: mucks hand
Zizou123 collected $17.64 from pot
*** SUMMARY ***
Total pot $18 | Rake $0.36
Board [7d 6c Qs 4c Td]
Seat 4: Chessnok (button) (small blind) mucked
Seat 6: Zizou123 (big blind) showed [8h 6s] and won ($17.64) with a pair of Sixes


PokerStars Hand #153877320520:  Hold'em Limit ($3/$6 USD) - 2016/05/26 14:58:56 ET
Table 'Ruchba II' 6-max Seat #6 is the button
Seat 4: Chessnok ($150.48 in chips)
Seat 6: Zizou123 ($74.77 in chips)
Zizou123: posts small blind $1
Chessnok: posts big blind $3
*** HOLE CARDS ***
Zizou123: raises $3 to $6
Chessnok: raises $3 to $9
Zizou123: calls $3
*** FLOP *** [7d 4s 7c]
Chessnok: bets $3
Zizou123: calls $3
*** TURN *** [7d 4s 7c] [4d]
Chessnok: bets $6
Zizou123: calls $6
*** RIVER *** [7d 4s 7c 4d] [Tc]
Chessnok: bets $6
Zizou123: calls $6
*** SHOW DOWN ***
Chessnok: shows [9c Ad] (two pair, Sevens and Fours)
Zizou123: mucks hand
Chessnok collected $47.50 from pot
*** SUMMARY ***
Total pot $48 | Rake $0.50
Board [7d 4s 7c 4d Tc]
Seat 4: Chessnok (big blind) showed [9c Ad] and won ($47.50) with two pair, Sevens and Fours
Seat 6: Zizou123 (button) (small blind) mucked


PokerStars Hand #153877308456:  Hold'em Limit ($3/$6 USD) - 2016/05/26 14:58:37 ET
Table 'Ruchba II' 6-max Seat #6 is the button
Seat 4: Chessnok ($158.48 in chips)
Seat 6: Zizou123 ($67.13 in chips)
Zizou123: posts small blind $1
TinaTurner72: is sitting out
TinaTurner72 leaves the table
Chessnok: posts big blind $3
*** HOLE CARDS ***
Zizou123: folds
Uncalled bet ($2) returned to Chessnok
Chessnok collected $2 from pot
Chessnok: doesn't show hand
*** SUMMARY ***
Total pot $2 | Rake $0
Seat 4: Chessnok (big blind) collected ($2)
Seat 6: Zizou123 (button) (small blind) folded before Flop


PokerStars Hand #153880411648:  Hold'em Limit ($3/$6 USD) - 2016/05/26 15:57:22 ET
Table 'Ruchba II' 6-max Seat #1 is the button
Seat 1: Zubasa07 ($500 in chips)
Seat 2: Fantomet ($109.25 in chips)
Zubasa07: posts small blind $1
Fantomet: posts big blind $3
*** HOLE CARDS ***
Zubasa07: raises $3 to $6
Fantomet: raises $3 to $9
Zubasa07: calls $3
*** FLOP *** [5d Ad 7h]
Fantomet: checks
Zubasa07: checks
*** TURN *** [5d Ad 7h] [8d]
Fantomet: bets $6
Zubasa07: calls $6
*** RIVER *** [5d Ad 7h 8d] [8s]
Fantomet: bets $6
Zubasa07: calls $6
*** SHOW DOWN ***
Fantomet: shows [Ah Jh] (two pair, Aces and Eights)
Zubasa07: mucks hand
Fantomet collected $41.50 from pot
*** SUMMARY ***
Total pot $42 | Rake $0.50
Board [5d Ad 7h 8d 8s]
Seat 1: Zubasa07 (button) (small blind) mucked
Seat 2: Fantomet (big blind) showed [Ah Jh] and won ($41.50) with two pair, Aces and Eights


PokerStars Hand #153880435327:  Hold'em Limit ($3/$6 USD) - 2016/05/26 15:57:55 ET
Table 'Ruchba II' 6-max Seat #2 is the button
Seat 1: Zubasa07 ($479 in chips)
Seat 2: Fantomet ($129.75 in chips)
Fantomet: posts small blind $1
Zubasa07: posts big blind $3
*** HOLE CARDS ***
Fantomet: raises $3 to $6
Zubasa07: calls $3
*** FLOP *** [Ts 4c 9s]
Zubasa07: checks
Fantomet: bets $3
Zubasa07: calls $3
*** TURN *** [Ts 4c 9s] [9h]
Zubasa07: checks
Fantomet: bets $6
Zubasa07: calls $6
*** RIVER *** [Ts 4c 9s 9h] [Td]
Zubasa07: checks
Fantomet: checks
*** SHOW DOWN ***
Zubasa07: shows [As 7c] (two pair, Tens and Nines)
Fantomet: mucks hand
Zubasa07 collected $29.50 from pot
*** SUMMARY ***
Total pot $30 | Rake $0.50
Board [Ts 4c 9s 9h Td]
Seat 1: Zubasa07 (big blind) showed [As 7c] and won ($29.50) with two pair, Tens and Nines
Seat 2: Fantomet (button) (small blind) mucked


PokerStars Hand #153880461222:  Hold'em Limit ($3/$6 USD) - 2016/05/26 15:58:32 ET
Table 'Ruchba II' 6-max Seat #1 is the button
Seat 1: Zubasa07 ($493.50 in chips)
Seat 2: Fantomet ($114.75 in chips)
Zubasa07: posts small blind $1
Fantomet: posts big blind $3
*** HOLE CARDS ***
Zubasa07: raises $3 to $6
Fantomet: raises $3 to $9
Zubasa07: calls $3
*** FLOP *** [7d Tc 3d]
Fantomet: bets $3
LolDnkaments joins the table at seat #3
Zubasa07: calls $3
*** TURN *** [7d Tc 3d] [5c]
longtall271 joins the table at seat #4
Fantomet: bets $6
Zubasa07: folds
Uncalled bet ($6) returned to Fantomet
Fantomet collected $23.52 from pot
*** SUMMARY ***
Total pot $24 | Rake $0.48
Board [7d Tc 3d 5c]
Seat 1: Zubasa07 (button) (small blind) folded on the Turn
Seat 2: Fantomet (big blind) collected ($23.52)


PokerStars Hand #153881232367:  Hold'em Limit ($3/$6 USD) - 2016/05/26 16:13:17 ET
Table 'Ruchba II' 6-max Seat #3 is the button
Seat 2: Fantomet ($35.60 in chips)
Seat 3: LolDnkaments ($83.50 in chips)
LolDnkaments: posts small blind $1
Fantomet: posts big blind $3
*** HOLE CARDS ***
LolDnkaments: raises $3 to $6
Fantomet: calls $3
*** FLOP *** [8d Qc 8h]
Fantomet: checks
LolDnkaments: bets $3
Fantomet: calls $3
*** TURN *** [8d Qc 8h] [Th]
Fantomet: checks
LolDnkaments: bets $6
Fantomet: raises $6 to $12
LolDnkaments: calls $6
*** RIVER *** [8d Qc 8h Th] [9s]
Fantomet: bets $6
LolDnkaments: raises $6 to $12
Fantomet: raises $2.60 to $14.60 and is all-in
LolDnkaments: calls $2.60
*** SHOW DOWN ***
Fantomet: shows [9c 8c] (a full house, Eights full of Nines)
LolDnkaments: shows [Kc Jc] (a straight, Nine to King)
Fantomet collected $70.70 from pot
*** SUMMARY ***
Total pot $71.20 | Rake $0.50
Board [8d Qc 8h Th 9s]
Seat 2: Fantomet (big blind) showed [9c 8c] and won ($70.70) with a full house, Eights full of Nines
Seat 3: LolDnkaments (button) (small blind) showed [Kc Jc] and lost with a straight, Nine to King


PokerStars Hand #153881223791:  Hold'em Limit ($3/$6 USD) - 2016/05/26 16:13:07 ET
Table 'Ruchba II' 6-max Seat #2 is the button
Seat 2: Fantomet ($32.60 in chips)
Seat 3: LolDnkaments ($86.50 in chips)
Fantomet: posts small blind $1
LolDnkaments: posts big blind $3
*** HOLE CARDS ***
Fantomet: raises $3 to $6
LolDnkaments: folds
Uncalled bet ($3) returned to Fantomet
Fantomet collected $6 from pot
*** SUMMARY ***
Total pot $6 | Rake $0
Seat 2: Fantomet (button) (small blind) collected ($6)
Seat 3: LolDnkaments (big blind) folded before Flop


PokerStars Hand #153881205869:  Hold'em Limit ($3/$6 USD) - 2016/05/26 16:12:48 ET
Table 'Ruchba II' 6-max Seat #3 is the button
Seat 2: Fantomet ($47.60 in chips)
Seat 3: LolDnkaments ($72 in chips)
LolDnkaments: posts small blind $1
Iteopepe88: is sitting out
Fantomet: posts big blind $3
*** HOLE CARDS ***
Iteopepe88 leaves the table
LolDnkaments: raises $3 to $6
Fantomet: calls $3
*** FLOP *** [6h 5c 9h]
Fantomet: checks
LolDnkaments: bets $3
Fantomet: calls $3
*** TURN *** [6h 5c 9h] [3c]
Fantomet: checks
LolDnkaments: bets $6
Fantomet: calls $6
*** RIVER *** [6h 5c 9h 3c] [9d]
Fantomet: checks
LolDnkaments: bets $6
Fantomet: folds
Uncalled bet ($6) returned to LolDnkaments
LolDnkaments collected $29.50 from pot
LolDnkaments: doesn't show hand
*** SUMMARY ***
Total pot $30 | Rake $0.50
Board [6h 5c 9h 3c 9d]
Seat 2: Fantomet (big blind) folded on the River
Seat 3: LolDnkaments (button) (small blind) collected ($29.50)


PokerStars Hand #153881293488:  Hold'em Limit ($3/$6 USD) - 2016/05/26 16:14:25 ET
Table 'Ruchba II' 6-max Seat #3 is the button
Seat 2: Fantomet ($104.96 in chips)
Seat 3: LolDnkaments ($73 in chips)
LolDnkaments: posts small blind $1
Fantomet: posts big blind $3
*** HOLE CARDS ***
LolDnkaments: raises $3 to $6
Fantomet: folds
Uncalled bet ($3) returned to LolDnkaments
LolDnkaments collected $6 from pot
LolDnkaments: doesn't show hand
PlayForca joins the table at seat #4
*** SUMMARY ***
Total pot $6 | Rake $0
Seat 2: Fantomet (big blind) folded before Flop
Seat 3: LolDnkaments (button) (small blind) collected ($6)


PokerStars Hand #153881289341:  Hold'em Limit ($3/$6 USD) - 2016/05/26 16:14:20 ET
Table 'Ruchba II' 6-max Seat #2 is the button
Seat 2: Fantomet ($105.96 in chips)
Seat 3: LolDnkaments ($72 in chips)
Fantomet: posts small blind $1
LolDnkaments: posts big blind $3
*** HOLE CARDS ***
Fantomet: folds
Uncalled bet ($2) returned to LolDnkaments
LolDnkaments collected $2 from pot
LolDnkaments: doesn't show hand
*** SUMMARY ***
Total pot $2 | Rake $0
Seat 2: Fantomet (button) (small blind) folded before Flop
Seat 3: LolDnkaments (big blind) collected ($2)


PokerStars Hand #153881266630:  Hold'em Limit ($3/$6 USD) - 2016/05/26 16:13:55 ET
Table 'Ruchba II' 6-max Seat #3 is the button
Seat 2: Fantomet ($76.46 in chips)
Seat 3: LolDnkaments ($72 in chips)
LolDnkaments: posts small blind $1
Fantomet: posts big blind $3
*** HOLE CARDS ***
LolDnkaments: raises $3 to $6
Fantomet: calls $3
*** FLOP *** [6c Th 2c]
Fantomet: checks
LolDnkaments: bets $3
Fantomet: raises $3 to $6
LolDnkaments: calls $3
*** TURN *** [6c Th 2c] [As]
Fantomet: bets $6
LolDnkaments: raises $6 to $12
Fantomet: calls $6
*** RIVER *** [6c Th 2c As] [Qc]
Fantomet: checks
LolDnkaments: bets $6
Fantomet: calls $6
*** SHOW DOWN ***
LolDnkaments: shows [3h 4s] (high card Ace)
Fantomet: shows [7h 6s] (a pair of Sixes)
Fantomet collected $59.50 from pot
*** SUMMARY ***
Total pot $60 | Rake $0.50
Board [6c Th 2c As Qc]
Seat 2: Fantomet (big blind) showed [7h 6s] and won ($59.50) with a pair of Sixes
Seat 3: LolDnkaments (button) (small blind) showed [3h 4s] and lost with high card Ace


PokerStars Hand #153881249871:  Hold'em Limit ($3/$6 USD) - 2016/05/26 16:13:36 ET
Table 'Ruchba II' 6-max Seat #2 is the button
Seat 2: Fantomet ($70.70 in chips)
Seat 3: LolDnkaments ($72 in chips)
Fantomet: posts small blind $1
LolDnkaments: posts big blind $3
*** HOLE CARDS ***
Fantomet: raises $3 to $6
LolDnkaments: calls $3
*** FLOP *** [Ah 7s Jc]
LolDnkaments: checks
Fantomet: bets $3
LolDnkaments: folds
Uncalled bet ($3) returned to Fantomet
Fantomet collected $11.76 from pot
*** SUMMARY ***
Total pot $12 | Rake $0.24
Board [Ah 7s Jc]
Seat 2: Fantomet (button) (small blind) collected ($11.76)
Seat 3: LolDnkaments (big blind) folded on the Flop


PokerStars Hand #153881299173:  Hold'em Limit ($3/$6 USD) - 2016/05/26 16:14:31 ET
Table 'Ruchba II' 6-max Seat #2 is the button
Seat 2: Fantomet ($101.96 in chips)
Seat 3: LolDnkaments ($76 in chips)
Fantomet: posts small blind $1
LolDnkaments: posts big blind $3
*** HOLE CARDS ***
Fantomet: raises $3 to $6
LolDnkaments: calls $3
*** FLOP *** [4c 7s Qd]
LolDnkaments: checks
vestimokrec joins the table at seat #5
Fantomet: bets $3
LolDnkaments: raises $3 to $6
Fantomet: calls $3
*** TURN *** [4c 7s Qd] [Tc]
LolDnkaments: bets $6
Fantomet: calls $6
*** RIVER *** [4c 7s Qd Tc] [Qh]
LolDnkaments: bets $6
Fantomet: calls $6
*** SHOW DOWN ***
LolDnkaments: shows [Qc Ts] (a full house, Queens full of Tens)
Fantomet: mucks hand
LolDnkaments collected $47.50 from pot
*** SUMMARY ***
Total pot $48 | Rake $0.50
Board [4c 7s Qd Tc Qh]
Seat 2: Fantomet (button) (small blind) mucked
Seat 3: LolDnkaments (big blind) showed [Qc Ts] and won ($47.50) with a full house, Queens full of Tens


PokerStars Hand #153889906095:  Hold'em Limit ($3/$6 USD) - 2016/05/26 19:17:07 ET
Table 'Ruchba II' 6-max Seat #6 is the button
Seat 4: aragon1111 ($196.54 in chips)
Seat 6: Actionni13 ($165.28 in chips)
Actionni13: posts small blind $1
vestimokrec: is sitting out
TinaTurner72: is sitting out
aragon1111: posts big blind $3
*** HOLE CARDS ***
Actionni13: raises $3 to $6
aragon1111: folds
Uncalled bet ($3) returned to Actionni13
Actionni13 collected $6 from pot
Actionni13: doesn't show hand
*** SUMMARY ***
Total pot $6 | Rake $0
Seat 4: aragon1111 (big blind) folded before Flop
Seat 6: Actionni13 (button) (small blind) collected ($6)


PokerStars Hand #153889910020:  Hold'em Limit ($3/$6 USD) - 2016/05/26 19:17:13 ET
Table 'Ruchba II' 6-max Seat #4 is the button
Seat 4: aragon1111 ($193.54 in chips)
Seat 6: Actionni13 ($168.28 in chips)
aragon1111: posts small blind $1
Actionni13: posts big blind $3
*** HOLE CARDS ***
aragon1111: raises $3 to $6
Actionni13: calls $3
*** FLOP *** [6d 3h 4h]
Actionni13: bets $3
vestimokrec leaves the table
aragon1111: calls $3
*** TURN *** [6d 3h 4h] [Qc]
Actionni13: bets $6
aragon1111: calls $6
*** RIVER *** [6d 3h 4h Qc] [Th]
Actionni13: bets $6
TinaTurner72 leaves the table
aragon1111: folds
Uncalled bet ($6) returned to Actionni13
Actionni13 collected $29.50 from pot
Actionni13: doesn't show hand
*** SUMMARY ***
Total pot $30 | Rake $0.50
Board [6d 3h 4h Qc Th]
Seat 4: aragon1111 (button) (small blind) folded on the River
Seat 6: Actionni13 (big blind) collected ($29.50)


PokerStars Hand #153889956408:  Hold'em Limit ($3/$6 USD) - 2016/05/26 19:18:29 ET
Table 'Ruchba II' 6-max Seat #6 is the button
Seat 4: aragon1111 ($201.80 in chips)
Seat 6: Actionni13 ($158.78 in chips)
Actionni13: posts small blind $1
aragon1111: posts big blind $3
*** HOLE CARDS ***
Actionni13: raises $3 to $6
aragon1111: folds
Uncalled bet ($3) returned to Actionni13
Actionni13 collected $6 from pot
Actionni13: doesn't show hand
*** SUMMARY ***
Total pot $6 | Rake $0
Seat 4: aragon1111 (big blind) folded before Flop
Seat 6: Actionni13 (button) (small blind) collected ($6)


PokerStars Hand #153889940268:  Hold'em Limit ($3/$6 USD) - 2016/05/26 19:18:03 ET
Table 'Ruchba II' 6-max Seat #4 is the button
Seat 4: aragon1111 ($184.30 in chips)
Seat 6: Actionni13 ($176.78 in chips)
aragon1111: posts small blind $1
Actionni13: posts big blind $3
*** HOLE CARDS ***
aragon1111: raises $3 to $6
Actionni13: calls $3
*** FLOP *** [Qd Tc Qs]
Actionni13: checks
aragon1111: checks
*** TURN *** [Qd Tc Qs] [9d]
Actionni13: bets $6
aragon1111: calls $6
*** RIVER *** [Qd Tc Qs 9d] [4d]
Actionni13: bets $6
aragon1111: calls $6
*** SHOW DOWN ***
Actionni13: shows [Jh 3s] (a pair of Queens)
aragon1111: shows [Ts Kd] (two pair, Queens and Tens)
aragon1111 collected $35.50 from pot
*** SUMMARY ***
Total pot $36 | Rake $0.50
Board [Qd Tc Qs 9d 4d]
Seat 4: aragon1111 (button) (small blind) showed [Ts Kd] and won ($35.50) with two pair, Queens and Tens
Seat 6: Actionni13 (big blind) showed [Jh 3s] and lost with a pair of Queens


PokerStars Hand #153889924176:  Hold'em Limit ($3/$6 USD) - 2016/05/26 19:17:37 ET
Table 'Ruchba II' 6-max Seat #6 is the button
Seat 4: aragon1111 ($178.54 in chips)
Seat 6: Actionni13 ($182.78 in chips)
Actionni13: posts small blind $1
aragon1111: posts big blind $3
*** HOLE CARDS ***
Actionni13: raises $3 to $6
aragon1111: calls $3
*** FLOP *** [4s Ts Kc]
aragon1111: bets $3
Actionni13: folds
Uncalled bet ($3) returned to aragon1111
aragon1111 collected $11.76 from pot
aragon1111: doesn't show hand
*** SUMMARY ***
Total pot $12 | Rake $0.24
Board [4s Ts Kc]
Seat 4: aragon1111 (big blind) collected ($11.76)
Seat 6: Actionni13 (button) (small blind) folded on the Flop


PokerStars Hand #153889982807:  Hold'em Limit ($3/$6 USD) - 2016/05/26 19:19:13 ET
Table 'Ruchba II' 6-max Seat #6 is the button
Seat 4: aragon1111 ($207.44 in chips)
Seat 6: Actionni13 ($152.78 in chips)
Actionni13: posts small blind $1
aragon1111: posts big blind $3
*** HOLE CARDS ***
Actionni13: raises $3 to $6
aragon1111: folds
Uncalled bet ($3) returned to Actionni13
Actionni13 collected $6 from pot
Actionni13: doesn't show hand
*** SUMMARY ***
Total pot $6 | Rake $0
Seat 4: aragon1111 (big blind) folded before Flop
Seat 6: Actionni13 (button) (small blind) collected ($6)


PokerStars Hand #153889961049:  Hold'em Limit ($3/$6 USD) - 2016/05/26 19:18:37 ET
Table 'Ruchba II' 6-max Seat #4 is the button
Seat 4: aragon1111 ($198.80 in chips)
Seat 6: Actionni13 ($161.78 in chips)
aragon1111: posts small blind $1
Actionni13: posts big blind $3
*** HOLE CARDS ***
aragon1111: raises $3 to $6
Actionni13: calls $3
*** FLOP *** [Js 3c Td]
Actionni13: checks
aragon1111: bets $3
Actionni13: calls $3
*** TURN *** [Js 3c Td] [Qh]
Actionni13: checks
aragon1111: checks
*** RIVER *** [Js 3c Td Qh] [2d]
Actionni13: checks
aragon1111: bets $6
Actionni13: folds
Uncalled bet ($6) returned to aragon1111
aragon1111 collected $17.64 from pot
aragon1111: doesn't show hand
*** SUMMARY ***
Total pot $18 | Rake $0.36
Board [Js 3c Td Qh 2d]
Seat 4: aragon1111 (button) (small blind) collected ($17.64)
Seat 6: Actionni13 (big blind) folded on the River


PokerStars Hand #153890033062:  Hold'em Limit ($3/$6 USD) - 2016/05/26 19:20:36 ET
Table 'Ruchba II' 6-max Seat #4 is the button
Seat 4: aragon1111 ($235.70 in chips)
Seat 6: Actionni13 ($150 in chips)
aragon1111: posts small blind $1
Actionni13: posts big blind $3
*** HOLE CARDS ***
aragon1111: folds
Uncalled bet ($2) returned to Actionni13
Actionni13 collected $2 from pot
Actionni13: doesn't show hand
*** SUMMARY ***
Total pot $2 | Rake $0
Seat 4: aragon1111 (button) (small blind) folded before Flop
Seat 6: Actionni13 (big blind) collected ($2)


PokerStars Hand #153890020976:  Hold'em Limit ($3/$6 USD) - 2016/05/26 19:20:16 ET
Table 'Ruchba II' 6-max Seat #6 is the button
Seat 4: aragon1111 ($229.94 in chips)
Seat 6: Actionni13 ($154 in chips)
Actionni13: posts small blind $1
aragon1111: posts big blind $3
*** HOLE CARDS ***
Actionni13: raises $3 to $6
aragon1111: calls $3
*** FLOP *** [8s 8c 2s]
aragon1111: checks
Actionni13: checks
*** TURN *** [8s 8c 2s] [Jc]
aragon1111: bets $6
Actionni13: folds
Uncalled bet ($6) returned to aragon1111
aragon1111 collected $11.76 from pot
aragon1111: doesn't show hand
*** SUMMARY ***
Total pot $12 | Rake $0.24
Board [8s 8c 2s Jc]
Seat 4: aragon1111 (big blind) collected ($11.76)
Seat 6: Actionni13 (button) (small blind) folded on the Turn


PokerStars Hand #153890016587:  Hold'em Limit ($3/$6 USD) - 2016/05/26 19:20:08 ET
Table 'Ruchba II' 6-max Seat #4 is the button
Seat 4: aragon1111 ($230.94 in chips)
Seat 6: Actionni13 ($153 in chips)
aragon1111: posts small blind $1
Actionni13: posts big blind $3
*** HOLE CARDS ***
aragon1111: folds
Uncalled bet ($2) returned to Actionni13
MrMagicCard8 leaves the table
Actionni13 collected $2 from pot
Actionni13: doesn't show hand
*** SUMMARY ***
Total pot $2 | Rake $0
Seat 4: aragon1111 (button) (small blind) folded before Flop
Seat 6: Actionni13 (big blind) collected ($2)


PokerStars Hand #153890010212:  Hold'em Limit ($3/$6 USD) - 2016/05/26 19:19:58 ET
Table 'Ruchba II' 6-max Seat #6 is the button
Seat 4: aragon1111 ($233.94 in chips)
Seat 6: Actionni13 ($150 in chips)
Actionni13: posts small blind $1
aragon1111: posts big blind $3
*** HOLE CARDS ***
Actionni13: raises $3 to $6
aragon1111: folds
Uncalled bet ($3) returned to Actionni13
Actionni13 collected $6 from pot
Actionni13: doesn't show hand
*** SUMMARY ***
Total pot $6 | Rake $0
Seat 4: aragon1111 (big blind) folded before Flop
Seat 6: Actionni13 (button) (small blind) collected ($6)


