PokerStars Hand #168539383431:  Hold'em Limit ($3/$6 USD) - 2017/04/03 17:54:16 ET
Table 'Rukbat' 6-max Seat #1 is the button
Seat 1: Zubasa07 ($284 in chips)
Seat 5: LotsaBalls12 ($65.75 in chips)
Zubasa07: posts small blind $1
LotsaBalls12: posts big blind $3
*** HOLE CARDS ***
Zubasa07: folds
Uncalled bet ($2) returned to LotsaBalls12
LotsaBalls12 collected $2 from pot
LotsaBalls12: doesn't show hand
*** SUMMARY ***
Total pot $2 | Rake $0
Seat 1: Zubasa07 (button) (small blind) folded before Flop
Seat 5: LotsaBalls12 (big blind) collected ($2)


PokerStars Hand #168539349626:  Hold'em Limit ($3/$6 USD) - 2017/04/03 17:53:33 ET
Table 'Rukbat' 6-max Seat #5 is the button
Seat 1: Zubasa07 ($299 in chips)
Seat 5: LotsaBalls12 ($51.25 in chips)
LotsaBalls12: posts small blind $1
Zubasa07: posts big blind $3
*** HOLE CARDS ***
LotsaBalls12: calls $2
Zubasa07: raises $3 to $6
LotsaBalls12: calls $3
*** FLOP *** [4s 7h 8s]
Zubasa07: bets $3
LotsaBalls12: calls $3
*** TURN *** [4s 7h 8s] [6s]
Zubasa07: checks
LotsaBalls12: bets $6
Zubasa07: calls $6
*** RIVER *** [4s 7h 8s 6s] [2c]
Zubasa07: checks
LotsaBalls12: bets $6
Zubasa07: folds
Uncalled bet ($6) returned to LotsaBalls12
LotsaBalls12 collected $29.50 from pot
LotsaBalls12: doesn't show hand
*** SUMMARY ***
Total pot $30 | Rake $0.50
Board [4s 7h 8s 6s 2c]
Seat 1: Zubasa07 (big blind) folded on the River
Seat 5: LotsaBalls12 (button) (small blind) collected ($29.50)


PokerStars Hand #168539387208:  Hold'em Limit ($3/$6 USD) - 2017/04/03 17:54:21 ET
Table 'Rukbat' 6-max Seat #5 is the button
Seat 1: Zubasa07 ($283 in chips)
Seat 5: LotsaBalls12 ($66.75 in chips)
LotsaBalls12: posts small blind $1
Zubasa07: posts big blind $3
*** HOLE CARDS ***
LotsaBalls12: raises $3 to $6
Zubasa07: calls $3
*** FLOP *** [Jd 8d Th]
Zubasa07: checks
LotsaBalls12: bets $3
Zubasa07: calls $3
*** TURN *** [Jd 8d Th] [Kc]
Zubasa07: checks
LotsaBalls12: bets $6
Zubasa07: calls $6
*** RIVER *** [Jd 8d Th Kc] [7h]
Zubasa07: checks
LotsaBalls12: checks
*** SHOW DOWN ***
Zubasa07: shows [4d Qs] (high card King)
LotsaBalls12: shows [Td Jh] (two pair, Jacks and Tens)
LotsaBalls12 collected $29.50 from pot
*** SUMMARY ***
Total pot $30 | Rake $0.50
Board [Jd 8d Th Kc 7h]
Seat 1: Zubasa07 (big blind) showed [4d Qs] and lost with high card King
Seat 5: LotsaBalls12 (button) (small blind) showed [Td Jh] and won ($29.50) with two pair, Jacks and Tens


PokerStars Hand #168539426003:  Hold'em Limit ($3/$6 USD) - 2017/04/03 17:55:11 ET
Table 'Rukbat' 6-max Seat #5 is the button
Seat 1: Zubasa07 ($253 in chips)
Seat 5: LotsaBalls12 ($95.75 in chips)
LotsaBalls12: posts small blind $1
Zubasa07: posts big blind $3
*** HOLE CARDS ***
LotsaBalls12: folds
Uncalled bet ($2) returned to Zubasa07
Zubasa07 collected $2 from pot
Zubasa07: doesn't show hand
*** SUMMARY ***
Total pot $2 | Rake $0
Seat 1: Zubasa07 (big blind) collected ($2)
Seat 5: LotsaBalls12 (button) (small blind) folded before Flop


PokerStars Hand #168539408225:  Hold'em Limit ($3/$6 USD) - 2017/04/03 17:54:48 ET
Table 'Rukbat' 6-max Seat #1 is the button
Seat 1: Zubasa07 ($268 in chips)
Seat 5: LotsaBalls12 ($81.25 in chips)
Zubasa07: posts small blind $1
LotsaBalls12: posts big blind $3
*** HOLE CARDS ***
Zubasa07: raises $3 to $6
LotsaBalls12: calls $3
*** FLOP *** [Jd 4d 5h]
LotsaBalls12: checks
Zubasa07: bets $3
LotsaBalls12: calls $3
*** TURN *** [Jd 4d 5h] [Ac]
LotsaBalls12: checks
Zubasa07: checks
*** RIVER *** [Jd 4d 5h Ac] [Qs]
LotsaBalls12: bets $6
Zubasa07: calls $6
*** SHOW DOWN ***
LotsaBalls12: shows [Qc 9c] (a pair of Queens)
Zubasa07: mucks hand
LotsaBalls12 collected $29.50 from pot
*** SUMMARY ***
Total pot $30 | Rake $0.50
Board [Jd 4d 5h Ac Qs]
Seat 1: Zubasa07 (button) (small blind) mucked
Seat 5: LotsaBalls12 (big blind) showed [Qc 9c] and won ($29.50) with a pair of Queens


PokerStars Hand #168539429260:  Hold'em Limit ($3/$6 USD) - 2017/04/03 17:55:15 ET
Table 'Rukbat' 6-max Seat #1 is the button
Seat 1: Zubasa07 ($254 in chips)
Seat 5: LotsaBalls12 ($94.75 in chips)
Zubasa07: posts small blind $1
LotsaBalls12: posts big blind $3
*** HOLE CARDS ***
Zubasa07: raises $3 to $6
LotsaBalls12: calls $3
*** FLOP *** [Qh 6c Ks]
LotsaBalls12: checks
Zubasa07: bets $3
LotsaBalls12: calls $3
*** TURN *** [Qh 6c Ks] [Qd]
LotsaBalls12: checks
Zubasa07: checks
*** RIVER *** [Qh 6c Ks Qd] [6d]
LotsaBalls12: bets $6
Zubasa07: folds
Uncalled bet ($6) returned to LotsaBalls12
LotsaBalls12 collected $17.64 from pot
LotsaBalls12: doesn't show hand
*** SUMMARY ***
Total pot $18 | Rake $0.36
Board [Qh 6c Ks Qd 6d]
Seat 1: Zubasa07 (button) (small blind) folded on the River
Seat 5: LotsaBalls12 (big blind) collected ($17.64)


PokerStars Hand #168539442858:  Hold'em Limit ($3/$6 USD) - 2017/04/03 17:55:37 ET
Table 'Rukbat' 6-max Seat #5 is the button
Seat 1: Zubasa07 ($245 in chips)
Seat 5: LotsaBalls12 ($103.39 in chips)
LotsaBalls12: posts small blind $1
Zubasa07: posts big blind $3
*** HOLE CARDS ***
LotsaBalls12: raises $3 to $6
Zubasa07: raises $3 to $9
LotsaBalls12: calls $3
*** FLOP *** [Qs 2s 9c]
Zubasa07: bets $3
LotsaBalls12: calls $3
*** TURN *** [Qs 2s 9c] [5c]
Zubasa07: bets $6
LotsaBalls12: calls $6
*** RIVER *** [Qs 2s 9c 5c] [7h]
Zubasa07: bets $6
LotsaBalls12: folds
Uncalled bet ($6) returned to Zubasa07
Zubasa07 collected $35.50 from pot
Zubasa07: doesn't show hand
*** SUMMARY ***
Total pot $36 | Rake $0.50
Board [Qs 2s 9c 5c 7h]
Seat 1: Zubasa07 (big blind) collected ($35.50)
Seat 5: LotsaBalls12 (button) (small blind) folded on the River


PokerStars Hand #168539459215:  Hold'em Limit ($3/$6 USD) - 2017/04/03 17:56:02 ET
Table 'Rukbat' 6-max Seat #5 is the button
Seat 1: Zubasa07 ($261.50 in chips)
Seat 5: LotsaBalls12 ($86.39 in chips)
LotsaBalls12: posts small blind $1
Zubasa07: posts big blind $3
*** HOLE CARDS ***
LotsaBalls12: folds
Uncalled bet ($2) returned to Zubasa07
Zubasa07 collected $2 from pot
Zubasa07: doesn't show hand
*** SUMMARY ***
Total pot $2 | Rake $0
Seat 1: Zubasa07 (big blind) collected ($2)
Seat 5: LotsaBalls12 (button) (small blind) folded before Flop


PokerStars Hand #168539456158:  Hold'em Limit ($3/$6 USD) - 2017/04/03 17:55:57 ET
Table 'Rukbat' 6-max Seat #1 is the button
Seat 1: Zubasa07 ($262.50 in chips)
Seat 5: LotsaBalls12 ($85.39 in chips)
Zubasa07: posts small blind $1
LotsaBalls12: posts big blind $3
*** HOLE CARDS ***
Zubasa07: folds
Uncalled bet ($2) returned to LotsaBalls12
LotsaBalls12 collected $2 from pot
LotsaBalls12: doesn't show hand
*** SUMMARY ***
Total pot $2 | Rake $0
Seat 1: Zubasa07 (button) (small blind) folded before Flop
Seat 5: LotsaBalls12 (big blind) collected ($2)


PokerStars Hand #168539462435:  Hold'em Limit ($3/$6 USD) - 2017/04/03 17:56:07 ET
Table 'Rukbat' 6-max Seat #1 is the button
Seat 1: Zubasa07 ($262.50 in chips)
Seat 5: LotsaBalls12 ($85.39 in chips)
Zubasa07: posts small blind $1
LotsaBalls12: posts big blind $3
*** HOLE CARDS ***
Zubasa07: raises $3 to $6
LotsaBalls12: calls $3
*** FLOP *** [Jc Kh 3c]
LotsaBalls12: checks
Zubasa07: bets $3
LotsaBalls12: calls $3
*** TURN *** [Jc Kh 3c] [5c]
LotsaBalls12: checks
Zubasa07: checks
*** RIVER *** [Jc Kh 3c 5c] [4h]
LotsaBalls12: bets $6
Zubasa07: calls $6
*** SHOW DOWN ***
LotsaBalls12: shows [7h 7d] (a pair of Sevens)
Zubasa07: mucks hand
LotsaBalls12 collected $29.50 from pot
*** SUMMARY ***
Total pot $30 | Rake $0.50
Board [Jc Kh 3c 5c 4h]
Seat 1: Zubasa07 (button) (small blind) mucked
Seat 5: LotsaBalls12 (big blind) showed [7h 7d] and won ($29.50) with a pair of Sevens


PokerStars Hand #168539491943:  Hold'em Limit ($3/$6 USD) - 2017/04/03 17:56:52 ET
Table 'Rukbat' 6-max Seat #5 is the button
Seat 1: Zubasa07 ($261 in chips)
Seat 5: LotsaBalls12 ($85.89 in chips)
LotsaBalls12: posts small blind $1
Zubasa07: posts big blind $3
*** HOLE CARDS ***
LotsaBalls12: raises $3 to $6
Zubasa07: calls $3
*** FLOP *** [3h 7d 8d]
Zubasa07: checks
LotsaBalls12: bets $3
Zubasa07: folds
Uncalled bet ($3) returned to LotsaBalls12
LotsaBalls12 collected $11.76 from pot
LotsaBalls12: doesn't show hand
*** SUMMARY ***
Total pot $12 | Rake $0.24
Board [3h 7d 8d]
Seat 1: Zubasa07 (big blind) folded on the Flop
Seat 5: LotsaBalls12 (button) (small blind) collected ($11.76)


PokerStars Hand #168539474187:  Hold'em Limit ($3/$6 USD) - 2017/04/03 17:56:25 ET
Table 'Rukbat' 6-max Seat #5 is the button
Seat 1: Zubasa07 ($247.50 in chips)
Seat 5: LotsaBalls12 ($99.89 in chips)
LotsaBalls12: posts small blind $1
Zubasa07: posts big blind $3
*** HOLE CARDS ***
LotsaBalls12: calls $2
Zubasa07: raises $3 to $6
LotsaBalls12: calls $3
*** FLOP *** [8c Td 5s]
Zubasa07: bets $3
LotsaBalls12: calls $3
*** TURN *** [8c Td 5s] [4s]
Zubasa07: checks
LotsaBalls12: checks
*** RIVER *** [8c Td 5s 4s] [7d]
Zubasa07: bets $6
LotsaBalls12: calls $6
*** SHOW DOWN ***
Zubasa07: shows [6c Ad] (a straight, Four to Eight)
LotsaBalls12: mucks hand
Zubasa07 collected $29.50 from pot
*** SUMMARY ***
Total pot $30 | Rake $0.50
Board [8c Td 5s 4s 7d]
Seat 1: Zubasa07 (big blind) showed [6c Ad] and won ($29.50) with a straight, Four to Eight
Seat 5: LotsaBalls12 (button) (small blind) mucked


PokerStars Hand #168539488611:  Hold'em Limit ($3/$6 USD) - 2017/04/03 17:56:47 ET
Table 'Rukbat' 6-max Seat #1 is the button
Seat 1: Zubasa07 ($262 in chips)
Seat 5: LotsaBalls12 ($84.89 in chips)
Zubasa07: posts small blind $1
LotsaBalls12: posts big blind $3
*** HOLE CARDS ***
Zubasa07: folds
Uncalled bet ($2) returned to LotsaBalls12
LotsaBalls12 collected $2 from pot
LotsaBalls12: doesn't show hand
*** SUMMARY ***
Total pot $2 | Rake $0
Seat 1: Zubasa07 (button) (small blind) folded before Flop
Seat 5: LotsaBalls12 (big blind) collected ($2)


PokerStars Hand #168539511756:  Hold'em Limit ($3/$6 USD) - 2017/04/03 17:57:23 ET
Table 'Rukbat' 6-max Seat #5 is the button
Seat 1: Zubasa07 ($263.64 in chips)
Seat 5: LotsaBalls12 ($82.65 in chips)
LotsaBalls12: posts small blind $1
Zubasa07: posts big blind $3
*** HOLE CARDS ***
LotsaBalls12: folds
Uncalled bet ($2) returned to Zubasa07
Zubasa07 collected $2 from pot
Zubasa07: doesn't show hand
*** SUMMARY ***
Total pot $2 | Rake $0
Seat 1: Zubasa07 (big blind) collected ($2)
Seat 5: LotsaBalls12 (button) (small blind) folded before Flop


PokerStars Hand #168539498480:  Hold'em Limit ($3/$6 USD) - 2017/04/03 17:57:02 ET
Table 'Rukbat' 6-max Seat #1 is the button
Seat 1: Zubasa07 ($255 in chips)
Seat 5: LotsaBalls12 ($91.65 in chips)
Zubasa07: posts small blind $1
LotsaBalls12: posts big blind $3
*** HOLE CARDS ***
Zubasa07: raises $3 to $6
LotsaBalls12: calls $3
*** FLOP *** [9h Kd Qc]
LotsaBalls12: checks
Zubasa07: bets $3
LotsaBalls12: calls $3
*** TURN *** [9h Kd Qc] [3s]
LotsaBalls12: checks
Zubasa07: bets $6
LotsaBalls12: folds
Uncalled bet ($6) returned to Zubasa07
Zubasa07 collected $17.64 from pot
Zubasa07: doesn't show hand
*** SUMMARY ***
Total pot $18 | Rake $0.36
Board [9h Kd Qc 3s]
Seat 1: Zubasa07 (button) (small blind) collected ($17.64)
Seat 5: LotsaBalls12 (big blind) folded on the Turn


PokerStars Hand #168539518885:  Hold'em Limit ($3/$6 USD) - 2017/04/03 17:57:34 ET
Table 'Rukbat' 6-max Seat #5 is the button
Seat 1: Zubasa07 ($267.64 in chips)
Seat 5: LotsaBalls12 ($78.65 in chips)
LotsaBalls12: posts small blind $1
Zubasa07: posts big blind $3
*** HOLE CARDS ***
LotsaBalls12: folds
Uncalled bet ($2) returned to Zubasa07
Zubasa07 collected $2 from pot
Zubasa07: doesn't show hand
*** SUMMARY ***
Total pot $2 | Rake $0
Seat 1: Zubasa07 (big blind) collected ($2)
Seat 5: LotsaBalls12 (button) (small blind) folded before Flop


PokerStars Hand #168539515085:  Hold'em Limit ($3/$6 USD) - 2017/04/03 17:57:28 ET
Table 'Rukbat' 6-max Seat #1 is the button
Seat 1: Zubasa07 ($264.64 in chips)
Seat 5: LotsaBalls12 ($81.65 in chips)
Zubasa07: posts small blind $1
LotsaBalls12: posts big blind $3
*** HOLE CARDS ***
Zubasa07: raises $3 to $6
LotsaBalls12: folds
Uncalled bet ($3) returned to Zubasa07
Zubasa07 collected $6 from pot
Zubasa07: doesn't show hand
*** SUMMARY ***
Total pot $6 | Rake $0
Seat 1: Zubasa07 (button) (small blind) collected ($6)
Seat 5: LotsaBalls12 (big blind) folded before Flop


PokerStars Hand #168539543317:  Hold'em Limit ($3/$6 USD) - 2017/04/03 17:58:11 ET
Table 'Rukbat' 6-max Seat #5 is the button
Seat 1: Zubasa07 ($283.14 in chips)
Seat 5: LotsaBalls12 ($62.65 in chips)
LotsaBalls12: posts small blind $1
Zubasa07: posts big blind $3
*** HOLE CARDS ***
LotsaBalls12: folds
Uncalled bet ($2) returned to Zubasa07
Zubasa07 collected $2 from pot
Zubasa07: doesn't show hand
*** SUMMARY ***
Total pot $2 | Rake $0
Seat 1: Zubasa07 (big blind) collected ($2)
Seat 5: LotsaBalls12 (button) (small blind) folded before Flop


PokerStars Hand #168539521976:  Hold'em Limit ($3/$6 USD) - 2017/04/03 17:57:39 ET
Table 'Rukbat' 6-max Seat #1 is the button
Seat 1: Zubasa07 ($268.64 in chips)
Seat 5: LotsaBalls12 ($77.65 in chips)
Zubasa07: posts small blind $1
LotsaBalls12: posts big blind $3
*** HOLE CARDS ***
Zubasa07: raises $3 to $6
LotsaBalls12: calls $3
*** FLOP *** [6d 8h Ac]
LotsaBalls12: checks
Zubasa07: bets $3
LotsaBalls12: calls $3
*** TURN *** [6d 8h Ac] [Kc]
LotsaBalls12: checks
Zubasa07: bets $6
LotsaBalls12: calls $6
*** RIVER *** [6d 8h Ac Kc] [8c]
LotsaBalls12: checks
Zubasa07: bets $6
LotsaBalls12: folds
Uncalled bet ($6) returned to Zubasa07
Zubasa07 collected $29.50 from pot
Zubasa07: doesn't show hand
*** SUMMARY ***
Total pot $30 | Rake $0.50
Board [6d 8h Ac Kc 8c]
Seat 1: Zubasa07 (button) (small blind) collected ($29.50)
Seat 5: LotsaBalls12 (big blind) folded on the River


PokerStars Hand #168539548395:  Hold'em Limit ($3/$6 USD) - 2017/04/03 17:58:19 ET
Table 'Rukbat' 6-max Seat #1 is the button
Seat 1: Zubasa07 ($284.14 in chips)
Seat 5: LotsaBalls12 ($61.65 in chips)
Zubasa07: posts small blind $1
LotsaBalls12: posts big blind $3
*** HOLE CARDS ***
Zubasa07: folds
Uncalled bet ($2) returned to LotsaBalls12
LotsaBalls12 collected $2 from pot
LotsaBalls12: doesn't show hand
*** SUMMARY ***
Total pot $2 | Rake $0
Seat 1: Zubasa07 (button) (small blind) folded before Flop
Seat 5: LotsaBalls12 (big blind) collected ($2)


PokerStars Hand #168539566667:  Hold'em Limit ($3/$6 USD) - 2017/04/03 17:58:47 ET
Table 'Rukbat' 6-max Seat #1 is the button
Seat 1: Zubasa07 ($283.90 in chips)
Seat 5: LotsaBalls12 ($61.41 in chips)
Zubasa07: posts small blind $1
LotsaBalls12: posts big blind $3
*** HOLE CARDS ***
Zubasa07: folds
Uncalled bet ($2) returned to LotsaBalls12
LotsaBalls12 collected $2 from pot
LotsaBalls12: doesn't show hand
*** SUMMARY ***
Total pot $2 | Rake $0
Seat 1: Zubasa07 (button) (small blind) folded before Flop
Seat 5: LotsaBalls12 (big blind) collected ($2)


PokerStars Hand #168539551209:  Hold'em Limit ($3/$6 USD) - 2017/04/03 17:58:24 ET
Table 'Rukbat' 6-max Seat #5 is the button
Seat 1: Zubasa07 ($283.14 in chips)
Seat 5: LotsaBalls12 ($62.65 in chips)
LotsaBalls12: posts small blind $1
Zubasa07: posts big blind $3
*** HOLE CARDS ***
LotsaBalls12: raises $3 to $6
Zubasa07: calls $3
*** FLOP *** [4c Kc Tc]
Zubasa07: checks
LotsaBalls12: bets $3
Zubasa07: folds
Uncalled bet ($3) returned to LotsaBalls12
LotsaBalls12 collected $11.76 from pot
LotsaBalls12: doesn't show hand
*** SUMMARY ***
Total pot $12 | Rake $0.24
Board [4c Kc Tc]
Seat 1: Zubasa07 (big blind) folded on the Flop
Seat 5: LotsaBalls12 (button) (small blind) collected ($11.76)


PokerStars Hand #168539563702:  Hold'em Limit ($3/$6 USD) - 2017/04/03 17:58:43 ET
Table 'Rukbat' 6-max Seat #5 is the button
Seat 1: Zubasa07 ($282.90 in chips)
Seat 5: LotsaBalls12 ($62.41 in chips)
LotsaBalls12: posts small blind $1
Zubasa07: posts big blind $3
*** HOLE CARDS ***
LotsaBalls12: folds
Uncalled bet ($2) returned to Zubasa07
Zubasa07 collected $2 from pot
Zubasa07: doesn't show hand
*** SUMMARY ***
Total pot $2 | Rake $0
Seat 1: Zubasa07 (big blind) collected ($2)
Seat 5: LotsaBalls12 (button) (small blind) folded before Flop


PokerStars Hand #168539557254:  Hold'em Limit ($3/$6 USD) - 2017/04/03 17:58:33 ET
Table 'Rukbat' 6-max Seat #1 is the button
Seat 1: Zubasa07 ($277.14 in chips)
Seat 5: LotsaBalls12 ($68.41 in chips)
Zubasa07: posts small blind $1
LotsaBalls12: posts big blind $3
*** HOLE CARDS ***
Zubasa07: raises $3 to $6
LotsaBalls12: calls $3
*** FLOP *** [Td Ad 5c]
LotsaBalls12: checks
Zubasa07: bets $3
LotsaBalls12: folds
Uncalled bet ($3) returned to Zubasa07
Zubasa07 collected $11.76 from pot
Zubasa07: doesn't show hand
*** SUMMARY ***
Total pot $12 | Rake $0.24
Board [Td Ad 5c]
Seat 1: Zubasa07 (button) (small blind) collected ($11.76)
Seat 5: LotsaBalls12 (big blind) folded on the Flop


PokerStars Hand #168539569816:  Hold'em Limit ($3/$6 USD) - 2017/04/03 17:58:52 ET
Table 'Rukbat' 6-max Seat #5 is the button
Seat 1: Zubasa07 ($282.90 in chips)
Seat 5: LotsaBalls12 ($62.41 in chips)
LotsaBalls12: posts small blind $1
Zubasa07: posts big blind $3
*** HOLE CARDS ***
LotsaBalls12: calls $2
Zubasa07: checks
*** FLOP *** [Td 4h 5d]
Zubasa07: checks
LotsaBalls12: bets $3
Zubasa07: calls $3
*** TURN *** [Td 4h 5d] [8c]
Zubasa07: checks
LotsaBalls12: checks
*** RIVER *** [Td 4h 5d 8c] [Js]
Zubasa07: checks
LotsaBalls12: checks
*** SHOW DOWN ***
Zubasa07: shows [3d Kh] (high card King)
LotsaBalls12: shows [2c 5c] (a pair of Fives)
LotsaBalls12 collected $11.76 from pot
*** SUMMARY ***
Total pot $12 | Rake $0.24
Board [Td 4h 5d 8c Js]
Seat 1: Zubasa07 (big blind) showed [3d Kh] and lost with high card King
Seat 5: LotsaBalls12 (button) (small blind) showed [2c 5c] and won ($11.76) with a pair of Fives


PokerStars Hand #168539579949:  Hold'em Limit ($3/$6 USD) - 2017/04/03 17:59:07 ET
Table 'Rukbat' 6-max Seat #1 is the button
Seat 1: Zubasa07 ($276.90 in chips)
Seat 5: LotsaBalls12 ($68.17 in chips)
Zubasa07: posts small blind $1
LotsaBalls12: posts big blind $3
*** HOLE CARDS ***
Zubasa07: folds
Uncalled bet ($2) returned to LotsaBalls12
LotsaBalls12 collected $2 from pot
LotsaBalls12: doesn't show hand
*** SUMMARY ***
Total pot $2 | Rake $0
Seat 1: Zubasa07 (button) (small blind) folded before Flop
Seat 5: LotsaBalls12 (big blind) collected ($2)


PokerStars Hand #168539595271:  Hold'em Limit ($3/$6 USD) - 2017/04/03 17:59:31 ET
Table 'Rukbat' 6-max Seat #5 is the button
Seat 1: Zubasa07 ($286.42 in chips)
Seat 5: LotsaBalls12 ($58.17 in chips)
LotsaBalls12: posts small blind $1
Zubasa07: posts big blind $3
*** HOLE CARDS ***
LotsaBalls12: calls $2
Zubasa07: checks
*** FLOP *** [As Qd Ad]
Zubasa07: bets $3
LotsaBalls12: folds
Uncalled bet ($3) returned to Zubasa07
Zubasa07 collected $5.88 from pot
Zubasa07: doesn't show hand
*** SUMMARY ***
Total pot $6 | Rake $0.12
Board [As Qd Ad]
Seat 1: Zubasa07 (big blind) collected ($5.88)
Seat 5: LotsaBalls12 (button) (small blind) folded on the Flop


PokerStars Hand #168539602094:  Hold'em Limit ($3/$6 USD) - 2017/04/03 17:59:42 ET
Table 'Rukbat' 6-max Seat #1 is the button
Seat 1: Zubasa07 ($289.30 in chips)
Seat 5: LotsaBalls12 ($55.17 in chips)
Zubasa07: posts small blind $1
LotsaBalls12: posts big blind $3
*** HOLE CARDS ***
Zubasa07: raises $3 to $6
LotsaBalls12: calls $3
*** FLOP *** [Ac 2s 9s]
LotsaBalls12: checks
Zubasa07: bets $3
LotsaBalls12: calls $3
*** TURN *** [Ac 2s 9s] [6d]
LotsaBalls12: checks
Zubasa07: checks
*** RIVER *** [Ac 2s 9s 6d] [4s]
LotsaBalls12: checks
Zubasa07: checks
*** SHOW DOWN ***
LotsaBalls12: shows [4h 3s] (a pair of Fours)
Zubasa07: mucks hand
LotsaBalls12 collected $17.64 from pot
*** SUMMARY ***
Total pot $18 | Rake $0.36
Board [Ac 2s 9s 6d 4s]
Seat 1: Zubasa07 (button) (small blind) mucked
Seat 5: LotsaBalls12 (big blind) showed [4h 3s] and won ($17.64) with a pair of Fours


PokerStars Hand #168539592082:  Hold'em Limit ($3/$6 USD) - 2017/04/03 17:59:26 ET
Table 'Rukbat' 6-max Seat #1 is the button
Seat 1: Zubasa07 ($287.42 in chips)
Seat 5: LotsaBalls12 ($57.17 in chips)
Zubasa07: posts small blind $1
LotsaBalls12: posts big blind $3
*** HOLE CARDS ***
Zubasa07: folds
Uncalled bet ($2) returned to LotsaBalls12
LotsaBalls12 collected $2 from pot
LotsaBalls12: doesn't show hand
*** SUMMARY ***
Total pot $2 | Rake $0
Seat 1: Zubasa07 (button) (small blind) folded before Flop
Seat 5: LotsaBalls12 (big blind) collected ($2)


PokerStars Hand #168539619696:  Hold'em Limit ($3/$6 USD) - 2017/04/03 18:00:08 ET
Table 'Rukbat' 6-max Seat #5 is the button
Seat 1: Zubasa07 ($280.30 in chips)
Seat 5: LotsaBalls12 ($63.81 in chips)
LotsaBalls12: posts small blind $1
Zubasa07: posts big blind $3
*** HOLE CARDS ***
LotsaBalls12: calls $2
Zubasa07: raises $3 to $6
LotsaBalls12: calls $3
*** FLOP *** [4h Jc 4d]
Zubasa07: bets $3
LotsaBalls12: calls $3
*** TURN *** [4h Jc 4d] [Jh]
Zubasa07: bets $6
LotsaBalls12: folds
Uncalled bet ($6) returned to Zubasa07
Zubasa07 collected $17.64 from pot
Zubasa07: doesn't show hand
*** SUMMARY ***
Total pot $18 | Rake $0.36
Board [4h Jc 4d Jh]
Seat 1: Zubasa07 (big blind) collected ($17.64)
Seat 5: LotsaBalls12 (button) (small blind) folded on the Turn


PokerStars Hand #168539633802:  Hold'em Limit ($3/$6 USD) - 2017/04/03 18:00:29 ET
Table 'Rukbat' 6-max Seat #1 is the button
Seat 1: Zubasa07 ($288.94 in chips)
Seat 5: LotsaBalls12 ($54.81 in chips)
Zubasa07: posts small blind $1
LotsaBalls12: posts big blind $3
*** HOLE CARDS ***
Zubasa07: raises $3 to $6
LotsaBalls12: calls $3
*** FLOP *** [9h 3c Jd]
LotsaBalls12: checks
Zubasa07: checks
*** TURN *** [9h 3c Jd] [Td]
LotsaBalls12: bets $6
Zubasa07: calls $6
*** RIVER *** [9h 3c Jd Td] [6s]
LotsaBalls12: bets $6
Zubasa07: calls $6
*** SHOW DOWN ***
LotsaBalls12: shows [Qh 6c] (a pair of Sixes)
Zubasa07: shows [4h Jh] (a pair of Jacks)
Zubasa07 collected $35.50 from pot
*** SUMMARY ***
Total pot $36 | Rake $0.50
Board [9h 3c Jd Td 6s]
Seat 1: Zubasa07 (button) (small blind) showed [4h Jh] and won ($35.50) with a pair of Jacks
Seat 5: LotsaBalls12 (big blind) showed [Qh 6c] and lost with a pair of Sixes


PokerStars Hand #168539652802:  Hold'em Limit ($3/$6 USD) - 2017/04/03 18:00:57 ET
Table 'Rukbat' 6-max Seat #1 is the button
Seat 1: Zubasa07 ($307.44 in chips)
Seat 5: LotsaBalls12 ($35.81 in chips)
Zubasa07: posts small blind $1
LotsaBalls12: posts big blind $3
*** HOLE CARDS ***
Zubasa07: raises $3 to $6
LotsaBalls12: raises $3 to $9
Zubasa07: calls $3
*** FLOP *** [5s 2c Kd]
LotsaBalls12: bets $3
Zubasa07: calls $3
*** TURN *** [5s 2c Kd] [Ks]
LotsaBalls12: checks
Zubasa07: checks
*** RIVER *** [5s 2c Kd Ks] [2s]
LotsaBalls12: bets $6
Zubasa07: calls $6
*** SHOW DOWN ***
LotsaBalls12: shows [Ts Kc] (a full house, Kings full of Deuces)
Zubasa07: mucks hand
LotsaBalls12 collected $35.50 from pot
*** SUMMARY ***
Total pot $36 | Rake $0.50
Board [5s 2c Kd Ks 2s]
Seat 1: Zubasa07 (button) (small blind) mucked
Seat 5: LotsaBalls12 (big blind) showed [Ts Kc] and won ($35.50) with a full house, Kings full of Deuces


PokerStars Hand #168539674117:  Hold'em Limit ($3/$6 USD) - 2017/04/03 18:01:26 ET
Table 'Rukbat' 6-max Seat #5 is the button
Seat 1: Zubasa07 ($289.44 in chips)
Seat 5: LotsaBalls12 ($53.31 in chips)
LotsaBalls12: posts small blind $1
Zubasa07: posts big blind $3
*** HOLE CARDS ***
LotsaBalls12: raises $3 to $6
Zubasa07: calls $3
*** FLOP *** [Ts Ks 6h]
Zubasa07: checks
LotsaBalls12: bets $3
Zubasa07: raises $3 to $6
LotsaBalls12: calls $3
*** TURN *** [Ts Ks 6h] [8h]
Zubasa07: bets $6
LotsaBalls12: calls $6
*** RIVER *** [Ts Ks 6h 8h] [Ad]
Zubasa07: bets $6
LotsaBalls12: folds
Uncalled bet ($6) returned to Zubasa07
Zubasa07 collected $35.50 from pot
Zubasa07: doesn't show hand
*** SUMMARY ***
Total pot $36 | Rake $0.50
Board [Ts Ks 6h 8h Ad]
Seat 1: Zubasa07 (big blind) collected ($35.50)
Seat 5: LotsaBalls12 (button) (small blind) folded on the River


PokerStars Hand #168539706817:  Hold'em Limit ($3/$6 USD) - 2017/04/03 18:02:09 ET
Table 'Rukbat' 6-max Seat #1 is the button
Seat 1: Zubasa07 ($306.94 in chips)
Seat 5: LotsaBalls12 ($35.31 in chips)
Zubasa07: posts small blind $1
LotsaBalls12: posts big blind $3
*** HOLE CARDS ***
Zubasa07: raises $3 to $6
LotsaBalls12: calls $3
*** FLOP *** [Ad 8s Th]
LotsaBalls12: checks
Zubasa07: bets $3
LotsaBalls12: calls $3
*** TURN *** [Ad 8s Th] [Qs]
LotsaBalls12: checks
Zubasa07: bets $6
LotsaBalls12: folds
Uncalled bet ($6) returned to Zubasa07
Zubasa07 collected $17.64 from pot
Zubasa07: doesn't show hand
*** SUMMARY ***
Total pot $18 | Rake $0.36
Board [Ad 8s Th Qs]
Seat 1: Zubasa07 (button) (small blind) collected ($17.64)
Seat 5: LotsaBalls12 (big blind) folded on the Turn


PokerStars Hand #168539737822:  Hold'em Limit ($3/$6 USD) - 2017/04/03 18:02:50 ET
Table 'Rukbat' 6-max Seat #5 is the button
Seat 1: Zubasa07 ($318.34 in chips)
Seat 5: LotsaBalls12 ($23.31 in chips)
LotsaBalls12: posts small blind $1
Zubasa07: posts big blind $3
*** HOLE CARDS ***
LotsaBalls12: raises $3 to $6
Zubasa07: raises $3 to $9
LotsaBalls12: raises $3 to $12
Betting is capped
Zubasa07: calls $3
*** FLOP *** [9c 9d Qc]
Zubasa07: checks
LotsaBalls12: bets $3
Zubasa07: raises $3 to $6
LotsaBalls12: calls $3
*** TURN *** [9c 9d Qc] [Js]
Zubasa07: bets $6
LotsaBalls12: calls $5.31 and is all-in
Uncalled bet ($0.69) returned to Zubasa07
*** RIVER *** [9c 9d Qc Js] [Qs]
*** SHOW DOWN ***
Zubasa07: shows [Ks Jc] (two pair, Queens and Jacks)
LotsaBalls12: shows [8h Kc] (two pair, Queens and Nines)
Zubasa07 collected $46.12 from pot
*** SUMMARY ***
Total pot $46.62 | Rake $0.50
Board [9c 9d Qc Js Qs]
Seat 1: Zubasa07 (big blind) showed [Ks Jc] and won ($46.12) with two pair, Queens and Jacks
Seat 5: LotsaBalls12 (button) (small blind) showed [8h Kc] and lost with two pair, Queens and Nines


PokerStars Hand #168539719208:  Hold'em Limit ($3/$6 USD) - 2017/04/03 18:02:26 ET
Table 'Rukbat' 6-max Seat #5 is the button
Seat 1: Zubasa07 ($315.58 in chips)
Seat 5: LotsaBalls12 ($26.31 in chips)
LotsaBalls12: posts small blind $1
Zubasa07: posts big blind $3
*** HOLE CARDS ***
LotsaBalls12: raises $3 to $6
Zubasa07: folds
Uncalled bet ($3) returned to LotsaBalls12
LotsaBalls12 collected $6 from pot
LotsaBalls12: doesn't show hand
*** SUMMARY ***
Total pot $6 | Rake $0
Seat 1: Zubasa07 (big blind) folded before Flop
Seat 5: LotsaBalls12 (button) (small blind) collected ($6)


PokerStars Hand #168539767003:  Hold'em Limit ($3/$6 USD) - 2017/04/03 18:03:28 ET
Table 'Rukbat' 6-max Seat #1 is the button
Seat 1: Zubasa07 ($341.15 in chips)
Seat 5: LotsaBalls12 ($50.25 in chips)
Zubasa07: posts small blind $1
LotsaBalls12: posts big blind $3
*** HOLE CARDS ***
Zubasa07: raises $3 to $6
LotsaBalls12: calls $3
*** FLOP *** [7d 3s Ad]
LotsaBalls12: checks
Zubasa07: bets $3
LotsaBalls12: calls $3
*** TURN *** [7d 3s Ad] [4h]
LotsaBalls12: checks
Zubasa07: bets $6
LotsaBalls12: calls $6
*** RIVER *** [7d 3s Ad 4h] [2s]
LotsaBalls12: checks
Zubasa07: bets $6
LotsaBalls12: calls $6
*** SHOW DOWN ***
Zubasa07: shows [Ks Ac] (a pair of Aces)
LotsaBalls12: shows [4s 2h] (two pair, Fours and Deuces)
LotsaBalls12 collected $41.50 from pot
*** SUMMARY ***
Total pot $42 | Rake $0.50
Board [7d 3s Ad 4h 2s]
Seat 1: Zubasa07 (button) (small blind) showed [Ks Ac] and lost with a pair of Aces
Seat 5: LotsaBalls12 (big blind) showed [4s 2h] and won ($41.50) with two pair, Fours and Deuces


PokerStars Hand #168539791232:  Hold'em Limit ($3/$6 USD) - 2017/04/03 18:03:59 ET
Table 'Rukbat' 6-max Seat #5 is the button
Seat 1: Zubasa07 ($320.15 in chips)
Seat 5: LotsaBalls12 ($70.75 in chips)
LotsaBalls12: posts small blind $1
Zubasa07: posts big blind $3
*** HOLE CARDS ***
LotsaBalls12: folds
Uncalled bet ($2) returned to Zubasa07
Zubasa07 collected $2 from pot
Zubasa07: doesn't show hand
*** SUMMARY ***
Total pot $2 | Rake $0
Seat 1: Zubasa07 (big blind) collected ($2)
Seat 5: LotsaBalls12 (button) (small blind) folded before Flop


PokerStars Hand #168539815604:  Hold'em Limit ($3/$6 USD) - 2017/04/03 18:04:31 ET
Table 'Rukbat' 6-max Seat #5 is the button
Seat 1: Zubasa07 ($341.65 in chips)
Seat 5: LotsaBalls12 ($48.75 in chips)
LotsaBalls12: posts small blind $1
Zubasa07: posts big blind $3
*** HOLE CARDS ***
LotsaBalls12: folds
Uncalled bet ($2) returned to Zubasa07
Zubasa07 collected $2 from pot
Zubasa07: doesn't show hand
*** SUMMARY ***
Total pot $2 | Rake $0
Seat 1: Zubasa07 (big blind) collected ($2)
Seat 5: LotsaBalls12 (button) (small blind) folded before Flop


PokerStars Hand #168539794730:  Hold'em Limit ($3/$6 USD) - 2017/04/03 18:04:04 ET
Table 'Rukbat' 6-max Seat #1 is the button
Seat 1: Zubasa07 ($321.15 in chips)
Seat 5: LotsaBalls12 ($69.75 in chips)
Zubasa07: posts small blind $1
LotsaBalls12: posts big blind $3
*** HOLE CARDS ***
Zubasa07: raises $3 to $6
LotsaBalls12: calls $3
*** FLOP *** [7s 5d Kh]
LotsaBalls12: checks
Zubasa07: bets $3
LotsaBalls12: calls $3
*** TURN *** [7s 5d Kh] [8h]
LotsaBalls12: checks
Zubasa07: bets $6
LotsaBalls12: calls $6
*** RIVER *** [7s 5d Kh 8h] [Td]
LotsaBalls12: checks
Zubasa07: bets $6
LotsaBalls12: calls $6
*** SHOW DOWN ***
Zubasa07: shows [8d 3d] (a pair of Eights)
LotsaBalls12: mucks hand
Zubasa07 collected $41.50 from pot
*** SUMMARY ***
Total pot $42 | Rake $0.50
Board [7s 5d Kh 8h Td]
Seat 1: Zubasa07 (button) (small blind) showed [8d 3d] and won ($41.50) with a pair of Eights
Seat 5: LotsaBalls12 (big blind) mucked


PokerStars Hand #168539819209:  Hold'em Limit ($3/$6 USD) - 2017/04/03 18:04:36 ET
Table 'Rukbat' 6-max Seat #1 is the button
Seat 1: Zubasa07 ($342.65 in chips)
Seat 5: LotsaBalls12 ($47.75 in chips)
Zubasa07: posts small blind $1
LotsaBalls12: posts big blind $3
*** HOLE CARDS ***
Zubasa07: raises $3 to $6
LotsaBalls12: calls $3
*** FLOP *** [4c Ah Tc]
LotsaBalls12: checks
Zubasa07: bets $3
LotsaBalls12: calls $3
*** TURN *** [4c Ah Tc] [3d]
LotsaBalls12: checks
Zubasa07: checks
*** RIVER *** [4c Ah Tc 3d] [Th]
LotsaBalls12: bets $6
Zubasa07: folds
Uncalled bet ($6) returned to LotsaBalls12
LotsaBalls12 collected $17.64 from pot
LotsaBalls12: doesn't show hand
*** SUMMARY ***
Total pot $18 | Rake $0.36
Board [4c Ah Tc 3d Th]
Seat 1: Zubasa07 (button) (small blind) folded on the River
Seat 5: LotsaBalls12 (big blind) collected ($17.64)


PokerStars Hand #168539833113:  Hold'em Limit ($3/$6 USD) - 2017/04/03 18:04:54 ET
Table 'Rukbat' 6-max Seat #5 is the button
Seat 1: Zubasa07 ($333.65 in chips)
Seat 5: LotsaBalls12 ($56.39 in chips)
LotsaBalls12: posts small blind $1
Zubasa07: posts big blind $3
*** HOLE CARDS ***
LotsaBalls12: raises $3 to $6
Zubasa07: calls $3
*** FLOP *** [9c 3c 5c]
Zubasa07: checks
LotsaBalls12: bets $3
Zubasa07: calls $3
*** TURN *** [9c 3c 5c] [Ts]
Zubasa07: checks
LotsaBalls12: bets $6
Zubasa07: calls $6
*** RIVER *** [9c 3c 5c Ts] [Kd]
Zubasa07: checks
LotsaBalls12: checks
*** SHOW DOWN ***
Zubasa07: shows [Ad 6h] (high card Ace)
LotsaBalls12: shows [As Qs] (high card Ace - King+Queen kicker)
LotsaBalls12 collected $29.50 from pot
*** SUMMARY ***
Total pot $30 | Rake $0.50
Board [9c 3c 5c Ts Kd]
Seat 1: Zubasa07 (big blind) showed [Ad 6h] and lost with high card Ace
Seat 5: LotsaBalls12 (button) (small blind) showed [As Qs] and won ($29.50) with high card Ace


PokerStars Hand #168539887202:  Hold'em Limit ($3/$6 USD) - 2017/04/03 18:06:04 ET
Table 'Rukbat' 6-max Seat #1 is the button
Seat 1: Zubasa07 ($324.15 in chips)
Seat 5: LotsaBalls12 ($64.41 in chips)
Zubasa07: posts small blind $1
LotsaBalls12: posts big blind $3
*** HOLE CARDS ***
Zubasa07: raises $3 to $6
LotsaBalls12: calls $3
*** FLOP *** [Jd 8s Ts]
LotsaBalls12: checks
Zubasa07: bets $3
LotsaBalls12: calls $3
*** TURN *** [Jd 8s Ts] [9c]
LotsaBalls12: checks
Zubasa07: bets $6
LotsaBalls12: folds
Uncalled bet ($6) returned to Zubasa07
Zubasa07 collected $17.64 from pot
Zubasa07: doesn't show hand
*** SUMMARY ***
Total pot $18 | Rake $0.36
Board [Jd 8s Ts 9c]
Seat 1: Zubasa07 (button) (small blind) collected ($17.64)
Seat 5: LotsaBalls12 (big blind) folded on the Turn


PokerStars Hand #168539849878:  Hold'em Limit ($3/$6 USD) - 2017/04/03 18:05:15 ET
Table 'Rukbat' 6-max Seat #1 is the button
Seat 1: Zubasa07 ($318.65 in chips)
Seat 5: LotsaBalls12 ($70.89 in chips)
Zubasa07: posts small blind $1
LotsaBalls12: posts big blind $3
*** HOLE CARDS ***
Zubasa07: raises $3 to $6
LotsaBalls12: calls $3
*** FLOP *** [Ks Th 9c]
LotsaBalls12: checks
Zubasa07: checks
*** TURN *** [Ks Th 9c] [9d]
LotsaBalls12: checks
Zubasa07: bets $6
LotsaBalls12: calls $6
*** RIVER *** [Ks Th 9c 9d] [Qh]
LotsaBalls12: checks
Zubasa07: bets $6
LotsaBalls12: calls $6
*** SHOW DOWN ***
Zubasa07: shows [9h Qd] (a full house, Nines full of Queens)
LotsaBalls12: mucks hand
Zubasa07 collected $35.50 from pot
*** SUMMARY ***
Total pot $36 | Rake $0.50
Board [Ks Th 9c 9d Qh]
Seat 1: Zubasa07 (button) (small blind) showed [9h Qd] and won ($35.50) with a full house, Nines full of Queens
Seat 5: LotsaBalls12 (big blind) mucked


PokerStars Hand #168539869360:  Hold'em Limit ($3/$6 USD) - 2017/04/03 18:05:41 ET
Table 'Rukbat' 6-max Seat #5 is the button
Seat 1: Zubasa07 ($336.15 in chips)
Seat 5: LotsaBalls12 ($52.89 in chips)
LotsaBalls12: posts small blind $1
Zubasa07: posts big blind $3
*** HOLE CARDS ***
LotsaBalls12: calls $2
Zubasa07: checks
*** FLOP *** [As 2s Ks]
Zubasa07: bets $3
LotsaBalls12: calls $3
*** TURN *** [As 2s Ks] [Jh]
Zubasa07: bets $6
GarryMcCoy joins the table at seat #6
LotsaBalls12: raises $6 to $12
Zubasa07: folds
Uncalled bet ($6) returned to LotsaBalls12
LotsaBalls12 collected $23.52 from pot
LotsaBalls12: doesn't show hand
*** SUMMARY ***
Total pot $24 | Rake $0.48
Board [As 2s Ks Jh]
Seat 1: Zubasa07 (big blind) folded on the Turn
Seat 5: LotsaBalls12 (button) (small blind) collected ($23.52)


PokerStars Hand #168539977270:  Hold'em Limit ($3/$6 USD) - 2017/04/03 18:08:00 ET
Table 'Rukbat' 6-max Seat #5 is the button
Seat 5: LotsaBalls12 ($15.16 in chips)
Seat 6: GarryMcCoy ($164.37 in chips)
LotsaBalls12: posts small blind $1
GarryMcCoy: posts big blind $3
*** HOLE CARDS ***
LotsaBalls12: raises $3 to $6
GarryMcCoy: calls $3
*** FLOP *** [Qc 2s 3h]
GarryMcCoy: checks
LotsaBalls12: bets $3
GarryMcCoy: folds
Uncalled bet ($3) returned to LotsaBalls12
LotsaBalls12 collected $11.76 from pot
LotsaBalls12: doesn't show hand
*** SUMMARY ***
Total pot $12 | Rake $0.24
Board [Qc 2s 3h]
Seat 5: LotsaBalls12 (button) (small blind) collected ($11.76)
Seat 6: GarryMcCoy (big blind) folded on the Flop


PokerStars Hand #168539965795:  Hold'em Limit ($3/$6 USD) - 2017/04/03 18:07:45 ET
Table 'Rukbat' 6-max Seat #6 is the button
Seat 5: LotsaBalls12 ($15.41 in chips)
Seat 6: GarryMcCoy ($164.62 in chips)
GarryMcCoy: posts small blind $1
Zubasa07: is sitting out
LotsaBalls12: posts big blind $3
*** HOLE CARDS ***
GarryMcCoy: raises $3 to $6
LotsaBalls12: calls $3
*** FLOP *** [As Kd Th]
LotsaBalls12: checks
GarryMcCoy: bets $3
LotsaBalls12: calls $3
*** TURN *** [As Kd Th] [Qs]
Zubasa07 leaves the table
LotsaBalls12: checks
GarryMcCoy: bets $6
LotsaBalls12: raises $0.41 to $6.41 and is all-in
GarryMcCoy: calls $0.41
*** RIVER *** [As Kd Th Qs] [7d]
*** SHOW DOWN ***
LotsaBalls12: shows [9d Jc] (a straight, Ten to Ace)
GarryMcCoy: shows [7h Jh] (a straight, Ten to Ace)
LotsaBalls12 collected $15.16 from pot
GarryMcCoy collected $15.16 from pot
*** SUMMARY ***
Total pot $30.82 | Rake $0.50
Board [As Kd Th Qs 7d]
Seat 5: LotsaBalls12 (big blind) showed [9d Jc] and won ($15.16) with a straight, Ten to Ace
Seat 6: GarryMcCoy (button) (small blind) showed [7h Jh] and won ($15.16) with a straight, Ten to Ace


PokerStars Hand #168539983142:  Hold'em Limit ($3/$6 USD) - 2017/04/03 18:08:08 ET
Table 'Rukbat' 6-max Seat #6 is the button
Seat 5: LotsaBalls12 ($20.92 in chips)
Seat 6: GarryMcCoy ($158.37 in chips)
GarryMcCoy: posts small blind $1
LotsaBalls12: posts big blind $3
*** HOLE CARDS ***
GarryMcCoy: raises $3 to $6
LotsaBalls12: raises $3 to $9
GarryMcCoy: calls $3
*** FLOP *** [6c 5d 3c]
LotsaBalls12: bets $3
GarryMcCoy: raises $3 to $6
LotsaBalls12: raises $3 to $9
GarryMcCoy: raises $3 to $12
Betting is capped
LotsaBalls12: calls $2.92 and is all-in
Uncalled bet ($0.08) returned to GarryMcCoy
*** TURN *** [6c 5d 3c] [Js]
*** RIVER *** [6c 5d 3c Js] [Jd]
*** SHOW DOWN ***
LotsaBalls12: shows [Ac 8d] (a pair of Jacks)
GarryMcCoy: shows [5c 9s] (two pair, Jacks and Fives)
GarryMcCoy collected $41.34 from pot
*** SUMMARY ***
Total pot $41.84 | Rake $0.50
Board [6c 5d 3c Js Jd]
Seat 5: LotsaBalls12 (big blind) showed [Ac 8d] and lost with a pair of Jacks
Seat 6: GarryMcCoy (button) (small blind) showed [5c 9s] and won ($41.34) with two pair, Jacks and Fives


