PokerStars Hand #145494748957:  Hold'em Limit ($3/$6 USD) - 2015/12/17 14:36:05 ET
Table 'Rupertwildt III' 2-max Seat #1 is the button
Seat 1: Grifas18 ($24 in chips)
Seat 2: fifaliga ($120 in chips)
Grifas18: posts small blind $1
fifaliga: posts big blind $3
*** HOLE CARDS ***
Grifas18: calls $2
fifaliga: checks
*** FLOP *** [5h Ts 5d]
fifaliga: checks
Grifas18: bets $3
fifaliga: folds
Uncalled bet ($3) returned to Grifas18
Grifas18 collected $5.88 from pot
Grifas18: doesn't show hand
*** SUMMARY ***
Total pot $6 | Rake $0.12
Board [5h Ts 5d]
Seat 1: Grifas18 (button) (small blind) collected ($5.88)
Seat 2: fifaliga (big blind) folded on the Flop


PokerStars Hand #145494703580:  Hold'em Limit ($3/$6 USD) - 2015/12/17 14:35:14 ET
Table 'Rupertwildt III' 2-max Seat #2 is the button
Seat 1: Grifas18 ($30 in chips)
Seat 2: fifaliga ($36 in chips)
fifaliga: posts small blind $1
Grifas18: posts big blind $3
*** HOLE CARDS ***
fifaliga: raises $3 to $6
Grifas18: calls $3
*** FLOP *** [5d 4c 9d]
Grifas18: checks
fifaliga: checks
*** TURN *** [5d 4c 9d] [6h]
Grifas18: checks
fifaliga: checks
*** RIVER *** [5d 4c 9d 6h] [9c]
Grifas18: checks
fifaliga: checks
*** SHOW DOWN ***
Grifas18: shows [Td 3c] (a pair of Nines)
fifaliga: shows [Qc 3h] (a pair of Nines - Queen kicker)
fifaliga collected $11.76 from pot
*** SUMMARY ***
Total pot $12 | Rake $0.24
Board [5d 4c 9d 6h 9c]
Seat 1: Grifas18 (big blind) showed [Td 3c] and lost with a pair of Nines
Seat 2: fifaliga (button) (small blind) showed [Qc 3h] and won ($11.76) with a pair of Nines


PokerStars Hand #145494764604:  Hold'em Limit ($3/$6 USD) - 2015/12/17 14:36:22 ET
Table 'Rupertwildt III' 2-max Seat #2 is the button
Seat 1: Grifas18 ($26.88 in chips)
Seat 2: fifaliga ($120 in chips)
fifaliga: posts small blind $1
Grifas18: posts big blind $3
*** HOLE CARDS ***
fifaliga: raises $3 to $6
Grifas18: calls $3
*** FLOP *** [4h Ac Jd]
Grifas18: checks
fifaliga: bets $3
Grifas18: folds
Uncalled bet ($3) returned to fifaliga
fifaliga collected $11.76 from pot
fifaliga: doesn't show hand
*** SUMMARY ***
Total pot $12 | Rake $0.24
Board [4h Ac Jd]
Seat 1: Grifas18 (big blind) folded on the Flop
Seat 2: fifaliga (button) (small blind) collected ($11.76)


