PokerStars Hand #159228458453:  Hold'em Limit ($3/$6 USD) - 2016/09/28 20:36:08 ET
Table 'Rupertwildt' 6-max Seat #4 is the button
Seat 2: BLITZKRIIEG5 ($42.56 in chips)
Seat 4: AzureCaper ($103.58 in chips)
AzureCaper: posts small blind $1
ToDaFelt: is sitting out
BLITZKRIIEG5: posts big blind $3
*** HOLE CARDS ***
ToDaFelt leaves the table
AzureCaper: raises $3 to $6
BLITZKRIIEG5: calls $3
*** FLOP *** [3h 4s 4c]
BLITZKRIIEG5: checks
AzureCaper: bets $3
BLITZKRIIEG5: calls $3
*** TURN *** [3h 4s 4c] [Ac]
BLITZKRIIEG5: checks
AzureCaper: bets $6
BLITZKRIIEG5: calls $6
*** RIVER *** [3h 4s 4c Ac] [2s]
BLITZKRIIEG5: checks
AzureCaper: checks
*** SHOW DOWN ***
BLITZKRIIEG5: shows [9c Ah] (two pair, Aces and Fours)
AzureCaper: mucks hand
BLITZKRIIEG5 collected $29.50 from pot
*** SUMMARY ***
Total pot $30 | Rake $0.50
Board [3h 4s 4c Ac 2s]
Seat 2: BLITZKRIIEG5 (big blind) showed [9c Ah] and won ($29.50) with two pair, Aces and Fours
Seat 4: AzureCaper (button) (small blind) mucked


PokerStars Hand #159228468020:  Hold'em Limit ($3/$6 USD) - 2016/09/28 20:36:31 ET
Table 'Rupertwildt' 6-max Seat #2 is the button
Seat 2: BLITZKRIIEG5 ($57.06 in chips)
Seat 4: AzureCaper ($88.58 in chips)
BLITZKRIIEG5: posts small blind $1
AzureCaper: posts big blind $3
*** HOLE CARDS ***
BLITZKRIIEG5: calls $2
AzureCaper: checks
*** FLOP *** [4h 3s Kh]
AzureCaper: bets $3
BLITZKRIIEG5: calls $3
*** TURN *** [4h 3s Kh] [Ah]
AzureCaper: checks
BLITZKRIIEG5: checks
*** RIVER *** [4h 3s Kh Ah] [9d]
AzureCaper: checks
BLITZKRIIEG5: bets $6
AzureCaper: calls $6
*** SHOW DOWN ***
BLITZKRIIEG5: shows [Kd Td] (a pair of Kings)
AzureCaper: mucks hand
BLITZKRIIEG5 collected $23.52 from pot
*** SUMMARY ***
Total pot $24 | Rake $0.48
Board [4h 3s Kh Ah 9d]
Seat 2: BLITZKRIIEG5 (button) (small blind) showed [Kd Td] and won ($23.52) with a pair of Kings
Seat 4: AzureCaper (big blind) mucked


PokerStars Hand #159228511862:  Hold'em Limit ($3/$6 USD) - 2016/09/28 20:38:13 ET
Table 'Rupertwildt' 6-max Seat #4 is the button
Seat 4: AzureCaper ($88.50 in chips)
Seat 5: Great_Kang ($204.52 in chips)
AzureCaper: posts small blind $1
Great_Kang: posts big blind $3
*** HOLE CARDS ***
AzureCaper: raises $3 to $6
Great_Kang: folds
Uncalled bet ($3) returned to AzureCaper
AzureCaper collected $6 from pot
AzureCaper: doesn't show hand
*** SUMMARY ***
Total pot $6 | Rake $0
Seat 4: AzureCaper (button) (small blind) collected ($6)
Seat 5: Great_Kang (big blind) folded before Flop


PokerStars Hand #159228500100:  Hold'em Limit ($3/$6 USD) - 2016/09/28 20:37:45 ET
Table 'Rupertwildt' 6-max Seat #5 is the button
Seat 4: AzureCaper ($79.86 in chips)
Seat 5: Great_Kang ($213.52 in chips)
Great_Kang: posts small blind $1
AzureCaper: posts big blind $3
*** HOLE CARDS ***
Great_Kang: raises $3 to $6
AzureCaper: calls $3
*** FLOP *** [6d Qc Kc]
AzureCaper: checks
Great_Kang: bets $3
AzureCaper: calls $3
*** TURN *** [6d Qc Kc] [Tc]
AzureCaper: checks
Great_Kang: checks
*** RIVER *** [6d Qc Kc Tc] [2c]
BLITZKRIIEG5 joins the table at seat #3
AzureCaper: checks
Great_Kang: checks
*** SHOW DOWN ***
AzureCaper: shows [9d 6c] (a flush, King high)
Great_Kang: mucks hand
AzureCaper collected $17.64 from pot
*** SUMMARY ***
Total pot $18 | Rake $0.36
Board [6d Qc Kc Tc 2c]
Seat 4: AzureCaper (big blind) showed [9d 6c] and won ($17.64) with a flush, King high
Seat 5: Great_Kang (button) (small blind) mucked


PokerStars Hand #159228529440:  Hold'em Limit ($3/$6 USD) - 2016/09/28 20:38:53 ET
Table 'Rupertwildt' 6-max Seat #5 is the button
Seat 3: BLITZKRIIEG5 ($52.58 in chips)
Seat 5: Great_Kang ($209.16 in chips)
Great_Kang: posts small blind $1
BLITZKRIIEG5: posts big blind $3
*** HOLE CARDS ***
Great_Kang: raises $3 to $6
BLITZKRIIEG5: calls $3
*** FLOP *** [Qd 2s 2c]
BLITZKRIIEG5: checks
Great_Kang: bets $3
BLITZKRIIEG5: calls $3
*** TURN *** [Qd 2s 2c] [Th]
BLITZKRIIEG5: checks
Great_Kang: bets $6
BLITZKRIIEG5: folds
Uncalled bet ($6) returned to Great_Kang
Great_Kang collected $17.64 from pot
Great_Kang: doesn't show hand
*** SUMMARY ***
Total pot $18 | Rake $0.36
Board [Qd 2s 2c Th]
Seat 3: BLITZKRIIEG5 (big blind) folded on the Turn
Seat 5: Great_Kang (button) (small blind) collected ($17.64)


PokerStars Hand #159228518254:  Hold'em Limit ($3/$6 USD) - 2016/09/28 20:38:27 ET
Table 'Rupertwildt' 6-max Seat #3 is the button
Seat 3: BLITZKRIIEG5 ($61.58 in chips)
Seat 5: Great_Kang ($200.52 in chips)
BLITZKRIIEG5: posts small blind $1
AzureCaper: is sitting out
Great_Kang: posts big blind $3
*** HOLE CARDS ***
BLITZKRIIEG5: raises $3 to $6
Great_Kang: calls $3
*** FLOP *** [8c 3d Tc]
Great_Kang: checks
BLITZKRIIEG5: bets $3
Great_Kang: calls $3
*** TURN *** [8c 3d Tc] [4c]
Great_Kang: checks
BLITZKRIIEG5: checks
*** RIVER *** [8c 3d Tc 4c] [4d]
Great_Kang: checks
BLITZKRIIEG5: checks
*** SHOW DOWN ***
Great_Kang: shows [3h 2h] (two pair, Fours and Threes)
BLITZKRIIEG5: mucks hand
Great_Kang collected $17.64 from pot
*** SUMMARY ***
Total pot $18 | Rake $0.36
Board [8c 3d Tc 4c 4d]
Seat 3: BLITZKRIIEG5 (button) (small blind) mucked
Seat 5: Great_Kang (big blind) showed [3h 2h] and won ($17.64) with two pair, Fours and Threes


