PokerStars Hand #150122216219:  Hold'em Limit ($3/$6 USD) - 2016/03/10 5:10:42 ET
Table 'Rupertwildt' 6-max Seat #3 is the button
Seat 3: _fayzulllo_ ($9.43 in chips)
Seat 5: Ale4o ($140.18 in chips)
_fayzulllo_: posts small blind $1
TbIP-TbIP 88: is sitting out
Ale4o: posts big blind $3
*** HOLE CARDS ***
_fayzulllo_: folds
Uncalled bet ($2) returned to Ale4o
Ale4o collected $2 from pot
Ale4o: doesn't show hand
*** SUMMARY ***
Total pot $2 | Rake $0
Seat 3: _fayzulllo_ (button) (small blind) folded before Flop
Seat 5: Ale4o (big blind) collected ($2)


PokerStars Hand #150122218984:  Hold'em Limit ($3/$6 USD) - 2016/03/10 5:10:48 ET
Table 'Rupertwildt' 6-max Seat #5 is the button
Seat 3: _fayzulllo_ ($8.43 in chips)
Seat 5: Ale4o ($141.18 in chips)
Ale4o: posts small blind $1
_fayzulllo_: posts big blind $3
*** HOLE CARDS ***
Ale4o: raises $3 to $6
tazo50 joins the table at seat #1
_fayzulllo_: calls $3
*** FLOP *** [8d Ts 3c]
_fayzulllo_: bets $2.43 and is all-in
kolaz03 joins the table at seat #2
Ale4o: folds
Uncalled bet ($2.43) returned to _fayzulllo_
_fayzulllo_ collected $11.76 from pot
_fayzulllo_: doesn't show hand
*** SUMMARY ***
Total pot $12 | Rake $0.24
Board [8d Ts 3c]
Seat 3: _fayzulllo_ (big blind) collected ($11.76)
Seat 5: Ale4o (button) (small blind) folded on the Flop


PokerStars Hand #150122224428:  Hold'em Limit ($3/$6 USD) - 2016/03/10 5:11:01 ET
Table 'Rupertwildt' 6-max Seat #3 is the button
Seat 3: _fayzulllo_ ($14.19 in chips)
Seat 5: Ale4o ($135.18 in chips)
_fayzulllo_: posts small blind $1
Ale4o: posts big blind $3
*** HOLE CARDS ***
_fayzulllo_: folds
Uncalled bet ($2) returned to Ale4o
Ale4o collected $2 from pot
Ale4o: doesn't show hand
*** SUMMARY ***
Total pot $2 | Rake $0
Seat 3: _fayzulllo_ (button) (small blind) folded before Flop
Seat 5: Ale4o (big blind) collected ($2)


