PokerStars Hand #173909422994:  Hold'em Limit ($3/$6 USD) - 2017/08/04 10:43:33 ET
Table 'Ruppina II' 6-max Seat #6 is the button
Seat 4: uglyghost101 ($120 in chips)
Seat 6: Anchig ($120 in chips)
Anchig: posts small blind $1
uglyghost101: posts big blind $3
*** HOLE CARDS ***
Anchig: raises $3 to $6
uglyghost101: folds
Uncalled bet ($3) returned to Anchig
Anchig collected $6 from pot
Anchig: doesn't show hand
*** SUMMARY ***
Total pot $6 | Rake $0
Seat 4: uglyghost101 (big blind) folded before Flop
Seat 6: Anchig (button) (small blind) collected ($6)


PokerStars Hand #173909428414:  Hold'em Limit ($3/$6 USD) - 2017/08/04 10:43:43 ET
Table 'Ruppina II' 6-max Seat #4 is the button
Seat 4: uglyghost101 ($117 in chips)
Seat 6: Anchig ($123 in chips)
uglyghost101: posts small blind $1
Anchig: posts big blind $3
*** HOLE CARDS ***
uglyghost101: folds
Uncalled bet ($2) returned to Anchig
Anchig collected $2 from pot
Anchig: doesn't show hand
*** SUMMARY ***
Total pot $2 | Rake $0
Seat 4: uglyghost101 (button) (small blind) folded before Flop
Seat 6: Anchig (big blind) collected ($2)


PokerStars Hand #173909432142:  Hold'em Limit ($3/$6 USD) - 2017/08/04 10:43:50 ET
Table 'Ruppina II' 6-max Seat #6 is the button
Seat 4: uglyghost101 ($116 in chips)
Seat 6: Anchig ($124 in chips)
Anchig: posts small blind $1
uglyghost101: posts big blind $3
*** HOLE CARDS ***
Anchig: raises $3 to $6
uglyghost101: calls $3
*** FLOP *** [Kd Ah 2c]
uglyghost101: checks
Anchig: bets $3
uglyghost101: folds
Uncalled bet ($3) returned to Anchig
Anchig collected $11.76 from pot
Anchig: doesn't show hand
*** SUMMARY ***
Total pot $12 | Rake $0.24
Board [Kd Ah 2c]
Seat 4: uglyghost101 (big blind) folded on the Flop
Seat 6: Anchig (button) (small blind) collected ($11.76)


PokerStars Hand #173909440067:  Hold'em Limit ($3/$6 USD) - 2017/08/04 10:44:04 ET
Table 'Ruppina II' 6-max Seat #4 is the button
Seat 4: uglyghost101 ($110 in chips)
Seat 6: Anchig ($129.76 in chips)
uglyghost101: posts small blind $1
Anchig: posts big blind $3
*** HOLE CARDS ***
uglyghost101: raises $3 to $6
Anchig: calls $3
*** FLOP *** [4d 5d 5c]
Anchig: checks
uglyghost101: bets $3
Anchig: folds
Uncalled bet ($3) returned to uglyghost101
uglyghost101 collected $11.76 from pot
uglyghost101: doesn't show hand
*** SUMMARY ***
Total pot $12 | Rake $0.24
Board [4d 5d 5c]
Seat 4: uglyghost101 (button) (small blind) collected ($11.76)
Seat 6: Anchig (big blind) folded on the Flop


PokerStars Hand #173909468197:  Hold'em Limit ($3/$6 USD) - 2017/08/04 10:44:56 ET
Table 'Ruppina II' 6-max Seat #4 is the button
Seat 4: uglyghost101 ($128.26 in chips)
Seat 6: Anchig ($110.76 in chips)
uglyghost101: posts small blind $1
Anchig: posts big blind $3
*** HOLE CARDS ***
uglyghost101: raises $3 to $6
Anchig: calls $3
*** FLOP *** [6h Qc 7d]
Anchig: checks
uglyghost101: bets $3
Anchig: raises $3 to $6
uglyghost101: calls $3
*** TURN *** [6h Qc 7d] [5s]
Anchig: bets $6
uglyghost101: calls $6
*** RIVER *** [6h Qc 7d 5s] [9h]
Anchig: bets $6
uglyghost101: raises $6 to $12
Anchig: folds
Uncalled bet ($6) returned to uglyghost101
uglyghost101 collected $47.50 from pot
uglyghost101: doesn't show hand
*** SUMMARY ***
Total pot $48 | Rake $0.50
Board [6h Qc 7d 5s 9h]
Seat 4: uglyghost101 (button) (small blind) collected ($47.50)
Seat 6: Anchig (big blind) folded on the River


PokerStars Hand #173909464428:  Hold'em Limit ($3/$6 USD) - 2017/08/04 10:44:49 ET
Table 'Ruppina II' 6-max Seat #6 is the button
Seat 4: uglyghost101 ($131.26 in chips)
Seat 6: Anchig ($107.76 in chips)
Anchig: posts small blind $1
uglyghost101: posts big blind $3
*** HOLE CARDS ***
Anchig: raises $3 to $6
uglyghost101: folds
Uncalled bet ($3) returned to Anchig
Anchig collected $6 from pot
Anchig: doesn't show hand
*** SUMMARY ***
Total pot $6 | Rake $0
Seat 4: uglyghost101 (big blind) folded before Flop
Seat 6: Anchig (button) (small blind) collected ($6)


PokerStars Hand #173909453206:  Hold'em Limit ($3/$6 USD) - 2017/08/04 10:44:28 ET
Table 'Ruppina II' 6-max Seat #4 is the button
Seat 4: uglyghost101 ($116.76 in chips)
Seat 6: Anchig ($122.76 in chips)
uglyghost101: posts small blind $1
Anchig: posts big blind $3
*** HOLE CARDS ***
uglyghost101: raises $3 to $6
Anchig: calls $3
*** FLOP *** [Jc 4d 2d]
Anchig: checks
uglyghost101: bets $3
Anchig: calls $3
*** TURN *** [Jc 4d 2d] [9d]
Anchig: checks
uglyghost101: bets $6
Anchig: calls $6
*** RIVER *** [Jc 4d 2d 9d] [7c]
Anchig: checks
uglyghost101: bets $6
Anchig: folds
Uncalled bet ($6) returned to uglyghost101
uglyghost101 collected $29.50 from pot
uglyghost101: doesn't show hand
*** SUMMARY ***
Total pot $30 | Rake $0.50
Board [Jc 4d 2d 9d 7c]
Seat 4: uglyghost101 (button) (small blind) collected ($29.50)
Seat 6: Anchig (big blind) folded on the River


PokerStars Hand #173909450308:  Hold'em Limit ($3/$6 USD) - 2017/08/04 10:44:23 ET
Table 'Ruppina II' 6-max Seat #6 is the button
Seat 4: uglyghost101 ($115.76 in chips)
Seat 6: Anchig ($123.76 in chips)
Anchig: posts small blind $1
uglyghost101: posts big blind $3
*** HOLE CARDS ***
Anchig: folds
Uncalled bet ($2) returned to uglyghost101
uglyghost101 collected $2 from pot
uglyghost101: doesn't show hand
*** SUMMARY ***
Total pot $2 | Rake $0
Seat 4: uglyghost101 (big blind) collected ($2)
Seat 6: Anchig (button) (small blind) folded before Flop


PokerStars Hand #173909486504:  Hold'em Limit ($3/$6 USD) - 2017/08/04 10:45:29 ET
Table 'Ruppina II' 6-max Seat #4 is the button
Seat 4: uglyghost101 ($148.76 in chips)
Seat 6: Anchig ($89.76 in chips)
uglyghost101: posts small blind $1
Anchig: posts big blind $3
*** HOLE CARDS ***
uglyghost101: folds
Uncalled bet ($2) returned to Anchig
Anchig collected $2 from pot
Anchig: doesn't show hand
*** SUMMARY ***
Total pot $2 | Rake $0
Seat 4: uglyghost101 (button) (small blind) folded before Flop
Seat 6: Anchig (big blind) collected ($2)


PokerStars Hand #173909482334:  Hold'em Limit ($3/$6 USD) - 2017/08/04 10:45:21 ET
Table 'Ruppina II' 6-max Seat #6 is the button
Seat 4: uglyghost101 ($151.76 in chips)
Seat 6: Anchig ($86.76 in chips)
Anchig: posts small blind $1
uglyghost101: posts big blind $3
*** HOLE CARDS ***
Anchig: raises $3 to $6
uglyghost101: folds
Uncalled bet ($3) returned to Anchig
Anchig collected $6 from pot
Anchig: doesn't show hand
Mapz11 joins the table at seat #1
*** SUMMARY ***
Total pot $6 | Rake $0
Seat 4: uglyghost101 (big blind) folded before Flop
Seat 6: Anchig (button) (small blind) collected ($6)


PokerStars Hand #173909523162:  Hold'em Limit ($3/$6 USD) - 2017/08/04 10:46:35 ET
Table 'Ruppina II' 6-max Seat #6 is the button
Seat 2: Luanto 14 ($134.10 in chips)
Seat 6: Anchig ($104.86 in chips)
Mcshools will be allowed to play after the button
uglyghost101 will be allowed to play after the button
Anchig: posts small blind $1
Luanto 14: posts big blind $3
*** HOLE CARDS ***
Anchig: folds
Uncalled bet ($2) returned to Luanto 14
Luanto 14 collected $2 from pot
Luanto 14: doesn't show hand
*** SUMMARY ***
Total pot $2 | Rake $0
Seat 2: Luanto 14 (big blind) collected ($2)
Seat 6: Anchig (button) (small blind) folded before Flop


PokerStars Hand #173909831567:  Hold'em Limit ($3/$6 USD) - 2017/08/04 10:55:51 ET
Table 'Ruppina II' 6-max Seat #6 is the button
Seat 4: uglyghost101 ($68 in chips)
Seat 6: Anchig ($171.68 in chips)
Anchig: posts small blind $1
uglyghost101: posts big blind $3
*** HOLE CARDS ***
Anchig: raises $3 to $6
uglyghost101: calls $3
*** FLOP *** [9s 7h 7s]
uglyghost101: checks
Anchig: bets $3
uglyghost101: calls $3
*** TURN *** [9s 7h 7s] [8h]
uglyghost101: checks
Anchig: bets $6
uglyghost101: calls $6
*** RIVER *** [9s 7h 7s 8h] [7d]
uglyghost101: checks
Anchig: bets $6
uglyghost101: folds
Uncalled bet ($6) returned to Anchig
Anchig collected $29.50 from pot
Anchig: doesn't show hand
*** SUMMARY ***
Total pot $30 | Rake $0.50
Board [9s 7h 7s 8h 7d]
Seat 4: uglyghost101 (big blind) folded on the River
Seat 6: Anchig (button) (small blind) collected ($29.50)


PokerStars Hand #173909809416:  Hold'em Limit ($3/$6 USD) - 2017/08/04 10:55:16 ET
Table 'Ruppina II' 6-max Seat #4 is the button
Seat 4: uglyghost101 ($83 in chips)
Seat 6: Anchig ($157.18 in chips)
uglyghost101: posts small blind $1
Anchig: posts big blind $3
*** HOLE CARDS ***
uglyghost101: raises $3 to $6
Anchig: raises $3 to $9
uglyghost101: calls $3
*** FLOP *** [4c 4d Ac]
Anchig: bets $3
uglyghost101: raises $3 to $6
Anchig: calls $3
*** TURN *** [4c 4d Ac] [7s]
Anchig: checks
uglyghost101: checks
*** RIVER *** [4c 4d Ac 7s] [2h]
Anchig: bets $6
uglyghost101: folds
Uncalled bet ($6) returned to Anchig
Anchig collected $29.50 from pot
Anchig: doesn't show hand
*** SUMMARY ***
Total pot $30 | Rake $0.50
Board [4c 4d Ac 7s 2h]
Seat 4: uglyghost101 (button) (small blind) folded on the River
Seat 6: Anchig (big blind) collected ($29.50)


PokerStars Hand #173909866894:  Hold'em Limit ($3/$6 USD) - 2017/08/04 10:57:04 ET
Table 'Ruppina II' 6-max Seat #4 is the button
Seat 4: uglyghost101 ($47 in chips)
Seat 6: Anchig ($191.82 in chips)
uglyghost101: posts small blind $1
Anchig: posts big blind $3
*** HOLE CARDS ***
uglyghost101: raises $3 to $6
Anchig: calls $3
*** FLOP *** [8h 9s 6d]
Anchig: checks
uglyghost101: bets $3
Anchig: calls $3
*** TURN *** [8h 9s 6d] [Qs]
Mapz11 joins the table at seat #1
Ale4o leaves the table
Anchig: checks
uglyghost101: checks
*** RIVER *** [8h 9s 6d Qs] [3s]
Anchig: checks
uglyghost101: bets $6
Ale4o joins the table at seat #3
Anchig: folds
Uncalled bet ($6) returned to uglyghost101
uglyghost101 collected $17.64 from pot
uglyghost101: doesn't show hand
*** SUMMARY ***
Total pot $18 | Rake $0.36
Board [8h 9s 6d Qs 3s]
Seat 4: uglyghost101 (button) (small blind) collected ($17.64)
Seat 6: Anchig (big blind) folded on the River


PokerStars Hand #173909854742:  Hold'em Limit ($3/$6 USD) - 2017/08/04 10:56:39 ET
Table 'Ruppina II' 6-max Seat #6 is the button
Seat 4: uglyghost101 ($56 in chips)
Seat 6: Anchig ($183.18 in chips)
Anchig: posts small blind $1
uglyghost101: posts big blind $3
*** HOLE CARDS ***
Anchig: raises $3 to $6
uglyghost101: calls $3
*** FLOP *** [2c Jc Ad]
uglyghost101: checks
Anchig: bets $3
uglyghost101: calls $3
*** TURN *** [2c Jc Ad] [Qc]
uglyghost101: checks
Anchig: checks
*** RIVER *** [2c Jc Ad Qc] [4h]
uglyghost101: checks
Anchig: checks
*** SHOW DOWN ***
uglyghost101: shows [Kd 7h] (high card Ace)
Anchig: shows [9d Kc] (high card Ace - King+Queen+Jack+Nine kicker)
Anchig collected $17.64 from pot
*** SUMMARY ***
Total pot $18 | Rake $0.36
Board [2c Jc Ad Qc 4h]
Seat 4: uglyghost101 (big blind) showed [Kd 7h] and lost with high card Ace
Seat 6: Anchig (button) (small blind) showed [9d Kc] and won ($17.64) with high card Ace


PokerStars Hand #173909850333:  Hold'em Limit ($3/$6 USD) - 2017/08/04 10:56:30 ET
Table 'Ruppina II' 6-max Seat #4 is the button
Seat 4: uglyghost101 ($53 in chips)
Seat 6: Anchig ($186.18 in chips)
uglyghost101: posts small blind $1
Anchig: posts big blind $3
*** HOLE CARDS ***
protriin joins the table at seat #2
uglyghost101: raises $3 to $6
Anchig: folds
Uncalled bet ($3) returned to uglyghost101
uglyghost101 collected $6 from pot
uglyghost101: doesn't show hand
*** SUMMARY ***
Total pot $6 | Rake $0
Seat 4: uglyghost101 (button) (small blind) collected ($6)
Seat 6: Anchig (big blind) folded before Flop


PokerStars Hand #173911722872:  Hold'em Limit ($3/$6 USD) - 2017/08/04 11:52:42 ET
Table 'Ruppina II' 6-max Seat #4 is the button
Seat 2: Wurst3 ($399.55 in chips)
Seat 4: aleks_4ym ($158.17 in chips)
aleks_4ym: posts small blind $1
Wurst3: posts big blind $3
*** HOLE CARDS ***
aleks_4ym: raises $3 to $6
Wurst3: raises $3 to $9
Anchig leaves the table
aleks_4ym: calls $3
*** FLOP *** [4d 6d 9h]
Wurst3: bets $3
aleks_4ym: calls $3
*** TURN *** [4d 6d 9h] [8c]
Wurst3: bets $6
aleks_4ym: folds
Uncalled bet ($6) returned to Wurst3
Wurst3 collected $23.52 from pot
*** SUMMARY ***
Total pot $24 | Rake $0.48
Board [4d 6d 9h 8c]
Seat 2: Wurst3 (big blind) collected ($23.52)
Seat 4: aleks_4ym (button) (small blind) folded on the Turn


