PokerStars Hand #160668941830:  Hold'em Limit ($3/$6 USD) - 2016/10/30 18:27:08 ET
Table 'Ruppina' 10-max Seat #1 is the button
Seat 1: Zubasa07 ($500 in chips)
Seat 6: Bastable86 ($120 in chips)
Zubasa07: posts small blind $1
Bastable86: posts big blind $3
*** HOLE CARDS ***
Zubasa07: folds
Uncalled bet ($2) returned to Bastable86
Bastable86 collected $2 from pot
Bastable86: doesn't show hand
*** SUMMARY ***
Total pot $2 | Rake $0
Seat 1: Zubasa07 (button) (small blind) folded before Flop
Seat 6: Bastable86 (big blind) collected ($2)


PokerStars Hand #160668951934:  Hold'em Limit ($3/$6 USD) - 2016/10/30 18:27:20 ET
Table 'Ruppina' 10-max Seat #6 is the button
Seat 1: Zubasa07 ($499 in chips)
Seat 6: Bastable86 ($121 in chips)
Bastable86: posts small blind $1
Zubasa07: posts big blind $3
*** HOLE CARDS ***
Bastable86: raises $3 to $6
Zubasa07: calls $3
*** FLOP *** [7s Qh 9c]
Zubasa07: checks
Bastable86: bets $3
jestanie joins the table at seat #5
Zubasa07: raises $3 to $6
Bastable86: calls $3
*** TURN *** [7s Qh 9c] [8s]
Zubasa07: bets $6
Bastable86: calls $6
*** RIVER *** [7s Qh 9c 8s] [4s]
Zubasa07: bets $6
Bastable86: raises $6 to $12
Zubasa07: calls $6
*** SHOW DOWN ***
Bastable86: shows [4d Qd] (two pair, Queens and Fours)
Zubasa07: shows [8c Qs] (two pair, Queens and Eights)
Zubasa07 collected $59.50 from pot
*** SUMMARY ***
Total pot $60 | Rake $0.50
Board [7s Qh 9c 8s 4s]
Seat 1: Zubasa07 (big blind) showed [8c Qs] and won ($59.50) with two pair, Queens and Eights
Seat 6: Bastable86 (button) (small blind) showed [4d Qd] and lost with two pair, Queens and Fours


