PokerStars Hand #147353322468:  Hold'em Limit ($3/$6 USD) - 2016/01/20 3:56:42 ET
Table 'Ruppina' 10-max Seat #5 is the button
Seat 5: livenuncut ($106.38 in chips)
Seat 6: ME HAPPYBEE ($143.93 in chips)
livenuncut: posts small blind $1
ME HAPPYBEE: posts big blind $3
*** HOLE CARDS ***
livenuncut: calls $2
ME HAPPYBEE: checks
*** FLOP *** [Tc 6s 8c]
ME HAPPYBEE: checks
livenuncut: bets $3
ME HAPPYBEE: folds
Uncalled bet ($3) returned to livenuncut
livenuncut collected $5.88 from pot
*** SUMMARY ***
Total pot $6 | Rake $0.12
Board [Tc 6s 8c]
Seat 5: livenuncut (button) (small blind) collected ($5.88)
Seat 6: ME HAPPYBEE (big blind) folded on the Flop


PokerStars Hand #147353329079:  Hold'em Limit ($3/$6 USD) - 2016/01/20 3:57:02 ET
Table 'Ruppina' 10-max Seat #5 is the button
Seat 5: livenuncut ($106.26 in chips)
Seat 6: ME HAPPYBEE ($143.93 in chips)
livenuncut: posts small blind $1
ME HAPPYBEE: posts big blind $3
*** HOLE CARDS ***
livenuncut: folds
Uncalled bet ($2) returned to ME HAPPYBEE
ME HAPPYBEE collected $2 from pot
ME HAPPYBEE: doesn't show hand
*** SUMMARY ***
Total pot $2 | Rake $0
Seat 5: livenuncut (button) (small blind) folded before Flop
Seat 6: ME HAPPYBEE (big blind) collected ($2)


PokerStars Hand #147353327335:  Hold'em Limit ($3/$6 USD) - 2016/01/20 3:56:57 ET
Table 'Ruppina' 10-max Seat #6 is the button
Seat 5: livenuncut ($109.26 in chips)
Seat 6: ME HAPPYBEE ($140.93 in chips)
ME HAPPYBEE: posts small blind $1
livenuncut: posts big blind $3
*** HOLE CARDS ***
ME HAPPYBEE: raises $3 to $6
livenuncut: folds
Uncalled bet ($3) returned to ME HAPPYBEE
ME HAPPYBEE collected $6 from pot
ME HAPPYBEE: doesn't show hand
*** SUMMARY ***
Total pot $6 | Rake $0
Seat 5: livenuncut (big blind) folded before Flop
Seat 6: ME HAPPYBEE (button) (small blind) collected ($6)


PokerStars Hand #147353354916:  Hold'em Limit ($3/$6 USD) - 2016/01/20 3:58:08 ET
Table 'Ruppina' 10-max Seat #6 is the button
Seat 5: livenuncut ($84.02 in chips)
Seat 6: ME HAPPYBEE ($165.43 in chips)
ME HAPPYBEE: posts small blind $1
livenuncut: posts big blind $3
*** HOLE CARDS ***
ME HAPPYBEE: raises $3 to $6
livenuncut: calls $3
*** FLOP *** [Kc 9d 7s]
livenuncut: checks
ME HAPPYBEE: checks
*** TURN *** [Kc 9d 7s] [3s]
livenuncut: bets $6
ME HAPPYBEE: calls $6
*** RIVER *** [Kc 9d 7s 3s] [As]
livenuncut: checks
ME HAPPYBEE: checks
*** SHOW DOWN ***
livenuncut: shows [2d 2s] (a pair of Deuces)
ME HAPPYBEE: shows [9c 8h] (a pair of Nines)
ME HAPPYBEE collected $23.52 from pot
*** SUMMARY ***
Total pot $24 | Rake $0.48
Board [Kc 9d 7s 3s As]
Seat 5: livenuncut (big blind) showed [2d 2s] and lost with a pair of Deuces
Seat 6: ME HAPPYBEE (button) (small blind) showed [9c 8h] and won ($23.52) with a pair of Nines


PokerStars Hand #147353362562:  Hold'em Limit ($3/$6 USD) - 2016/01/20 3:58:22 ET
Table 'Ruppina' 10-max Seat #5 is the button
Seat 5: livenuncut ($72.02 in chips)
Seat 6: ME HAPPYBEE ($176.95 in chips)
livenuncut: posts small blind $1
ME HAPPYBEE: posts big blind $3
*** HOLE CARDS ***
livenuncut: raises $3 to $6
ME HAPPYBEE: calls $3
*** FLOP *** [4s 5h 7h]
ME HAPPYBEE: checks
livenuncut: checks
*** TURN *** [4s 5h 7h] [2s]
ME HAPPYBEE: bets $6
livenuncut: folds
Uncalled bet ($6) returned to ME HAPPYBEE
ME HAPPYBEE collected $11.76 from pot
ME HAPPYBEE: doesn't show hand
*** SUMMARY ***
Total pot $12 | Rake $0.24
Board [4s 5h 7h 2s]
Seat 5: livenuncut (button) (small blind) folded on the Turn
Seat 6: ME HAPPYBEE (big blind) collected ($11.76)


PokerStars Hand #147353367739:  Hold'em Limit ($3/$6 USD) - 2016/01/20 3:58:33 ET
Table 'Ruppina' 10-max Seat #6 is the button
Seat 5: livenuncut ($66.02 in chips)
Seat 6: ME HAPPYBEE ($182.71 in chips)
ME HAPPYBEE: posts small blind $1
livenuncut: posts big blind $3
*** HOLE CARDS ***
ME HAPPYBEE: raises $3 to $6
livenuncut: raises $3 to $9
ME HAPPYBEE: calls $3
*** FLOP *** [5d Js 9c]
livenuncut: bets $3
ME HAPPYBEE: calls $3
*** TURN *** [5d Js 9c] [6s]
livenuncut: bets $6
ME HAPPYBEE: calls $6
*** RIVER *** [5d Js 9c 6s] [8s]
livenuncut: checks
ME HAPPYBEE: bets $6
livenuncut: folds
Uncalled bet ($6) returned to ME HAPPYBEE
ME HAPPYBEE collected $35.50 from pot
ME HAPPYBEE: doesn't show hand
*** SUMMARY ***
Total pot $36 | Rake $0.50
Board [5d Js 9c 6s 8s]
Seat 5: livenuncut (big blind) folded on the River
Seat 6: ME HAPPYBEE (button) (small blind) collected ($35.50)


PokerStars Hand #147353388925:  Hold'em Limit ($3/$6 USD) - 2016/01/20 3:59:33 ET
Table 'Ruppina' 10-max Seat #6 is the button
Seat 5: livenuncut ($40.02 in chips)
Seat 6: ME HAPPYBEE ($207.73 in chips)
ME HAPPYBEE: posts small blind $1
livenuncut: posts big blind $3
*** HOLE CARDS ***
ME HAPPYBEE: raises $3 to $6
livenuncut: raises $3 to $9
ME HAPPYBEE: calls $3
*** FLOP *** [Ts Th 7s]
livenuncut: bets $3
ME HAPPYBEE: calls $3
*** TURN *** [Ts Th 7s] [6d]
livenuncut: bets $6
ME HAPPYBEE: calls $6
*** RIVER *** [Ts Th 7s 6d] [Kc]
livenuncut: bets $6
ME HAPPYBEE: calls $6
*** SHOW DOWN ***
livenuncut: shows [Ac Qs] (a pair of Tens)
ME HAPPYBEE: shows [9d 7h] (two pair, Tens and Sevens)
ME HAPPYBEE collected $47.50 from pot
*** SUMMARY ***
Total pot $48 | Rake $0.50
Board [Ts Th 7s 6d Kc]
Seat 5: livenuncut (big blind) showed [Ac Qs] and lost with a pair of Tens
Seat 6: ME HAPPYBEE (button) (small blind) showed [9d 7h] and won ($47.50) with two pair, Tens and Sevens


PokerStars Hand #147353393469:  Hold'em Limit ($3/$6 USD) - 2016/01/20 3:59:47 ET
Table 'Ruppina' 10-max Seat #5 is the button
Seat 5: livenuncut ($16.02 in chips)
Seat 6: ME HAPPYBEE ($231.23 in chips)
livenuncut: posts small blind $1
ME HAPPYBEE: posts big blind $3
*** HOLE CARDS ***
livenuncut: calls $2
ME HAPPYBEE: checks
*** FLOP *** [Ts 5d 5s]
ME HAPPYBEE: checks
livenuncut: checks
*** TURN *** [Ts 5d 5s] [4h]
ME HAPPYBEE: checks
livenuncut: checks
*** RIVER *** [Ts 5d 5s 4h] [4d]
ME HAPPYBEE: checks
livenuncut: checks
*** SHOW DOWN ***
ME HAPPYBEE: shows [3c Qs] (two pair, Fives and Fours)
livenuncut: shows [6c 9d] (two pair, Fives and Fours - lower kicker)
ME HAPPYBEE collected $5.88 from pot
*** SUMMARY ***
Total pot $6 | Rake $0.12
Board [Ts 5d 5s 4h 4d]
Seat 5: livenuncut (button) (small blind) showed [6c 9d] and lost with two pair, Fives and Fours
Seat 6: ME HAPPYBEE (big blind) showed [3c Qs] and won ($5.88) with two pair, Fives and Fours


PokerStars Hand #147353379866:  Hold'em Limit ($3/$6 USD) - 2016/01/20 3:59:06 ET
Table 'Ruppina' 10-max Seat #6 is the button
Seat 5: livenuncut ($51.02 in chips)
Seat 6: ME HAPPYBEE ($197.21 in chips)
ME HAPPYBEE: posts small blind $1
livenuncut: posts big blind $3
*** HOLE CARDS ***
ME HAPPYBEE: folds
Uncalled bet ($2) returned to livenuncut
livenuncut collected $2 from pot
*** SUMMARY ***
Total pot $2 | Rake $0
Seat 5: livenuncut (big blind) collected ($2)
Seat 6: ME HAPPYBEE (button) (small blind) folded before Flop


PokerStars Hand #147353376221:  Hold'em Limit ($3/$6 USD) - 2016/01/20 3:58:55 ET
Table 'Ruppina' 10-max Seat #5 is the button
Seat 5: livenuncut ($48.02 in chips)
Seat 6: ME HAPPYBEE ($200.21 in chips)
livenuncut: posts small blind $1
ME HAPPYBEE: posts big blind $3
*** HOLE CARDS ***
livenuncut: raises $3 to $6
ME HAPPYBEE: folds
Uncalled bet ($3) returned to livenuncut
livenuncut collected $6 from pot
*** SUMMARY ***
Total pot $6 | Rake $0
Seat 5: livenuncut (button) (small blind) collected ($6)
Seat 6: ME HAPPYBEE (big blind) folded before Flop


PokerStars Hand #147353381440:  Hold'em Limit ($3/$6 USD) - 2016/01/20 3:59:10 ET
Table 'Ruppina' 10-max Seat #5 is the button
Seat 5: livenuncut ($52.02 in chips)
Seat 6: ME HAPPYBEE ($196.21 in chips)
livenuncut: posts small blind $1
ME HAPPYBEE: posts big blind $3
*** HOLE CARDS ***
livenuncut: raises $3 to $6
ME HAPPYBEE: raises $3 to $9
livenuncut: calls $3
*** FLOP *** [7d 3s Kc]
ME HAPPYBEE: bets $3
livenuncut: calls $3
*** TURN *** [7d 3s Kc] [7s]
ME HAPPYBEE: checks
livenuncut: checks
*** RIVER *** [7d 3s Kc 7s] [3c]
ME HAPPYBEE: checks
livenuncut: checks
*** SHOW DOWN ***
ME HAPPYBEE: shows [Jh Ac] (two pair, Sevens and Threes)
livenuncut: mucks hand
ME HAPPYBEE collected $23.52 from pot
*** SUMMARY ***
Total pot $24 | Rake $0.48
Board [7d 3s Kc 7s 3c]
Seat 5: livenuncut (button) (small blind) mucked
Seat 6: ME HAPPYBEE (big blind) showed [Jh Ac] and won ($23.52) with two pair, Sevens and Threes


PokerStars Hand #147353413492:  Hold'em Limit ($3/$6 USD) - 2016/01/20 4:00:45 ET
Table 'Ruppina' 10-max Seat #6 is the button
Seat 5: livenuncut ($21.36 in chips)
Seat 6: ME HAPPYBEE ($224.97 in chips)
ME HAPPYBEE: posts small blind $1
livenuncut: posts big blind $3
*** HOLE CARDS ***
ME HAPPYBEE: folds
Uncalled bet ($2) returned to livenuncut
livenuncut collected $2 from pot
*** SUMMARY ***
Total pot $2 | Rake $0
Seat 5: livenuncut (big blind) collected ($2)
Seat 6: ME HAPPYBEE (button) (small blind) folded before Flop


PokerStars Hand #147353407800:  Hold'em Limit ($3/$6 USD) - 2016/01/20 4:00:28 ET
Table 'Ruppina' 10-max Seat #5 is the button
Seat 5: livenuncut ($10.90 in chips)
Seat 6: ME HAPPYBEE ($235.87 in chips)
livenuncut: posts small blind $1
ME HAPPYBEE: posts big blind $3
*** HOLE CARDS ***
livenuncut: raises $3 to $6
ME HAPPYBEE: calls $3
*** FLOP *** [5h 4c 8d]
ME HAPPYBEE: checks
livenuncut: bets $3
ME HAPPYBEE: raises $3 to $6
livenuncut: calls $1.90 and is all-in
Uncalled bet ($1.10) returned to ME HAPPYBEE
*** TURN *** [5h 4c 8d] [3d]
*** RIVER *** [5h 4c 8d 3d] [Kh]
*** SHOW DOWN ***
ME HAPPYBEE: shows [6h Qd] (high card King)
livenuncut: shows [Jc 3s] (a pair of Threes)
livenuncut collected $21.36 from pot
*** SUMMARY ***
Total pot $21.80 | Rake $0.44
Board [5h 4c 8d 3d Kh]
Seat 5: livenuncut (button) (small blind) showed [Jc 3s] and won ($21.36) with a pair of Threes
Seat 6: ME HAPPYBEE (big blind) showed [6h Qd] and lost with high card King


PokerStars Hand #147353398472:  Hold'em Limit ($3/$6 USD) - 2016/01/20 4:00:02 ET
Table 'Ruppina' 10-max Seat #6 is the button
Seat 5: livenuncut ($13.02 in chips)
Seat 6: ME HAPPYBEE ($234.11 in chips)
ME HAPPYBEE: posts small blind $1
livenuncut: posts big blind $3
*** HOLE CARDS ***
ME HAPPYBEE: folds
Uncalled bet ($2) returned to livenuncut
livenuncut collected $2 from pot
*** SUMMARY ***
Total pot $2 | Rake $0
Seat 5: livenuncut (big blind) collected ($2)
Seat 6: ME HAPPYBEE (button) (small blind) folded before Flop


PokerStars Hand #147353400800:  Hold'em Limit ($3/$6 USD) - 2016/01/20 4:00:08 ET
Table 'Ruppina' 10-max Seat #5 is the button
Seat 5: livenuncut ($14.02 in chips)
Seat 6: ME HAPPYBEE ($233.11 in chips)
livenuncut: posts small blind $1
ME HAPPYBEE: posts big blind $3
*** HOLE CARDS ***
livenuncut: calls $2
ME HAPPYBEE: checks
*** FLOP *** [Ad 3h 6d]
ME HAPPYBEE: checks
livenuncut: bets $3
ME HAPPYBEE: folds
Uncalled bet ($3) returned to livenuncut
livenuncut collected $5.88 from pot
*** SUMMARY ***
Total pot $6 | Rake $0.12
Board [Ad 3h 6d]
Seat 5: livenuncut (button) (small blind) collected ($5.88)
Seat 6: ME HAPPYBEE (big blind) folded on the Flop


PokerStars Hand #147353404579:  Hold'em Limit ($3/$6 USD) - 2016/01/20 4:00:19 ET
Table 'Ruppina' 10-max Seat #6 is the button
Seat 5: livenuncut ($16.90 in chips)
Seat 6: ME HAPPYBEE ($230.11 in chips)
ME HAPPYBEE: posts small blind $1
livenuncut: posts big blind $3
*** HOLE CARDS ***
ME HAPPYBEE: raises $3 to $6
livenuncut: calls $3
*** FLOP *** [4h 6h Tc]
livenuncut: checks
ME HAPPYBEE: bets $3
livenuncut: folds
Uncalled bet ($3) returned to ME HAPPYBEE
ME HAPPYBEE collected $11.76 from pot
ME HAPPYBEE: doesn't show hand
*** SUMMARY ***
Total pot $12 | Rake $0.24
Board [4h 6h Tc]
Seat 5: livenuncut (big blind) folded on the Flop
Seat 6: ME HAPPYBEE (button) (small blind) collected ($11.76)


PokerStars Hand #147353415627:  Hold'em Limit ($3/$6 USD) - 2016/01/20 4:00:51 ET
Table 'Ruppina' 10-max Seat #5 is the button
Seat 5: livenuncut ($22.36 in chips)
Seat 6: ME HAPPYBEE ($223.97 in chips)
livenuncut: posts small blind $1
ME HAPPYBEE: posts big blind $3
*** HOLE CARDS ***
livenuncut: raises $3 to $6
ME HAPPYBEE: raises $3 to $9
livenuncut: calls $3
*** FLOP *** [2s 7s 5s]
ME HAPPYBEE: bets $3
livenuncut: calls $3
*** TURN *** [2s 7s 5s] [Ts]
ME HAPPYBEE: checks
livenuncut: bets $6
ME HAPPYBEE: calls $6
*** RIVER *** [2s 7s 5s Ts] [6h]
ME HAPPYBEE: checks
livenuncut: bets $4.36 and is all-in
ME HAPPYBEE: calls $4.36
*** SHOW DOWN ***
livenuncut: shows [Kc Qc] (high card King)
ME HAPPYBEE: shows [Jd Jh] (a pair of Jacks)
ME HAPPYBEE collected $44.22 from pot
*** SUMMARY ***
Total pot $44.72 | Rake $0.50
Board [2s 7s 5s Ts 6h]
Seat 5: livenuncut (button) (small blind) showed [Kc Qc] and lost with high card King
Seat 6: ME HAPPYBEE (big blind) showed [Jd Jh] and won ($44.22) with a pair of Jacks


