PokerStars Hand #164277332724:  Hold'em Limit ($3/$6 USD) - 2017/01/08 21:55:52 ET
Table 'Russia' 6-max Seat #3 is the button
Seat 1: DirtyDouble2 ($102.09 in chips)
Seat 3: RaisemyNut$ ($83.05 in chips)
RaisemyNut$: posts small blind $1
AzureCaper: is sitting out
TheU10: is sitting out
DirtyDouble2: posts big blind $3
*** HOLE CARDS ***
RaisemyNut$: folds
Uncalled bet ($2) returned to DirtyDouble2
DirtyDouble2 collected $2 from pot
*** SUMMARY ***
Total pot $2 | Rake $0
Seat 1: DirtyDouble2 (big blind) collected ($2)
Seat 3: RaisemyNut$ (button) (small blind) folded before Flop


PokerStars Hand #164277335248:  Hold'em Limit ($3/$6 USD) - 2017/01/08 21:55:59 ET
Table 'Russia' 6-max Seat #1 is the button
Seat 1: DirtyDouble2 ($103.09 in chips)
Seat 3: RaisemyNut$ ($82.05 in chips)
DirtyDouble2: posts small blind $1
RaisemyNut$: posts big blind $3
*** HOLE CARDS ***
DirtyDouble2: raises $3 to $6
RaisemyNut$: calls $3
*** FLOP *** [3s 3d Qc]
TheU10 leaves the table
RaisemyNut$: checks
DirtyDouble2: bets $3
RaisemyNut$: folds
Uncalled bet ($3) returned to DirtyDouble2
DirtyDouble2 collected $11.76 from pot
*** SUMMARY ***
Total pot $12 | Rake $0.24
Board [3s 3d Qc]
Seat 1: DirtyDouble2 (button) (small blind) collected ($11.76)
Seat 3: RaisemyNut$ (big blind) folded on the Flop


PokerStars Hand #164277340535:  Hold'em Limit ($3/$6 USD) - 2017/01/08 21:56:14 ET
Table 'Russia' 6-max Seat #3 is the button
Seat 1: DirtyDouble2 ($108.85 in chips)
Seat 3: RaisemyNut$ ($76.05 in chips)
RaisemyNut$: posts small blind $1
DirtyDouble2: posts big blind $3
*** HOLE CARDS ***
RaisemyNut$: raises $3 to $6
DirtyDouble2: folds
Uncalled bet ($3) returned to RaisemyNut$
RaisemyNut$ collected $6 from pot
RaisemyNut$: doesn't show hand
*** SUMMARY ***
Total pot $6 | Rake $0
Seat 1: DirtyDouble2 (big blind) folded before Flop
Seat 3: RaisemyNut$ (button) (small blind) collected ($6)


