PokerStars Hand #166234583054:  Hold'em Limit ($3/$6 USD) - 2017/02/15 2:51:26 ET
Table 'Russia' 6-max Seat #3 is the button
Seat 3: alfredg ($120 in chips)
Seat 5: AzureCaper ($72 in chips)
MTails has timed out
MTails: is sitting out
alfredg: posts small blind $1
AzureCaper: posts big blind $3
*** HOLE CARDS ***
alfredg: calls $2
AzureCaper: checks
*** FLOP *** [3s Qh 5s]
AzureCaper: checks
alfredg: checks
*** TURN *** [3s Qh 5s] [6d]
AzureCaper: checks
alfredg: checks
*** RIVER *** [3s Qh 5s 6d] [3h]
AzureCaper: checks
alfredg: checks
*** SHOW DOWN ***
AzureCaper: shows [7h 2h] (a pair of Threes)
alfredg: shows [9s Td] (a pair of Threes - Queen+Ten kicker)
alfredg collected $5.88 from pot
*** SUMMARY ***
Total pot $6 | Rake $0.12
Board [3s Qh 5s 6d 3h]
Seat 3: alfredg (button) (small blind) showed [9s Td] and won ($5.88) with a pair of Threes
Seat 5: AzureCaper (big blind) showed [7h 2h] and lost with a pair of Threes


PokerStars Hand #166234610690:  Hold'em Limit ($3/$6 USD) - 2017/02/15 2:53:00 ET
Table 'Russia' 6-max Seat #3 is the button
Seat 3: alfredg ($114.64 in chips)
Seat 5: AzureCaper ($79.50 in chips)
alfredg: posts small blind $1
AzureCaper: posts big blind $3
*** HOLE CARDS ***
alfredg: raises $3 to $6
AzureCaper: folds
Uncalled bet ($3) returned to alfredg
alfredg collected $6 from pot
*** SUMMARY ***
Total pot $6 | Rake $0
Seat 3: alfredg (button) (small blind) collected ($6)
Seat 5: AzureCaper (big blind) folded before Flop


PokerStars Hand #166234614985:  Hold'em Limit ($3/$6 USD) - 2017/02/15 2:53:14 ET
Table 'Russia' 6-max Seat #5 is the button
Seat 3: alfredg ($117.64 in chips)
Seat 5: AzureCaper ($76.50 in chips)
AzureCaper: posts small blind $1
alfredg: posts big blind $3
*** HOLE CARDS ***
AzureCaper: folds
Uncalled bet ($2) returned to alfredg
alfredg collected $2 from pot
*** SUMMARY ***
Total pot $2 | Rake $0
Seat 3: alfredg (big blind) collected ($2)
Seat 5: AzureCaper (button) (small blind) folded before Flop


PokerStars Hand #166234608822:  Hold'em Limit ($3/$6 USD) - 2017/02/15 2:52:54 ET
Table 'Russia' 6-max Seat #5 is the button
Seat 3: alfredg ($113.64 in chips)
Seat 5: AzureCaper ($80.50 in chips)
AzureCaper: posts small blind $1
alfredg: posts big blind $3
*** HOLE CARDS ***
AzureCaper: folds
Uncalled bet ($2) returned to alfredg
alfredg collected $2 from pot
*** SUMMARY ***
Total pot $2 | Rake $0
Seat 3: alfredg (big blind) collected ($2)
Seat 5: AzureCaper (button) (small blind) folded before Flop


PokerStars Hand #166234604228:  Hold'em Limit ($3/$6 USD) - 2017/02/15 2:52:38 ET
Table 'Russia' 6-max Seat #3 is the button
Seat 3: alfredg ($107.88 in chips)
Seat 5: AzureCaper ($86.50 in chips)
alfredg: posts small blind $1
AzureCaper: posts big blind $3
*** HOLE CARDS ***
alfredg: raises $3 to $6
AzureCaper: calls $3
*** FLOP *** [6c 7d Th]
AzureCaper: checks
alfredg: bets $3
AzureCaper: folds
Uncalled bet ($3) returned to alfredg
alfredg collected $11.76 from pot
*** SUMMARY ***
Total pot $12 | Rake $0.24
Board [6c 7d Th]
Seat 3: alfredg (button) (small blind) collected ($11.76)
Seat 5: AzureCaper (big blind) folded on the Flop


PokerStars Hand #166234596655:  Hold'em Limit ($3/$6 USD) - 2017/02/15 2:52:12 ET
Table 'Russia' 6-max Seat #5 is the button
Seat 3: alfredg ($122.88 in chips)
Seat 5: AzureCaper ($72 in chips)
AzureCaper: posts small blind $1
alfredg: posts big blind $3
*** HOLE CARDS ***
AzureCaper: raises $3 to $6
alfredg: calls $3
*** FLOP *** [6c 7d 5s]
alfredg: checks
AzureCaper: bets $3
alfredg: calls $3
*** TURN *** [6c 7d 5s] [Qh]
alfredg: checks
AzureCaper: checks
*** RIVER *** [6c 7d 5s Qh] [8s]
alfredg: checks
AzureCaper: bets $6
alfredg: calls $6
*** SHOW DOWN ***
AzureCaper: shows [9s As] (a straight, Five to Nine)
alfredg: mucks hand
AzureCaper collected $29.50 from pot
*** SUMMARY ***
Total pot $30 | Rake $0.50
Board [6c 7d 5s Qh 8s]
Seat 3: alfredg (big blind) mucked
Seat 5: AzureCaper (button) (small blind) showed [9s As] and won ($29.50) with a straight, Five to Nine


PokerStars Hand #166234616880:  Hold'em Limit ($3/$6 USD) - 2017/02/15 2:53:21 ET
Table 'Russia' 6-max Seat #3 is the button
Seat 3: alfredg ($118.64 in chips)
Seat 5: AzureCaper ($75.50 in chips)
alfredg: posts small blind $1
AzureCaper: posts big blind $3
*** HOLE CARDS ***
alfredg: raises $3 to $6
AzureCaper: calls $3
*** FLOP *** [6h Td Th]
AzureCaper: checks
alfredg: bets $3
AzureCaper: calls $3
*** TURN *** [6h Td Th] [3c]
AzureCaper: checks
alfredg: bets $6
AzureCaper: calls $6
*** RIVER *** [6h Td Th 3c] [Tc]
AzureCaper: checks
alfredg: bets $6
AzureCaper: calls $6
*** SHOW DOWN ***
alfredg: shows [8s As] (three of a kind, Tens)
AzureCaper: mucks hand
alfredg collected $41.50 from pot
*** SUMMARY ***
Total pot $42 | Rake $0.50
Board [6h Td Th 3c Tc]
Seat 3: alfredg (button) (small blind) showed [8s As] and won ($41.50) with three of a kind, Tens
Seat 5: AzureCaper (big blind) mucked


PokerStars Hand #166234632168:  Hold'em Limit ($3/$6 USD) - 2017/02/15 2:54:12 ET
Table 'Russia' 6-max Seat #5 is the button
Seat 3: alfredg ($139.14 in chips)
Seat 5: AzureCaper ($72 in chips)
AzureCaper: posts small blind $1
alfredg: posts big blind $3
*** HOLE CARDS ***
AzureCaper: raises $3 to $6
alfredg: calls $3
*** FLOP *** [8h 4s Qc]
alfredg: checks
AzureCaper: bets $3
alfredg: calls $3
*** TURN *** [8h 4s Qc] [Ks]
alfredg: checks
AzureCaper: bets $6
alfredg: raises $6 to $12
AzureCaper: folds
Uncalled bet ($6) returned to alfredg
alfredg collected $29.50 from pot
*** SUMMARY ***
Total pot $30 | Rake $0.50
Board [8h 4s Qc Ks]
Seat 3: alfredg (big blind) collected ($29.50)
Seat 5: AzureCaper (button) (small blind) folded on the Turn


PokerStars Hand #166234644383:  Hold'em Limit ($3/$6 USD) - 2017/02/15 2:54:53 ET
Table 'Russia' 6-max Seat #5 is the button
Seat 3: alfredg ($168.14 in chips)
Seat 5: AzureCaper ($72 in chips)
AzureCaper: posts small blind $1
alfredg: posts big blind $3
*** HOLE CARDS ***
AzureCaper: raises $3 to $6
alfredg: calls $3
*** FLOP *** [Qs 4d 2s]
alfredg: checks
AzureCaper: bets $3
alfredg: folds
Uncalled bet ($3) returned to AzureCaper
AzureCaper collected $11.76 from pot
AzureCaper: doesn't show hand
*** SUMMARY ***
Total pot $12 | Rake $0.24
Board [Qs 4d 2s]
Seat 3: alfredg (big blind) folded on the Flop
Seat 5: AzureCaper (button) (small blind) collected ($11.76)


PokerStars Hand #166234638373:  Hold'em Limit ($3/$6 USD) - 2017/02/15 2:54:33 ET
Table 'Russia' 6-max Seat #3 is the button
Seat 3: alfredg ($153.64 in chips)
Seat 5: AzureCaper ($72 in chips)
alfredg: posts small blind $1
AzureCaper: posts big blind $3
*** HOLE CARDS ***
alfredg: calls $2
AzureCaper: raises $3 to $6
alfredg: calls $3
*** FLOP *** [Js 6d 5s]
AzureCaper: bets $3
alfredg: calls $3
*** TURN *** [Js 6d 5s] [Th]
AzureCaper: bets $6
alfredg: raises $6 to $12
AzureCaper: folds
Uncalled bet ($6) returned to alfredg
alfredg collected $29.50 from pot
*** SUMMARY ***
Total pot $30 | Rake $0.50
Board [Js 6d 5s Th]
Seat 3: alfredg (button) (small blind) collected ($29.50)
Seat 5: AzureCaper (big blind) folded on the Turn


PokerStars Hand #166234648185:  Hold'em Limit ($3/$6 USD) - 2017/02/15 2:55:06 ET
Table 'Russia' 6-max Seat #3 is the button
Seat 3: alfredg ($162.14 in chips)
Seat 5: AzureCaper ($77.76 in chips)
alfredg: posts small blind $1
AzureCaper: posts big blind $3
*** HOLE CARDS ***
alfredg: calls $2
AzureCaper: raises $3 to $6
alfredg: calls $3
*** FLOP *** [Qc Ad 4c]
AzureCaper: bets $3
alfredg: calls $3
*** TURN *** [Qc Ad 4c] [Qs]
AzureCaper: bets $6
alfredg: raises $6 to $12
AzureCaper: folds
Uncalled bet ($6) returned to alfredg
alfredg collected $29.50 from pot
*** SUMMARY ***
Total pot $30 | Rake $0.50
Board [Qc Ad 4c Qs]
Seat 3: alfredg (button) (small blind) collected ($29.50)
Seat 5: AzureCaper (big blind) folded on the Turn


PokerStars Hand #166234660759:  Hold'em Limit ($3/$6 USD) - 2017/02/15 2:55:52 ET
Table 'Russia' 6-max Seat #3 is the button
Seat 3: alfredg ($161.64 in chips)
Seat 5: AzureCaper ($86.50 in chips)
alfredg: posts small blind $1
AzureCaper: posts big blind $3
*** HOLE CARDS ***
alfredg: calls $2
AzureCaper: raises $3 to $6
alfredg: calls $3
*** FLOP *** [Qd Kc Kh]
AzureCaper: bets $3
alfredg: calls $3
*** TURN *** [Qd Kc Kh] [9s]
AzureCaper: checks
alfredg: bets $6
AzureCaper: folds
Uncalled bet ($6) returned to alfredg
alfredg collected $17.64 from pot
*** SUMMARY ***
Total pot $18 | Rake $0.36
Board [Qd Kc Kh 9s]
Seat 3: alfredg (button) (small blind) collected ($17.64)
Seat 5: AzureCaper (big blind) folded on the Turn


PokerStars Hand #166234654030:  Hold'em Limit ($3/$6 USD) - 2017/02/15 2:55:27 ET
Table 'Russia' 6-max Seat #5 is the button
Seat 3: alfredg ($176.64 in chips)
Seat 5: AzureCaper ($72 in chips)
AzureCaper: posts small blind $1
alfredg: posts big blind $3
*** HOLE CARDS ***
AzureCaper: raises $3 to $6
alfredg: calls $3
*** FLOP *** [Ah 9s Ts]
alfredg: checks
AzureCaper: bets $3
alfredg: calls $3
*** TURN *** [Ah 9s Ts] [6c]
alfredg: checks
AzureCaper: bets $6
alfredg: calls $6
*** RIVER *** [Ah 9s Ts 6c] [4h]
alfredg: checks
AzureCaper: bets $6
alfredg: folds
Uncalled bet ($6) returned to AzureCaper
AzureCaper collected $29.50 from pot
AzureCaper: doesn't show hand
*** SUMMARY ***
Total pot $30 | Rake $0.50
Board [Ah 9s Ts 6c 4h]
Seat 3: alfredg (big blind) folded on the River
Seat 5: AzureCaper (button) (small blind) collected ($29.50)


PokerStars Hand #166234672205:  Hold'em Limit ($3/$6 USD) - 2017/02/15 2:56:34 ET
Table 'Russia' 6-max Seat #3 is the button
Seat 3: alfredg ($176.04 in chips)
Seat 5: AzureCaper ($72 in chips)
alfredg: posts small blind $1
AzureCaper: posts big blind $3
*** HOLE CARDS ***
alfredg: calls $2
AzureCaper: raises $3 to $6
alfredg: calls $3
*** FLOP *** [Jd Td 5c]
AzureCaper: bets $3
alfredg: folds
Uncalled bet ($3) returned to AzureCaper
AzureCaper collected $11.76 from pot
AzureCaper: doesn't show hand
*** SUMMARY ***
Total pot $12 | Rake $0.24
Board [Jd Td 5c]
Seat 3: alfredg (button) (small blind) folded on the Flop
Seat 5: AzureCaper (big blind) collected ($11.76)


PokerStars Hand #166234667792:  Hold'em Limit ($3/$6 USD) - 2017/02/15 2:56:18 ET
Table 'Russia' 6-max Seat #5 is the button
Seat 3: alfredg ($170.28 in chips)
Seat 5: AzureCaper ($77.50 in chips)
AzureCaper: posts small blind $1
alfredg: posts big blind $3
*** HOLE CARDS ***
AzureCaper: raises $3 to $6
alfredg: calls $3
*** FLOP *** [2d 5c 6h]
alfredg: bets $3
AzureCaper: folds
Uncalled bet ($3) returned to alfredg
alfredg collected $11.76 from pot
*** SUMMARY ***
Total pot $12 | Rake $0.24
Board [2d 5c 6h]
Seat 3: alfredg (big blind) collected ($11.76)
Seat 5: AzureCaper (button) (small blind) folded on the Flop


PokerStars Hand #166234681122:  Hold'em Limit ($3/$6 USD) - 2017/02/15 2:57:06 ET
Table 'Russia' 6-max Seat #3 is the button
Seat 3: alfredg ($164.04 in chips)
Seat 5: AzureCaper ($83.52 in chips)
alfredg: posts small blind $1
AzureCaper: posts big blind $3
*** HOLE CARDS ***
alfredg: folds
Uncalled bet ($2) returned to AzureCaper
AzureCaper collected $2 from pot
AzureCaper: doesn't show hand
*** SUMMARY ***
Total pot $2 | Rake $0
Seat 3: alfredg (button) (small blind) folded before Flop
Seat 5: AzureCaper (big blind) collected ($2)


PokerStars Hand #166234676098:  Hold'em Limit ($3/$6 USD) - 2017/02/15 2:56:48 ET
Table 'Russia' 6-max Seat #5 is the button
Seat 3: alfredg ($170.04 in chips)
Seat 5: AzureCaper ($77.76 in chips)
AzureCaper: posts small blind $1
alfredg: posts big blind $3
*** HOLE CARDS ***
AzureCaper: raises $3 to $6
alfredg: calls $3
*** FLOP *** [5s Kd 2s]
alfredg: checks
AzureCaper: bets $3
alfredg: folds
Uncalled bet ($3) returned to AzureCaper
AzureCaper collected $11.76 from pot
AzureCaper: doesn't show hand
*** SUMMARY ***
Total pot $12 | Rake $0.24
Board [5s Kd 2s]
Seat 3: alfredg (big blind) folded on the Flop
Seat 5: AzureCaper (button) (small blind) collected ($11.76)


PokerStars Hand #166234683683:  Hold'em Limit ($3/$6 USD) - 2017/02/15 2:57:16 ET
Table 'Russia' 6-max Seat #5 is the button
Seat 3: alfredg ($163.04 in chips)
Seat 5: AzureCaper ($84.52 in chips)
AzureCaper: posts small blind $1
alfredg: posts big blind $3
*** HOLE CARDS ***
AzureCaper: raises $3 to $6
alfredg: calls $3
*** FLOP *** [Tc 6d 3h]
alfredg: checks
AzureCaper: bets $3
alfredg: calls $3
*** TURN *** [Tc 6d 3h] [9h]
alfredg: checks
AzureCaper: bets $6
alfredg: calls $6
*** RIVER *** [Tc 6d 3h 9h] [Kh]
alfredg: checks
AzureCaper: checks
*** SHOW DOWN ***
alfredg: shows [Jc 9s] (a pair of Nines)
AzureCaper: mucks hand
alfredg collected $29.50 from pot
*** SUMMARY ***
Total pot $30 | Rake $0.50
Board [Tc 6d 3h 9h Kh]
Seat 3: alfredg (big blind) showed [Jc 9s] and won ($29.50) with a pair of Nines
Seat 5: AzureCaper (button) (small blind) mucked


PokerStars Hand #166234697052:  Hold'em Limit ($3/$6 USD) - 2017/02/15 2:58:04 ET
Table 'Russia' 6-max Seat #5 is the button
Seat 3: alfredg ($167.54 in chips)
Seat 5: AzureCaper ($81.76 in chips)
AzureCaper: posts small blind $1
alfredg: posts big blind $3
*** HOLE CARDS ***
AzureCaper: raises $3 to $6
alfredg: calls $3
*** FLOP *** [Qc 7h 6s]
alfredg: checks
AzureCaper: bets $3
alfredg: calls $3
*** TURN *** [Qc 7h 6s] [Ks]
alfredg: checks
AzureCaper: bets $6
alfredg: calls $6
*** RIVER *** [Qc 7h 6s Ks] [9h]
alfredg: bets $6
AzureCaper: raises $6 to $12
alfredg: raises $6 to $18
AzureCaper: calls $6
*** SHOW DOWN ***
alfredg: shows [5h 8s] (a straight, Five to Nine)
AzureCaper: shows [5d 8d] (a straight, Five to Nine)
alfredg collected $32.75 from pot
AzureCaper collected $32.75 from pot
*** SUMMARY ***
Total pot $66 | Rake $0.50
Board [Qc 7h 6s Ks 9h]
Seat 3: alfredg (big blind) showed [5h 8s] and won ($32.75) with a straight, Five to Nine
Seat 5: AzureCaper (button) (small blind) showed [5d 8d] and won ($32.75) with a straight, Five to Nine


PokerStars Hand #166234693395:  Hold'em Limit ($3/$6 USD) - 2017/02/15 2:57:51 ET
Table 'Russia' 6-max Seat #3 is the button
Seat 3: alfredg ($173.54 in chips)
Seat 5: AzureCaper ($76 in chips)
alfredg: posts small blind $1
AzureCaper: posts big blind $3
*** HOLE CARDS ***
alfredg: calls $2
AzureCaper: raises $3 to $6
alfredg: calls $3
*** FLOP *** [9d 8h 5h]
AzureCaper: bets $3
alfredg: folds
Uncalled bet ($3) returned to AzureCaper
AzureCaper collected $11.76 from pot
*** SUMMARY ***
Total pot $12 | Rake $0.24
Board [9d 8h 5h]
Seat 3: alfredg (button) (small blind) folded on the Flop
Seat 5: AzureCaper (big blind) collected ($11.76)


PokerStars Hand #166234691403:  Hold'em Limit ($3/$6 USD) - 2017/02/15 2:57:43 ET
Table 'Russia' 6-max Seat #5 is the button
Seat 3: alfredg ($176.54 in chips)
Seat 5: AzureCaper ($73 in chips)
AzureCaper: posts small blind $1
alfredg: posts big blind $3
*** HOLE CARDS ***
AzureCaper: raises $3 to $6
alfredg: folds
Uncalled bet ($3) returned to AzureCaper
AzureCaper collected $6 from pot
AzureCaper: doesn't show hand
*** SUMMARY ***
Total pot $6 | Rake $0
Seat 3: alfredg (big blind) folded before Flop
Seat 5: AzureCaper (button) (small blind) collected ($6)


PokerStars Hand #166234689665:  Hold'em Limit ($3/$6 USD) - 2017/02/15 2:57:37 ET
Table 'Russia' 6-max Seat #3 is the button
Seat 3: alfredg ($177.54 in chips)
Seat 5: AzureCaper ($72 in chips)
alfredg: posts small blind $1
AzureCaper: posts big blind $3
*** HOLE CARDS ***
alfredg: folds
Uncalled bet ($2) returned to AzureCaper
AzureCaper collected $2 from pot
AzureCaper: doesn't show hand
*** SUMMARY ***
Total pot $2 | Rake $0
Seat 3: alfredg (button) (small blind) folded before Flop
Seat 5: AzureCaper (big blind) collected ($2)


PokerStars Hand #166234716128:  Hold'em Limit ($3/$6 USD) - 2017/02/15 2:59:13 ET
Table 'Russia' 6-max Seat #5 is the button
Seat 3: alfredg ($148.29 in chips)
Seat 5: AzureCaper ($99.79 in chips)
AzureCaper: posts small blind $1
alfredg: posts big blind $3
*** HOLE CARDS ***
AzureCaper: folds
Uncalled bet ($2) returned to alfredg
alfredg collected $2 from pot
*** SUMMARY ***
Total pot $2 | Rake $0
Seat 3: alfredg (big blind) collected ($2)
Seat 5: AzureCaper (button) (small blind) folded before Flop


PokerStars Hand #166234714488:  Hold'em Limit ($3/$6 USD) - 2017/02/15 2:59:07 ET
Table 'Russia' 6-max Seat #3 is the button
Seat 3: alfredg ($149.29 in chips)
Seat 5: AzureCaper ($98.79 in chips)
alfredg: posts small blind $1
AzureCaper: posts big blind $3
*** HOLE CARDS ***
alfredg: folds
Uncalled bet ($2) returned to AzureCaper
AzureCaper collected $2 from pot
AzureCaper: doesn't show hand
*** SUMMARY ***
Total pot $2 | Rake $0
Seat 3: alfredg (button) (small blind) folded before Flop
Seat 5: AzureCaper (big blind) collected ($2)


PokerStars Hand #166234708554:  Hold'em Limit ($3/$6 USD) - 2017/02/15 2:58:45 ET
Table 'Russia' 6-max Seat #5 is the button
Seat 3: alfredg ($158.29 in chips)
Seat 5: AzureCaper ($90.15 in chips)
AzureCaper: posts small blind $1
alfredg: posts big blind $3
*** HOLE CARDS ***
AzureCaper: raises $3 to $6
alfredg: calls $3
*** FLOP *** [Ad 2s Jd]
alfredg: checks
AzureCaper: bets $3
alfredg: calls $3
*** TURN *** [Ad 2s Jd] [6c]
alfredg: checks
AzureCaper: bets $6
alfredg: folds
Uncalled bet ($6) returned to AzureCaper
AzureCaper collected $17.64 from pot
AzureCaper: doesn't show hand
*** SUMMARY ***
Total pot $18 | Rake $0.36
Board [Ad 2s Jd 6c]
Seat 3: alfredg (big blind) folded on the Turn
Seat 5: AzureCaper (button) (small blind) collected ($17.64)


PokerStars Hand #166234717653:  Hold'em Limit ($3/$6 USD) - 2017/02/15 2:59:18 ET
Table 'Russia' 6-max Seat #3 is the button
Seat 3: alfredg ($149.29 in chips)
Seat 5: AzureCaper ($98.79 in chips)
alfredg: posts small blind $1
AzureCaper: posts big blind $3
*** HOLE CARDS ***
alfredg: raises $3 to $6
AzureCaper: folds
Uncalled bet ($3) returned to alfredg
alfredg collected $6 from pot
*** SUMMARY ***
Total pot $6 | Rake $0
Seat 3: alfredg (button) (small blind) collected ($6)
Seat 5: AzureCaper (big blind) folded before Flop


PokerStars Hand #166234704081:  Hold'em Limit ($3/$6 USD) - 2017/02/15 2:58:29 ET
Table 'Russia' 6-max Seat #3 is the button
Seat 3: alfredg ($167.29 in chips)
Seat 5: AzureCaper ($81.51 in chips)
alfredg: posts small blind $1
AzureCaper: posts big blind $3
*** HOLE CARDS ***
alfredg: raises $3 to $6
AzureCaper: calls $3
*** FLOP *** [7d 3h Kh]
AzureCaper: checks
alfredg: bets $3
AzureCaper: raises $3 to $6
alfredg: folds
Uncalled bet ($3) returned to AzureCaper
AzureCaper collected $17.64 from pot
AzureCaper: doesn't show hand
*** SUMMARY ***
Total pot $18 | Rake $0.36
Board [7d 3h Kh]
Seat 3: alfredg (button) (small blind) folded on the Flop
Seat 5: AzureCaper (big blind) collected ($17.64)


PokerStars Hand #166234731055:  Hold'em Limit ($3/$6 USD) - 2017/02/15 3:00:06 ET
Table 'Russia' 6-max Seat #5 is the button
Seat 3: alfredg ($152.17 in chips)
Seat 5: AzureCaper ($95.79 in chips)
AzureCaper: posts small blind $1
alfredg: posts big blind $3
*** HOLE CARDS ***
AzureCaper: raises $3 to $6
alfredg: calls $3
*** FLOP *** [Th 8s 8h]
alfredg: checks
AzureCaper: bets $3
alfredg: folds
Uncalled bet ($3) returned to AzureCaper
AzureCaper collected $11.76 from pot
AzureCaper: doesn't show hand
*** SUMMARY ***
Total pot $12 | Rake $0.24
Board [Th 8s 8h]
Seat 3: alfredg (big blind) folded on the Flop
Seat 5: AzureCaper (button) (small blind) collected ($11.76)


PokerStars Hand #166234720198:  Hold'em Limit ($3/$6 USD) - 2017/02/15 2:59:28 ET
Table 'Russia' 6-max Seat #5 is the button
Seat 3: alfredg ($152.29 in chips)
Seat 5: AzureCaper ($95.79 in chips)
AzureCaper: posts small blind $1
alfredg: posts big blind $3
*** HOLE CARDS ***
AzureCaper: folds
Uncalled bet ($2) returned to alfredg
alfredg collected $2 from pot
*** SUMMARY ***
Total pot $2 | Rake $0
Seat 3: alfredg (big blind) collected ($2)
Seat 5: AzureCaper (button) (small blind) folded before Flop


PokerStars Hand #166234729282:  Hold'em Limit ($3/$6 USD) - 2017/02/15 3:00:00 ET
Table 'Russia' 6-max Seat #3 is the button
Seat 3: alfredg ($153.17 in chips)
Seat 5: AzureCaper ($94.79 in chips)
alfredg: posts small blind $1
AzureCaper: posts big blind $3
*** HOLE CARDS ***
alfredg: folds
Uncalled bet ($2) returned to AzureCaper
AzureCaper collected $2 from pot
AzureCaper: doesn't show hand
*** SUMMARY ***
Total pot $2 | Rake $0
Seat 3: alfredg (button) (small blind) folded before Flop
Seat 5: AzureCaper (big blind) collected ($2)


PokerStars Hand #166234727032:  Hold'em Limit ($3/$6 USD) - 2017/02/15 2:59:52 ET
Table 'Russia' 6-max Seat #5 is the button
Seat 3: alfredg ($156.17 in chips)
Seat 5: AzureCaper ($91.79 in chips)
AzureCaper: posts small blind $1
alfredg: posts big blind $3
*** HOLE CARDS ***
AzureCaper: raises $3 to $6
alfredg: folds
Uncalled bet ($3) returned to AzureCaper
AzureCaper collected $6 from pot
AzureCaper: doesn't show hand
*** SUMMARY ***
Total pot $6 | Rake $0
Seat 3: alfredg (big blind) folded before Flop
Seat 5: AzureCaper (button) (small blind) collected ($6)


PokerStars Hand #166234722053:  Hold'em Limit ($3/$6 USD) - 2017/02/15 2:59:34 ET
Table 'Russia' 6-max Seat #3 is the button
Seat 3: alfredg ($153.29 in chips)
Seat 5: AzureCaper ($94.79 in chips)
alfredg: posts small blind $1
AzureCaper: posts big blind $3
*** HOLE CARDS ***
alfredg: calls $2
AzureCaper: checks
*** FLOP *** [Qs Ac Kh]
AzureCaper: checks
alfredg: bets $3
AzureCaper: folds
Uncalled bet ($3) returned to alfredg
alfredg collected $5.88 from pot
*** SUMMARY ***
Total pot $6 | Rake $0.12
Board [Qs Ac Kh]
Seat 3: alfredg (button) (small blind) collected ($5.88)
Seat 5: AzureCaper (big blind) folded on the Flop


PokerStars Hand #166234734830:  Hold'em Limit ($3/$6 USD) - 2017/02/15 3:00:19 ET
Table 'Russia' 6-max Seat #3 is the button
Seat 3: alfredg ($146.17 in chips)
Seat 5: AzureCaper ($101.55 in chips)
alfredg: posts small blind $1
AzureCaper: posts big blind $3
*** HOLE CARDS ***
alfredg: folds
Uncalled bet ($2) returned to AzureCaper
AzureCaper collected $2 from pot
AzureCaper: doesn't show hand
*** SUMMARY ***
Total pot $2 | Rake $0
Seat 3: alfredg (button) (small blind) folded before Flop
Seat 5: AzureCaper (big blind) collected ($2)


PokerStars Hand #166234746035:  Hold'em Limit ($3/$6 USD) - 2017/02/15 3:00:58 ET
Table 'Russia' 6-max Seat #5 is the button
Seat 3: alfredg ($168.67 in chips)
Seat 5: AzureCaper ($78.55 in chips)
AzureCaper: posts small blind $1
alfredg: posts big blind $3
*** HOLE CARDS ***
AzureCaper: raises $3 to $6
alfredg: calls $3
*** FLOP *** [Kc 5s Kd]
alfredg: checks
AzureCaper: bets $3
alfredg: calls $3
*** TURN *** [Kc 5s Kd] [8h]
alfredg: checks
AzureCaper: bets $6
alfredg: calls $6
*** RIVER *** [Kc 5s Kd 8h] [Qh]
alfredg: checks
AzureCaper: checks
*** SHOW DOWN ***
alfredg: shows [6h Kh] (three of a kind, Kings)
AzureCaper: mucks hand
alfredg collected $29.50 from pot
*** SUMMARY ***
Total pot $30 | Rake $0.50
Board [Kc 5s Kd 8h Qh]
Seat 3: alfredg (big blind) showed [6h Kh] and won ($29.50) with three of a kind, Kings
Seat 5: AzureCaper (button) (small blind) mucked


PokerStars Hand #166234743763:  Hold'em Limit ($3/$6 USD) - 2017/02/15 3:00:51 ET
Table 'Russia' 6-max Seat #3 is the button
Seat 3: alfredg ($165.67 in chips)
Seat 5: AzureCaper ($81.55 in chips)
alfredg: posts small blind $1
AzureCaper: posts big blind $3
*** HOLE CARDS ***
alfredg: raises $3 to $6
AzureCaper: folds
Uncalled bet ($3) returned to alfredg
alfredg collected $6 from pot
*** SUMMARY ***
Total pot $6 | Rake $0
Seat 3: alfredg (button) (small blind) collected ($6)
Seat 5: AzureCaper (big blind) folded before Flop


PokerStars Hand #166234736356:  Hold'em Limit ($3/$6 USD) - 2017/02/15 3:00:25 ET
Table 'Russia' 6-max Seat #5 is the button
Seat 3: alfredg ($145.17 in chips)
Seat 5: AzureCaper ($102.55 in chips)
AzureCaper: posts small blind $1
alfredg: posts big blind $3
*** HOLE CARDS ***
AzureCaper: raises $3 to $6
alfredg: calls $3
*** FLOP *** [6h 5d Ts]
alfredg: checks
AzureCaper: bets $3
alfredg: raises $3 to $6
AzureCaper: raises $3 to $9
alfredg: calls $3
*** TURN *** [6h 5d Ts] [9s]
alfredg: checks
AzureCaper: bets $6
alfredg: calls $6
*** RIVER *** [6h 5d Ts 9s] [2h]
alfredg: checks
AzureCaper: checks
*** SHOW DOWN ***
alfredg: shows [Tc 8d] (a pair of Tens)
AzureCaper: mucks hand
alfredg collected $41.50 from pot
*** SUMMARY ***
Total pot $42 | Rake $0.50
Board [6h 5d Ts 9s 2h]
Seat 3: alfredg (big blind) showed [Tc 8d] and won ($41.50) with a pair of Tens
Seat 5: AzureCaper (button) (small blind) mucked


PokerStars Hand #166234761425:  Hold'em Limit ($3/$6 USD) - 2017/02/15 3:01:50 ET
Table 'Russia' 6-max Seat #5 is the button
Seat 3: alfredg ($188.93 in chips)
Seat 5: AzureCaper ($72 in chips)
AzureCaper: posts small blind $1
alfredg: posts big blind $3
*** HOLE CARDS ***
AzureCaper: raises $3 to $6
alfredg: calls $3
*** FLOP *** [Jc 5h 8d]
alfredg: checks
AzureCaper: bets $3
alfredg: folds
Uncalled bet ($3) returned to AzureCaper
AzureCaper collected $11.76 from pot
AzureCaper: doesn't show hand
*** SUMMARY ***
Total pot $12 | Rake $0.24
Board [Jc 5h 8d]
Seat 3: alfredg (big blind) folded on the Flop
Seat 5: AzureCaper (button) (small blind) collected ($11.76)


PokerStars Hand #166234753336:  Hold'em Limit ($3/$6 USD) - 2017/02/15 3:01:23 ET
Table 'Russia' 6-max Seat #3 is the button
Seat 3: alfredg ($183.17 in chips)
Seat 5: AzureCaper ($72 in chips)
alfredg: posts small blind $1
AzureCaper: posts big blind $3
*** HOLE CARDS ***
alfredg: calls $2
AzureCaper: raises $3 to $6
alfredg: calls $3
*** FLOP *** [2d 8d Js]
AzureCaper: checks
alfredg: checks
*** TURN *** [2d 8d Js] [Qs]
AzureCaper: checks
alfredg: checks
*** RIVER *** [2d 8d Js Qs] [6d]
AzureCaper: checks
alfredg: bets $6
AzureCaper: folds
Uncalled bet ($6) returned to alfredg
alfredg collected $11.76 from pot
*** SUMMARY ***
Total pot $12 | Rake $0.24
Board [2d 8d Js Qs 6d]
Seat 3: alfredg (button) (small blind) collected ($11.76)
Seat 5: AzureCaper (big blind) folded on the River


PokerStars Hand #166234765279:  Hold'em Limit ($3/$6 USD) - 2017/02/15 3:02:02 ET
Table 'Russia' 6-max Seat #3 is the button
Seat 3: alfredg ($182.93 in chips)
Seat 5: AzureCaper ($77.76 in chips)
alfredg: posts small blind $1
AzureCaper: posts big blind $3
*** HOLE CARDS ***
alfredg: folds
Uncalled bet ($2) returned to AzureCaper
AzureCaper collected $2 from pot
AzureCaper: doesn't show hand
*** SUMMARY ***
Total pot $2 | Rake $0
Seat 3: alfredg (button) (small blind) folded before Flop
Seat 5: AzureCaper (big blind) collected ($2)


PokerStars Hand #166234774416:  Hold'em Limit ($3/$6 USD) - 2017/02/15 3:02:32 ET
Table 'Russia' 6-max Seat #3 is the button
Seat 3: alfredg ($160.93 in chips)
Seat 5: AzureCaper ($99.26 in chips)
alfredg: posts small blind $1
AzureCaper: posts big blind $3
*** HOLE CARDS ***
alfredg: folds
Uncalled bet ($2) returned to AzureCaper
AzureCaper collected $2 from pot
AzureCaper: doesn't show hand
*** SUMMARY ***
Total pot $2 | Rake $0
Seat 3: alfredg (button) (small blind) folded before Flop
Seat 5: AzureCaper (big blind) collected ($2)


PokerStars Hand #166234767333:  Hold'em Limit ($3/$6 USD) - 2017/02/15 3:02:09 ET
Table 'Russia' 6-max Seat #5 is the button
Seat 3: alfredg ($181.93 in chips)
Seat 5: AzureCaper ($78.76 in chips)
AzureCaper: posts small blind $1
alfredg: posts big blind $3
*** HOLE CARDS ***
AzureCaper: raises $3 to $6
alfredg: calls $3
*** FLOP *** [Ts 4d 6c]
alfredg: checks
AzureCaper: bets $3
alfredg: calls $3
*** TURN *** [Ts 4d 6c] [5s]
alfredg: checks
AzureCaper: bets $6
alfredg: calls $6
*** RIVER *** [Ts 4d 6c 5s] [Jh]
alfredg: checks
AzureCaper: bets $6
alfredg: calls $6
*** SHOW DOWN ***
AzureCaper: shows [Jd 4h] (two pair, Jacks and Fours)
alfredg: mucks hand
AzureCaper collected $41.50 from pot
*** SUMMARY ***
Total pot $42 | Rake $0.50
Board [Ts 4d 6c 5s Jh]
Seat 3: alfredg (big blind) mucked
Seat 5: AzureCaper (button) (small blind) showed [Jd 4h] and won ($41.50) with two pair, Jacks and Fours


PokerStars Hand #166234782668:  Hold'em Limit ($3/$6 USD) - 2017/02/15 3:02:59 ET
Table 'Russia' 6-max Seat #5 is the button
Seat 3: alfredg ($167.57 in chips)
Seat 5: AzureCaper ($92.26 in chips)
AzureCaper: posts small blind $1
alfredg: posts big blind $3
*** HOLE CARDS ***
AzureCaper: raises $3 to $6
alfredg: calls $3
*** FLOP *** [7d Qd 3s]
alfredg: checks
AzureCaper: bets $3
alfredg: folds
Uncalled bet ($3) returned to AzureCaper
AzureCaper collected $11.76 from pot
AzureCaper: doesn't show hand
*** SUMMARY ***
Total pot $12 | Rake $0.24
Board [7d Qd 3s]
Seat 3: alfredg (big blind) folded on the Flop
Seat 5: AzureCaper (button) (small blind) collected ($11.76)


PokerStars Hand #166234780798:  Hold'em Limit ($3/$6 USD) - 2017/02/15 3:02:53 ET
Table 'Russia' 6-max Seat #3 is the button
Seat 3: alfredg ($168.57 in chips)
Seat 5: AzureCaper ($91.26 in chips)
alfredg: posts small blind $1
AzureCaper: posts big blind $3
*** HOLE CARDS ***
alfredg: folds
Uncalled bet ($2) returned to AzureCaper
AzureCaper collected $2 from pot
AzureCaper: doesn't show hand
*** SUMMARY ***
Total pot $2 | Rake $0
Seat 3: alfredg (button) (small blind) folded before Flop
Seat 5: AzureCaper (big blind) collected ($2)


PokerStars Hand #166234776145:  Hold'em Limit ($3/$6 USD) - 2017/02/15 3:02:38 ET
Table 'Russia' 6-max Seat #5 is the button
Seat 3: alfredg ($159.93 in chips)
Seat 5: AzureCaper ($100.26 in chips)
AzureCaper: posts small blind $1
alfredg: posts big blind $3
*** HOLE CARDS ***
AzureCaper: raises $3 to $6
alfredg: calls $3
*** FLOP *** [6c 2d 6s]
alfredg: checks
AzureCaper: bets $3
alfredg: raises $3 to $6
AzureCaper: folds
Uncalled bet ($3) returned to alfredg
alfredg collected $17.64 from pot
*** SUMMARY ***
Total pot $18 | Rake $0.36
Board [6c 2d 6s]
Seat 3: alfredg (big blind) collected ($17.64)
Seat 5: AzureCaper (button) (small blind) folded on the Flop


PokerStars Hand #166234793611:  Hold'em Limit ($3/$6 USD) - 2017/02/15 3:03:36 ET
Table 'Russia' 6-max Seat #5 is the button
Seat 3: alfredg ($164.45 in chips)
Seat 5: AzureCaper ($95.02 in chips)
AzureCaper: posts small blind $1
alfredg: posts big blind $3
*** HOLE CARDS ***
AzureCaper: raises $3 to $6
alfredg: calls $3
*** FLOP *** [9d 4s Ks]
alfredg: checks
AzureCaper: bets $3
alfredg: raises $3 to $6
AzureCaper: folds
Uncalled bet ($3) returned to alfredg
alfredg collected $17.64 from pot
*** SUMMARY ***
Total pot $18 | Rake $0.36
Board [9d 4s Ks]
Seat 3: alfredg (big blind) collected ($17.64)
Seat 5: AzureCaper (button) (small blind) folded on the Flop


PokerStars Hand #166234788463:  Hold'em Limit ($3/$6 USD) - 2017/02/15 3:03:19 ET
Table 'Russia' 6-max Seat #3 is the button
Seat 3: alfredg ($161.57 in chips)
Seat 5: AzureCaper ($98.02 in chips)
alfredg: posts small blind $1
AzureCaper: posts big blind $3
*** HOLE CARDS ***
alfredg: calls $2
AzureCaper: checks
*** FLOP *** [5h Ad 4d]
AzureCaper: checks
alfredg: bets $3
AzureCaper: folds
Uncalled bet ($3) returned to alfredg
alfredg collected $5.88 from pot
*** SUMMARY ***
Total pot $6 | Rake $0.12
Board [5h Ad 4d]
Seat 3: alfredg (button) (small blind) collected ($5.88)
Seat 5: AzureCaper (big blind) folded on the Flop


PokerStars Hand #166234806098:  Hold'em Limit ($3/$6 USD) - 2017/02/15 3:04:16 ET
Table 'Russia' 6-max Seat #5 is the button
Seat 3: alfredg ($170.09 in chips)
Seat 5: AzureCaper ($88.90 in chips)
AzureCaper: posts small blind $1
alfredg: posts big blind $3
*** HOLE CARDS ***
AzureCaper: folds
Uncalled bet ($2) returned to alfredg
alfredg collected $2 from pot
*** SUMMARY ***
Total pot $2 | Rake $0
Seat 3: alfredg (big blind) collected ($2)
Seat 5: AzureCaper (button) (small blind) folded before Flop


PokerStars Hand #166234813955:  Hold'em Limit ($3/$6 USD) - 2017/02/15 3:04:42 ET
Table 'Russia' 6-max Seat #5 is the button
Seat 3: alfredg ($159.09 in chips)
Seat 5: AzureCaper ($99.42 in chips)
AzureCaper: posts small blind $1
alfredg: posts big blind $3
*** HOLE CARDS ***
AzureCaper: folds
Uncalled bet ($2) returned to alfredg
alfredg collected $2 from pot
*** SUMMARY ***
Total pot $2 | Rake $0
Seat 3: alfredg (big blind) collected ($2)
Seat 5: AzureCaper (button) (small blind) folded before Flop


PokerStars Hand #166234808016:  Hold'em Limit ($3/$6 USD) - 2017/02/15 3:04:23 ET
Table 'Russia' 6-max Seat #3 is the button
Seat 3: alfredg ($171.09 in chips)
Seat 5: AzureCaper ($87.90 in chips)
alfredg: posts small blind $1
AzureCaper: posts big blind $3
*** HOLE CARDS ***
alfredg: raises $3 to $6
AzureCaper: calls $3
*** FLOP *** [Kd 6c 8s]
AzureCaper: checks
alfredg: bets $3
AzureCaper: raises $3 to $6
alfredg: calls $3
*** TURN *** [Kd 6c 8s] [Jc]
AzureCaper: bets $6
alfredg: folds
Uncalled bet ($6) returned to AzureCaper
AzureCaper collected $23.52 from pot
AzureCaper: doesn't show hand
*** SUMMARY ***
Total pot $24 | Rake $0.48
Board [Kd 6c 8s Jc]
Seat 3: alfredg (button) (small blind) folded on the Turn
Seat 5: AzureCaper (big blind) collected ($23.52)


PokerStars Hand #166234815814:  Hold'em Limit ($3/$6 USD) - 2017/02/15 3:04:48 ET
Table 'Russia' 6-max Seat #3 is the button
Seat 3: alfredg ($160.09 in chips)
Seat 5: AzureCaper ($98.42 in chips)
alfredg: posts small blind $1
AzureCaper: posts big blind $3
*** HOLE CARDS ***
alfredg: raises $3 to $6
AzureCaper: folds
Uncalled bet ($3) returned to alfredg
alfredg collected $6 from pot
*** SUMMARY ***
Total pot $6 | Rake $0
Seat 3: alfredg (button) (small blind) collected ($6)
Seat 5: AzureCaper (big blind) folded before Flop


PokerStars Hand #166234818414:  Hold'em Limit ($3/$6 USD) - 2017/02/15 3:04:57 ET
Table 'Russia' 6-max Seat #5 is the button
Seat 3: alfredg ($163.09 in chips)
Seat 5: AzureCaper ($95.42 in chips)
AzureCaper: posts small blind $1
alfredg: posts big blind $3
*** HOLE CARDS ***
AzureCaper: folds
Uncalled bet ($2) returned to alfredg
alfredg collected $2 from pot
*** SUMMARY ***
Total pot $2 | Rake $0
Seat 3: alfredg (big blind) collected ($2)
Seat 5: AzureCaper (button) (small blind) folded before Flop


PokerStars Hand #166234825071:  Hold'em Limit ($3/$6 USD) - 2017/02/15 3:05:18 ET
Table 'Russia' 6-max Seat #5 is the button
Seat 3: alfredg ($161.09 in chips)
Seat 5: AzureCaper ($97.30 in chips)
AzureCaper: posts small blind $1
alfredg: posts big blind $3
*** HOLE CARDS ***
AzureCaper: raises $3 to $6
alfredg: calls $3
*** FLOP *** [Qh Ts Th]
alfredg: checks
AzureCaper: bets $3
alfredg: raises $3 to $6
AzureCaper: raises $3 to $9
alfredg: calls $3
*** TURN *** [Qh Ts Th] [4h]
alfredg: checks
AzureCaper: bets $6
alfredg: calls $6
*** RIVER *** [Qh Ts Th 4h] [Ac]
alfredg: checks
AzureCaper: bets $6
alfredg: calls $6
*** SHOW DOWN ***
AzureCaper: shows [Ks Td] (three of a kind, Tens)
alfredg: mucks hand
AzureCaper collected $53.50 from pot
*** SUMMARY ***
Total pot $54 | Rake $0.50
Board [Qh Ts Th 4h Ac]
Seat 3: alfredg (big blind) mucked
Seat 5: AzureCaper (button) (small blind) showed [Ks Td] and won ($53.50) with three of a kind, Tens


PokerStars Hand #166234834419:  Hold'em Limit ($3/$6 USD) - 2017/02/15 3:05:49 ET
Table 'Russia' 6-max Seat #3 is the button
Seat 3: alfredg ($134.09 in chips)
Seat 5: AzureCaper ($123.80 in chips)
alfredg: posts small blind $1
AzureCaper: posts big blind $3
*** HOLE CARDS ***
alfredg: raises $3 to $6
AzureCaper: calls $3
*** FLOP *** [As 5h Jh]
AzureCaper: checks
alfredg: bets $3
AzureCaper: calls $3
*** TURN *** [As 5h Jh] [4h]
AzureCaper: checks
alfredg: bets $6
AzureCaper: folds
Uncalled bet ($6) returned to alfredg
alfredg collected $17.64 from pot
*** SUMMARY ***
Total pot $18 | Rake $0.36
Board [As 5h Jh 4h]
Seat 3: alfredg (button) (small blind) collected ($17.64)
Seat 5: AzureCaper (big blind) folded on the Turn


PokerStars Hand #166234841259:  Hold'em Limit ($3/$6 USD) - 2017/02/15 3:06:12 ET
Table 'Russia' 6-max Seat #5 is the button
Seat 3: alfredg ($142.73 in chips)
Seat 5: AzureCaper ($114.80 in chips)
AzureCaper: posts small blind $1
alfredg: posts big blind $3
*** HOLE CARDS ***
AzureCaper: raises $3 to $6
alfredg: raises $3 to $9
AzureCaper: calls $3
*** FLOP *** [Ks 7c 3d]
alfredg: bets $3
AzureCaper: calls $3
*** TURN *** [Ks 7c 3d] [Qd]
alfredg: bets $6
AzureCaper: folds
Uncalled bet ($6) returned to alfredg
alfredg collected $23.52 from pot
*** SUMMARY ***
Total pot $24 | Rake $0.48
Board [Ks 7c 3d Qd]
Seat 3: alfredg (big blind) collected ($23.52)
Seat 5: AzureCaper (button) (small blind) folded on the Turn


PokerStars Hand #166234849316:  Hold'em Limit ($3/$6 USD) - 2017/02/15 3:06:38 ET
Table 'Russia' 6-max Seat #3 is the button
Seat 3: alfredg ($154.25 in chips)
Seat 5: AzureCaper ($102.80 in chips)
alfredg: posts small blind $1
AzureCaper: posts big blind $3
*** HOLE CARDS ***
alfredg: calls $2
AzureCaper: checks
*** FLOP *** [4s 5s 9h]
AzureCaper: bets $3
alfredg: folds
Uncalled bet ($3) returned to AzureCaper
AzureCaper collected $5.88 from pot
AzureCaper: doesn't show hand
*** SUMMARY ***
Total pot $6 | Rake $0.12
Board [4s 5s 9h]
Seat 3: alfredg (button) (small blind) folded on the Flop
Seat 5: AzureCaper (big blind) collected ($5.88)


