PokerStars Hand #174733647169:  Hold'em Limit ($3/$6 USD) - 2017/08/24 10:14:20 ET
Table 'Russia II' 6-max Seat #2 is the button
Seat 1: aremom4e ($120 in chips)
Seat 2: TbIP-TbIP 88 ($72 in chips)
TbIP-TbIP 88: posts small blind $1
GoliafUa: is sitting out
aremom4e: posts big blind $3
*** HOLE CARDS ***
TbIP-TbIP 88: raises $3 to $6
aremom4e: raises $3 to $9
GoliafUa leaves the table
TbIP-TbIP 88: calls $3
*** FLOP *** [Tc Ts 5d]
aremom4e: bets $3
NewRocker joins the table at seat #5
TbIP-TbIP 88: calls $3
*** TURN *** [Tc Ts 5d] [3h]
aremom4e: checks
TbIP-TbIP 88: checks
*** RIVER *** [Tc Ts 5d 3h] [7d]
aremom4e: bets $6
TbIP-TbIP 88: folds
Uncalled bet ($6) returned to aremom4e
aremom4e collected $23.52 from pot
aremom4e: doesn't show hand
*** SUMMARY ***
Total pot $24 | Rake $0.48
Board [Tc Ts 5d 3h 7d]
Seat 1: aremom4e (big blind) collected ($23.52)
Seat 2: TbIP-TbIP 88 (button) (small blind) folded on the River


PokerStars Hand #174733658398:  Hold'em Limit ($3/$6 USD) - 2017/08/24 10:14:40 ET
Table 'Russia II' 6-max Seat #1 is the button
Seat 1: aremom4e ($131.52 in chips)
Seat 2: TbIP-TbIP 88 ($72 in chips)
aremom4e: posts small blind $1
TbIP-TbIP 88: posts big blind $3
*** HOLE CARDS ***
aremom4e: folds
Uncalled bet ($2) returned to TbIP-TbIP 88
TbIP-TbIP 88 collected $2 from pot
TbIP-TbIP 88: doesn't show hand
*** SUMMARY ***
Total pot $2 | Rake $0
Seat 1: aremom4e (button) (small blind) folded before Flop
Seat 2: TbIP-TbIP 88 (big blind) collected ($2)


PokerStars Hand #174734217916:  Hold'em Limit ($3/$6 USD) - 2017/08/24 10:31:51 ET
Table 'Russia II' 6-max Seat #6 is the button
Seat 5: Psynto ($72 in chips)
Seat 6: fluit83 ($52.73 in chips)
fluit83: posts small blind $1
HAL9QQQ: is sitting out
Psynto: posts big blind $3
*** HOLE CARDS ***
HAL9QQQ leaves the table
fluit83: calls $2
Psynto: checks
*** FLOP *** [3s 7h 9h]
Psynto: checks
fluit83: checks
*** TURN *** [3s 7h 9h] [5s]
Psynto: bets $6
fluit83: calls $6
*** RIVER *** [3s 7h 9h 5s] [5h]
Psynto: bets $6
fluit83: calls $6
*** SHOW DOWN ***
Psynto: shows [6s Qd] (a pair of Fives)
fluit83: shows [2c Ad] (a pair of Fives - Ace kicker)
fluit83 collected $29.50 from pot
*** SUMMARY ***
Total pot $30 | Rake $0.50
Board [3s 7h 9h 5s 5h]
Seat 5: Psynto (big blind) showed [6s Qd] and lost with a pair of Fives
Seat 6: fluit83 (button) (small blind) showed [2c Ad] and won ($29.50) with a pair of Fives


PokerStars Hand #174734241860:  Hold'em Limit ($3/$6 USD) - 2017/08/24 10:32:36 ET
Table 'Russia II' 6-max Seat #5 is the button
Seat 5: Psynto ($72 in chips)
Seat 6: fluit83 ($67.23 in chips)
Psynto: posts small blind $1
fluit83: posts big blind $3
*** HOLE CARDS ***
Psynto: raises $3 to $6
fluit83: calls $3
*** FLOP *** [Js 9h 4d]
fluit83: checks
Psynto: bets $3
fluit83: folds
Uncalled bet ($3) returned to Psynto
Psynto collected $11.76 from pot
Psynto: doesn't show hand
*** SUMMARY ***
Total pot $12 | Rake $0.24
Board [Js 9h 4d]
Seat 5: Psynto (button) (small blind) collected ($11.76)
Seat 6: fluit83 (big blind) folded on the Flop


PokerStars Hand #174734266456:  Hold'em Limit ($3/$6 USD) - 2017/08/24 10:33:21 ET
Table 'Russia II' 6-max Seat #6 is the button
Seat 5: Psynto ($77.76 in chips)
Seat 6: fluit83 ($61.23 in chips)
fluit83: posts small blind $1
Psynto: posts big blind $3
*** HOLE CARDS ***
fluit83: raises $3 to $6
Psynto: calls $3
*** FLOP *** [8h 3h 5d]
Psynto: checks
fluit83: checks
*** TURN *** [8h 3h 5d] [As]
Psynto: checks
fluit83: checks
*** RIVER *** [8h 3h 5d As] [Jc]
Psynto: checks
fluit83: bets $6
Psynto: calls $6
*** SHOW DOWN ***
fluit83: shows [Kc Js] (a pair of Jacks)
Psynto: mucks hand
fluit83 collected $23.52 from pot
*** SUMMARY ***
Total pot $24 | Rake $0.48
Board [8h 3h 5d As Jc]
Seat 5: Psynto (big blind) mucked
Seat 6: fluit83 (button) (small blind) showed [Kc Js] and won ($23.52) with a pair of Jacks


PokerStars Hand #174734296347:  Hold'em Limit ($3/$6 USD) - 2017/08/24 10:34:17 ET
Table 'Russia II' 6-max Seat #5 is the button
Seat 5: Psynto ($72 in chips)
Seat 6: fluit83 ($72.75 in chips)
Psynto: posts small blind $1
fluit83: posts big blind $3
*** HOLE CARDS ***
Psynto: raises $3 to $6
fluit83: calls $3
*** FLOP *** [9h 8c 2d]
fluit83: checks
Psynto: bets $3
fluit83: raises $3 to $6
Psynto: calls $3
*** TURN *** [9h 8c 2d] [8d]
fluit83: checks
Psynto: checks
*** RIVER *** [9h 8c 2d 8d] [Ad]
fluit83: bets $6
Psynto: folds
Uncalled bet ($6) returned to fluit83
fluit83 collected $23.52 from pot
fluit83: doesn't show hand
*** SUMMARY ***
Total pot $24 | Rake $0.48
Board [9h 8c 2d 8d Ad]
Seat 5: Psynto (button) (small blind) folded on the River
Seat 6: fluit83 (big blind) collected ($23.52)


PokerStars Hand #174734318753:  Hold'em Limit ($3/$6 USD) - 2017/08/24 10:34:58 ET
Table 'Russia II' 6-max Seat #6 is the button
Seat 5: Psynto ($72 in chips)
Seat 6: fluit83 ($84.27 in chips)
fluit83: posts small blind $1
Psynto: posts big blind $3
*** HOLE CARDS ***
fluit83: raises $3 to $6
yamaxerm joins the table at seat #1
Psynto: calls $3
*** FLOP *** [Th 4c 5s]
Psynto: checks
fluit83: checks
*** TURN *** [Th 4c 5s] [9h]
Psynto: checks
fluit83: checks
*** RIVER *** [Th 4c 5s 9h] [Td]
Psynto: checks
fluit83: checks
*** SHOW DOWN ***
Psynto: shows [Ks 6c] (a pair of Tens)
fluit83: shows [Kd Js] (a pair of Tens - King+Jack kicker)
fluit83 collected $11.76 from pot
*** SUMMARY ***
Total pot $12 | Rake $0.24
Board [Th 4c 5s 9h Td]
Seat 5: Psynto (big blind) showed [Ks 6c] and lost with a pair of Tens
Seat 6: fluit83 (button) (small blind) showed [Kd Js] and won ($11.76) with a pair of Tens


PokerStars Hand #174734330327:  Hold'em Limit ($3/$6 USD) - 2017/08/24 10:35:20 ET
Table 'Russia II' 6-max Seat #5 is the button
Seat 5: Psynto ($72 in chips)
Seat 6: fluit83 ($90.03 in chips)
Psynto: posts small blind $1
fluit83: posts big blind $3
*** HOLE CARDS ***
Psynto: raises $3 to $6
fluit83: calls $3
*** FLOP *** [6s 9s 5d]
fluit83: checks
Psynto: bets $3
fluit83: calls $3
*** TURN *** [6s 9s 5d] [9d]
fluit83: checks
Psynto: bets $6
fluit83: calls $6
*** RIVER *** [6s 9s 5d 9d] [2h]
fluit83: checks
Psynto: checks
*** SHOW DOWN ***
fluit83: shows [6d 4d] (two pair, Nines and Sixes)
Psynto: mucks hand
fluit83 collected $29.50 from pot
*** SUMMARY ***
Total pot $30 | Rake $0.50
Board [6s 9s 5d 9d 2h]
Seat 5: Psynto (button) (small blind) mucked
Seat 6: fluit83 (big blind) showed [6d 4d] and won ($29.50) with two pair, Nines and Sixes


