PokerStars Hand #154798174361:  Hold'em Limit ($3/$6 USD) - 2016/06/16 3:55:05 ET
Table 'Rusthawelia' 6-max Seat #4 is the button
Seat 3: Ag3r0n ($72 in chips)
Seat 4: hollholla ($182.22 in chips)
hollholla: posts small blind $1
Ag3r0n: posts big blind $3
*** HOLE CARDS ***
hollholla: raises $3 to $6
Ag3r0n: folds
Uncalled bet ($3) returned to hollholla
hollholla collected $6 from pot
*** SUMMARY ***
Total pot $6 | Rake $0
Seat 3: Ag3r0n (big blind) folded before Flop
Seat 4: hollholla (button) (small blind) collected ($6)


PokerStars Hand #154798171769:  Hold'em Limit ($3/$6 USD) - 2016/06/16 3:54:56 ET
Table 'Rusthawelia' 6-max Seat #3 is the button
Seat 3: Ag3r0n ($72 in chips)
Seat 4: hollholla ($181.22 in chips)
Ag3r0n: posts small blind $1
hollholla: posts big blind $3
*** HOLE CARDS ***
Ag3r0n: folds
Uncalled bet ($2) returned to hollholla
hollholla collected $2 from pot
*** SUMMARY ***
Total pot $2 | Rake $0
Seat 3: Ag3r0n (button) (small blind) folded before Flop
Seat 4: hollholla (big blind) collected ($2)


PokerStars Hand #154798176431:  Hold'em Limit ($3/$6 USD) - 2016/06/16 3:55:13 ET
Table 'Rusthawelia' 6-max Seat #3 is the button
Seat 3: Ag3r0n ($72 in chips)
Seat 4: hollholla ($185.22 in chips)
Ag3r0n: posts small blind $1
hollholla: posts big blind $3
*** HOLE CARDS ***
Ag3r0n: raises $3 to $6
hollholla: calls $3
*** FLOP *** [Jh 3d 5c]
hollholla: checks
Ag3r0n: bets $3
hollholla: calls $3
*** TURN *** [Jh 3d 5c] [9h]
hollholla: checks
Ag3r0n: checks
*** RIVER *** [Jh 3d 5c 9h] [9c]
hollholla: bets $6
Ag3r0n: calls $6
*** SHOW DOWN ***
hollholla: shows [6c 7d] (a pair of Nines)
Ag3r0n: shows [Ac 4d] (a pair of Nines - Ace kicker)
liolilove joins the table at seat #5
Ag3r0n collected $29.50 from pot
*** SUMMARY ***
Total pot $30 | Rake $0.50
Board [Jh 3d 5c 9h 9c]
Seat 3: Ag3r0n (button) (small blind) showed [Ac 4d] and won ($29.50) with a pair of Nines
Seat 4: hollholla (big blind) showed [6c 7d] and lost with a pair of Nines


