PokerStars Hand #170068654824:  Hold'em Limit ($3/$6 USD) - 2017/05/07 5:00:21 ET
Table 'Rusthawelia' 6-max Seat #3 is the button
Seat 3: Bucs9397 ($112 in chips)
Seat 4: TbIP-TbIP 88 ($83.64 in chips)
Bucs9397: posts small blind $1
TbIP-TbIP 88: posts big blind $3
*** HOLE CARDS ***
Bucs9397: raises $3 to $6
TbIP-TbIP 88: calls $3
*** FLOP *** [Qc 4h 8d]
TbIP-TbIP 88: checks
Bucs9397: bets $3
TbIP-TbIP 88: calls $3
*** TURN *** [Qc 4h 8d] [7d]
TbIP-TbIP 88: checks
Bucs9397: bets $6
TbIP-TbIP 88: calls $6
*** RIVER *** [Qc 4h 8d 7d] [4s]
TbIP-TbIP 88: checks
Bucs9397: checks
*** SHOW DOWN ***
TbIP-TbIP 88: shows [6s Ac] (a pair of Fours)
Bucs9397: shows [8s 9s] (two pair, Eights and Fours)
Bucs9397 collected $29.50 from pot
*** SUMMARY ***
Total pot $30 | Rake $0.50
Board [Qc 4h 8d 7d 4s]
Seat 3: Bucs9397 (button) (small blind) showed [8s 9s] and won ($29.50) with two pair, Eights and Fours
Seat 4: TbIP-TbIP 88 (big blind) showed [6s Ac] and lost with a pair of Fours


PokerStars Hand #170068652032:  Hold'em Limit ($3/$6 USD) - 2017/05/07 5:00:13 ET
Table 'Rusthawelia' 6-max Seat #4 is the button
Seat 3: Bucs9397 ($111 in chips)
Seat 4: TbIP-TbIP 88 ($84.64 in chips)
TbIP-TbIP 88: posts small blind $1
Bucs9397: posts big blind $3
*** HOLE CARDS ***
TbIP-TbIP 88: folds
Uncalled bet ($2) returned to Bucs9397
Bucs9397 collected $2 from pot
*** SUMMARY ***
Total pot $2 | Rake $0
Seat 3: Bucs9397 (big blind) collected ($2)
Seat 4: TbIP-TbIP 88 (button) (small blind) folded before Flop


PokerStars Hand #170068641559:  Hold'em Limit ($3/$6 USD) - 2017/05/07 4:59:44 ET
Table 'Rusthawelia' 6-max Seat #3 is the button
Seat 3: Bucs9397 ($120 in chips)
Seat 4: TbIP-TbIP 88 ($76 in chips)
Bucs9397: posts small blind $1
TbIP-TbIP 88: posts big blind $3
*** HOLE CARDS ***
Bucs9397: raises $3 to $6
TbIP-TbIP 88: calls $3
*** FLOP *** [5h 7d 3d]
TbIP-TbIP 88: checks
Bucs9397: bets $3
TbIP-TbIP 88: raises $3 to $6
Bucs9397: folds
Uncalled bet ($3) returned to TbIP-TbIP 88
TbIP-TbIP 88 collected $17.64 from pot
TbIP-TbIP 88: doesn't show hand
*** SUMMARY ***
Total pot $18 | Rake $0.36
Board [5h 7d 3d]
Seat 3: Bucs9397 (button) (small blind) folded on the Flop
Seat 4: TbIP-TbIP 88 (big blind) collected ($17.64)


PokerStars Hand #170068664403:  Hold'em Limit ($3/$6 USD) - 2017/05/07 5:00:48 ET
Table 'Rusthawelia' 6-max Seat #4 is the button
Seat 3: Bucs9397 ($126.50 in chips)
Seat 4: TbIP-TbIP 88 ($72 in chips)
TbIP-TbIP 88: posts small blind $1
Bucs9397: posts big blind $3
*** HOLE CARDS ***
TbIP-TbIP 88: raises $3 to $6
Bucs9397: raises $3 to $9
TbIP-TbIP 88: calls $3
*** FLOP *** [Th 3s 4c]
Bucs9397: bets $3
TbIP-TbIP 88: calls $3
*** TURN *** [Th 3s 4c] [7d]
Bucs9397: bets $6
TbIP-TbIP 88: calls $6
*** RIVER *** [Th 3s 4c 7d] [5d]
Bucs9397: bets $6
TbIP-TbIP 88: raises $6 to $12
Bucs9397: calls $6
*** SHOW DOWN ***
TbIP-TbIP 88: shows [6c Qd] (a straight, Three to Seven)
Bucs9397: mucks hand
TbIP-TbIP 88 collected $59.50 from pot
*** SUMMARY ***
Total pot $60 | Rake $0.50
Board [Th 3s 4c 7d 5d]
Seat 3: Bucs9397 (big blind) mucked
Seat 4: TbIP-TbIP 88 (button) (small blind) showed [6c Qd] and won ($59.50) with a straight, Three to Seven


PokerStars Hand #170068683249:  Hold'em Limit ($3/$6 USD) - 2017/05/07 5:01:38 ET
Table 'Rusthawelia' 6-max Seat #4 is the button
Seat 3: Bucs9397 ($87.50 in chips)
Seat 4: TbIP-TbIP 88 ($110.14 in chips)
TbIP-TbIP 88: posts small blind $1
TbIP-TbIP 88 said, "ok"
Bucs9397: posts big blind $3
*** HOLE CARDS ***
TbIP-TbIP 88: raises $3 to $6
Bucs9397: raises $3 to $9
TbIP-TbIP 88: calls $3
*** FLOP *** [Qc Qs 9c]
Bucs9397: bets $3
TbIP-TbIP 88: folds
Uncalled bet ($3) returned to Bucs9397
Bucs9397 collected $17.64 from pot
*** SUMMARY ***
Total pot $18 | Rake $0.36
Board [Qc Qs 9c]
Seat 3: Bucs9397 (big blind) collected ($17.64)
Seat 4: TbIP-TbIP 88 (button) (small blind) folded on the Flop


PokerStars Hand #170068674312:  Hold'em Limit ($3/$6 USD) - 2017/05/07 5:01:14 ET
Table 'Rusthawelia' 6-max Seat #3 is the button
Seat 3: Bucs9397 ($96.50 in chips)
Seat 4: TbIP-TbIP 88 ($101.50 in chips)
Bucs9397: posts small blind $1
TbIP-TbIP 88: posts big blind $3
*** HOLE CARDS ***
Bucs9397: raises $3 to $6
TbIP-TbIP 88: calls $3
*** FLOP *** [Kd 6s 6c]
TbIP-TbIP 88: checks
Bucs9397 said, "play fast plz"
Bucs9397: bets $3
TbIP-TbIP 88: raises $3 to $6
Bucs9397: folds
Uncalled bet ($3) returned to TbIP-TbIP 88
TbIP-TbIP 88 collected $17.64 from pot
TbIP-TbIP 88: doesn't show hand
*** SUMMARY ***
Total pot $18 | Rake $0.36
Board [Kd 6s 6c]
Seat 3: Bucs9397 (button) (small blind) folded on the Flop
Seat 4: TbIP-TbIP 88 (big blind) collected ($17.64)


PokerStars Hand #170068698278:  Hold'em Limit ($3/$6 USD) - 2017/05/07 5:02:18 ET
Table 'Rusthawelia' 6-max Seat #3 is the button
Seat 3: Bucs9397 ($95.90 in chips)
Seat 4: TbIP-TbIP 88 ($100.90 in chips)
Bucs9397: posts small blind $1
patrikskjold joins the table at seat #5
TbIP-TbIP 88: posts big blind $3
*** HOLE CARDS ***
Bucs9397: raises $3 to $6
TbIP-TbIP 88: calls $3
*** FLOP *** [8c 7c 6c]
TbIP-TbIP 88: checks
Bucs9397: bets $3
TbIP-TbIP 88: calls $3
*** TURN *** [8c 7c 6c] [3h]
TbIP-TbIP 88: checks
Bucs9397: bets $6
TbIP-TbIP 88: calls $6
*** RIVER *** [8c 7c 6c 3h] [9d]
TbIP-TbIP 88: bets $6
Bucs9397: calls $6
*** SHOW DOWN ***
TbIP-TbIP 88: shows [As Th] (a straight, Six to Ten)
Bucs9397: mucks hand
TbIP-TbIP 88 collected $41.50 from pot
*** SUMMARY ***
Total pot $42 | Rake $0.50
Board [8c 7c 6c 3h 9d]
Seat 3: Bucs9397 (button) (small blind) mucked
Seat 4: TbIP-TbIP 88 (big blind) showed [As Th] and won ($41.50) with a straight, Six to Ten


PokerStars Hand #170068693417:  Hold'em Limit ($3/$6 USD) - 2017/05/07 5:02:05 ET
Table 'Rusthawelia' 6-max Seat #4 is the button
Seat 3: Bucs9397 ($101.90 in chips)
Seat 4: TbIP-TbIP 88 ($95.14 in chips)
TbIP-TbIP 88: posts small blind $1
Bucs9397: posts big blind $3
*** HOLE CARDS ***
TbIP-TbIP 88: raises $3 to $6
Bucs9397: calls $3
*** FLOP *** [3c 8s Ts]
Bucs9397: checks
TbIP-TbIP 88: bets $3
Bucs9397: folds
Uncalled bet ($3) returned to TbIP-TbIP 88
TbIP-TbIP 88 collected $11.76 from pot
TbIP-TbIP 88: doesn't show hand
*** SUMMARY ***
Total pot $12 | Rake $0.24
Board [3c 8s Ts]
Seat 3: Bucs9397 (big blind) folded on the Flop
Seat 4: TbIP-TbIP 88 (button) (small blind) collected ($11.76)


PokerStars Hand #170068687555:  Hold'em Limit ($3/$6 USD) - 2017/05/07 5:01:49 ET
Table 'Rusthawelia' 6-max Seat #3 is the button
Seat 3: Bucs9397 ($96.14 in chips)
Seat 4: TbIP-TbIP 88 ($101.14 in chips)
Bucs9397: posts small blind $1
TbIP-TbIP 88: posts big blind $3
*** HOLE CARDS ***
Bucs9397 said, "are u playing another table?"
Bucs9397: raises $3 to $6
TbIP-TbIP 88: calls $3
*** FLOP *** [3d 2d 4d]
TbIP-TbIP 88: checks
Bucs9397: bets $3
TbIP-TbIP 88: folds
Uncalled bet ($3) returned to Bucs9397
Bucs9397 collected $11.76 from pot
Bucs9397: doesn't show hand
*** SUMMARY ***
Total pot $12 | Rake $0.24
Board [3d 2d 4d]
Seat 3: Bucs9397 (button) (small blind) collected ($11.76)
Seat 4: TbIP-TbIP 88 (big blind) folded on the Flop


PokerStars Hand #170068725213:  Hold'em Limit ($3/$6 USD) - 2017/05/07 5:03:28 ET
Table 'Rusthawelia' 6-max Seat #3 is the button
Seat 3: Bucs9397 ($78.40 in chips)
Seat 5: patrikskjold ($55.53 in chips)
Bucs9397: posts small blind $1
patrikskjold: posts big blind $3
*** HOLE CARDS ***
Bucs9397: raises $3 to $6
patrikskjold: raises $3 to $9
Bucs9397: raises $3 to $12
Betting is capped
patrikskjold: calls $3
*** FLOP *** [6d 4d 4c]
patrikskjold: checks
Bucs9397: bets $3
patrikskjold: calls $3
*** TURN *** [6d 4d 4c] [6c]
patrikskjold: checks
Bucs9397: bets $6
patrikskjold: calls $6
*** RIVER *** [6d 4d 4c 6c] [3h]
patrikskjold: checks
Bucs9397: bets $6
patrikskjold: calls $6
*** SHOW DOWN ***
Bucs9397: shows [9c 9h] (two pair, Nines and Sixes)
patrikskjold: mucks hand
Bucs9397 collected $53.50 from pot
*** SUMMARY ***
Total pot $54 | Rake $0.50
Board [6d 4d 4c 6c 3h]
Seat 3: Bucs9397 (button) (small blind) showed [9c 9h] and won ($53.50) with two pair, Nines and Sixes
Seat 5: patrikskjold (big blind) mucked


PokerStars Hand #170068716929:  Hold'em Limit ($3/$6 USD) - 2017/05/07 5:03:06 ET
Table 'Rusthawelia' 6-max Seat #3 is the button
Seat 3: Bucs9397 ($51.90 in chips)
Seat 5: patrikskjold ($82.53 in chips)
Bucs9397: posts small blind $1
TbIP-TbIP 88: is sitting out
patrikskjold: posts big blind $3
*** HOLE CARDS ***
Bucs9397: raises $3 to $6
TbIP-TbIP 88 leaves the table
patrikskjold: folds
Uncalled bet ($3) returned to Bucs9397
Bucs9397 collected $6 from pot
Bucs9397: doesn't show hand
*** SUMMARY ***
Total pot $6 | Rake $0
Seat 3: Bucs9397 (button) (small blind) collected ($6)
Seat 5: patrikskjold (big blind) folded before Flop


PokerStars Hand #170068750069:  Hold'em Limit ($3/$6 USD) - 2017/05/07 5:04:31 ET
Table 'Rusthawelia' 6-max Seat #5 is the button
Seat 3: Bucs9397 ($88.65 in chips)
Seat 5: patrikskjold ($43.80 in chips)
patrikskjold: posts small blind $1
Bucs9397: posts big blind $3
*** HOLE CARDS ***
patrikskjold: raises $3 to $6
Bucs9397: calls $3
*** FLOP *** [Th Jc 7d]
Bucs9397: checks
patrikskjold: bets $3
Bucs9397: raises $3 to $6
patrikskjold: folds
Uncalled bet ($3) returned to Bucs9397
Bucs9397 collected $17.64 from pot
Bucs9397: doesn't show hand
*** SUMMARY ***
Total pot $18 | Rake $0.36
Board [Th Jc 7d]
Seat 3: Bucs9397 (big blind) collected ($17.64)
Seat 5: patrikskjold (button) (small blind) folded on the Flop


PokerStars Hand #170068740100:  Hold'em Limit ($3/$6 USD) - 2017/05/07 5:04:06 ET
Table 'Rusthawelia' 6-max Seat #3 is the button
Seat 3: Bucs9397 ($104.65 in chips)
Seat 5: patrikskjold ($28.28 in chips)
Bucs9397: posts small blind $1
patrikskjold: posts big blind $3
*** HOLE CARDS ***
Bucs9397: folds
Uncalled bet ($2) returned to patrikskjold
patrikskjold collected $2 from pot
patrikskjold: doesn't show hand
*** SUMMARY ***
Total pot $2 | Rake $0
Seat 3: Bucs9397 (button) (small blind) folded before Flop
Seat 5: patrikskjold (big blind) collected ($2)


PokerStars Hand #170068732152:  Hold'em Limit ($3/$6 USD) - 2017/05/07 5:03:46 ET
Table 'Rusthawelia' 6-max Seat #5 is the button
Seat 3: Bucs9397 ($104.90 in chips)
Seat 5: patrikskjold ($28.53 in chips)
patrikskjold: posts small blind $1
Bucs9397: posts big blind $3
*** HOLE CARDS ***
patrikskjold: raises $3 to $6
Bucs9397: raises $3 to $9
patrikskjold: calls $3
*** FLOP *** [5s 9s Kh]
Bucs9397: bets $3
patrikskjold: calls $3
*** TURN *** [5s 9s Kh] [5c]
Bucs9397: bets $6
patrikskjold: calls $6
*** RIVER *** [5s 9s Kh 5c] [Ac]
Bucs9397: bets $6
patrikskjold: raises $4.53 to $10.53 and is all-in
Bucs9397: calls $4.53
*** SHOW DOWN ***
patrikskjold: shows [6d Ah] (two pair, Aces and Fives)
Bucs9397: shows [As Jd] (two pair, Aces and Fives)
Bucs9397 collected $28.28 from pot
patrikskjold collected $28.28 from pot
*** SUMMARY ***
Total pot $57.06 | Rake $0.50
Board [5s 9s Kh 5c Ac]
Seat 3: Bucs9397 (big blind) showed [As Jd] and won ($28.28) with two pair, Aces and Fives
Seat 5: patrikskjold (button) (small blind) showed [6d Ah] and won ($28.28) with two pair, Aces and Fives


PokerStars Hand #170068742110:  Hold'em Limit ($3/$6 USD) - 2017/05/07 5:04:11 ET
Table 'Rusthawelia' 6-max Seat #5 is the button
Seat 3: Bucs9397 ($103.65 in chips)
Seat 5: patrikskjold ($29.28 in chips)
patrikskjold: posts small blind $1
Bucs9397: posts big blind $3
*** HOLE CARDS ***
patrikskjold: raises $3 to $6
Bucs9397: folds
Uncalled bet ($3) returned to patrikskjold
patrikskjold collected $6 from pot
patrikskjold: doesn't show hand
*** SUMMARY ***
Total pot $6 | Rake $0
Seat 3: Bucs9397 (big blind) folded before Flop
Seat 5: patrikskjold (button) (small blind) collected ($6)


PokerStars Hand #170068744180:  Hold'em Limit ($3/$6 USD) - 2017/05/07 5:04:17 ET
Table 'Rusthawelia' 6-max Seat #3 is the button
Seat 3: Bucs9397 ($100.65 in chips)
Seat 5: patrikskjold ($32.28 in chips)
Bucs9397: posts small blind $1
patrikskjold: posts big blind $3
*** HOLE CARDS ***
Bucs9397: raises $3 to $6
patrikskjold: calls $3
*** FLOP *** [2d Jh Qd]
patrikskjold: checks
Bucs9397: bets $3
patrikskjold: raises $3 to $6
Bucs9397: calls $3
*** TURN *** [2d Jh Qd] [Qc]
patrikskjold: bets $6
Bucs9397: folds
Uncalled bet ($6) returned to patrikskjold
patrikskjold collected $23.52 from pot
patrikskjold: doesn't show hand
*** SUMMARY ***
Total pot $24 | Rake $0.48
Board [2d Jh Qd Qc]
Seat 3: Bucs9397 (button) (small blind) folded on the Turn
Seat 5: patrikskjold (big blind) collected ($23.52)


PokerStars Hand #170068756841:  Hold'em Limit ($3/$6 USD) - 2017/05/07 5:04:49 ET
Table 'Rusthawelia' 6-max Seat #3 is the button
Seat 3: Bucs9397 ($97.29 in chips)
Seat 5: patrikskjold ($34.80 in chips)
Bucs9397: posts small blind $1
patrikskjold: posts big blind $3
*** HOLE CARDS ***
Bucs9397: raises $3 to $6
patrikskjold: raises $3 to $9
Bucs9397: calls $3
*** FLOP *** [2h Jh 9c]
patrikskjold: bets $3
Bucs9397: calls $3
*** TURN *** [2h Jh 9c] [7s]
patrikskjold: checks
Bucs9397: checks
*** RIVER *** [2h Jh 9c 7s] [4c]
patrikskjold: checks
Bucs9397: bets $6
patrikskjold: calls $6
*** SHOW DOWN ***
Bucs9397: shows [5s Ad] (high card Ace)
patrikskjold: mucks hand
Bucs9397 collected $35.50 from pot
*** SUMMARY ***
Total pot $36 | Rake $0.50
Board [2h Jh 9c 7s 4c]
Seat 3: Bucs9397 (button) (small blind) showed [5s Ad] and won ($35.50) with high card Ace
Seat 5: patrikskjold (big blind) mucked


PokerStars Hand #170068767751:  Hold'em Limit ($3/$6 USD) - 2017/05/07 5:05:15 ET
Table 'Rusthawelia' 6-max Seat #5 is the button
Seat 3: Bucs9397 ($114.79 in chips)
Seat 5: patrikskjold ($16.80 in chips)
patrikskjold: posts small blind $1
Bucs9397: posts big blind $3
*** HOLE CARDS ***
patrikskjold: raises $3 to $6
Bucs9397: calls $3
*** FLOP *** [As 2d Jh]
Bucs9397: checks
patrikskjold: bets $3
Bucs9397: calls $3
*** TURN *** [As 2d Jh] [5h]
Bucs9397: checks
patrikskjold: bets $6
Bucs9397: raises $6 to $12
patrikskjold: calls $1.80 and is all-in
Uncalled bet ($4.20) returned to Bucs9397
*** RIVER *** [As 2d Jh 5h] [4d]
*** SHOW DOWN ***
Bucs9397: shows [Jc 3d] (a straight, Ace to Five)
patrikskjold: shows [Td Kd] (high card Ace)
Bucs9397 collected $33.10 from pot
*** SUMMARY ***
Total pot $33.60 | Rake $0.50
Board [As 2d Jh 5h 4d]
Seat 3: Bucs9397 (big blind) showed [Jc 3d] and won ($33.10) with a straight, Ace to Five
Seat 5: patrikskjold (button) (small blind) showed [Td Kd] and lost with high card Ace


