PokerStars Hand #167064287378:  Hold'em Limit ($3/$6 USD) - 2017/03/03 15:55:26 ET
Table 'Rusthawelia' 6-max Seat #3 is the button
Seat 3: Pepperlina ($120 in chips)
Seat 4: MTails ($120 in chips)
Pepperlina: posts small blind $1
MTails: posts big blind $3
*** HOLE CARDS ***
Pepperlina: calls $2
MTails: raises $3 to $6
Pepperlina: calls $3
*** FLOP *** [As 7s Jd]
MTails: bets $3
Pepperlina: calls $3
*** TURN *** [As 7s Jd] [3h]
MTails: checks
Pepperlina: bets $6
MTails: folds
Uncalled bet ($6) returned to Pepperlina
Pepperlina collected $17.64 from pot
Pepperlina: doesn't show hand
*** SUMMARY ***
Total pot $18 | Rake $0.36
Board [As 7s Jd 3h]
Seat 3: Pepperlina (button) (small blind) collected ($17.64)
Seat 4: MTails (big blind) folded on the Turn


PokerStars Hand #167064320316:  Hold'em Limit ($3/$6 USD) - 2017/03/03 15:56:13 ET
Table 'Rusthawelia' 6-max Seat #3 is the button
Seat 3: Pepperlina ($149.14 in chips)
Seat 4: MTails ($90 in chips)
Pepperlina: posts small blind $1
MTails: posts big blind $3
*** HOLE CARDS ***
Pepperlina: raises $3 to $6
MTails: calls $3
*** FLOP *** [8h Ad 3h]
MTails: checks
Pepperlina: bets $3
MTails: calls $3
*** TURN *** [8h Ad 3h] [6s]
MTails: checks
Pepperlina: bets $6
MTails: calls $6
*** RIVER *** [8h Ad 3h 6s] [Ts]
MTails: checks
Pepperlina: bets $6
MTails: calls $6
*** SHOW DOWN ***
Pepperlina: shows [Th 7s] (a pair of Tens)
MTails: mucks hand
Pepperlina collected $41.50 from pot
*** SUMMARY ***
Total pot $42 | Rake $0.50
Board [8h Ad 3h 6s Ts]
Seat 3: Pepperlina (button) (small blind) showed [Th 7s] and won ($41.50) with a pair of Tens
Seat 4: MTails (big blind) mucked


PokerStars Hand #167064302871:  Hold'em Limit ($3/$6 USD) - 2017/03/03 15:55:48 ET
Table 'Rusthawelia' 6-max Seat #4 is the button
Seat 3: Pepperlina ($128.64 in chips)
Seat 4: MTails ($111 in chips)
MTails: posts small blind $1
Pepperlina: posts big blind $3
*** HOLE CARDS ***
MTails: raises $3 to $6
Pepperlina: calls $3
*** FLOP *** [Jh Td 4s]
Pepperlina: checks
MTails: bets $3
Pepperlina: calls $3
*** TURN *** [Jh Td 4s] [3c]
Pepperlina: checks
MTails: bets $6
Pepperlina: raises $6 to $12
MTails: calls $6
*** RIVER *** [Jh Td 4s 3c] [5s]
Krazy90 joins the table at seat #5
Pepperlina: bets $6
MTails: folds
Uncalled bet ($6) returned to Pepperlina
Pepperlina collected $41.50 from pot
Pepperlina: doesn't show hand
*** SUMMARY ***
Total pot $42 | Rake $0.50
Board [Jh Td 4s 3c 5s]
Seat 3: Pepperlina (big blind) collected ($41.50)
Seat 4: MTails (button) (small blind) folded on the River


PokerStars Hand #167064367231:  Hold'em Limit ($3/$6 USD) - 2017/03/03 15:57:15 ET
Table 'Rusthawelia' 6-max Seat #5 is the button
Seat 3: Pepperlina ($196.75 in chips)
Seat 5: Krazy90 ($120 in chips)
Krazy90: posts small blind $1
Pepperlina: posts big blind $3
*** HOLE CARDS ***
Krazy90: raises $3 to $6
Pepperlina: raises $3 to $9
Krazy90: calls $3
*** FLOP *** [6h 9h Qs]
Pepperlina: bets $3
Krazy90: calls $3
*** TURN *** [6h 9h Qs] [9s]
Pepperlina: checks
Krazy90: bets $6
Pepperlina: calls $6
*** RIVER *** [6h 9h Qs 9s] [Kc]
Pepperlina: checks
Krazy90: bets $6
Dies1210 joins the table at seat #6
Pepperlina: calls $6
*** SHOW DOWN ***
Krazy90: shows [Td 9c] (three of a kind, Nines)
Pepperlina: mucks hand
Krazy90 collected $47.50 from pot
*** SUMMARY ***
Total pot $48 | Rake $0.50
Board [6h 9h Qs 9s Kc]
Seat 3: Pepperlina (big blind) mucked
Seat 5: Krazy90 (button) (small blind) showed [Td 9c] and won ($47.50) with three of a kind, Nines


PokerStars Hand #167064354362:  Hold'em Limit ($3/$6 USD) - 2017/03/03 15:56:57 ET
Table 'Rusthawelia' 6-max Seat #3 is the button
Seat 3: Pepperlina ($173.25 in chips)
Seat 5: Krazy90 ($120 in chips)
Pepperlina: posts small blind $1
MTails: is sitting out
Krazy90: posts big blind $3
*** HOLE CARDS ***
Pepperlina: raises $3 to $6
MTails leaves the table
Krazy90: calls $3
*** FLOP *** [6c 2h 3c]
Krazy90: checks
Pepperlina: bets $3
Krazy90: raises $3 to $6
Pepperlina: calls $3
*** TURN *** [6c 2h 3c] [5d]
Krazy90: bets $6
Pepperlina: calls $6
*** RIVER *** [6c 2h 3c 5d] [3s]
Krazy90: checks
Pepperlina: bets $6
Krazy90: calls $6
*** SHOW DOWN ***
Pepperlina: shows [Qd Qh] (two pair, Queens and Threes)
Krazy90: mucks hand
Pepperlina collected $47.50 from pot
*** SUMMARY ***
Total pot $48 | Rake $0.50
Board [6c 2h 3c 5d 3s]
Seat 3: Pepperlina (button) (small blind) showed [Qd Qh] and won ($47.50) with two pair, Queens and Threes
Seat 5: Krazy90 (big blind) mucked


PokerStars Hand #167064401415:  Hold'em Limit ($3/$6 USD) - 2017/03/03 15:58:04 ET
Table 'Rusthawelia' 6-max Seat #3 is the button
Seat 3: Pepperlina ($172.75 in chips)
Seat 5: Krazy90 ($143.50 in chips)
Pepperlina: posts small blind $1
Krazy90: posts big blind $3
*** HOLE CARDS ***
Pepperlina: raises $3 to $6
Krazy90: calls $3
*** FLOP *** [7c 9s Td]
Krazy90: checks
Pepperlina: bets $3
Krazy90: raises $3 to $6
Pepperlina: calls $3
*** TURN *** [7c 9s Td] [Ah]
Krazy90: bets $6
Pepperlina: calls $6
*** RIVER *** [7c 9s Td Ah] [Qd]
Krazy90: checks
Pepperlina: bets $6
Krazy90: calls $6
*** SHOW DOWN ***
Pepperlina: shows [9h Ac] (two pair, Aces and Nines)
Krazy90: mucks hand
Pepperlina collected $47.50 from pot
*** SUMMARY ***
Total pot $48 | Rake $0.50
Board [7c 9s Td Ah Qd]
Seat 3: Pepperlina (button) (small blind) showed [9h Ac] and won ($47.50) with two pair, Aces and Nines
Seat 5: Krazy90 (big blind) mucked


PokerStars Hand #167064468514:  Hold'em Limit ($3/$6 USD) - 2017/03/03 15:59:38 ET
Table 'Rusthawelia' 6-max Seat #6 is the button
Seat 5: Krazy90 ($145.47 in chips)
Seat 6: Dies1210 ($239.61 in chips)
Dies1210: posts small blind $1
Pepperlina: is sitting out
Krazy90: posts big blind $3
*** HOLE CARDS ***
Dies1210: raises $3 to $6
Pepperlina leaves the table
Krazy90: calls $3
*** FLOP *** [2c Tc 6d]
Krazy90: checks
Dies1210: bets $3
Krazy90: raises $3 to $6
Dies1210: calls $3
*** TURN *** [2c Tc 6d] [2d]
Krazy90: bets $6
Dies1210: folds
Uncalled bet ($6) returned to Krazy90
Krazy90 collected $23.52 from pot
Krazy90: doesn't show hand
*** SUMMARY ***
Total pot $24 | Rake $0.48
Board [2c Tc 6d 2d]
Seat 5: Krazy90 (big blind) collected ($23.52)
Seat 6: Dies1210 (button) (small blind) folded on the Turn


PokerStars Hand #167064481958:  Hold'em Limit ($3/$6 USD) - 2017/03/03 15:59:57 ET
Table 'Rusthawelia' 6-max Seat #5 is the button
Seat 5: Krazy90 ($156.99 in chips)
Seat 6: Dies1210 ($227.61 in chips)
Krazy90: posts small blind $1
Dies1210: posts big blind $3
*** HOLE CARDS ***
Krazy90: calls $2
Dies1210: checks
*** FLOP *** [7c Ah Jh]
Dies1210: checks
Krazy90: bets $3
Dies1210: folds
Uncalled bet ($3) returned to Krazy90
Krazy90 collected $5.88 from pot
Krazy90: doesn't show hand
*** SUMMARY ***
Total pot $6 | Rake $0.12
Board [7c Ah Jh]
Seat 5: Krazy90 (button) (small blind) collected ($5.88)
Seat 6: Dies1210 (big blind) folded on the Flop


