PokerStars Hand #167188671492:  Hold'em Limit ($3/$6 USD) - 2017/03/06 5:03:12 ET
Table 'Rutllant' 6-max Seat #3 is the button
Seat 1: davyyyyyyy ($106.76 in chips)
Seat 3: Rus29APX ($132.50 in chips)
Rus29APX: posts small blind $1
davyyyyyyy: posts big blind $3
*** HOLE CARDS ***
Rus29APX: raises $3 to $6
davyyyyyyy: folds
Uncalled bet ($3) returned to Rus29APX
Rus29APX collected $6 from pot
Rus29APX: doesn't show hand
*** SUMMARY ***
Total pot $6 | Rake $0
Seat 1: davyyyyyyy (big blind) folded before Flop
Seat 3: Rus29APX (button) (small blind) collected ($6)


PokerStars Hand #167188681257:  Hold'em Limit ($3/$6 USD) - 2017/03/06 5:03:38 ET
Table 'Rutllant' 6-max Seat #3 is the button
Seat 1: davyyyyyyy ($109.52 in chips)
Seat 3: Rus29APX ($129.50 in chips)
Rus29APX: posts small blind $1
davyyyyyyy: posts big blind $3
*** HOLE CARDS ***
Rus29APX: raises $3 to $6
davyyyyyyy: calls $3
*** FLOP *** [7s 8h Th]
davyyyyyyy: checks
Rus29APX: bets $3
davyyyyyyy: folds
Uncalled bet ($3) returned to Rus29APX
Rus29APX collected $11.76 from pot
Rus29APX: doesn't show hand
*** SUMMARY ***
Total pot $12 | Rake $0.24
Board [7s 8h Th]
Seat 1: davyyyyyyy (big blind) folded on the Flop
Seat 3: Rus29APX (button) (small blind) collected ($11.76)


PokerStars Hand #167188688807:  Hold'em Limit ($3/$6 USD) - 2017/03/06 5:03:59 ET
Table 'Rutllant' 6-max Seat #1 is the button
Seat 1: davyyyyyyy ($103.52 in chips)
Seat 3: Rus29APX ($135.26 in chips)
davyyyyyyy: posts small blind $1
Rus29APX: posts big blind $3
*** HOLE CARDS ***
davyyyyyyy: folds
Uncalled bet ($2) returned to Rus29APX
Rus29APX collected $2 from pot
Rus29APX: doesn't show hand
*** SUMMARY ***
Total pot $2 | Rake $0
Seat 1: davyyyyyyy (button) (small blind) folded before Flop
Seat 3: Rus29APX (big blind) collected ($2)


PokerStars Hand #167188674176:  Hold'em Limit ($3/$6 USD) - 2017/03/06 5:03:19 ET
Table 'Rutllant' 6-max Seat #1 is the button
Seat 1: davyyyyyyy ($103.76 in chips)
Seat 3: Rus29APX ($135.50 in chips)
davyyyyyyy: posts small blind $1
Rus29APX: posts big blind $3
*** HOLE CARDS ***
davyyyyyyy: raises $3 to $6
Rus29APX: calls $3
*** FLOP *** [Th Jh As]
Rus29APX: checks
davyyyyyyy: bets $3
Rus29APX: folds
Uncalled bet ($3) returned to davyyyyyyy
davyyyyyyy collected $11.76 from pot
*** SUMMARY ***
Total pot $12 | Rake $0.24
Board [Th Jh As]
Seat 1: davyyyyyyy (button) (small blind) collected ($11.76)
Seat 3: Rus29APX (big blind) folded on the Flop


