PokerStars Hand #164913148721:  Hold'em Limit ($3/$6 USD) - 2017/01/20 21:52:52 ET
Table 'Rutllant' 6-max Seat #3 is the button
Seat 1: kasa575 ($114.02 in chips)
Seat 3: karambakilla ($123.76 in chips)
karambakilla: posts small blind $1
AzureCaper: is sitting out
kasa575: posts big blind $3
*** HOLE CARDS ***
karambakilla: raises $3 to $6
kasa575: raises $3 to $9
AzureCaper leaves the table
karambakilla: calls $3
*** FLOP *** [Qs 2s As]
kasa575: bets $3
karambakilla: folds
Uncalled bet ($3) returned to kasa575
kasa575 collected $17.64 from pot
kasa575: doesn't show hand
*** SUMMARY ***
Total pot $18 | Rake $0.36
Board [Qs 2s As]
Seat 1: kasa575 (big blind) collected ($17.64)
Seat 3: karambakilla (button) (small blind) folded on the Flop


PokerStars Hand #164913155732:  Hold'em Limit ($3/$6 USD) - 2017/01/20 21:53:07 ET
Table 'Rutllant' 6-max Seat #1 is the button
Seat 1: kasa575 ($122.66 in chips)
Seat 3: karambakilla ($114.76 in chips)
kasa575: posts small blind $1
karambakilla: posts big blind $3
*** HOLE CARDS ***
LWNS joins the table at seat #5
kasa575: raises $3 to $6
LWNS leaves the table
karambakilla: folds
Uncalled bet ($3) returned to kasa575
kasa575 collected $6 from pot
kasa575: doesn't show hand
*** SUMMARY ***
Total pot $6 | Rake $0
Seat 1: kasa575 (button) (small blind) collected ($6)
Seat 3: karambakilla (big blind) folded before Flop


