PokerStars Hand #164768977482:  Hold'em Limit ($3/$6 USD) - 2017/01/18 7:11:38 ET
Table 'Rutllant' 6-max Seat #3 is the button
Seat 3: melyh82 ($38.76 in chips)
Seat 5: sim5sim5 ($98.50 in chips)
melyh82: posts small blind $1
sim5sim5: posts big blind $3
*** HOLE CARDS ***
melyh82: raises $3 to $6
sim5sim5: raises $3 to $9
melyh82: calls $3
*** FLOP *** [9s Qc 2c]
sim5sim5: bets $3
melyh82: calls $3
*** TURN *** [9s Qc 2c] [5s]
sim5sim5: checks
melyh82: bets $6
sim5sim5: calls $6
*** RIVER *** [9s Qc 2c 5s] [8h]
sim5sim5: checks
melyh82: bets $6
sim5sim5: calls $6
*** SHOW DOWN ***
melyh82: shows [Qh Qd] (three of a kind, Queens)
sim5sim5: mucks hand
melyh82 collected $47.50 from pot
*** SUMMARY ***
Total pot $48 | Rake $0.50
Board [9s Qc 2c 5s 8h]
Seat 3: melyh82 (button) (small blind) showed [Qh Qd] and won ($47.50) with three of a kind, Queens
Seat 5: sim5sim5 (big blind) mucked


PokerStars Hand #164769032455:  Hold'em Limit ($3/$6 USD) - 2017/01/18 7:13:21 ET
Table 'Rutllant' 6-max Seat #3 is the button
Seat 3: melyh82 ($94.76 in chips)
Seat 5: sim5sim5 ($72 in chips)
melyh82: posts small blind $1
sim5sim5: posts big blind $3
*** HOLE CARDS ***
melyh82: folds
Uncalled bet ($2) returned to sim5sim5
sim5sim5 collected $2 from pot
sim5sim5: doesn't show hand
*** SUMMARY ***
Total pot $2 | Rake $0
Seat 3: melyh82 (button) (small blind) folded before Flop
Seat 5: sim5sim5 (big blind) collected ($2)


PokerStars Hand #164769029175:  Hold'em Limit ($3/$6 USD) - 2017/01/18 7:13:15 ET
Table 'Rutllant' 6-max Seat #5 is the button
Seat 3: melyh82 ($93.76 in chips)
Seat 5: sim5sim5 ($73 in chips)
sim5sim5: posts small blind $1
melyh82: posts big blind $3
*** HOLE CARDS ***
sim5sim5: folds
Uncalled bet ($2) returned to melyh82
melyh82 collected $2 from pot
melyh82: doesn't show hand
*** SUMMARY ***
Total pot $2 | Rake $0
Seat 3: melyh82 (big blind) collected ($2)
Seat 5: sim5sim5 (button) (small blind) folded before Flop


PokerStars Hand #164769026378:  Hold'em Limit ($3/$6 USD) - 2017/01/18 7:13:09 ET
Table 'Rutllant' 6-max Seat #3 is the button
Seat 3: melyh82 ($94.76 in chips)
Seat 5: sim5sim5 ($72 in chips)
melyh82: posts small blind $1
sim5sim5: posts big blind $3
*** HOLE CARDS ***
melyh82: folds
Uncalled bet ($2) returned to sim5sim5
sim5sim5 collected $2 from pot
sim5sim5: doesn't show hand
*** SUMMARY ***
Total pot $2 | Rake $0
Seat 3: melyh82 (button) (small blind) folded before Flop
Seat 5: sim5sim5 (big blind) collected ($2)


PokerStars Hand #164768994127:  Hold'em Limit ($3/$6 USD) - 2017/01/18 7:12:09 ET
Table 'Rutllant' 6-max Seat #5 is the button
Seat 3: melyh82 ($62.26 in chips)
Seat 5: sim5sim5 ($74.50 in chips)
sim5sim5: posts small blind $1
melyh82: posts big blind $3
*** HOLE CARDS ***
sim5sim5: raises $3 to $6
melyh82: raises $3 to $9
sim5sim5: calls $3
*** FLOP *** [3s 4s 7s]
melyh82: bets $3
sim5sim5: raises $3 to $6
melyh82: calls $3
*** TURN *** [3s 4s 7s] [Qh]
melyh82: checks
sim5sim5: bets $6
melyh82: raises $6 to $12
sim5sim5: calls $6
*** RIVER *** [3s 4s 7s Qh] [3d]
melyh82: bets $6
sim5sim5: calls $6
*** SHOW DOWN ***
melyh82: shows [Kh Ks] (two pair, Kings and Threes)
sim5sim5: mucks hand
melyh82 collected $65.50 from pot
*** SUMMARY ***
Total pot $66 | Rake $0.50
Board [3s 4s 7s Qh 3d]
Seat 3: melyh82 (big blind) showed [Kh Ks] and won ($65.50) with two pair, Kings and Threes
Seat 5: sim5sim5 (button) (small blind) mucked


PokerStars Hand #164769070468:  Hold'em Limit ($3/$6 USD) - 2017/01/18 7:14:31 ET
Table 'Rutllant' 6-max Seat #5 is the button
Seat 3: melyh82 ($117.26 in chips)
Seat 5: sim5sim5 ($72 in chips)
sim5sim5: posts small blind $1
melyh82: posts big blind $3
*** HOLE CARDS ***
sim5sim5: raises $3 to $6
melyh82: calls $3
*** FLOP *** [Kc Jh 4c]
melyh82: checks
sim5sim5: bets $3
melyh82: raises $3 to $6
sim5sim5: folds
Uncalled bet ($3) returned to melyh82
melyh82 collected $17.64 from pot
melyh82: doesn't show hand
*** SUMMARY ***
Total pot $18 | Rake $0.36
Board [Kc Jh 4c]
Seat 3: melyh82 (big blind) collected ($17.64)
Seat 5: sim5sim5 (button) (small blind) folded on the Flop


PokerStars Hand #164769056366:  Hold'em Limit ($3/$6 USD) - 2017/01/18 7:14:05 ET
Table 'Rutllant' 6-max Seat #3 is the button
Seat 3: melyh82 ($114.26 in chips)
Seat 5: sim5sim5 ($72 in chips)
melyh82: posts small blind $1
sim5sim5: posts big blind $3
*** HOLE CARDS ***
melyh82: raises $3 to $6
sim5sim5: folds
Uncalled bet ($3) returned to melyh82
melyh82 collected $6 from pot
melyh82: doesn't show hand
*** SUMMARY ***
Total pot $6 | Rake $0
Seat 3: melyh82 (button) (small blind) collected ($6)
Seat 5: sim5sim5 (big blind) folded before Flop


PokerStars Hand #164769035017:  Hold'em Limit ($3/$6 USD) - 2017/01/18 7:13:25 ET
Table 'Rutllant' 6-max Seat #5 is the button
Seat 3: melyh82 ($93.76 in chips)
Seat 5: sim5sim5 ($73 in chips)
sim5sim5: posts small blind $1
melyh82: posts big blind $3
*** HOLE CARDS ***
sim5sim5: raises $3 to $6
melyh82: calls $3
*** FLOP *** [6h Td 8h]
melyh82: checks
sim5sim5: bets $3
melyh82: raises $3 to $6
sim5sim5: raises $3 to $9
melyh82: calls $3
*** TURN *** [6h Td 8h] [3d]
melyh82: checks
sim5sim5: bets $6
melyh82: calls $6
*** RIVER *** [6h Td 8h 3d] [4c]
melyh82: checks
sim5sim5: checks
*** SHOW DOWN ***
melyh82: shows [Ts 2d] (a pair of Tens)
sim5sim5: mucks hand
melyh82 collected $41.50 from pot
*** SUMMARY ***
Total pot $42 | Rake $0.50
Board [6h Td 8h 3d 4c]
Seat 3: melyh82 (big blind) showed [Ts 2d] and won ($41.50) with a pair of Tens
Seat 5: sim5sim5 (button) (small blind) mucked


PokerStars Hand #164769103797:  Hold'em Limit ($3/$6 USD) - 2017/01/18 7:15:32 ET
Table 'Rutllant' 6-max Seat #5 is the button
Seat 3: melyh82 ($116.90 in chips)
Seat 5: sim5sim5 ($80.64 in chips)
sim5sim5: posts small blind $1
melyh82: posts big blind $3
*** HOLE CARDS ***
sim5sim5: raises $3 to $6
melyh82: calls $3
*** FLOP *** [6h 5d Js]
melyh82: checks
sim5sim5: bets $3
melyh82: calls $3
*** TURN *** [6h 5d Js] [Qd]
melyh82: checks
sim5sim5: bets $6
melyh82: folds
Uncalled bet ($6) returned to sim5sim5
sim5sim5 collected $17.64 from pot
sim5sim5: doesn't show hand
*** SUMMARY ***
Total pot $18 | Rake $0.36
Board [6h 5d Js Qd]
Seat 3: melyh82 (big blind) folded on the Turn
Seat 5: sim5sim5 (button) (small blind) collected ($17.64)


PokerStars Hand #164769084899:  Hold'em Limit ($3/$6 USD) - 2017/01/18 7:14:58 ET
Table 'Rutllant' 6-max Seat #3 is the button
Seat 3: melyh82 ($125.90 in chips)
Seat 5: sim5sim5 ($72 in chips)
melyh82: posts small blind $1
sim5sim5: posts big blind $3
*** HOLE CARDS ***
melyh82: raises $3 to $6
sim5sim5: calls $3
*** FLOP *** [Jc Jd 7s]
sim5sim5: checks
melyh82: bets $3
sim5sim5: calls $3
*** TURN *** [Jc Jd 7s] [3h]
sim5sim5: checks
melyh82: checks
*** RIVER *** [Jc Jd 7s 3h] [Ks]
sim5sim5: bets $6
melyh82: folds
Uncalled bet ($6) returned to sim5sim5
sim5sim5 collected $17.64 from pot
sim5sim5: doesn't show hand
*** SUMMARY ***
Total pot $18 | Rake $0.36
Board [Jc Jd 7s 3h Ks]
Seat 3: melyh82 (button) (small blind) folded on the River
Seat 5: sim5sim5 (big blind) collected ($17.64)


PokerStars Hand #164769130181:  Hold'em Limit ($3/$6 USD) - 2017/01/18 7:16:20 ET
Table 'Rutllant' 6-max Seat #5 is the button
Seat 3: melyh82 ($83.90 in chips)
Seat 5: sim5sim5 ($112.78 in chips)
sim5sim5: posts small blind $1
melyh82: posts big blind $3
*** HOLE CARDS ***
sim5sim5: raises $3 to $6
melyh82: calls $3
*** FLOP *** [Jd Ks 3c]
melyh82: checks
sim5sim5: bets $3
melyh82: raises $3 to $6
sim5sim5: calls $3
*** TURN *** [Jd Ks 3c] [7s]
melyh82: bets $6
sim5sim5: calls $6
*** RIVER *** [Jd Ks 3c 7s] [9s]
melyh82: bets $6
sim5sim5: calls $6
*** SHOW DOWN ***
melyh82: shows [Qc Th] (a straight, Nine to King)
sim5sim5: mucks hand
melyh82 collected $47.50 from pot
*** SUMMARY ***
Total pot $48 | Rake $0.50
Board [Jd Ks 3c 7s 9s]
Seat 3: melyh82 (big blind) showed [Qc Th] and won ($47.50) with a straight, Nine to King
Seat 5: sim5sim5 (button) (small blind) mucked


PokerStars Hand #164769119477:  Hold'em Limit ($3/$6 USD) - 2017/01/18 7:16:01 ET
Table 'Rutllant' 6-max Seat #3 is the button
Seat 3: melyh82 ($107.90 in chips)
Seat 5: sim5sim5 ($89.28 in chips)
melyh82: posts small blind $1
sim5sim5: posts big blind $3
*** HOLE CARDS ***
melyh82: raises $3 to $6
sim5sim5: raises $3 to $9
melyh82: calls $3
*** FLOP *** [3c 7c 5d]
sim5sim5: bets $3
melyh82: calls $3
*** TURN *** [3c 7c 5d] [3d]
sim5sim5: bets $6
melyh82: calls $6
*** RIVER *** [3c 7c 5d 3d] [Qh]
sim5sim5: bets $6
melyh82: calls $6
*** SHOW DOWN ***
sim5sim5: shows [Js Qs] (two pair, Queens and Threes)
melyh82: mucks hand
sim5sim5 collected $47.50 from pot
*** SUMMARY ***
Total pot $48 | Rake $0.50
Board [3c 7c 5d 3d Qh]
Seat 3: melyh82 (button) (small blind) mucked
Seat 5: sim5sim5 (big blind) showed [Js Qs] and won ($47.50) with two pair, Queens and Threes


PokerStars Hand #164769144849:  Hold'em Limit ($3/$6 USD) - 2017/01/18 7:16:47 ET
Table 'Rutllant' 6-max Seat #3 is the button
Seat 3: melyh82 ($107.40 in chips)
Seat 5: sim5sim5 ($88.78 in chips)
melyh82: posts small blind $1
sim5sim5: posts big blind $3
*** HOLE CARDS ***
melyh82: raises $3 to $6
sim5sim5: raises $3 to $9
melyh82: calls $3
*** FLOP *** [2c Qs Qh]
sim5sim5: bets $3
melyh82: calls $3
*** TURN *** [2c Qs Qh] [Jh]
sim5sim5: bets $6
melyh82: raises $6 to $12
sim5sim5: calls $6
*** RIVER *** [2c Qs Qh Jh] [7d]
sim5sim5: checks
melyh82: bets $6
sim5sim5: calls $6
*** SHOW DOWN ***
melyh82: shows [Qc 3s] (three of a kind, Queens)
sim5sim5: mucks hand
melyh82 collected $59.50 from pot
*** SUMMARY ***
Total pot $60 | Rake $0.50
Board [2c Qs Qh Jh 7d]
Seat 3: melyh82 (button) (small blind) showed [Qc 3s] and won ($59.50) with three of a kind, Queens
Seat 5: sim5sim5 (big blind) mucked


PokerStars Hand #164769187109:  Hold'em Limit ($3/$6 USD) - 2017/01/18 7:18:05 ET
Table 'Rutllant' 6-max Seat #3 is the button
Seat 3: melyh82 ($145.54 in chips)
Seat 5: sim5sim5 ($72 in chips)
melyh82: posts small blind $1
sim5sim5: posts big blind $3
*** HOLE CARDS ***
melyh82: raises $3 to $6
sim5sim5: folds
Uncalled bet ($3) returned to melyh82
melyh82 collected $6 from pot
melyh82: doesn't show hand
*** SUMMARY ***
Total pot $6 | Rake $0
Seat 3: melyh82 (button) (small blind) collected ($6)
Seat 5: sim5sim5 (big blind) folded before Flop


PokerStars Hand #164769194225:  Hold'em Limit ($3/$6 USD) - 2017/01/18 7:18:18 ET
Table 'Rutllant' 6-max Seat #5 is the button
Seat 3: melyh82 ($148.54 in chips)
Seat 5: sim5sim5 ($72 in chips)
sim5sim5: posts small blind $1
melyh82: posts big blind $3
*** HOLE CARDS ***
sim5sim5: raises $3 to $6
melyh82: calls $3
*** FLOP *** [As 9s 6s]
melyh82: checks
sim5sim5: bets $3
melyh82: raises $3 to $6
sim5sim5: folds
Uncalled bet ($3) returned to melyh82
melyh82 collected $17.64 from pot
melyh82: doesn't show hand
*** SUMMARY ***
Total pot $18 | Rake $0.36
Board [As 9s 6s]
Seat 3: melyh82 (big blind) collected ($17.64)
Seat 5: sim5sim5 (button) (small blind) folded on the Flop


PokerStars Hand #164769206222:  Hold'em Limit ($3/$6 USD) - 2017/01/18 7:18:39 ET
Table 'Rutllant' 6-max Seat #3 is the button
Seat 3: melyh82 ($157.18 in chips)
Seat 5: sim5sim5 ($72 in chips)
melyh82: posts small blind $1
sim5sim5: posts big blind $3
*** HOLE CARDS ***
melyh82: raises $3 to $6
sim5sim5: raises $3 to $9
melyh82: calls $3
*** FLOP *** [6c Ts 2h]
sim5sim5: bets $3
melyh82: folds
Uncalled bet ($3) returned to sim5sim5
sim5sim5 collected $17.64 from pot
sim5sim5: doesn't show hand
*** SUMMARY ***
Total pot $18 | Rake $0.36
Board [6c Ts 2h]
Seat 3: melyh82 (button) (small blind) folded on the Flop
Seat 5: sim5sim5 (big blind) collected ($17.64)


PokerStars Hand #164769165252:  Hold'em Limit ($3/$6 USD) - 2017/01/18 7:17:25 ET
Table 'Rutllant' 6-max Seat #5 is the button
Seat 3: melyh82 ($136.90 in chips)
Seat 5: sim5sim5 ($72 in chips)
sim5sim5: posts small blind $1
melyh82: posts big blind $3
*** HOLE CARDS ***
sim5sim5: raises $3 to $6
melyh82: calls $3
*** FLOP *** [Ks 2s As]
melyh82: checks
sim5sim5: bets $3
melyh82: calls $3
*** TURN *** [Ks 2s As] [6c]
melyh82: checks
sim5sim5: checks
*** RIVER *** [Ks 2s As 6c] [Qc]
melyh82: checks
sim5sim5: checks
*** SHOW DOWN ***
melyh82: shows [Qh 4c] (a pair of Queens)
sim5sim5: mucks hand
melyh82 collected $17.64 from pot
*** SUMMARY ***
Total pot $18 | Rake $0.36
Board [Ks 2s As 6c Qc]
Seat 3: melyh82 (big blind) showed [Qh 4c] and won ($17.64) with a pair of Queens
Seat 5: sim5sim5 (button) (small blind) mucked


