PokerStars Hand #169361031331:  Hold'em Limit ($3/$6 USD) - 2017/04/21 14:25:41 ET
Table 'Rutllant' 6-max Seat #3 is the button
Seat 1: Qvidde ($124.28 in chips)
Seat 3: ashtar 516 ($174.89 in chips)
ashtar 516: posts small blind $1
vestimokrec: is sitting out
Qvidde: posts big blind $3
*** HOLE CARDS ***
Saloxidin leaves the table
ashtar 516: raises $3 to $6
hairy1961 leaves the table
Qvidde: calls $3
*** FLOP *** [2d As 6s]
Qvidde: checks
ashtar 516: bets $3
Qvidde: folds
Uncalled bet ($3) returned to ashtar 516
ashtar 516 collected $11.76 from pot
ashtar 516: doesn't show hand
*** SUMMARY ***
Total pot $12 | Rake $0.24
Board [2d As 6s]
Seat 1: Qvidde (big blind) folded on the Flop
Seat 3: ashtar 516 (button) (small blind) collected ($11.76)


PokerStars Hand #169361395424:  Hold'em Limit ($3/$6 USD) - 2017/04/21 14:33:16 ET
Table 'Rutllant' 6-max Seat #1 is the button
Seat 1: Qvidde ($149.76 in chips)
Seat 6: bangolfaren ($119.62 in chips)
Qvidde: posts small blind $1
vestimokrec: is sitting out
bangolfaren: posts big blind $3
*** HOLE CARDS ***
Qvidde: raises $3 to $6
bangolfaren: calls $3
*** FLOP *** [Td 9s 8s]
bangolfaren: checks
Qvidde: bets $3
bangolfaren: calls $3
*** TURN *** [Td 9s 8s] [4h]
bangolfaren: checks
vestimokrec leaves the table
Qvidde: bets $6
bangolfaren: folds
Uncalled bet ($6) returned to Qvidde
Qvidde collected $17.64 from pot
Qvidde: doesn't show hand
*** SUMMARY ***
Total pot $18 | Rake $0.36
Board [Td 9s 8s 4h]
Seat 1: Qvidde (button) (small blind) collected ($17.64)
Seat 6: bangolfaren (big blind) folded on the Turn


PokerStars Hand #169361419451:  Hold'em Limit ($3/$6 USD) - 2017/04/21 14:33:46 ET
Table 'Rutllant' 6-max Seat #6 is the button
Seat 1: Qvidde ($158.40 in chips)
Seat 6: bangolfaren ($110.62 in chips)
bangolfaren: posts small blind $1
Qvidde: posts big blind $3
*** HOLE CARDS ***
bangolfaren: folds
Uncalled bet ($2) returned to Qvidde
Qvidde collected $2 from pot
Qvidde: doesn't show hand
*** SUMMARY ***
Total pot $2 | Rake $0
Seat 1: Qvidde (big blind) collected ($2)
Seat 6: bangolfaren (button) (small blind) folded before Flop


PokerStars Hand #169361423838:  Hold'em Limit ($3/$6 USD) - 2017/04/21 14:33:51 ET
Table 'Rutllant' 6-max Seat #1 is the button
Seat 1: Qvidde ($159.40 in chips)
Seat 6: bangolfaren ($109.62 in chips)
Qvidde: posts small blind $1
Widegermany was removed from the table for failing to post
bangolfaren: posts big blind $3
*** HOLE CARDS ***
Qvidde: raises $3 to $6
bangolfaren: raises $3 to $9
Qvidde: calls $3
*** FLOP *** [Jc 6d 8c]
bangolfaren: bets $3
Qvidde: calls $3
*** TURN *** [Jc 6d 8c] [2s]
bangolfaren: bets $6
Saloxidin joins the table at seat #5
Qvidde: folds
Uncalled bet ($6) returned to bangolfaren
bangolfaren collected $23.52 from pot
*** SUMMARY ***
Total pot $24 | Rake $0.48
Board [Jc 6d 8c 2s]
Seat 1: Qvidde (button) (small blind) folded on the Turn
Seat 6: bangolfaren (big blind) collected ($23.52)


PokerStars Hand #169361442739:  Hold'em Limit ($3/$6 USD) - 2017/04/21 14:34:15 ET
Table 'Rutllant' 6-max Seat #6 is the button
Seat 1: Qvidde ($147.40 in chips)
Seat 6: bangolfaren ($121.14 in chips)
bangolfaren: posts small blind $1
Qvidde: posts big blind $3
*** HOLE CARDS ***
bangolfaren: raises $3 to $6
Qvidde: raises $3 to $9
bangolfaren: folds
Uncalled bet ($3) returned to Qvidde
Qvidde collected $12 from pot
Qvidde: doesn't show hand
*** SUMMARY ***
Total pot $12 | Rake $0
Seat 1: Qvidde (big blind) collected ($12)
Seat 6: bangolfaren (button) (small blind) folded before Flop


PokerStars Hand #169364184431:  Hold'em Limit ($3/$6 USD) - 2017/04/21 15:29:36 ET
Table 'Rutllant' 6-max Seat #6 is the button
Seat 5: Saloxidin ($138.49 in chips)
Seat 6: bangolfaren ($25.37 in chips)
bangolfaren: posts small blind $1
Widegermany: is sitting out
Saloxidin: posts big blind $3
*** HOLE CARDS ***
bangolfaren: raises $3 to $6
Saloxidin: folds
Uncalled bet ($3) returned to bangolfaren
Saloxidin leaves the table
bangolfaren collected $6 from pot
*** SUMMARY ***
Total pot $6 | Rake $0
Seat 5: Saloxidin (big blind) folded before Flop
Seat 6: bangolfaren (button) (small blind) collected ($6)


