PokerStars Hand #169207831092:  Hold'em Limit ($3/$6 USD) - 2017/04/18 7:08:21 ET
Table 'Ruvuma' 6-max Seat #5 is the button
Seat 5: GoliafUa ($117 in chips)
Seat 6: LordGilmo ($124.95 in chips)
GoliafUa: posts small blind $1
LordGilmo: posts big blind $3
*** HOLE CARDS ***
GoliafUa: raises $3 to $6
LordGilmo: calls $3
*** FLOP *** [Ac Td 9c]
ARARAT ANAPA joins the table at seat #4
LordGilmo: checks
GoliafUa: bets $3
LordGilmo: calls $3
*** TURN *** [Ac Td 9c] [7d]
LordGilmo: bets $6
GoliafUa: calls $6
*** RIVER *** [Ac Td 9c 7d] [Ts]
LordGilmo: checks
GoliafUa: checks
*** SHOW DOWN ***
LordGilmo: shows [As 8d] (two pair, Aces and Tens)
GoliafUa: mucks hand
LordGilmo collected $29.50 from pot
*** SUMMARY ***
Total pot $30 | Rake $0.50
Board [Ac Td 9c 7d Ts]
Seat 5: GoliafUa (button) (small blind) mucked
Seat 6: LordGilmo (big blind) showed [As 8d] and won ($29.50) with two pair, Aces and Tens


PokerStars Hand #169207821626:  Hold'em Limit ($3/$6 USD) - 2017/04/18 7:08:00 ET
Table 'Ruvuma' 6-max Seat #6 is the button
Seat 5: GoliafUa ($120 in chips)
Seat 6: LordGilmo ($122.07 in chips)
LordGilmo: posts small blind $1
GoliafUa: posts big blind $3
*** HOLE CARDS ***
LordGilmo: calls $2
GoliafUa: checks
*** FLOP *** [7d 2d Jh]
GoliafUa: checks
LordGilmo: bets $3
GoliafUa: folds
Uncalled bet ($3) returned to LordGilmo
LordGilmo collected $5.88 from pot
*** SUMMARY ***
Total pot $6 | Rake $0.12
Board [7d 2d Jh]
Seat 5: GoliafUa (big blind) folded on the Flop
Seat 6: LordGilmo (button) (small blind) collected ($5.88)


PokerStars Hand #169207865153:  Hold'em Limit ($3/$6 USD) - 2017/04/18 7:09:36 ET
Table 'Ruvuma' 6-max Seat #4 is the button
Seat 2: Qvidde ($120 in chips)
Seat 4: ARARAT ANAPA ($114.43 in chips)
ARARAT ANAPA: posts small blind $1
Qvidde: posts big blind $3
*** HOLE CARDS ***
ARARAT ANAPA: calls $2
Qvidde: raises $3 to $6
ARARAT ANAPA: calls $3
*** FLOP *** [9c 6s 4h]
Qvidde: bets $3
ARARAT ANAPA: calls $3
*** TURN *** [9c 6s 4h] [7d]
Qvidde: bets $6
ARARAT ANAPA: calls $6
*** RIVER *** [9c 6s 4h 7d] [8h]
Qvidde: bets $6
ARARAT ANAPA: calls $6
*** SHOW DOWN ***
Qvidde: shows [Tc 9h] (a straight, Six to Ten)
ARARAT ANAPA: mucks hand
Qvidde collected $41.50 from pot
*** SUMMARY ***
Total pot $42 | Rake $0.50
Board [9c 6s 4h 7d 8h]
Seat 2: Qvidde (big blind) showed [Tc 9h] and won ($41.50) with a straight, Six to Ten
Seat 4: ARARAT ANAPA (button) (small blind) mucked


PokerStars Hand #169207886018:  Hold'em Limit ($3/$6 USD) - 2017/04/18 7:10:21 ET
Table 'Ruvuma' 6-max Seat #2 is the button
Seat 2: Qvidde ($140.50 in chips)
Seat 4: ARARAT ANAPA ($93.43 in chips)
Qvidde: posts small blind $1
ARARAT ANAPA: posts big blind $3
*** HOLE CARDS ***
Qvidde: raises $3 to $6
ARARAT ANAPA: calls $3
*** FLOP *** [Ts 5h 2s]
ARARAT ANAPA: checks
Qvidde: checks
*** TURN *** [Ts 5h 2s] [Jh]
ARARAT ANAPA: checks
Qvidde: bets $6
ARARAT ANAPA: folds
Uncalled bet ($6) returned to Qvidde
Qvidde collected $11.76 from pot
Qvidde: doesn't show hand
*** SUMMARY ***
Total pot $12 | Rake $0.24
Board [Ts 5h 2s Jh]
Seat 2: Qvidde (button) (small blind) collected ($11.76)
Seat 4: ARARAT ANAPA (big blind) folded on the Turn


PokerStars Hand #169207899424:  Hold'em Limit ($3/$6 USD) - 2017/04/18 7:10:51 ET
Table 'Ruvuma' 6-max Seat #4 is the button
Seat 2: Qvidde ($146.26 in chips)
Seat 4: ARARAT ANAPA ($87.43 in chips)
ARARAT ANAPA: posts small blind $1
Qvidde: posts big blind $3
*** HOLE CARDS ***
ARARAT ANAPA: folds
Uncalled bet ($2) returned to Qvidde
Qvidde collected $2 from pot
Qvidde: doesn't show hand
*** SUMMARY ***
Total pot $2 | Rake $0
Seat 2: Qvidde (big blind) collected ($2)
Seat 4: ARARAT ANAPA (button) (small blind) folded before Flop


PokerStars Hand #169207923009:  Hold'em Limit ($3/$6 USD) - 2017/04/18 7:11:43 ET
Table 'Ruvuma' 6-max Seat #4 is the button
Seat 2: Qvidde ($167.76 in chips)
Seat 4: ARARAT ANAPA ($65.43 in chips)
ARARAT ANAPA: posts small blind $1
Qvidde: posts big blind $3
*** HOLE CARDS ***
ARARAT ANAPA: raises $3 to $6
Qvidde: calls $3
*** FLOP *** [7h Ks Td]
Qvidde: checks
ARARAT ANAPA: bets $3
Qvidde: folds
Uncalled bet ($3) returned to ARARAT ANAPA
ARARAT ANAPA collected $11.76 from pot
ARARAT ANAPA: doesn't show hand
*** SUMMARY ***
Total pot $12 | Rake $0.24
Board [7h Ks Td]
Seat 2: Qvidde (big blind) folded on the Flop
Seat 4: ARARAT ANAPA (button) (small blind) collected ($11.76)


PokerStars Hand #169207901815:  Hold'em Limit ($3/$6 USD) - 2017/04/18 7:10:57 ET
Table 'Ruvuma' 6-max Seat #2 is the button
Seat 2: Qvidde ($147.26 in chips)
Seat 4: ARARAT ANAPA ($86.43 in chips)
Qvidde: posts small blind $1
ARARAT ANAPA: posts big blind $3
*** HOLE CARDS ***
Qvidde: raises $3 to $6
ARARAT ANAPA: raises $3 to $9
Qvidde: calls $3
*** FLOP *** [2d 8c 7c]
ARARAT ANAPA: bets $3
Qvidde: raises $3 to $6
ARARAT ANAPA: calls $3
*** TURN *** [2d 8c 7c] [8d]
ARARAT ANAPA: checks
Qvidde: bets $6
ARARAT ANAPA: calls $6
*** RIVER *** [2d 8c 7c 8d] [4c]
ARARAT ANAPA: checks
Qvidde: bets $6
ARARAT ANAPA: folds
Uncalled bet ($6) returned to Qvidde
Qvidde collected $41.50 from pot
Qvidde: doesn't show hand
*** SUMMARY ***
Total pot $42 | Rake $0.50
Board [2d 8c 7c 8d 4c]
Seat 2: Qvidde (button) (small blind) collected ($41.50)
Seat 4: ARARAT ANAPA (big blind) folded on the River


PokerStars Hand #169207928656:  Hold'em Limit ($3/$6 USD) - 2017/04/18 7:11:56 ET
Table 'Ruvuma' 6-max Seat #2 is the button
Seat 2: Qvidde ($161.76 in chips)
Seat 4: ARARAT ANAPA ($71.19 in chips)
Qvidde: posts small blind $1
ARARAT ANAPA: posts big blind $3
*** HOLE CARDS ***
Qvidde: raises $3 to $6
ARARAT ANAPA: calls $3
*** FLOP *** [5c 5h 4c]
ARARAT ANAPA: bets $3
Qvidde: calls $3
*** TURN *** [5c 5h 4c] [4d]
ARARAT ANAPA: checks
Qvidde: checks
*** RIVER *** [5c 5h 4c 4d] [Ad]
ARARAT ANAPA: bets $6
Qvidde: calls $6
*** SHOW DOWN ***
ARARAT ANAPA: shows [9d 3s] (two pair, Fives and Fours)
Qvidde: shows [6h Ts] (two pair, Fives and Fours)
songyou3 joins the table at seat #6
ARARAT ANAPA collected $14.75 from pot
Qvidde collected $14.75 from pot
*** SUMMARY ***
Total pot $30 | Rake $0.50
Board [5c 5h 4c 4d Ad]
Seat 2: Qvidde (button) (small blind) showed [6h Ts] and won ($14.75) with two pair, Fives and Fours
Seat 4: ARARAT ANAPA (big blind) showed [9d 3s] and won ($14.75) with two pair, Fives and Fours


PokerStars Hand #169208431429:  Hold'em Limit ($3/$6 USD) - 2017/04/18 7:30:02 ET
Table 'Ruvuma' 6-max Seat #2 is the button
Seat 1: xywz089 ($124.15 in chips)
Seat 2: Qvidde ($173.37 in chips)
Qvidde: posts small blind $1
xywz089: posts big blind $3
*** HOLE CARDS ***
Qvidde: raises $3 to $6
xywz089: calls $3
*** FLOP *** [Ks Ts 3h]
xywz089: checks
Qvidde: bets $3
xywz089: folds
Uncalled bet ($3) returned to Qvidde
Qvidde collected $11.76 from pot
Qvidde: doesn't show hand
*** SUMMARY ***
Total pot $12 | Rake $0.24
Board [Ks Ts 3h]
Seat 1: xywz089 (big blind) folded on the Flop
Seat 2: Qvidde (button) (small blind) collected ($11.76)


PokerStars Hand #169208437402:  Hold'em Limit ($3/$6 USD) - 2017/04/18 7:30:15 ET
Table 'Ruvuma' 6-max Seat #1 is the button
Seat 1: xywz089 ($118.15 in chips)
Seat 2: Qvidde ($179.13 in chips)
xywz089: posts small blind $1
Qvidde: posts big blind $3
*** HOLE CARDS ***
xywz089: calls $2
Qvidde: raises $3 to $6
xywz089: raises $3 to $9
Qvidde: calls $3
*** FLOP *** [3h 2h 8h]
Qvidde: checks
xywz089: bets $3
Qvidde: calls $3
*** TURN *** [3h 2h 8h] [Qh]
Qvidde: bets $6
xywz089: calls $6
*** RIVER *** [3h 2h 8h Qh] [6s]
songyou3 was removed from the table for failing to post
Qvidde: checks
xywz089: bets $6
Qvidde: folds
Uncalled bet ($6) returned to xywz089
xywz089 collected $35.50 from pot
*** SUMMARY ***
Total pot $36 | Rake $0.50
Board [3h 2h 8h Qh 6s]
Seat 1: xywz089 (button) (small blind) collected ($35.50)
Seat 2: Qvidde (big blind) folded on the River


PokerStars Hand #169208463257:  Hold'em Limit ($3/$6 USD) - 2017/04/18 7:31:10 ET
Table 'Ruvuma' 6-max Seat #2 is the button
Seat 1: xywz089 ($135.65 in chips)
Seat 2: Qvidde ($161.13 in chips)
Qvidde: posts small blind $1
xywz089: posts big blind $3
*** HOLE CARDS ***
Qvidde: raises $3 to $6
xywz089: raises $3 to $9
Qvidde: calls $3
*** FLOP *** [4s 9s Ac]
xywz089: bets $3
Qvidde: calls $3
*** TURN *** [4s 9s Ac] [5c]
xywz089: bets $6
Qvidde: calls $6
*** RIVER *** [4s 9s Ac 5c] [4c]
xywz089: bets $6
Qvidde: raises $6 to $12
xywz089: calls $6
*** SHOW DOWN ***
Qvidde: shows [6s 4d] (three of a kind, Fours)
xywz089: mucks hand
Qvidde collected $59.50 from pot
*** SUMMARY ***
Total pot $60 | Rake $0.50
Board [4s 9s Ac 5c 4c]
Seat 1: xywz089 (big blind) mucked
Seat 2: Qvidde (button) (small blind) showed [6s 4d] and won ($59.50) with three of a kind, Fours


PokerStars Hand #169208490339:  Hold'em Limit ($3/$6 USD) - 2017/04/18 7:32:07 ET
Table 'Ruvuma' 6-max Seat #1 is the button
Seat 1: xywz089 ($105.65 in chips)
Seat 2: Qvidde ($190.63 in chips)
xywz089: posts small blind $1
Qvidde: posts big blind $3
*** HOLE CARDS ***
xywz089: raises $3 to $6
Qvidde: raises $3 to $9
xywz089: calls $3
*** FLOP *** [8h 7h 7d]
Qvidde: bets $3
xywz089: calls $3
*** TURN *** [8h 7h 7d] [Kd]
Qvidde: checks
xywz089: bets $6
Qvidde: calls $6
*** RIVER *** [8h 7h 7d Kd] [4d]
nineflower joins the table at seat #6
Qvidde: checks
xywz089: checks
*** SHOW DOWN ***
Qvidde: shows [Ac Qc] (a pair of Sevens)
xywz089: shows [3h 4c] (two pair, Sevens and Fours)
xywz089 collected $35.50 from pot
*** SUMMARY ***
Total pot $36 | Rake $0.50
Board [8h 7h 7d Kd 4d]
Seat 1: xywz089 (button) (small blind) showed [3h 4c] and won ($35.50) with two pair, Sevens and Fours
Seat 2: Qvidde (big blind) showed [Ac Qc] and lost with a pair of Sevens


PokerStars Hand #169209987854:  Hold'em Limit ($3/$6 USD) - 2017/04/18 8:22:59 ET
Table 'Ruvuma' 6-max Seat #6 is the button
Seat 2: Qvidde ($183.57 in chips)
Seat 6: knas4 ($252.57 in chips)
knas4: posts small blind $1
TopDJTex: is sitting out
Qvidde: posts big blind $3
*** HOLE CARDS ***
knas4: raises $3 to $6
Qvidde: calls $3
*** FLOP *** [2s 9c 3h]
Qvidde: checks
knas4: bets $3
Qvidde: raises $3 to $6
knas4: calls $3
*** TURN *** [2s 9c 3h] [8s]
Qvidde: bets $6
knas4: folds
Uncalled bet ($6) returned to Qvidde
Qvidde collected $23.52 from pot
Qvidde: doesn't show hand
knas4 leaves the table
*** SUMMARY ***
Total pot $24 | Rake $0.48
Board [2s 9c 3h 8s]
Seat 2: Qvidde (big blind) collected ($23.52)
Seat 6: knas4 (button) (small blind) folded on the Turn


