PokerStars Hand #165335222942:  Hold'em Limit ($3/$6 USD) - 2017/01/29 1:30:05 ET
Table 'Ruvuma' 10-max Seat #6 is the button
Seat 6: sim5sim5 ($72 in chips)
Seat 7: Rus29APX ($128.50 in chips)
sim5sim5: posts small blind $1
Rus29APX: posts big blind $3
*** HOLE CARDS ***
sim5sim5: raises $3 to $6
Rus29APX: raises $3 to $9
sim5sim5: raises $3 to $12
Betting is capped
Rus29APX: calls $3
*** FLOP *** [Js Td Ts]
Rus29APX: checks
sim5sim5: bets $3
Rus29APX: calls $3
*** TURN *** [Js Td Ts] [Th]
Rus29APX: checks
sim5sim5: bets $6
Rus29APX: calls $6
*** RIVER *** [Js Td Ts Th] [4s]
Rus29APX: checks
sim5sim5: bets $6
Rus29APX: calls $6
*** SHOW DOWN ***
sim5sim5: shows [Jh Qd] (a full house, Tens full of Jacks)
Rus29APX: mucks hand
sim5sim5 collected $53.50 from pot
*** SUMMARY ***
Total pot $54 | Rake $0.50
Board [Js Td Ts Th 4s]
Seat 6: sim5sim5 (button) (small blind) showed [Jh Qd] and won ($53.50) with a full house, Tens full of Jacks
Seat 7: Rus29APX (big blind) mucked


PokerStars Hand #165335241373:  Hold'em Limit ($3/$6 USD) - 2017/01/29 1:31:10 ET
Table 'Ruvuma' 10-max Seat #6 is the button
Seat 6: sim5sim5 ($92.50 in chips)
Seat 7: Rus29APX ($107.26 in chips)
sim5sim5: posts small blind $1
Rus29APX: posts big blind $3
*** HOLE CARDS ***
sim5sim5: raises $3 to $6
Rus29APX: calls $3
*** FLOP *** [2d 2c 7c]
Rus29APX: checks
sim5sim5: bets $3
Rus29APX: folds
Uncalled bet ($3) returned to sim5sim5
sim5sim5 collected $11.76 from pot
sim5sim5: doesn't show hand
*** SUMMARY ***
Total pot $12 | Rake $0.24
Board [2d 2c 7c]
Seat 6: sim5sim5 (button) (small blind) collected ($11.76)
Seat 7: Rus29APX (big blind) folded on the Flop


PokerStars Hand #165335237329:  Hold'em Limit ($3/$6 USD) - 2017/01/29 1:30:55 ET
Table 'Ruvuma' 10-max Seat #7 is the button
Seat 6: sim5sim5 ($98.50 in chips)
Seat 7: Rus29APX ($101.50 in chips)
Rus29APX: posts small blind $1
sim5sim5: posts big blind $3
*** HOLE CARDS ***
Rus29APX: raises $3 to $6
sim5sim5: calls $3
*** FLOP *** [Ac As 8h]
sim5sim5: checks
Rus29APX: bets $3
sim5sim5: folds
Uncalled bet ($3) returned to Rus29APX
Rus29APX collected $11.76 from pot
Rus29APX: doesn't show hand
*** SUMMARY ***
Total pot $12 | Rake $0.24
Board [Ac As 8h]
Seat 6: sim5sim5 (big blind) folded on the Flop
Seat 7: Rus29APX (button) (small blind) collected ($11.76)


PokerStars Hand #165335255886:  Hold'em Limit ($3/$6 USD) - 2017/01/29 1:32:01 ET
Table 'Ruvuma' 10-max Seat #6 is the button
Seat 6: sim5sim5 ($74.26 in chips)
Seat 7: Rus29APX ($124.76 in chips)
sim5sim5: posts small blind $1
Rus29APX: posts big blind $3
*** HOLE CARDS ***
sim5sim5: folds
Uncalled bet ($2) returned to Rus29APX
Rus29APX collected $2 from pot
Rus29APX: doesn't show hand
*** SUMMARY ***
Total pot $2 | Rake $0
Seat 6: sim5sim5 (button) (small blind) folded before Flop
Seat 7: Rus29APX (big blind) collected ($2)


PokerStars Hand #165335245848:  Hold'em Limit ($3/$6 USD) - 2017/01/29 1:31:25 ET
Table 'Ruvuma' 10-max Seat #7 is the button
Seat 6: sim5sim5 ($98.26 in chips)
Seat 7: Rus29APX ($101.26 in chips)
Rus29APX: posts small blind $1
sim5sim5: posts big blind $3
*** HOLE CARDS ***
Rus29APX: raises $3 to $6
sim5sim5: raises $3 to $9
Rus29APX: calls $3
*** FLOP *** [3d Qh 6h]
sim5sim5: bets $3
Rus29APX: calls $3
*** TURN *** [3d Qh 6h] [4c]
sim5sim5: bets $6
Rus29APX: calls $6
*** RIVER *** [3d Qh 6h 4c] [Ah]
sim5sim5: checks
Rus29APX: bets $6
sim5sim5: calls $6
*** SHOW DOWN ***
Rus29APX: shows [8h As] (a pair of Aces)
sim5sim5: mucks hand
Rus29APX collected $47.50 from pot
*** SUMMARY ***
Total pot $48 | Rake $0.50
Board [3d Qh 6h 4c Ah]
Seat 6: sim5sim5 (big blind) mucked
Seat 7: Rus29APX (button) (small blind) showed [8h As] and won ($47.50) with a pair of Aces


PokerStars Hand #165335257676:  Hold'em Limit ($3/$6 USD) - 2017/01/29 1:32:07 ET
Table 'Ruvuma' 10-max Seat #7 is the button
Seat 6: sim5sim5 ($73.26 in chips)
Seat 7: Rus29APX ($125.76 in chips)
Rus29APX: posts small blind $1
sim5sim5: posts big blind $3
*** HOLE CARDS ***
Rus29APX: raises $3 to $6
sim5sim5: raises $3 to $9
Rus29APX: calls $3
*** FLOP *** [7h 4d Kh]
sim5sim5: bets $3
Rus29APX: calls $3
*** TURN *** [7h 4d Kh] [8c]
sim5sim5: bets $6
Rus29APX: calls $6
*** RIVER *** [7h 4d Kh 8c] [Jd]
sim5sim5: checks
Rus29APX: bets $6
sim5sim5: calls $6
*** SHOW DOWN ***
Rus29APX: shows [Ts 7d] (a pair of Sevens)
sim5sim5: mucks hand
Rus29APX collected $47.50 from pot
*** SUMMARY ***
Total pot $48 | Rake $0.50
Board [7h 4d Kh 8c Jd]
Seat 6: sim5sim5 (big blind) mucked
Seat 7: Rus29APX (button) (small blind) showed [Ts 7d] and won ($47.50) with a pair of Sevens


PokerStars Hand #165335273360:  Hold'em Limit ($3/$6 USD) - 2017/01/29 1:33:01 ET
Table 'Ruvuma' 10-max Seat #6 is the button
Seat 6: sim5sim5 ($72 in chips)
Seat 7: Rus29APX ($149.26 in chips)
sim5sim5: posts small blind $1
Rus29APX: posts big blind $3
*** HOLE CARDS ***
sim5sim5: raises $3 to $6
Rus29APX: calls $3
*** FLOP *** [9h Ac Qs]
Rus29APX: checks
sim5sim5: bets $3
Rus29APX: calls $3
*** TURN *** [9h Ac Qs] [6c]
Rus29APX: checks
sim5sim5: bets $6
Rus29APX: folds
Uncalled bet ($6) returned to sim5sim5
sim5sim5 collected $17.64 from pot
sim5sim5: doesn't show hand
*** SUMMARY ***
Total pot $18 | Rake $0.36
Board [9h Ac Qs 6c]
Seat 6: sim5sim5 (button) (small blind) collected ($17.64)
Seat 7: Rus29APX (big blind) folded on the Turn


PokerStars Hand #165335281730:  Hold'em Limit ($3/$6 USD) - 2017/01/29 1:33:31 ET
Table 'Ruvuma' 10-max Seat #7 is the button
Seat 6: sim5sim5 ($80.64 in chips)
Seat 7: Rus29APX ($140.26 in chips)
Rus29APX: posts small blind $1
sim5sim5: posts big blind $3
*** HOLE CARDS ***
Rus29APX: raises $3 to $6
sim5sim5: calls $3
*** FLOP *** [As Ts Td]
sim5sim5: checks
Rus29APX: bets $3
sim5sim5: folds
Uncalled bet ($3) returned to Rus29APX
Rus29APX collected $11.76 from pot
Rus29APX: doesn't show hand
*** SUMMARY ***
Total pot $12 | Rake $0.24
Board [As Ts Td]
Seat 6: sim5sim5 (big blind) folded on the Flop
Seat 7: Rus29APX (button) (small blind) collected ($11.76)


PokerStars Hand #165335285701:  Hold'em Limit ($3/$6 USD) - 2017/01/29 1:33:44 ET
Table 'Ruvuma' 10-max Seat #6 is the button
Seat 6: sim5sim5 ($74.64 in chips)
Seat 7: Rus29APX ($146.02 in chips)
sim5sim5: posts small blind $1
Rus29APX: posts big blind $3
*** HOLE CARDS ***
sim5sim5: raises $3 to $6
Rus29APX: calls $3
*** FLOP *** [Td Kh Kd]
Rus29APX: checks
sim5sim5: bets $3
Rus29APX: calls $3
*** TURN *** [Td Kh Kd] [6c]
Rus29APX: checks
sim5sim5: bets $6
Rus29APX: calls $6
*** RIVER *** [Td Kh Kd 6c] [Qd]
Rus29APX: checks
sim5sim5: checks
*** SHOW DOWN ***
Rus29APX: shows [Jh 6d] (two pair, Kings and Sixes)
sim5sim5: shows [7h 6s] (two pair, Kings and Sixes)
Rus29APX collected $14.75 from pot
sim5sim5 collected $14.75 from pot
*** SUMMARY ***
Total pot $30 | Rake $0.50
Board [Td Kh Kd 6c Qd]
Seat 6: sim5sim5 (button) (small blind) showed [7h 6s] and won ($14.75) with two pair, Kings and Sixes
Seat 7: Rus29APX (big blind) showed [Jh 6d] and won ($14.75) with two pair, Kings and Sixes


PokerStars Hand #165335295601:  Hold'em Limit ($3/$6 USD) - 2017/01/29 1:34:19 ET
Table 'Ruvuma' 10-max Seat #7 is the button
Seat 6: sim5sim5 ($74.39 in chips)
Seat 7: Rus29APX ($145.77 in chips)
Rus29APX: posts small blind $1
sim5sim5: posts big blind $3
*** HOLE CARDS ***
Rus29APX: raises $3 to $6
sim5sim5: calls $3
*** FLOP *** [Ks Qd 7h]
sim5sim5: checks
Rus29APX: bets $3
sim5sim5: calls $3
*** TURN *** [Ks Qd 7h] [2c]
sim5sim5: checks
Rus29APX: checks
*** RIVER *** [Ks Qd 7h 2c] [3d]
sim5sim5: bets $6
Rus29APX: calls $6
*** SHOW DOWN ***
sim5sim5: shows [7s Jd] (a pair of Sevens)
Rus29APX: mucks hand
sim5sim5 collected $29.50 from pot
*** SUMMARY ***
Total pot $30 | Rake $0.50
Board [Ks Qd 7h 2c 3d]
Seat 6: sim5sim5 (big blind) showed [7s Jd] and won ($29.50) with a pair of Sevens
Seat 7: Rus29APX (button) (small blind) mucked


PokerStars Hand #165335302691:  Hold'em Limit ($3/$6 USD) - 2017/01/29 1:34:44 ET
Table 'Ruvuma' 10-max Seat #6 is the button
Seat 6: sim5sim5 ($88.89 in chips)
Seat 7: Rus29APX ($130.77 in chips)
sim5sim5: posts small blind $1
Rus29APX: posts big blind $3
*** HOLE CARDS ***
sim5sim5: raises $3 to $6
Rus29APX: calls $3
*** FLOP *** [5c Td 6h]
Rus29APX: checks
sim5sim5: bets $3
Rus29APX: raises $3 to $6
sim5sim5: calls $3
*** TURN *** [5c Td 6h] [4c]
Rus29APX: bets $6
sim5sim5: calls $6
*** RIVER *** [5c Td 6h 4c] [9d]
Rus29APX: bets $6
sim5sim5: folds
Uncalled bet ($6) returned to Rus29APX
Rus29APX collected $35.50 from pot
Rus29APX: doesn't show hand
*** SUMMARY ***
Total pot $36 | Rake $0.50
Board [5c Td 6h 4c 9d]
Seat 6: sim5sim5 (button) (small blind) folded on the River
Seat 7: Rus29APX (big blind) collected ($35.50)


PokerStars Hand #165335311450:  Hold'em Limit ($3/$6 USD) - 2017/01/29 1:35:14 ET
Table 'Ruvuma' 10-max Seat #7 is the button
Seat 6: sim5sim5 ($72 in chips)
Seat 7: Rus29APX ($148.27 in chips)
Rus29APX: posts small blind $1
sim5sim5: posts big blind $3
*** HOLE CARDS ***
Rus29APX: raises $3 to $6
sim5sim5: raises $3 to $9
Rus29APX: calls $3
*** FLOP *** [5s Jh Kc]
sim5sim5: bets $3
Rus29APX: calls $3
*** TURN *** [5s Jh Kc] [9h]
sim5sim5: bets $6
Rus29APX: calls $6
*** RIVER *** [5s Jh Kc 9h] [Td]
sim5sim5: bets $6
Rus29APX: calls $6
*** SHOW DOWN ***
sim5sim5: shows [8h Ks] (a pair of Kings)
Rus29APX: mucks hand
sim5sim5 collected $47.50 from pot
*** SUMMARY ***
Total pot $48 | Rake $0.50
Board [5s Jh Kc 9h Td]
Seat 6: sim5sim5 (big blind) showed [8h Ks] and won ($47.50) with a pair of Kings
Seat 7: Rus29APX (button) (small blind) mucked


