PokerStars Hand #158496840185:  Hold'em Limit ($3/$6 USD) - 2016/09/12 5:42:52 ET
Table 'Ruzena II' 10-max Seat #1 is the button
Seat 1: mogoallin ($104.76 in chips)
Seat 5: simper11 ($134.28 in chips)
mogoallin: posts small blind $1
simper11: posts big blind $3
*** HOLE CARDS ***
mogoallin: raises $3 to $6
simper11: calls $3
*** FLOP *** [Ts 2h 3c]
simper11: checks
mogoallin: bets $3
simper11: folds
Uncalled bet ($3) returned to mogoallin
mogoallin collected $11.76 from pot
mogoallin: doesn't show hand
*** SUMMARY ***
Total pot $12 | Rake $0.24
Board [Ts 2h 3c]
Seat 1: mogoallin (button) (small blind) collected ($11.76)
Seat 5: simper11 (big blind) folded on the Flop


PokerStars Hand #158496834806:  Hold'em Limit ($3/$6 USD) - 2016/09/12 5:42:37 ET
Table 'Ruzena II' 10-max Seat #5 is the button
Seat 1: mogoallin ($113.76 in chips)
Seat 5: simper11 ($125.64 in chips)
simper11: posts small blind $1
mogoallin: posts big blind $3
*** HOLE CARDS ***
simper11: raises $3 to $6
mogoallin: calls $3
*** FLOP *** [8s 8d Kd]
mogoallin: checks
simper11: bets $3
mogoallin: calls $3
*** TURN *** [8s 8d Kd] [Td]
mogoallin: checks
simper11: bets $6
mogoallin: folds
Uncalled bet ($6) returned to simper11
simper11 collected $17.64 from pot
simper11: doesn't show hand
*** SUMMARY ***
Total pot $18 | Rake $0.36
Board [8s 8d Kd Td]
Seat 1: mogoallin (big blind) folded on the Turn
Seat 5: simper11 (button) (small blind) collected ($17.64)


PokerStars Hand #158496830896:  Hold'em Limit ($3/$6 USD) - 2016/09/12 5:42:25 ET
Table 'Ruzena II' 10-max Seat #1 is the button
Seat 1: mogoallin ($108 in chips)
Seat 5: simper11 ($131.64 in chips)
mogoallin: posts small blind $1
simper11: posts big blind $3
*** HOLE CARDS ***
mogoallin: raises $3 to $6
simper11: calls $3
*** FLOP *** [Ah Ac Ts]
simper11: checks
mogoallin: bets $3
simper11: folds
Uncalled bet ($3) returned to mogoallin
mogoallin collected $11.76 from pot
mogoallin: doesn't show hand
*** SUMMARY ***
Total pot $12 | Rake $0.24
Board [Ah Ac Ts]
Seat 1: mogoallin (button) (small blind) collected ($11.76)
Seat 5: simper11 (big blind) folded on the Flop


PokerStars Hand #158496828656:  Hold'em Limit ($3/$6 USD) - 2016/09/12 5:42:19 ET
Table 'Ruzena II' 10-max Seat #5 is the button
Seat 1: mogoallin ($111 in chips)
Seat 5: simper11 ($128.64 in chips)
simper11: posts small blind $1
mogoallin: posts big blind $3
*** HOLE CARDS ***
simper11: raises $3 to $6
mogoallin: folds
Uncalled bet ($3) returned to simper11
simper11 collected $6 from pot
simper11: doesn't show hand
*** SUMMARY ***
Total pot $6 | Rake $0
Seat 1: mogoallin (big blind) folded before Flop
Seat 5: simper11 (button) (small blind) collected ($6)


PokerStars Hand #158496822822:  Hold'em Limit ($3/$6 USD) - 2016/09/12 5:42:02 ET
Table 'Ruzena II' 10-max Seat #1 is the button
Seat 1: mogoallin ($120 in chips)
Seat 5: simper11 ($120 in chips)
mogoallin: posts small blind $1
simper11: posts big blind $3
*** HOLE CARDS ***
mogoallin: raises $3 to $6
simper11: calls $3
*** FLOP *** [5c As Tc]
simper11: checks
mogoallin: bets $3
simper11: calls $3
*** TURN *** [5c As Tc] [Qh]
simper11: checks
mogoallin: checks
*** RIVER *** [5c As Tc Qh] [9s]
simper11: checks
mogoallin: checks
*** SHOW DOWN ***
simper11: shows [5d 2d] (a pair of Fives)
mogoallin: mucks hand
simper11 collected $17.64 from pot
*** SUMMARY ***
Total pot $18 | Rake $0.36
Board [5c As Tc Qh 9s]
Seat 1: mogoallin (button) (small blind) mucked
Seat 5: simper11 (big blind) showed [5d 2d] and won ($17.64) with a pair of Fives


PokerStars Hand #158496860855:  Hold'em Limit ($3/$6 USD) - 2016/09/12 5:43:50 ET
Table 'Ruzena II' 10-max Seat #5 is the button
Seat 1: mogoallin ($133.78 in chips)
Seat 5: simper11 ($122.76 in chips)
simper11: posts small blind $1
mogoallin: posts big blind $3
*** HOLE CARDS ***
simper11: raises $3 to $6
mogoallin: calls $3
*** FLOP *** [Ac Js Th]
mogoallin: checks
simper11: bets $3
mogoallin: calls $3
*** TURN *** [Ac Js Th] [Ks]
mogoallin: checks
simper11: checks
*** RIVER *** [Ac Js Th Ks] [4c]
mogoallin: checks
simper11: checks
*** SHOW DOWN ***
mogoallin: shows [Jd 7d] (a pair of Jacks)
simper11: shows [6d Kh] (a pair of Kings)
simper11 collected $17.64 from pot
*** SUMMARY ***
Total pot $18 | Rake $0.36
Board [Ac Js Th Ks 4c]
Seat 1: mogoallin (big blind) showed [Jd 7d] and lost with a pair of Jacks
Seat 5: simper11 (button) (small blind) showed [6d Kh] and won ($17.64) with a pair of Kings


PokerStars Hand #158496858655:  Hold'em Limit ($3/$6 USD) - 2016/09/12 5:43:44 ET
Table 'Ruzena II' 10-max Seat #1 is the button
Seat 1: mogoallin ($130.78 in chips)
Seat 5: simper11 ($125.76 in chips)
mogoallin: posts small blind $1
simper11: posts big blind $3
*** HOLE CARDS ***
mogoallin: raises $3 to $6
simper11: folds
Uncalled bet ($3) returned to mogoallin
mogoallin collected $6 from pot
mogoallin: doesn't show hand
*** SUMMARY ***
Total pot $6 | Rake $0
Seat 1: mogoallin (button) (small blind) collected ($6)
Seat 5: simper11 (big blind) folded before Flop


PokerStars Hand #158496855459:  Hold'em Limit ($3/$6 USD) - 2016/09/12 5:43:35 ET
Table 'Ruzena II' 10-max Seat #5 is the button
Seat 1: mogoallin ($136.78 in chips)
Seat 5: simper11 ($120 in chips)
simper11: posts small blind $1
mogoallin: posts big blind $3
*** HOLE CARDS ***
simper11: raises $3 to $6
mogoallin: calls $3
*** FLOP *** [Qh Ah 5s]
mogoallin: checks
simper11: bets $3
mogoallin: folds
Uncalled bet ($3) returned to simper11
simper11 collected $11.76 from pot
simper11: doesn't show hand
*** SUMMARY ***
Total pot $12 | Rake $0.24
Board [Qh Ah 5s]
Seat 1: mogoallin (big blind) folded on the Flop
Seat 5: simper11 (button) (small blind) collected ($11.76)


PokerStars Hand #158496848789:  Hold'em Limit ($3/$6 USD) - 2016/09/12 5:43:16 ET
Table 'Ruzena II' 10-max Seat #1 is the button
Seat 1: mogoallin ($131.02 in chips)
Seat 5: simper11 ($120 in chips)
mogoallin: posts small blind $1
simper11: posts big blind $3
*** HOLE CARDS ***
mogoallin: raises $3 to $6
simper11: calls $3
*** FLOP *** [Kd 7s Ks]
simper11: checks
mogoallin: checks
*** TURN *** [Kd 7s Ks] [5s]
simper11: checks
mogoallin: bets $6
simper11: folds
Uncalled bet ($6) returned to mogoallin
mogoallin collected $11.76 from pot
mogoallin: doesn't show hand
*** SUMMARY ***
Total pot $12 | Rake $0.24
Board [Kd 7s Ks 5s]
Seat 1: mogoallin (button) (small blind) collected ($11.76)
Seat 5: simper11 (big blind) folded on the Turn


PokerStars Hand #158496842971:  Hold'em Limit ($3/$6 USD) - 2016/09/12 5:43:00 ET
Table 'Ruzena II' 10-max Seat #5 is the button
Seat 1: mogoallin ($110.52 in chips)
Seat 5: simper11 ($128.28 in chips)
simper11: posts small blind $1
mogoallin: posts big blind $3
*** HOLE CARDS ***
simper11: raises $3 to $6
mogoallin: calls $3
*** FLOP *** [Tc 2d 6s]
mogoallin: checks
simper11: bets $3
mogoallin: calls $3
*** TURN *** [Tc 2d 6s] [Ad]
mogoallin: checks
simper11: bets $6
mogoallin: raises $6 to $12
simper11: calls $6
*** RIVER *** [Tc 2d 6s Ad] [3s]
mogoallin: bets $6
simper11: folds
Uncalled bet ($6) returned to mogoallin
mogoallin collected $41.50 from pot
mogoallin: doesn't show hand
*** SUMMARY ***
Total pot $42 | Rake $0.50
Board [Tc 2d 6s Ad 3s]
Seat 1: mogoallin (big blind) collected ($41.50)
Seat 5: simper11 (button) (small blind) folded on the River


PokerStars Hand #158496880290:  Hold'em Limit ($3/$6 USD) - 2016/09/12 5:44:46 ET
Table 'Ruzena II' 10-max Seat #1 is the button
Seat 1: mogoallin ($133.04 in chips)
Seat 5: simper11 ($122.04 in chips)
mogoallin: posts small blind $1
simper11: posts big blind $3
*** HOLE CARDS ***
mogoallin: raises $3 to $6
simper11: raises $3 to $9
mogoallin: calls $3
*** FLOP *** [Jd 8h 3h]
simper11: bets $3
mogoallin: calls $3
*** TURN *** [Jd 8h 3h] [4c]
simper11: bets $6
mogoallin: calls $6
*** RIVER *** [Jd 8h 3h 4c] [9d]
simper11: bets $6
mogoallin: calls $6
*** SHOW DOWN ***
simper11: shows [Jc Ah] (a pair of Jacks)
mogoallin: mucks hand
simper11 collected $47.50 from pot
*** SUMMARY ***
Total pot $48 | Rake $0.50
Board [Jd 8h 3h 4c 9d]
Seat 1: mogoallin (button) (small blind) mucked
Seat 5: simper11 (big blind) showed [Jc Ah] and won ($47.50) with a pair of Jacks


PokerStars Hand #158496874692:  Hold'em Limit ($3/$6 USD) - 2016/09/12 5:44:30 ET
Table 'Ruzena II' 10-max Seat #5 is the button
Seat 1: mogoallin ($118.54 in chips)
Seat 5: simper11 ($137.04 in chips)
simper11: posts small blind $1
mogoallin: posts big blind $3
*** HOLE CARDS ***
simper11: raises $3 to $6
mogoallin: calls $3
*** FLOP *** [8h 3h 9s]
mogoallin: checks
simper11: bets $3
mogoallin: calls $3
*** TURN *** [8h 3h 9s] [Kd]
mogoallin: checks
simper11: bets $6
mogoallin: calls $6
*** RIVER *** [8h 3h 9s Kd] [2s]
mogoallin: checks
simper11: checks
*** SHOW DOWN ***
mogoallin: shows [3d 4d] (a pair of Threes)
simper11: mucks hand
mogoallin collected $29.50 from pot
*** SUMMARY ***
Total pot $30 | Rake $0.50
Board [8h 3h 9s Kd 2s]
Seat 1: mogoallin (big blind) showed [3d 4d] and won ($29.50) with a pair of Threes
Seat 5: simper11 (button) (small blind) mucked


PokerStars Hand #158496870472:  Hold'em Limit ($3/$6 USD) - 2016/09/12 5:44:18 ET
Table 'Ruzena II' 10-max Seat #1 is the button
Seat 1: mogoallin ($127.54 in chips)
Seat 5: simper11 ($128.40 in chips)
mogoallin: posts small blind $1
simper11: posts big blind $3
*** HOLE CARDS ***
mogoallin: raises $3 to $6
simper11: calls $3
*** FLOP *** [3c 9s Ah]
simper11: checks
mogoallin: bets $3
simper11: raises $3 to $6
mogoallin: folds
Uncalled bet ($3) returned to simper11
simper11 collected $17.64 from pot
simper11: doesn't show hand
*** SUMMARY ***
Total pot $18 | Rake $0.36
Board [3c 9s Ah]
Seat 1: mogoallin (button) (small blind) folded on the Flop
Seat 5: simper11 (big blind) collected ($17.64)


PokerStars Hand #158496868594:  Hold'em Limit ($3/$6 USD) - 2016/09/12 5:44:13 ET
Table 'Ruzena II' 10-max Seat #5 is the button
Seat 1: mogoallin ($130.54 in chips)
Seat 5: simper11 ($125.40 in chips)
simper11: posts small blind $1
mogoallin: posts big blind $3
*** HOLE CARDS ***
simper11: raises $3 to $6
mogoallin: folds
Uncalled bet ($3) returned to simper11
simper11 collected $6 from pot
simper11: doesn't show hand
*** SUMMARY ***
Total pot $6 | Rake $0
Seat 1: mogoallin (big blind) folded before Flop
Seat 5: simper11 (button) (small blind) collected ($6)


PokerStars Hand #158496865522:  Hold'em Limit ($3/$6 USD) - 2016/09/12 5:44:04 ET
Table 'Ruzena II' 10-max Seat #1 is the button
Seat 1: mogoallin ($124.78 in chips)
Seat 5: simper11 ($131.40 in chips)
mogoallin: posts small blind $1
simper11: posts big blind $3
*** HOLE CARDS ***
mogoallin: raises $3 to $6
simper11: calls $3
*** FLOP *** [Qd Jc Jh]
simper11: checks
mogoallin: bets $3
simper11: folds
Uncalled bet ($3) returned to mogoallin
mogoallin collected $11.76 from pot
mogoallin: doesn't show hand
*** SUMMARY ***
Total pot $12 | Rake $0.24
Board [Qd Jc Jh]
Seat 1: mogoallin (button) (small blind) collected ($11.76)
Seat 5: simper11 (big blind) folded on the Flop


PokerStars Hand #158496901051:  Hold'em Limit ($3/$6 USD) - 2016/09/12 5:45:43 ET
Table 'Ruzena II' 10-max Seat #1 is the button
Seat 1: mogoallin ($114.44 in chips)
Seat 5: simper11 ($139.18 in chips)
mogoallin: posts small blind $1
simper11: posts big blind $3
*** HOLE CARDS ***
mogoallin: folds
Uncalled bet ($2) returned to simper11
simper11 collected $2 from pot
simper11: doesn't show hand
*** SUMMARY ***
Total pot $2 | Rake $0
Seat 1: mogoallin (button) (small blind) folded before Flop
Seat 5: simper11 (big blind) collected ($2)


PokerStars Hand #158496911567:  Hold'em Limit ($3/$6 USD) - 2016/09/12 5:46:13 ET
Table 'Ruzena II' 10-max Seat #5 is the button
Seat 1: mogoallin ($148.94 in chips)
Seat 5: simper11 ($120 in chips)
simper11: posts small blind $1
mogoallin: posts big blind $3
*** HOLE CARDS ***
simper11: raises $3 to $6
mogoallin: calls $3
*** FLOP *** [7h Qd 6h]
mogoallin: checks
simper11: bets $3
mogoallin: calls $3
*** TURN *** [7h Qd 6h] [4c]
mogoallin: checks
simper11: bets $6
mogoallin: calls $6
*** RIVER *** [7h Qd 6h 4c] [Ks]
mogoallin: checks
simper11: bets $6
mogoallin: folds
Uncalled bet ($6) returned to simper11
simper11 collected $29.50 from pot
simper11: doesn't show hand
*** SUMMARY ***
Total pot $30 | Rake $0.50
Board [7h Qd 6h 4c Ks]
Seat 1: mogoallin (big blind) folded on the River
Seat 5: simper11 (button) (small blind) collected ($29.50)


PokerStars Hand #158496917911:  Hold'em Limit ($3/$6 USD) - 2016/09/12 5:46:31 ET
Table 'Ruzena II' 10-max Seat #1 is the button
Seat 1: mogoallin ($133.94 in chips)
Seat 5: simper11 ($134.50 in chips)
mogoallin: posts small blind $1
simper11: posts big blind $3
*** HOLE CARDS ***
mogoallin: folds
Uncalled bet ($2) returned to simper11
simper11 collected $2 from pot
simper11: doesn't show hand
*** SUMMARY ***
Total pot $2 | Rake $0
Seat 1: mogoallin (button) (small blind) folded before Flop
Seat 5: simper11 (big blind) collected ($2)


PokerStars Hand #158496919714:  Hold'em Limit ($3/$6 USD) - 2016/09/12 5:46:36 ET
Table 'Ruzena II' 10-max Seat #5 is the button
Seat 1: mogoallin ($132.94 in chips)
Seat 5: simper11 ($135.50 in chips)
simper11: posts small blind $1
mogoallin: posts big blind $3
*** HOLE CARDS ***
simper11: raises $3 to $6
mogoallin: calls $3
*** FLOP *** [5d 6d Qd]
mogoallin: checks
simper11: bets $3
mogoallin: folds
Uncalled bet ($3) returned to simper11
simper11 collected $11.76 from pot
simper11: doesn't show hand
*** SUMMARY ***
Total pot $12 | Rake $0.24
Board [5d 6d Qd]
Seat 1: mogoallin (big blind) folded on the Flop
Seat 5: simper11 (button) (small blind) collected ($11.76)


PokerStars Hand #158496909694:  Hold'em Limit ($3/$6 USD) - 2016/09/12 5:46:08 ET
Table 'Ruzena II' 10-max Seat #1 is the button
Seat 1: mogoallin ($145.94 in chips)
Seat 5: simper11 ($120 in chips)
mogoallin: posts small blind $1
simper11: posts big blind $3
*** HOLE CARDS ***
mogoallin: raises $3 to $6
simper11: folds
Uncalled bet ($3) returned to mogoallin
mogoallin collected $6 from pot
mogoallin: doesn't show hand
*** SUMMARY ***
Total pot $6 | Rake $0
Seat 1: mogoallin (button) (small blind) collected ($6)
Seat 5: simper11 (big blind) folded before Flop


PokerStars Hand #158496903580:  Hold'em Limit ($3/$6 USD) - 2016/09/12 5:45:50 ET
Table 'Ruzena II' 10-max Seat #5 is the button
Seat 1: mogoallin ($113.44 in chips)
Seat 5: simper11 ($140.18 in chips)
simper11: posts small blind $1
mogoallin: posts big blind $3
*** HOLE CARDS ***
simper11: raises $3 to $6
mogoallin: calls $3
*** FLOP *** [3s 2h 9d]
mogoallin: checks
simper11: bets $3
mogoallin: calls $3
*** TURN *** [3s 2h 9d] [8c]
mogoallin: checks
simper11: bets $6
mogoallin: raises $6 to $12
simper11: raises $6 to $18
mogoallin: calls $6
*** RIVER *** [3s 2h 9d 8c] [9h]
mogoallin: checks
simper11: bets $6
mogoallin: calls $6
*** SHOW DOWN ***
simper11: shows [Js Td] (a pair of Nines)
mogoallin: shows [8s Ks] (two pair, Nines and Eights)
mogoallin collected $65.50 from pot
*** SUMMARY ***
Total pot $66 | Rake $0.50
Board [3s 2h 9d 8c 9h]
Seat 1: mogoallin (big blind) showed [8s Ks] and won ($65.50) with two pair, Nines and Eights
Seat 5: simper11 (button) (small blind) showed [Js Td] and lost with a pair of Nines


PokerStars Hand #158496897404:  Hold'em Limit ($3/$6 USD) - 2016/09/12 5:45:33 ET
Table 'Ruzena II' 10-max Seat #1 is the button
Seat 1: mogoallin ($114.44 in chips)
Seat 5: simper11 ($139.18 in chips)
mogoallin: posts small blind $1
simper11: posts big blind $3
*** HOLE CARDS ***
mogoallin: folds
Uncalled bet ($2) returned to simper11
simper11 collected $2 from pot
*** SUMMARY ***
Total pot $2 | Rake $0
Seat 1: mogoallin (button) (small blind) folded before Flop
Seat 5: simper11 (big blind) collected ($2)


PokerStars Hand #158496937409:  Hold'em Limit ($3/$6 USD) - 2016/09/12 5:47:25 ET
Table 'Ruzena II' 10-max Seat #5 is the button
Seat 1: mogoallin ($98.94 in chips)
Seat 5: simper11 ($168.26 in chips)
simper11: posts small blind $1
mogoallin: posts big blind $3
*** HOLE CARDS ***
simper11: raises $3 to $6
mogoallin: raises $3 to $9
simper11: calls $3
*** FLOP *** [Ts 4h 9h]
mogoallin: bets $3
simper11: calls $3
*** TURN *** [Ts 4h 9h] [Jd]
mogoallin: bets $6
simper11: calls $6
*** RIVER *** [Ts 4h 9h Jd] [9c]
mogoallin: bets $6
simper11: folds
Uncalled bet ($6) returned to mogoallin
mogoallin collected $35.50 from pot
mogoallin: doesn't show hand
*** SUMMARY ***
Total pot $36 | Rake $0.50
Board [Ts 4h 9h Jd 9c]
Seat 1: mogoallin (big blind) collected ($35.50)
Seat 5: simper11 (button) (small blind) folded on the River


PokerStars Hand #158496928236:  Hold'em Limit ($3/$6 USD) - 2016/09/12 5:47:00 ET
Table 'Ruzena II' 10-max Seat #1 is the button
Seat 1: mogoallin ($109.94 in chips)
Seat 5: simper11 ($157.76 in chips)
mogoallin: posts small blind $1
simper11: posts big blind $3
*** HOLE CARDS ***
mogoallin: raises $3 to $6
simper11: folds
Uncalled bet ($3) returned to mogoallin
mogoallin collected $6 from pot
mogoallin: doesn't show hand
*** SUMMARY ***
Total pot $6 | Rake $0
Seat 1: mogoallin (button) (small blind) collected ($6)
Seat 5: simper11 (big blind) folded before Flop


PokerStars Hand #158496930115:  Hold'em Limit ($3/$6 USD) - 2016/09/12 5:47:05 ET
Table 'Ruzena II' 10-max Seat #5 is the button
Seat 1: mogoallin ($112.94 in chips)
Seat 5: simper11 ($154.76 in chips)
simper11: posts small blind $1
mogoallin: posts big blind $3
*** HOLE CARDS ***
simper11: folds
Uncalled bet ($2) returned to mogoallin
mogoallin collected $2 from pot
mogoallin: doesn't show hand
*** SUMMARY ***
Total pot $2 | Rake $0
Seat 1: mogoallin (big blind) collected ($2)
Seat 5: simper11 (button) (small blind) folded before Flop


PokerStars Hand #158496926408:  Hold'em Limit ($3/$6 USD) - 2016/09/12 5:46:55 ET
Table 'Ruzena II' 10-max Seat #5 is the button
Seat 1: mogoallin ($108.94 in chips)
Seat 5: simper11 ($158.76 in chips)
simper11: posts small blind $1
mogoallin: posts big blind $3
*** HOLE CARDS ***
simper11: folds
Uncalled bet ($2) returned to mogoallin
mogoallin collected $2 from pot
mogoallin: doesn't show hand
*** SUMMARY ***
Total pot $2 | Rake $0
Seat 1: mogoallin (big blind) collected ($2)
Seat 5: simper11 (button) (small blind) folded before Flop


PokerStars Hand #158496922575:  Hold'em Limit ($3/$6 USD) - 2016/09/12 5:46:44 ET
Table 'Ruzena II' 10-max Seat #1 is the button
Seat 1: mogoallin ($126.94 in chips)
Seat 5: simper11 ($141.26 in chips)
mogoallin: posts small blind $1
simper11: posts big blind $3
*** HOLE CARDS ***
mogoallin: raises $3 to $6
simper11: calls $3
*** FLOP *** [8d 5c Ah]
simper11: checks
mogoallin: checks
*** TURN *** [8d 5c Ah] [5h]
simper11: bets $6
mogoallin: calls $6
*** RIVER *** [8d 5c Ah 5h] [4d]
simper11: bets $6
mogoallin: calls $6
*** SHOW DOWN ***
simper11: shows [7d 6d] (a straight, Four to Eight)
mogoallin: mucks hand
simper11 collected $35.50 from pot
*** SUMMARY ***
Total pot $36 | Rake $0.50
Board [8d 5c Ah 5h 4d]
Seat 1: mogoallin (button) (small blind) mucked
Seat 5: simper11 (big blind) showed [7d 6d] and won ($35.50) with a straight, Four to Eight


PokerStars Hand #158496931709:  Hold'em Limit ($3/$6 USD) - 2016/09/12 5:47:09 ET
Table 'Ruzena II' 10-max Seat #1 is the button
Seat 1: mogoallin ($113.94 in chips)
Seat 5: simper11 ($153.76 in chips)
mogoallin: posts small blind $1
simper11: posts big blind $3
*** HOLE CARDS ***
mogoallin: raises $3 to $6
simper11: calls $3
*** FLOP *** [Ac 3h 6s]
VolkovDmitri joins the table at seat #2
simper11: checks
mogoallin: bets $3
simper11: raises $3 to $6
mogoallin: raises $3 to $9
simper11: calls $3
*** TURN *** [Ac 3h 6s] [5c]
simper11: checks
mogoallin: checks
*** RIVER *** [Ac 3h 6s 5c] [4h]
simper11: bets $6
mogoallin: folds
Uncalled bet ($6) returned to simper11
simper11 collected $29.50 from pot
simper11: doesn't show hand
*** SUMMARY ***
Total pot $30 | Rake $0.50
Board [Ac 3h 6s 5c 4h]
Seat 1: mogoallin (button) (small blind) folded on the River
Seat 5: simper11 (big blind) collected ($29.50)


PokerStars Hand #158496886085:  Hold'em Limit ($3/$6 USD) - 2016/09/12 5:45:02 ET
Table 'Ruzena II' 10-max Seat #5 is the button
Seat 1: mogoallin ($109.04 in chips)
Seat 5: simper11 ($145.54 in chips)
simper11: posts small blind $1
mogoallin: posts big blind $3
*** HOLE CARDS ***
simper11: raises $3 to $6
mogoallin: calls $3
*** FLOP *** [Jh 3h Td]
mogoallin: checks
simper11: bets $3
mogoallin: calls $3
*** TURN *** [Jh 3h Td] [Ts]
mogoallin: checks
simper11: bets $6
mogoallin: folds
Uncalled bet ($6) returned to simper11
simper11 collected $17.64 from pot
simper11: doesn't show hand
*** SUMMARY ***
Total pot $18 | Rake $0.36
Board [Jh 3h Td Ts]
Seat 1: mogoallin (big blind) folded on the Turn
Seat 5: simper11 (button) (small blind) collected ($17.64)


PokerStars Hand #158496890713:  Hold'em Limit ($3/$6 USD) - 2016/09/12 5:45:15 ET
Table 'Ruzena II' 10-max Seat #1 is the button
Seat 1: mogoallin ($100.04 in chips)
Seat 5: simper11 ($154.18 in chips)
mogoallin: posts small blind $1
simper11: posts big blind $3
*** HOLE CARDS ***
mogoallin: raises $3 to $6
simper11: calls $3
*** FLOP *** [Js Qc Jd]
simper11: checks
mogoallin: bets $3
simper11: folds
Uncalled bet ($3) returned to mogoallin
mogoallin collected $11.76 from pot
mogoallin: doesn't show hand
*** SUMMARY ***
Total pot $12 | Rake $0.24
Board [Js Qc Jd]
Seat 1: mogoallin (button) (small blind) collected ($11.76)
Seat 5: simper11 (big blind) folded on the Flop


PokerStars Hand #158496894192:  Hold'em Limit ($3/$6 USD) - 2016/09/12 5:45:24 ET
Table 'Ruzena II' 10-max Seat #5 is the button
Seat 1: mogoallin ($105.80 in chips)
Seat 5: simper11 ($148.18 in chips)
simper11: posts small blind $1
mogoallin: posts big blind $3
*** HOLE CARDS ***
simper11: raises $3 to $6
mogoallin: raises $3 to $9
simper11: calls $3
*** FLOP *** [9c Tc 7c]
mogoallin: bets $3
simper11: folds
Uncalled bet ($3) returned to mogoallin
mogoallin collected $17.64 from pot
mogoallin: doesn't show hand
*** SUMMARY ***
Total pot $18 | Rake $0.36
Board [9c Tc 7c]
Seat 1: mogoallin (big blind) collected ($17.64)
Seat 5: simper11 (button) (small blind) folded on the Flop


