PokerStars Hand #151054287848:  Hold'em Limit ($3/$6 USD) - 2016/03/28 6:04:11 ET
Table 'Ruzena' 6-max Seat #4 is the button
Seat 1: Psychic_90 ($53.10 in chips)
Seat 4: Mudager ($120 in chips)
Mudager: posts small blind $1
Psychic_90: posts big blind $3
*** HOLE CARDS ***
Mudager: raises $3 to $6
Psychic_90: calls $3
*** FLOP *** [Qc 5h Kc]
Psychic_90: checks
Mudager: bets $3
Psychic_90: calls $3
*** TURN *** [Qc 5h Kc] [2s]
Psychic_90: checks
Mudager: bets $6
Psychic_90: calls $6
*** RIVER *** [Qc 5h Kc 2s] [4h]
Psychic_90: checks
Mudager: bets $6
Psychic_90: calls $6
*** SHOW DOWN ***
Mudager: shows [Kh Qs] (two pair, Kings and Queens)
Psychic_90: mucks hand
Mudager collected $41.50 from pot
*** SUMMARY ***
Total pot $42 | Rake $0.50
Board [Qc 5h Kc 2s 4h]
Seat 1: Psychic_90 (big blind) mucked
Seat 4: Mudager (button) (small blind) showed [Kh Qs] and won ($41.50) with two pair, Kings and Queens


PokerStars Hand #151054284190:  Hold'em Limit ($3/$6 USD) - 2016/03/28 6:04:03 ET
Table 'Ruzena' 6-max Seat #1 is the button
Seat 1: Psychic_90 ($50.10 in chips)
Seat 4: Mudager ($120 in chips)
Psychic_90: posts small blind $1
Mudager: posts big blind $3
*** HOLE CARDS ***
Psychic_90: raises $3 to $6
Mudager: folds
Uncalled bet ($3) returned to Psychic_90
Psychic_90 collected $6 from pot
Psychic_90: doesn't show hand
RockKillerTY joins the table at seat #2
*** SUMMARY ***
Total pot $6 | Rake $0
Seat 1: Psychic_90 (button) (small blind) collected ($6)
Seat 4: Mudager (big blind) folded before Flop


PokerStars Hand #151054280102:  Hold'em Limit ($3/$6 USD) - 2016/03/28 6:03:54 ET
Table 'Ruzena' 6-max Seat #4 is the button
Seat 1: Psychic_90 ($49.10 in chips)
Seat 4: Mudager ($121 in chips)
Mudager: posts small blind $1
Psychic_90: posts big blind $3
*** HOLE CARDS ***
Mudager: folds
Uncalled bet ($2) returned to Psychic_90
Psychic_90 collected $2 from pot
Psychic_90: doesn't show hand
*** SUMMARY ***
Total pot $2 | Rake $0
Seat 1: Psychic_90 (big blind) collected ($2)
Seat 4: Mudager (button) (small blind) folded before Flop


PokerStars Hand #151054274112:  Hold'em Limit ($3/$6 USD) - 2016/03/28 6:03:42 ET
Table 'Ruzena' 6-max Seat #1 is the button
Seat 1: Psychic_90 ($50.10 in chips)
Seat 4: Mudager ($120 in chips)
Psychic_90: posts small blind $1
Mudager: posts big blind $3
*** HOLE CARDS ***
Psychic_90: folds
Uncalled bet ($2) returned to Mudager
Mudager collected $2 from pot
Mudager: doesn't show hand
*** SUMMARY ***
Total pot $2 | Rake $0
Seat 1: Psychic_90 (button) (small blind) folded before Flop
Seat 4: Mudager (big blind) collected ($2)


PokerStars Hand #151054473319:  Hold'em Limit ($3/$6 USD) - 2016/03/28 6:10:45 ET
Table 'Ruzena' 6-max Seat #2 is the button
Seat 1: Psychic_90 ($46.09 in chips)
Seat 2: RockKillerTY ($129.95 in chips)
RockKillerTY: posts small blind $1
Psychic_90: posts big blind $3
*** HOLE CARDS ***
RockKillerTY: folds
Uncalled bet ($2) returned to Psychic_90
Psychic_90 collected $2 from pot
Psychic_90: doesn't show hand
*** SUMMARY ***
Total pot $2 | Rake $0
Seat 1: Psychic_90 (big blind) collected ($2)
Seat 2: RockKillerTY (button) (small blind) folded before Flop


PokerStars Hand #151054478998:  Hold'em Limit ($3/$6 USD) - 2016/03/28 6:10:57 ET
Table 'Ruzena' 6-max Seat #2 is the button
Seat 1: Psychic_90 ($50.09 in chips)
Seat 2: RockKillerTY ($125.95 in chips)
RockKillerTY: posts small blind $1
Psychic_90: posts big blind $3
*** HOLE CARDS ***
RockKillerTY: raises $3 to $6
Psychic_90: calls $3
*** FLOP *** [4h Kh 7c]
Psychic_90: checks
RockKillerTY: bets $3
Psychic_90: calls $3
*** TURN *** [4h Kh 7c] [Jh]
Psychic_90: checks
RockKillerTY: bets $6
Psychic_90: calls $6
*** RIVER *** [4h Kh 7c Jh] [8s]
Psychic_90: checks
RockKillerTY: checks
*** SHOW DOWN ***
Psychic_90: shows [Qc Jd] (a pair of Jacks)
RockKillerTY: mucks hand
Psychic_90 collected $29.50 from pot
*** SUMMARY ***
Total pot $30 | Rake $0.50
Board [4h Kh 7c Jh 8s]
Seat 1: Psychic_90 (big blind) showed [Qc Jd] and won ($29.50) with a pair of Jacks
Seat 2: RockKillerTY (button) (small blind) mucked


PokerStars Hand #151054475376:  Hold'em Limit ($3/$6 USD) - 2016/03/28 6:10:49 ET
Table 'Ruzena' 6-max Seat #1 is the button
Seat 1: Psychic_90 ($47.09 in chips)
Seat 2: RockKillerTY ($128.95 in chips)
Psychic_90: posts small blind $1
RockKillerTY: posts big blind $3
*** HOLE CARDS ***
Psychic_90: raises $3 to $6
RockKillerTY: folds
Uncalled bet ($3) returned to Psychic_90
Psychic_90 collected $6 from pot
Psychic_90: doesn't show hand
*** SUMMARY ***
Total pot $6 | Rake $0
Seat 1: Psychic_90 (button) (small blind) collected ($6)
Seat 2: RockKillerTY (big blind) folded before Flop


PokerStars Hand #151054487783:  Hold'em Limit ($3/$6 USD) - 2016/03/28 6:11:15 ET
Table 'Ruzena' 6-max Seat #1 is the button
Seat 1: Psychic_90 ($64.59 in chips)
Seat 2: RockKillerTY ($110.95 in chips)
Psychic_90: posts small blind $1
RockKillerTY: posts big blind $3
*** HOLE CARDS ***
Psychic_90: calls $2
RockKillerTY: checks
*** FLOP *** [Ks Ac 9h]
RockKillerTY: checks
Psychic_90: checks
*** TURN *** [Ks Ac 9h] [7h]
RockKillerTY: checks
Psychic_90: checks
*** RIVER *** [Ks Ac 9h 7h] [Qc]
BuzovaPro joins the table at seat #3
RockKillerTY: checks
Psychic_90: bets $6
RockKillerTY: folds
Uncalled bet ($6) returned to Psychic_90
Psychic_90 collected $5.88 from pot
Psychic_90: doesn't show hand
*** SUMMARY ***
Total pot $6 | Rake $0.12
Board [Ks Ac 9h 7h Qc]
Seat 1: Psychic_90 (button) (small blind) collected ($5.88)
Seat 2: RockKillerTY (big blind) folded on the River


PokerStars Hand #151055101506:  Hold'em Limit ($3/$6 USD) - 2016/03/28 6:32:29 ET
Table 'Ruzena' 6-max Seat #6 is the button
Seat 5: dokaten ($175 in chips)
Seat 6: tangxueke ($122.32 in chips)
tangxueke: posts small blind $1
RockKillerTY: is sitting out
BuzovaPro: is sitting out
dokaten: posts big blind $3
*** HOLE CARDS ***
RockKillerTY leaves the table
tangxueke: folds
Uncalled bet ($2) returned to dokaten
dokaten collected $2 from pot
BuzovaPro leaves the table
dokaten: doesn't show hand
*** SUMMARY ***
Total pot $2 | Rake $0
Seat 5: dokaten (big blind) collected ($2)
Seat 6: tangxueke (button) (small blind) folded before Flop


PokerStars Hand #151055571030:  Hold'em Limit ($3/$6 USD) - 2016/03/28 6:48:04 ET
Table 'Ruzena' 6-max Seat #3 is the button
Seat 1: BuzovaPro ($138.88 in chips)
Seat 3: RockKillerTY ($112.93 in chips)
RockKillerTY: posts small blind $1
BuzovaPro: posts big blind $3
*** HOLE CARDS ***
RockKillerTY: raises $3 to $6
BuzovaPro: calls $3
*** FLOP *** [3h 2s 5d]
BuzovaPro: checks
RockKillerTY: bets $3
BuzovaPro: calls $3
*** TURN *** [3h 2s 5d] [Ts]
BuzovaPro: checks
RockKillerTY: bets $6
BuzovaPro: raises $6 to $12
RockKillerTY: folds
Uncalled bet ($6) returned to BuzovaPro
BuzovaPro collected $29.50 from pot
BuzovaPro: doesn't show hand
*** SUMMARY ***
Total pot $30 | Rake $0.50
Board [3h 2s 5d Ts]
Seat 1: BuzovaPro (big blind) collected ($29.50)
Seat 3: RockKillerTY (button) (small blind) folded on the Turn


PokerStars Hand #151055567523:  Hold'em Limit ($3/$6 USD) - 2016/03/28 6:47:57 ET
Table 'Ruzena' 6-max Seat #1 is the button
Seat 1: BuzovaPro ($139.88 in chips)
Seat 3: RockKillerTY ($111.93 in chips)
BuzovaPro: posts small blind $1
RockKillerTY: posts big blind $3
*** HOLE CARDS ***
BuzovaPro: folds
Uncalled bet ($2) returned to RockKillerTY
RockKillerTY collected $2 from pot
RockKillerTY: doesn't show hand
*** SUMMARY ***
Total pot $2 | Rake $0
Seat 1: BuzovaPro (button) (small blind) folded before Flop
Seat 3: RockKillerTY (big blind) collected ($2)


