PokerStars Hand #171870636877:  Hold'em Limit ($3/$6 USD) - 2017/06/16 21:29:02 ET
Table 'Ryba' 6-max Seat #1 is the button
Seat 1: cookieklonk ($76.40 in chips)
Seat 6: scorpio04 ($456.01 in chips)
cookieklonk: posts small blind $1
belik555: is sitting out
love_mmm: is sitting out
scorpio04: posts big blind $3
*** HOLE CARDS ***
cookieklonk: folds
Uncalled bet ($2) returned to scorpio04
belik555 leaves the table
love_mmm leaves the table
scorpio04 collected $2 from pot
scorpio04: doesn't show hand
*** SUMMARY ***
Total pot $2 | Rake $0
Seat 1: cookieklonk (button) (small blind) folded before Flop
Seat 6: scorpio04 (big blind) collected ($2)


PokerStars Hand #171870663560:  Hold'em Limit ($3/$6 USD) - 2017/06/16 21:30:06 ET
Table 'Ryba' 6-max Seat #6 is the button
Seat 1: cookieklonk ($36.16 in chips)
Seat 6: scorpio04 ($495.01 in chips)
scorpio04: posts small blind $1
cookieklonk: posts big blind $3
*** HOLE CARDS ***
scorpio04: raises $3 to $6
cookieklonk: raises $3 to $9
scorpio04: calls $3
*** FLOP *** [9h Tc Qs]
cookieklonk: bets $3
scorpio04: folds
Uncalled bet ($3) returned to cookieklonk
cookieklonk collected $17.64 from pot
cookieklonk: doesn't show hand
*** SUMMARY ***
Total pot $18 | Rake $0.36
Board [9h Tc Qs]
Seat 1: cookieklonk (big blind) collected ($17.64)
Seat 6: scorpio04 (button) (small blind) folded on the Flop


PokerStars Hand #171870652566:  Hold'em Limit ($3/$6 USD) - 2017/06/16 21:29:40 ET
Table 'Ryba' 6-max Seat #6 is the button
Seat 1: cookieklonk ($60.16 in chips)
Seat 6: scorpio04 ($471.51 in chips)
scorpio04: posts small blind $1
cookieklonk: posts big blind $3
*** HOLE CARDS ***
scorpio04: raises $3 to $6
cookieklonk: folds
Uncalled bet ($3) returned to scorpio04
scorpio04 collected $6 from pot
scorpio04: doesn't show hand
*** SUMMARY ***
Total pot $6 | Rake $0
Seat 1: cookieklonk (big blind) folded before Flop
Seat 6: scorpio04 (button) (small blind) collected ($6)


PokerStars Hand #171870648733:  Hold'em Limit ($3/$6 USD) - 2017/06/16 21:29:30 ET
Table 'Ryba' 6-max Seat #1 is the button
Seat 1: cookieklonk ($54.40 in chips)
Seat 6: scorpio04 ($477.51 in chips)
cookieklonk: posts small blind $1
scorpio04: posts big blind $3
*** HOLE CARDS ***
cookieklonk: raises $3 to $6
scorpio04: calls $3
*** FLOP *** [Ad 2d Ks]
scorpio04: checks
cookieklonk: bets $3
scorpio04: folds
Uncalled bet ($3) returned to cookieklonk
cookieklonk collected $11.76 from pot
cookieklonk: doesn't show hand
*** SUMMARY ***
Total pot $12 | Rake $0.24
Board [Ad 2d Ks]
Seat 1: cookieklonk (button) (small blind) collected ($11.76)
Seat 6: scorpio04 (big blind) folded on the Flop


PokerStars Hand #171870639844:  Hold'em Limit ($3/$6 USD) - 2017/06/16 21:29:09 ET
Table 'Ryba' 6-max Seat #6 is the button
Seat 1: cookieklonk ($75.40 in chips)
Seat 6: scorpio04 ($457.01 in chips)
scorpio04: posts small blind $1
cookieklonk: posts big blind $3
*** HOLE CARDS ***
scorpio04: raises $3 to $6
cookieklonk: calls $3
*** FLOP *** [8d Js Qh]
cookieklonk: bets $3
scorpio04: calls $3
*** TURN *** [8d Js Qh] [5c]
cookieklonk: checks
scorpio04: bets $6
cookieklonk: calls $6
*** RIVER *** [8d Js Qh 5c] [6c]
cookieklonk: checks
scorpio04: bets $6
cookieklonk: calls $6
*** SHOW DOWN ***
scorpio04: shows [3s Qd] (a pair of Queens)
cookieklonk: mucks hand
scorpio04 collected $41.50 from pot
*** SUMMARY ***
Total pot $42 | Rake $0.50
Board [8d Js Qh 5c 6c]
Seat 1: cookieklonk (big blind) mucked
Seat 6: scorpio04 (button) (small blind) showed [3s Qd] and won ($41.50) with a pair of Queens


PokerStars Hand #171870654778:  Hold'em Limit ($3/$6 USD) - 2017/06/16 21:29:45 ET
Table 'Ryba' 6-max Seat #1 is the button
Seat 1: cookieklonk ($57.16 in chips)
Seat 6: scorpio04 ($474.51 in chips)
cookieklonk: posts small blind $1
scorpio04: posts big blind $3
*** HOLE CARDS ***
cookieklonk: raises $3 to $6
scorpio04: raises $3 to $9
cookieklonk: raises $3 to $12
Betting is capped
scorpio04: calls $3
*** FLOP *** [4c 6c 9s]
scorpio04: checks
cookieklonk: bets $3
scorpio04: calls $3
*** TURN *** [4c 6c 9s] [2h]
scorpio04: checks
cookieklonk: bets $6
scorpio04: calls $6
*** RIVER *** [4c 6c 9s 2h] [9h]
scorpio04: checks
cookieklonk: checks
*** SHOW DOWN ***
scorpio04: shows [2d Ad] (two pair, Nines and Deuces)
cookieklonk: mucks hand
scorpio04 collected $41.50 from pot
*** SUMMARY ***
Total pot $42 | Rake $0.50
Board [4c 6c 9s 2h 9h]
Seat 1: cookieklonk (button) (small blind) mucked
Seat 6: scorpio04 (big blind) showed [2d Ad] and won ($41.50) with two pair, Nines and Deuces


PokerStars Hand #171870667830:  Hold'em Limit ($3/$6 USD) - 2017/06/16 21:30:17 ET
Table 'Ryba' 6-max Seat #1 is the button
Seat 1: cookieklonk ($44.80 in chips)
Seat 6: scorpio04 ($486.01 in chips)
cookieklonk: posts small blind $1
scorpio04: posts big blind $3
*** HOLE CARDS ***
cookieklonk: raises $3 to $6
scorpio04: raises $3 to $9
cookieklonk: raises $3 to $12
Betting is capped
scorpio04: calls $3
*** FLOP *** [Js Ks 2s]
scorpio04: checks
cookieklonk: bets $3
scorpio04: folds
Uncalled bet ($3) returned to cookieklonk
cookieklonk collected $23.52 from pot
cookieklonk: doesn't show hand
*** SUMMARY ***
Total pot $24 | Rake $0.48
Board [Js Ks 2s]
Seat 1: cookieklonk (button) (small blind) collected ($23.52)
Seat 6: scorpio04 (big blind) folded on the Flop


PokerStars Hand #171870678896:  Hold'em Limit ($3/$6 USD) - 2017/06/16 21:30:44 ET
Table 'Ryba' 6-max Seat #6 is the button
Seat 1: cookieklonk ($56.32 in chips)
Seat 6: scorpio04 ($474.01 in chips)
scorpio04: posts small blind $1
cookieklonk: posts big blind $3
*** HOLE CARDS ***
scorpio04: raises $3 to $6
cookieklonk: calls $3
*** FLOP *** [Qc 7h 7d]
cookieklonk: checks
scorpio04: bets $3
cookieklonk: calls $3
*** TURN *** [Qc 7h 7d] [Tc]
cookieklonk: checks
scorpio04: checks
*** RIVER *** [Qc 7h 7d Tc] [4s]
cookieklonk: checks
scorpio04: checks
*** SHOW DOWN ***
cookieklonk: shows [5s Kc] (a pair of Sevens)
scorpio04: shows [Kh 5c] (a pair of Sevens)
cookieklonk collected $8.82 from pot
scorpio04 collected $8.82 from pot
*** SUMMARY ***
Total pot $18 | Rake $0.36
Board [Qc 7h 7d Tc 4s]
Seat 1: cookieklonk (big blind) showed [5s Kc] and won ($8.82) with a pair of Sevens
Seat 6: scorpio04 (button) (small blind) showed [Kh 5c] and won ($8.82) with a pair of Sevens


PokerStars Hand #171870696400:  Hold'em Limit ($3/$6 USD) - 2017/06/16 21:31:26 ET
Table 'Ryba' 6-max Seat #6 is the button
Seat 1: cookieklonk ($61.90 in chips)
Seat 6: scorpio04 ($467.83 in chips)
scorpio04: posts small blind $1
cookieklonk: posts big blind $3
*** HOLE CARDS ***
scorpio04: raises $3 to $6
cookieklonk: raises $3 to $9
scorpio04: calls $3
*** FLOP *** [2s Ah Jh]
cookieklonk: bets $3
scorpio04: calls $3
*** TURN *** [2s Ah Jh] [8h]
cookieklonk: bets $6
scorpio04: raises $6 to $12
cookieklonk: calls $6
*** RIVER *** [2s Ah Jh 8h] [9d]
cookieklonk: checks
scorpio04: bets $6
cookieklonk: calls $6
*** SHOW DOWN ***
scorpio04: shows [4d Qh] (high card Ace)
cookieklonk: shows [7h 7s] (a pair of Sevens)
cookieklonk collected $59.50 from pot
*** SUMMARY ***
Total pot $60 | Rake $0.50
Board [2s Ah Jh 8h 9d]
Seat 1: cookieklonk (big blind) showed [7h 7s] and won ($59.50) with a pair of Sevens
Seat 6: scorpio04 (button) (small blind) showed [4d Qh] and lost with high card Ace


PokerStars Hand #171870686234:  Hold'em Limit ($3/$6 USD) - 2017/06/16 21:31:02 ET
Table 'Ryba' 6-max Seat #1 is the button
Seat 1: cookieklonk ($56.14 in chips)
Seat 6: scorpio04 ($473.83 in chips)
cookieklonk: posts small blind $1
scorpio04: posts big blind $3
*** HOLE CARDS ***
cookieklonk: raises $3 to $6
scorpio04: calls $3
*** FLOP *** [3d 9h Qd]
scorpio04: checks
cookieklonk: bets $3
scorpio04: folds
Uncalled bet ($3) returned to cookieklonk
cookieklonk collected $11.76 from pot
cookieklonk: doesn't show hand
*** SUMMARY ***
Total pot $12 | Rake $0.24
Board [3d 9h Qd]
Seat 1: cookieklonk (button) (small blind) collected ($11.76)
Seat 6: scorpio04 (big blind) folded on the Flop


PokerStars Hand #171870705707:  Hold'em Limit ($3/$6 USD) - 2017/06/16 21:31:49 ET
Table 'Ryba' 6-max Seat #1 is the button
Seat 1: cookieklonk ($91.40 in chips)
Seat 6: scorpio04 ($437.83 in chips)
cookieklonk: posts small blind $1
scorpio04: posts big blind $3
*** HOLE CARDS ***
cookieklonk: raises $3 to $6
scorpio04: calls $3
*** FLOP *** [Ks 8c 9s]
scorpio04: checks
cookieklonk: bets $3
scorpio04: folds
Uncalled bet ($3) returned to cookieklonk
cookieklonk collected $11.76 from pot
cookieklonk: doesn't show hand
*** SUMMARY ***
Total pot $12 | Rake $0.24
Board [Ks 8c 9s]
Seat 1: cookieklonk (button) (small blind) collected ($11.76)
Seat 6: scorpio04 (big blind) folded on the Flop


PokerStars Hand #171870731436:  Hold'em Limit ($3/$6 USD) - 2017/06/16 21:32:51 ET
Table 'Ryba' 6-max Seat #6 is the button
Seat 1: cookieklonk ($78.16 in chips)
Seat 6: scorpio04 ($450.33 in chips)
scorpio04: posts small blind $1
cookieklonk: posts big blind $3
*** HOLE CARDS ***
scorpio04: folds
Uncalled bet ($2) returned to cookieklonk
cookieklonk collected $2 from pot
cookieklonk: doesn't show hand
*** SUMMARY ***
Total pot $2 | Rake $0
Seat 1: cookieklonk (big blind) collected ($2)
Seat 6: scorpio04 (button) (small blind) folded before Flop


PokerStars Hand #171870729623:  Hold'em Limit ($3/$6 USD) - 2017/06/16 21:32:47 ET
Table 'Ryba' 6-max Seat #1 is the button
Seat 1: cookieklonk ($79.16 in chips)
Seat 6: scorpio04 ($449.33 in chips)
cookieklonk: posts small blind $1
scorpio04: posts big blind $3
*** HOLE CARDS ***
cookieklonk: folds
Uncalled bet ($2) returned to scorpio04
scorpio04 collected $2 from pot
scorpio04: doesn't show hand
*** SUMMARY ***
Total pot $2 | Rake $0
Seat 1: cookieklonk (button) (small blind) folded before Flop
Seat 6: scorpio04 (big blind) collected ($2)


PokerStars Hand #171870713119:  Hold'em Limit ($3/$6 USD) - 2017/06/16 21:32:07 ET
Table 'Ryba' 6-max Seat #6 is the button
Seat 1: cookieklonk ($97.16 in chips)
Seat 6: scorpio04 ($431.83 in chips)
scorpio04: posts small blind $1
cookieklonk: posts big blind $3
*** HOLE CARDS ***
scorpio04: raises $3 to $6
cookieklonk: raises $3 to $9
scorpio04: calls $3
*** FLOP *** [5d 2d 6c]
cookieklonk: bets $3
scorpio04: calls $3
*** TURN *** [5d 2d 6c] [Th]
cookieklonk: checks
scorpio04: checks
*** RIVER *** [5d 2d 6c Th] [6d]
cookieklonk: checks
scorpio04: bets $6
cookieklonk: calls $6
*** SHOW DOWN ***
scorpio04: shows [8c Ac] (a pair of Sixes)
cookieklonk: mucks hand
scorpio04 collected $35.50 from pot
*** SUMMARY ***
Total pot $36 | Rake $0.50
Board [5d 2d 6c Th 6d]
Seat 1: cookieklonk (big blind) mucked
Seat 6: scorpio04 (button) (small blind) showed [8c Ac] and won ($35.50) with a pair of Sixes


PokerStars Hand #171870735707:  Hold'em Limit ($3/$6 USD) - 2017/06/16 21:33:01 ET
Table 'Ryba' 6-max Seat #6 is the button
Seat 1: cookieklonk ($78.16 in chips)
Seat 6: scorpio04 ($450.33 in chips)
scorpio04: posts small blind $1
cookieklonk: posts big blind $3
*** HOLE CARDS ***
scorpio04: raises $3 to $6
cookieklonk: calls $3
*** FLOP *** [2d Kh Ah]
cookieklonk: checks
scorpio04: checks
*** TURN *** [2d Kh Ah] [9d]
cookieklonk: checks
scorpio04: checks
*** RIVER *** [2d Kh Ah 9d] [7d]
cookieklonk: checks
scorpio04: bets $6
cookieklonk: folds
Uncalled bet ($6) returned to scorpio04
scorpio04 collected $11.76 from pot
scorpio04: doesn't show hand
*** SUMMARY ***
Total pot $12 | Rake $0.24
Board [2d Kh Ah 9d 7d]
Seat 1: cookieklonk (big blind) folded on the River
Seat 6: scorpio04 (button) (small blind) collected ($11.76)


PokerStars Hand #171870733491:  Hold'em Limit ($3/$6 USD) - 2017/06/16 21:32:56 ET
Table 'Ryba' 6-max Seat #1 is the button
Seat 1: cookieklonk ($79.16 in chips)
Seat 6: scorpio04 ($449.33 in chips)
cookieklonk: posts small blind $1
scorpio04: posts big blind $3
*** HOLE CARDS ***
cookieklonk: folds
Uncalled bet ($2) returned to scorpio04
scorpio04 collected $2 from pot
scorpio04: doesn't show hand
*** SUMMARY ***
Total pot $2 | Rake $0
Seat 1: cookieklonk (button) (small blind) folded before Flop
Seat 6: scorpio04 (big blind) collected ($2)


PokerStars Hand #171870742405:  Hold'em Limit ($3/$6 USD) - 2017/06/16 21:33:18 ET
Table 'Ryba' 6-max Seat #1 is the button
Seat 1: cookieklonk ($72.16 in chips)
Seat 6: scorpio04 ($456.09 in chips)
cookieklonk: posts small blind $1
scorpio04: posts big blind $3
*** HOLE CARDS ***
cookieklonk: raises $3 to $6
scorpio04: calls $3
*** FLOP *** [9s Ad Ac]
scorpio04: checks
cookieklonk: checks
*** TURN *** [9s Ad Ac] [7h]
scorpio04: checks
cookieklonk: bets $6
scorpio04: folds
Uncalled bet ($6) returned to cookieklonk
cookieklonk collected $11.76 from pot
cookieklonk: doesn't show hand
*** SUMMARY ***
Total pot $12 | Rake $0.24
Board [9s Ad Ac 7h]
Seat 1: cookieklonk (button) (small blind) collected ($11.76)
Seat 6: scorpio04 (big blind) folded on the Turn


PokerStars Hand #171870752520:  Hold'em Limit ($3/$6 USD) - 2017/06/16 21:33:43 ET
Table 'Ryba' 6-max Seat #6 is the button
Seat 1: cookieklonk ($77.92 in chips)
Seat 6: scorpio04 ($450.09 in chips)
scorpio04: posts small blind $1
cookieklonk: posts big blind $3
*** HOLE CARDS ***
scorpio04: raises $3 to $6
cookieklonk: calls $3
*** FLOP *** [Ks 6s Qh]
cookieklonk: checks
scorpio04: bets $3
cookieklonk: calls $3
*** TURN *** [Ks 6s Qh] [Jh]
cookieklonk: checks
scorpio04: checks
*** RIVER *** [Ks 6s Qh Jh] [2d]
cookieklonk: bets $6
scorpio04: calls $6
*** SHOW DOWN ***
cookieklonk: shows [Kd 8d] (a pair of Kings)
scorpio04: mucks hand
cookieklonk collected $29.50 from pot
*** SUMMARY ***
Total pot $30 | Rake $0.50
Board [Ks 6s Qh Jh 2d]
Seat 1: cookieklonk (big blind) showed [Kd 8d] and won ($29.50) with a pair of Kings
Seat 6: scorpio04 (button) (small blind) mucked


PokerStars Hand #171870760541:  Hold'em Limit ($3/$6 USD) - 2017/06/16 21:34:02 ET
Table 'Ryba' 6-max Seat #1 is the button
Seat 1: cookieklonk ($92.42 in chips)
Seat 6: scorpio04 ($435.09 in chips)
cookieklonk: posts small blind $1
scorpio04: posts big blind $3
*** HOLE CARDS ***
cookieklonk: raises $3 to $6
scorpio04: calls $3
*** FLOP *** [7d As 8c]
scorpio04: checks
cookieklonk: bets $3
scorpio04: calls $3
*** TURN *** [7d As 8c] [9h]
scorpio04: checks
cookieklonk: checks
*** RIVER *** [7d As 8c 9h] [2h]
scorpio04: bets $6
cookieklonk: folds
Uncalled bet ($6) returned to scorpio04
scorpio04 collected $17.64 from pot
scorpio04: doesn't show hand
*** SUMMARY ***
Total pot $18 | Rake $0.36
Board [7d As 8c 9h 2h]
Seat 1: cookieklonk (button) (small blind) folded on the River
Seat 6: scorpio04 (big blind) collected ($17.64)


PokerStars Hand #171870773504:  Hold'em Limit ($3/$6 USD) - 2017/06/16 21:34:34 ET
Table 'Ryba' 6-max Seat #1 is the button
Seat 1: cookieklonk ($92.06 in chips)
Seat 6: scorpio04 ($434.73 in chips)
cookieklonk: posts small blind $1
scorpio04: posts big blind $3
*** HOLE CARDS ***
cookieklonk: raises $3 to $6
scorpio04: calls $3
*** FLOP *** [5d Jd 9c]
scorpio04: bets $3
cookieklonk: calls $3
*** TURN *** [5d Jd 9c] [Qh]
scorpio04: checks
cookieklonk: checks
*** RIVER *** [5d Jd 9c Qh] [Js]
scorpio04: bets $6
cookieklonk: folds
Uncalled bet ($6) returned to scorpio04
scorpio04 collected $17.64 from pot
scorpio04: doesn't show hand
*** SUMMARY ***
Total pot $18 | Rake $0.36
Board [5d Jd 9c Qh Js]
Seat 1: cookieklonk (button) (small blind) folded on the River
Seat 6: scorpio04 (big blind) collected ($17.64)


PokerStars Hand #171870781400:  Hold'em Limit ($3/$6 USD) - 2017/06/16 21:34:53 ET
Table 'Ryba' 6-max Seat #6 is the button
Seat 1: cookieklonk ($83.06 in chips)
Seat 6: scorpio04 ($443.37 in chips)
scorpio04: posts small blind $1
cookieklonk: posts big blind $3
*** HOLE CARDS ***
scorpio04: raises $3 to $6
cookieklonk: folds
Uncalled bet ($3) returned to scorpio04
scorpio04 collected $6 from pot
scorpio04: doesn't show hand
*** SUMMARY ***
Total pot $6 | Rake $0
Seat 1: cookieklonk (big blind) folded before Flop
Seat 6: scorpio04 (button) (small blind) collected ($6)


PokerStars Hand #171870767461:  Hold'em Limit ($3/$6 USD) - 2017/06/16 21:34:19 ET
Table 'Ryba' 6-max Seat #6 is the button
Seat 1: cookieklonk ($83.42 in chips)
Seat 6: scorpio04 ($443.73 in chips)
scorpio04: posts small blind $1
cookieklonk: posts big blind $3
*** HOLE CARDS ***
scorpio04: raises $3 to $6
cookieklonk: raises $3 to $9
scorpio04: calls $3
*** FLOP *** [2d Ah Jh]
cookieklonk: bets $3
scorpio04: folds
Uncalled bet ($3) returned to cookieklonk
cookieklonk collected $17.64 from pot
cookieklonk: doesn't show hand
*** SUMMARY ***
Total pot $18 | Rake $0.36
Board [2d Ah Jh]
Seat 1: cookieklonk (big blind) collected ($17.64)
Seat 6: scorpio04 (button) (small blind) folded on the Flop


PokerStars Hand #171870786115:  Hold'em Limit ($3/$6 USD) - 2017/06/16 21:35:05 ET
Table 'Ryba' 6-max Seat #1 is the button
Seat 1: cookieklonk ($80.06 in chips)
Seat 6: scorpio04 ($446.37 in chips)
cookieklonk: posts small blind $1
scorpio04: posts big blind $3
*** HOLE CARDS ***
cookieklonk: raises $3 to $6
scorpio04: calls $3
*** FLOP *** [7s 9d Th]
scorpio04: checks
cookieklonk: bets $3
scorpio04: calls $3
*** TURN *** [7s 9d Th] [2s]
scorpio04: checks
cookieklonk: bets $6
scorpio04: raises $6 to $12
cookieklonk: calls $6
*** RIVER *** [7s 9d Th 2s] [Qd]
scorpio04: bets $6
cookieklonk: folds
Uncalled bet ($6) returned to scorpio04
scorpio04 collected $41.50 from pot
scorpio04: doesn't show hand
*** SUMMARY ***
Total pot $42 | Rake $0.50
Board [7s 9d Th 2s Qd]
Seat 1: cookieklonk (button) (small blind) folded on the River
Seat 6: scorpio04 (big blind) collected ($41.50)


PokerStars Hand #171870798925:  Hold'em Limit ($3/$6 USD) - 2017/06/16 21:35:37 ET
Table 'Ryba' 6-max Seat #1 is the button
Seat 1: cookieklonk ($56.06 in chips)
Seat 6: scorpio04 ($469.87 in chips)
cookieklonk: posts small blind $1
scorpio04: posts big blind $3
*** HOLE CARDS ***
cookieklonk: folds
Uncalled bet ($2) returned to scorpio04
scorpio04 collected $2 from pot
scorpio04: doesn't show hand
*** SUMMARY ***
Total pot $2 | Rake $0
Seat 1: cookieklonk (button) (small blind) folded before Flop
Seat 6: scorpio04 (big blind) collected ($2)


PokerStars Hand #171870796175:  Hold'em Limit ($3/$6 USD) - 2017/06/16 21:35:30 ET
Table 'Ryba' 6-max Seat #6 is the button
Seat 1: cookieklonk ($59.06 in chips)
Seat 6: scorpio04 ($466.87 in chips)
scorpio04: posts small blind $1
cookieklonk: posts big blind $3
*** HOLE CARDS ***
scorpio04: raises $3 to $6
cookieklonk: folds
Uncalled bet ($3) returned to scorpio04
scorpio04 collected $6 from pot
scorpio04: doesn't show hand
*** SUMMARY ***
Total pot $6 | Rake $0
Seat 1: cookieklonk (big blind) folded before Flop
Seat 6: scorpio04 (button) (small blind) collected ($6)


PokerStars Hand #171870800764:  Hold'em Limit ($3/$6 USD) - 2017/06/16 21:35:42 ET
Table 'Ryba' 6-max Seat #6 is the button
Seat 1: cookieklonk ($55.06 in chips)
Seat 6: scorpio04 ($470.87 in chips)
scorpio04: posts small blind $1
cookieklonk: posts big blind $3
*** HOLE CARDS ***
scorpio04: raises $3 to $6
cookieklonk: raises $3 to $9
scorpio04: calls $3
*** FLOP *** [8d Jh Qh]
cookieklonk: bets $3
scorpio04: calls $3
*** TURN *** [8d Jh Qh] [7c]
cookieklonk: bets $6
scorpio04: raises $6 to $12
cookieklonk: calls $6
*** RIVER *** [8d Jh Qh 7c] [Ah]
cookieklonk: checks
scorpio04: bets $6
cookieklonk: calls $6
*** SHOW DOWN ***
scorpio04: shows [Qd 7d] (two pair, Queens and Sevens)
cookieklonk: mucks hand
scorpio04 collected $59.50 from pot
*** SUMMARY ***
Total pot $60 | Rake $0.50
Board [8d Jh Qh 7c Ah]
Seat 1: cookieklonk (big blind) mucked
Seat 6: scorpio04 (button) (small blind) showed [Qd 7d] and won ($59.50) with two pair, Queens and Sevens


PokerStars Hand #171870818556:  Hold'em Limit ($3/$6 USD) - 2017/06/16 21:36:25 ET
Table 'Ryba' 6-max Seat #1 is the button
Seat 1: cookieklonk ($25.06 in chips)
Seat 6: scorpio04 ($500.37 in chips)
cookieklonk: posts small blind $1
scorpio04: posts big blind $3
*** HOLE CARDS ***
cookieklonk: folds
Uncalled bet ($2) returned to scorpio04
scorpio04 collected $2 from pot
scorpio04: doesn't show hand
*** SUMMARY ***
Total pot $2 | Rake $0
Seat 1: cookieklonk (button) (small blind) folded before Flop
Seat 6: scorpio04 (big blind) collected ($2)


PokerStars Hand #171870820420:  Hold'em Limit ($3/$6 USD) - 2017/06/16 21:36:30 ET
Table 'Ryba' 6-max Seat #6 is the button
Seat 1: cookieklonk ($24.06 in chips)
Seat 6: scorpio04 ($501.37 in chips)
scorpio04: posts small blind $1
cookieklonk: posts big blind $3
*** HOLE CARDS ***
scorpio04: raises $3 to $6
cookieklonk: calls $3
*** FLOP *** [Qd 8c Tc]
cookieklonk: checks
scorpio04: bets $3
cookieklonk: calls $3
*** TURN *** [Qd 8c Tc] [Ks]
cookieklonk: bets $6
scorpio04: folds
Uncalled bet ($6) returned to cookieklonk
cookieklonk collected $17.64 from pot
cookieklonk: doesn't show hand
*** SUMMARY ***
Total pot $18 | Rake $0.36
Board [Qd 8c Tc Ks]
Seat 1: cookieklonk (big blind) collected ($17.64)
Seat 6: scorpio04 (button) (small blind) folded on the Turn


PokerStars Hand #171870827099:  Hold'em Limit ($3/$6 USD) - 2017/06/16 21:36:46 ET
Table 'Ryba' 6-max Seat #1 is the button
Seat 1: cookieklonk ($32.70 in chips)
Seat 6: scorpio04 ($492.37 in chips)
cookieklonk: posts small blind $1
scorpio04: posts big blind $3
*** HOLE CARDS ***
cookieklonk: raises $3 to $6
scorpio04: calls $3
*** FLOP *** [4h 8c Qs]
scorpio04: checks
cookieklonk: bets $3
scorpio04: raises $3 to $6
cookieklonk: raises $3 to $9
scorpio04: raises $3 to $12
Betting is capped
cookieklonk: calls $3
*** TURN *** [4h 8c Qs] [Js]
scorpio04: bets $6
cookieklonk: raises $6 to $12
scorpio04: raises $6 to $18
cookieklonk: calls $2.70 and is all-in
Uncalled bet ($3.30) returned to scorpio04
*** RIVER *** [4h 8c Qs Js] [Tc]
*** SHOW DOWN ***
scorpio04: shows [Qh 7c] (a pair of Queens)
cookieklonk: shows [Qc 5c] (a pair of Queens)
scorpio04 collected $32.45 from pot
cookieklonk collected $32.45 from pot
*** SUMMARY ***
Total pot $65.40 | Rake $0.50
Board [4h 8c Qs Js Tc]
Seat 1: cookieklonk (button) (small blind) showed [Qc 5c] and won ($32.45) with a pair of Queens
Seat 6: scorpio04 (big blind) showed [Qh 7c] and won ($32.45) with a pair of Queens


PokerStars Hand #171870844735:  Hold'em Limit ($3/$6 USD) - 2017/06/16 21:37:15 ET
Table 'Ryba' 6-max Seat #6 is the button
Seat 1: cookieklonk ($32.45 in chips)
Seat 6: scorpio04 ($492.12 in chips)
scorpio04: posts small blind $1
cookieklonk: posts big blind $3
*** HOLE CARDS ***
scorpio04: raises $3 to $6
cookieklonk: raises $3 to $9
scorpio04: calls $3
*** FLOP *** [8s 6h As]
cookieklonk: bets $3
scorpio04: calls $3
*** TURN *** [8s 6h As] [Qd]
cookieklonk: bets $6
scorpio04: raises $6 to $12
cookieklonk: calls $6
*** RIVER *** [8s 6h As Qd] [5s]
cookieklonk: checks
scorpio04: bets $6
cookieklonk: calls $6
*** SHOW DOWN ***
scorpio04: shows [7d Ac] (a pair of Aces)
cookieklonk: mucks hand
scorpio04 collected $59.50 from pot
*** SUMMARY ***
Total pot $60 | Rake $0.50
Board [8s 6h As Qd 5s]
Seat 1: cookieklonk (big blind) mucked
Seat 6: scorpio04 (button) (small blind) showed [7d Ac] and won ($59.50) with a pair of Aces


