PokerStars Hand #161300873405:  Hold'em Limit ($3/$6 USD) - 2016/11/12 15:07:12 ET
Table 'Ryba' 6-max Seat #6 is the button
Seat 3: Ultrafranke ($137.28 in chips)
Seat 6: Jordanovvv ($35.19 in chips)
Jordanovvv: posts small blind $1
Ultrafranke: posts big blind $3
*** HOLE CARDS ***
Jordanovvv: folds
Uncalled bet ($2) returned to Ultrafranke
Ultrafranke collected $2 from pot
*** SUMMARY ***
Total pot $2 | Rake $0
Seat 3: Ultrafranke (big blind) collected ($2)
Seat 6: Jordanovvv (button) (small blind) folded before Flop


PokerStars Hand #161300859730:  Hold'em Limit ($3/$6 USD) - 2016/11/12 15:06:56 ET
Table 'Ryba' 6-max Seat #3 is the button
Seat 3: Ultrafranke ($131.52 in chips)
Seat 6: Jordanovvv ($40 in chips)
Ultrafranke: posts small blind $1
Jordanovvv: posts big blind $3
*** HOLE CARDS ***
Ultrafranke: raises $3 to $6
Jordanovvv: calls $3
*** FLOP *** [Ah 5s 2h]
Jordanovvv: checks
Ultrafranke: checks
*** TURN *** [Ah 5s 2h] [Kd]
Jordanovvv: checks
Ultrafranke: bets $6
Jordanovvv: folds
Uncalled bet ($6) returned to Ultrafranke
Ultrafranke collected $11.76 from pot
*** SUMMARY ***
Total pot $12 | Rake $0.24
Board [Ah 5s 2h Kd]
Seat 3: Ultrafranke (button) (small blind) collected ($11.76)
Seat 6: Jordanovvv (big blind) folded on the Turn


PokerStars Hand #161300840296:  Hold'em Limit ($3/$6 USD) - 2016/11/12 15:06:35 ET
Table 'Ryba' 6-max Seat #6 is the button
Seat 3: Ultrafranke ($120 in chips)
Seat 6: Jordanovvv ($52 in chips)
Jordanovvv: posts small blind $1
Ultrafranke: posts big blind $3
*** HOLE CARDS ***
Jordanovvv: calls $2
Ultrafranke: checks
*** FLOP *** [8h Ad 9s]
Ultrafranke: checks
Jordanovvv: bets $3
Ultrafranke: calls $3
*** TURN *** [8h Ad 9s] [9c]
Ultrafranke: checks
Jordanovvv: checks
*** RIVER *** [8h Ad 9s 9c] [Jc]
Ultrafranke: bets $6
Jordanovvv: calls $6
*** SHOW DOWN ***
Ultrafranke: shows [Jh 7h] (two pair, Jacks and Nines)
Jordanovvv: mucks hand
Ultrafranke collected $23.52 from pot
*** SUMMARY ***
Total pot $24 | Rake $0.48
Board [8h Ad 9s 9c Jc]
Seat 3: Ultrafranke (big blind) showed [Jh 7h] and won ($23.52) with two pair, Jacks and Nines
Seat 6: Jordanovvv (button) (small blind) mucked


PokerStars Hand #161300894164:  Hold'em Limit ($3/$6 USD) - 2016/11/12 15:07:35 ET
Table 'Ryba' 6-max Seat #3 is the button
Seat 3: Ultrafranke ($134.28 in chips)
Seat 6: Jordanovvv ($38.07 in chips)
Ultrafranke: posts small blind $1
Jordanovvv: posts big blind $3
*** HOLE CARDS ***
Ultrafranke: raises $3 to $6
Jordanovvv: calls $3
*** FLOP *** [Jh 6h 2d]
Jordanovvv: checks
Ultrafranke: bets $3
Jordanovvv: calls $3
*** TURN *** [Jh 6h 2d] [3s]
Jordanovvv: checks
Ultrafranke: checks
*** RIVER *** [Jh 6h 2d 3s] [5h]
Jordanovvv: checks
Ultrafranke: checks
*** SHOW DOWN ***
Jordanovvv: shows [Th As] (high card Ace)
Ultrafranke: shows [9h 9s] (a pair of Nines)
Ultrafranke collected $17.64 from pot
*** SUMMARY ***
Total pot $18 | Rake $0.36
Board [Jh 6h 2d 3s 5h]
Seat 3: Ultrafranke (button) (small blind) showed [9h 9s] and won ($17.64) with a pair of Nines
Seat 6: Jordanovvv (big blind) showed [Th As] and lost with high card Ace


PokerStars Hand #161300924754:  Hold'em Limit ($3/$6 USD) - 2016/11/12 15:08:09 ET
Table 'Ryba' 6-max Seat #6 is the button
Seat 3: Ultrafranke ($142.92 in chips)
Seat 6: Jordanovvv ($29.07 in chips)
Jordanovvv: posts small blind $1
Ultrafranke: posts big blind $3
*** HOLE CARDS ***
Jordanovvv: folds
Uncalled bet ($2) returned to Ultrafranke
Ultrafranke collected $2 from pot
*** SUMMARY ***
Total pot $2 | Rake $0
Seat 3: Ultrafranke (big blind) collected ($2)
Seat 6: Jordanovvv (button) (small blind) folded before Flop


PokerStars Hand #161300930077:  Hold'em Limit ($3/$6 USD) - 2016/11/12 15:08:15 ET
Table 'Ryba' 6-max Seat #3 is the button
Seat 3: Ultrafranke ($143.92 in chips)
Seat 6: Jordanovvv ($28.07 in chips)
Ultrafranke: posts small blind $1
Jordanovvv: posts big blind $3
*** HOLE CARDS ***
Ultrafranke: raises $3 to $6
Jordanovvv: folds
Uncalled bet ($3) returned to Ultrafranke
Ultrafranke collected $6 from pot
*** SUMMARY ***
Total pot $6 | Rake $0
Seat 3: Ultrafranke (button) (small blind) collected ($6)
Seat 6: Jordanovvv (big blind) folded before Flop


PokerStars Hand #161300936218:  Hold'em Limit ($3/$6 USD) - 2016/11/12 15:08:22 ET
Table 'Ryba' 6-max Seat #6 is the button
Seat 3: Ultrafranke ($146.92 in chips)
Seat 6: Jordanovvv ($25.07 in chips)
Jordanovvv: posts small blind $1
Ultrafranke: posts big blind $3
*** HOLE CARDS ***
Jordanovvv: calls $2
Ultrafranke: checks
*** FLOP *** [9d 3h 7h]
Ultrafranke: bets $3
Jordanovvv: raises $3 to $6
Ultrafranke: calls $3
*** TURN *** [9d 3h 7h] [Js]
Ultrafranke: checks
Jordanovvv: bets $6
Ultrafranke: raises $6 to $12
Jordanovvv: raises $4.07 to $16.07 and is all-in
Ultrafranke: calls $4.07
*** RIVER *** [9d 3h 7h Js] [Ts]
*** SHOW DOWN ***
Ultrafranke: shows [9h Jd] (two pair, Jacks and Nines)
Jordanovvv: shows [9s Td] (two pair, Tens and Nines)
Ultrafranke collected $49.64 from pot
*** SUMMARY ***
Total pot $50.14 | Rake $0.50
Board [9d 3h 7h Js Ts]
Seat 3: Ultrafranke (big blind) showed [9h Jd] and won ($49.64) with two pair, Jacks and Nines
Seat 6: Jordanovvv (button) (small blind) showed [9s Td] and lost with two pair, Tens and Nines


PokerStars Hand #161300992330:  Hold'em Limit ($3/$6 USD) - 2016/11/12 15:09:24 ET
Table 'Ryba' 6-max Seat #4 is the button
Seat 4: cliff spabb ($185.53 in chips)
Seat 6: vestimokrec ($120 in chips)
cliff spabb: posts small blind $1
vestimokrec: posts big blind $3
*** HOLE CARDS ***
cliff spabb: folds
Uncalled bet ($2) returned to vestimokrec
vestimokrec collected $2 from pot
vestimokrec: doesn't show hand
*** SUMMARY ***
Total pot $2 | Rake $0
Seat 4: cliff spabb (button) (small blind) folded before Flop
Seat 6: vestimokrec (big blind) collected ($2)


PokerStars Hand #161300878826:  Hold'em Limit ($3/$6 USD) - 2016/11/12 15:07:18 ET
Table 'Ryba' 6-max Seat #3 is the button
Seat 3: Ultrafranke ($138.28 in chips)
Seat 6: Jordanovvv ($34.19 in chips)
Ultrafranke: posts small blind $1
Jordanovvv: posts big blind $3
*** HOLE CARDS ***
Ultrafranke: folds
Uncalled bet ($2) returned to Jordanovvv
Jordanovvv collected $2 from pot
Jordanovvv: doesn't show hand
*** SUMMARY ***
Total pot $2 | Rake $0
Seat 3: Ultrafranke (button) (small blind) folded before Flop
Seat 6: Jordanovvv (big blind) collected ($2)


PokerStars Hand #161300882808:  Hold'em Limit ($3/$6 USD) - 2016/11/12 15:07:22 ET
Table 'Ryba' 6-max Seat #6 is the button
Seat 3: Ultrafranke ($137.28 in chips)
Seat 6: Jordanovvv ($35.19 in chips)
Jordanovvv: posts small blind $1
Ultrafranke: posts big blind $3
*** HOLE CARDS ***
Jordanovvv: calls $2
Ultrafranke: checks
*** FLOP *** [Th Ts Ac]
Ultrafranke: checks
Jordanovvv: bets $3
Ultrafranke: folds
Uncalled bet ($3) returned to Jordanovvv
Jordanovvv collected $5.88 from pot
Jordanovvv: doesn't show hand
*** SUMMARY ***
Total pot $6 | Rake $0.12
Board [Th Ts Ac]
Seat 3: Ultrafranke (big blind) folded on the Flop
Seat 6: Jordanovvv (button) (small blind) collected ($5.88)


PokerStars Hand #161300998590:  Hold'em Limit ($3/$6 USD) - 2016/11/12 15:09:31 ET
Table 'Ryba' 6-max Seat #6 is the button
Seat 4: cliff spabb ($184.53 in chips)
Seat 6: vestimokrec ($121 in chips)
vestimokrec: posts small blind $1
cliff spabb: posts big blind $3
*** HOLE CARDS ***
vestimokrec: raises $3 to $6
cliff spabb: calls $3
*** FLOP *** [3d Kd 6h]
cliff spabb: bets $3
vestimokrec: folds
Uncalled bet ($3) returned to cliff spabb
cliff spabb collected $11.76 from pot
cliff spabb: doesn't show hand
*** SUMMARY ***
Total pot $12 | Rake $0.24
Board [3d Kd 6h]
Seat 4: cliff spabb (big blind) collected ($11.76)
Seat 6: vestimokrec (button) (small blind) folded on the Flop


PokerStars Hand #161301024659:  Hold'em Limit ($3/$6 USD) - 2016/11/12 15:10:00 ET
Table 'Ryba' 6-max Seat #4 is the button
Seat 4: cliff spabb ($190.29 in chips)
Seat 6: vestimokrec ($115 in chips)
cliff spabb: posts small blind $1
vestimokrec: posts big blind $3
*** HOLE CARDS ***
cliff spabb: raises $3 to $6
vestimokrec: calls $3
*** FLOP *** [4s Qs Ah]
vestimokrec: checks
cliff spabb: bets $3
vestimokrec: folds
Uncalled bet ($3) returned to cliff spabb
cliff spabb collected $11.76 from pot
cliff spabb: doesn't show hand
*** SUMMARY ***
Total pot $12 | Rake $0.24
Board [4s Qs Ah]
Seat 4: cliff spabb (button) (small blind) collected ($11.76)
Seat 6: vestimokrec (big blind) folded on the Flop


PokerStars Hand #161301044292:  Hold'em Limit ($3/$6 USD) - 2016/11/12 15:10:22 ET
Table 'Ryba' 6-max Seat #6 is the button
Seat 4: cliff spabb ($196.05 in chips)
Seat 6: vestimokrec ($109 in chips)
vestimokrec: posts small blind $1
cliff spabb: posts big blind $3
*** HOLE CARDS ***
vestimokrec: raises $3 to $6
cliff spabb: calls $3
*** FLOP *** [3d 7h Js]
cliff spabb: checks
vestimokrec: bets $3
cliff spabb: calls $3
*** TURN *** [3d 7h Js] [3s]
cliff spabb: checks
Kosova1968 joins the table at seat #3
vestimokrec: bets $6
cliff spabb: calls $6
*** RIVER *** [3d 7h Js 3s] [5s]
cliff spabb: checks
vestimokrec: bets $6
cliff spabb: calls $6
*** SHOW DOWN ***
vestimokrec: shows [Ks Jc] (two pair, Jacks and Threes)
cliff spabb: mucks hand
vestimokrec collected $41.50 from pot
*** SUMMARY ***
Total pot $42 | Rake $0.50
Board [3d 7h Js 3s 5s]
Seat 4: cliff spabb (big blind) mucked
Seat 6: vestimokrec (button) (small blind) showed [Ks Jc] and won ($41.50) with two pair, Jacks and Threes


PokerStars Hand #161301067288:  Hold'em Limit ($3/$6 USD) - 2016/11/12 15:10:48 ET
Table 'Ryba' 6-max Seat #4 is the button
Seat 4: cliff spabb ($175.05 in chips)
Seat 6: vestimokrec ($129.50 in chips)
cliff spabb: posts small blind $1
vestimokrec: posts big blind $3
*** HOLE CARDS ***
cliff spabb: folds
Uncalled bet ($2) returned to vestimokrec
vestimokrec collected $2 from pot
vestimokrec: doesn't show hand
*** SUMMARY ***
Total pot $2 | Rake $0
Seat 4: cliff spabb (button) (small blind) folded before Flop
Seat 6: vestimokrec (big blind) collected ($2)


