PokerStars Hand #156148132443:  Hold'em Limit ($3/$6 USD) - 2016/07/18 18:12:13 ET
Table 'Ryba' 10-max Seat #5 is the button
Seat 5: ELSUPREMO999 ($120 in chips)
Seat 8: TinaTurner72 ($120 in chips)
ELSUPREMO999: posts small blind $1
TinaTurner72: posts big blind $3
*** HOLE CARDS ***
ELSUPREMO999: calls $2
TinaTurner72: checks
*** FLOP *** [Kh Kd 4c]
TinaTurner72: checks
ELSUPREMO999: checks
*** TURN *** [Kh Kd 4c] [8c]
TinaTurner72: checks
ELSUPREMO999: bets $6
TinaTurner72: folds
Uncalled bet ($6) returned to ELSUPREMO999
ELSUPREMO999 collected $5.88 from pot
ELSUPREMO999: doesn't show hand
*** SUMMARY ***
Total pot $6 | Rake $0.12
Board [Kh Kd 4c 8c]
Seat 5: ELSUPREMO999 (button) (small blind) collected ($5.88)
Seat 8: TinaTurner72 (big blind) folded on the Turn


PokerStars Hand #156148155495:  Hold'em Limit ($3/$6 USD) - 2016/07/18 18:12:43 ET
Table 'Ryba' 10-max Seat #8 is the button
Seat 5: ELSUPREMO999 ($122.88 in chips)
Seat 8: TinaTurner72 ($117 in chips)
TinaTurner72: posts small blind $1
ELSUPREMO999: posts big blind $3
*** HOLE CARDS ***
TinaTurner72: raises $3 to $6
ELSUPREMO999: calls $3
*** FLOP *** [Kc Td 2d]
ELSUPREMO999: checks
Zubasa07 joins the table at seat #6
TinaTurner72: bets $3
ELSUPREMO999: calls $3
*** TURN *** [Kc Td 2d] [6c]
ELSUPREMO999: checks
TinaTurner72: checks
*** RIVER *** [Kc Td 2d 6c] [3c]
ELSUPREMO999: bets $6
TinaTurner72: calls $6
*** SHOW DOWN ***
ELSUPREMO999: shows [Ad Kd] (a pair of Kings)
TinaTurner72: mucks hand
ELSUPREMO999 collected $29.50 from pot
*** SUMMARY ***
Total pot $30 | Rake $0.50
Board [Kc Td 2d 6c 3c]
Seat 5: ELSUPREMO999 (big blind) showed [Ad Kd] and won ($29.50) with a pair of Kings
Seat 8: TinaTurner72 (button) (small blind) mucked


PokerStars Hand #156148246011:  Hold'em Limit ($3/$6 USD) - 2016/07/18 18:14:45 ET
Table 'Ryba' 10-max Seat #6 is the button
Seat 5: ELSUPREMO999 ($128.38 in chips)
Seat 6: Zubasa07 ($528.47 in chips)
Zubasa07: posts small blind $1
TinaTurner72: is sitting out
ELSUPREMO999: posts big blind $3
*** HOLE CARDS ***
TinaTurner72 leaves the table
Zubasa07: raises $3 to $6
ELSUPREMO999: calls $3
*** FLOP *** [8d 9h 5s]
ELSUPREMO999: checks
Zubasa07: bets $3
ELSUPREMO999: calls $3
*** TURN *** [8d 9h 5s] [6h]
ELSUPREMO999: checks
Zubasa07: bets $6
ELSUPREMO999: raises $6 to $12
Zubasa07: calls $6
*** RIVER *** [8d 9h 5s 6h] [5d]
ELSUPREMO999: bets $6
Zubasa07: calls $6
*** SHOW DOWN ***
ELSUPREMO999: shows [7s 9c] (a straight, Five to Nine)
Zubasa07: mucks hand
ELSUPREMO999 collected $53.50 from pot
*** SUMMARY ***
Total pot $54 | Rake $0.50
Board [8d 9h 5s 6h 5d]
Seat 5: ELSUPREMO999 (big blind) showed [7s 9c] and won ($53.50) with a straight, Five to Nine
Seat 6: Zubasa07 (button) (small blind) mucked


PokerStars Hand #156148305426:  Hold'em Limit ($3/$6 USD) - 2016/07/18 18:15:57 ET
Table 'Ryba' 10-max Seat #6 is the button
Seat 5: ELSUPREMO999 ($157.76 in chips)
Seat 6: Zubasa07 ($498.47 in chips)
Zubasa07: posts small blind $1
ELSUPREMO999: posts big blind $3
*** HOLE CARDS ***
Zubasa07: raises $3 to $6
ELSUPREMO999: calls $3
*** FLOP *** [4h 5h Qh]
ELSUPREMO999: checks
Zubasa07: bets $3
ELSUPREMO999: calls $3
*** TURN *** [4h 5h Qh] [Qs]
ELSUPREMO999: checks
Zubasa07: checks
*** RIVER *** [4h 5h Qh Qs] [Kd]
ELSUPREMO999: bets $6
Zubasa07: calls $6
*** SHOW DOWN ***
ELSUPREMO999: shows [6h Ah] (a flush, Ace high)
Zubasa07: mucks hand
ELSUPREMO999 collected $29.50 from pot
*** SUMMARY ***
Total pot $30 | Rake $0.50
Board [4h 5h Qh Qs Kd]
Seat 5: ELSUPREMO999 (big blind) showed [6h Ah] and won ($29.50) with a flush, Ace high
Seat 6: Zubasa07 (button) (small blind) mucked


PokerStars Hand #156148284808:  Hold'em Limit ($3/$6 USD) - 2016/07/18 18:15:29 ET
Table 'Ryba' 10-max Seat #5 is the button
Seat 5: ELSUPREMO999 ($154.88 in chips)
Seat 6: Zubasa07 ($501.47 in chips)
ELSUPREMO999: posts small blind $1
Zubasa07: posts big blind $3
*** HOLE CARDS ***
ELSUPREMO999: calls $2
Zubasa07: checks
*** FLOP *** [9s Ac 5s]
Zubasa07: checks
ELSUPREMO999: checks
*** TURN *** [9s Ac 5s] [Ah]
Zubasa07: checks
ELSUPREMO999: checks
*** RIVER *** [9s Ac 5s Ah] [Jd]
Zubasa07: checks
ELSUPREMO999: bets $6
Zubasa07: folds
Uncalled bet ($6) returned to ELSUPREMO999
ELSUPREMO999 collected $5.88 from pot
ELSUPREMO999: doesn't show hand
*** SUMMARY ***
Total pot $6 | Rake $0.12
Board [9s Ac 5s Ah Jd]
Seat 5: ELSUPREMO999 (button) (small blind) collected ($5.88)
Seat 6: Zubasa07 (big blind) folded on the River


PokerStars Hand #156148348152:  Hold'em Limit ($3/$6 USD) - 2016/07/18 18:16:55 ET
Table 'Ryba' 10-max Seat #6 is the button
Seat 5: ELSUPREMO999 ($166.26 in chips)
Seat 6: Zubasa07 ($489.23 in chips)
Zubasa07: posts small blind $1
ELSUPREMO999: posts big blind $3
*** HOLE CARDS ***
Zubasa07: raises $3 to $6
ELSUPREMO999: folds
Uncalled bet ($3) returned to Zubasa07
Zubasa07 collected $6 from pot
Zubasa07: doesn't show hand
*** SUMMARY ***
Total pot $6 | Rake $0
Seat 5: ELSUPREMO999 (big blind) folded before Flop
Seat 6: Zubasa07 (button) (small blind) collected ($6)


PokerStars Hand #156148332931:  Hold'em Limit ($3/$6 USD) - 2016/07/18 18:16:34 ET
Table 'Ryba' 10-max Seat #5 is the button
Seat 5: ELSUPREMO999 ($172.26 in chips)
Seat 6: Zubasa07 ($483.47 in chips)
ELSUPREMO999: posts small blind $1
Zubasa07: posts big blind $3
*** HOLE CARDS ***
ELSUPREMO999: calls $2
Zubasa07: checks
*** FLOP *** [8c 4s 3d]
Zubasa07: bets $3
ELSUPREMO999: calls $3
*** TURN *** [8c 4s 3d] [Jh]
Zubasa07: bets $6
ELSUPREMO999: folds
Uncalled bet ($6) returned to Zubasa07
Zubasa07 collected $11.76 from pot
Zubasa07: doesn't show hand
*** SUMMARY ***
Total pot $12 | Rake $0.24
Board [8c 4s 3d Jh]
Seat 5: ELSUPREMO999 (button) (small blind) folded on the Turn
Seat 6: Zubasa07 (big blind) collected ($11.76)


PokerStars Hand #156148381184:  Hold'em Limit ($3/$6 USD) - 2016/07/18 18:17:41 ET
Table 'Ryba' 10-max Seat #6 is the button
Seat 5: ELSUPREMO999 ($183.76 in chips)
Seat 6: Zubasa07 ($471.23 in chips)
Zubasa07: posts small blind $1
ELSUPREMO999: posts big blind $3
*** HOLE CARDS ***
Zubasa07: raises $3 to $6
ELSUPREMO999: calls $3
*** FLOP *** [9h 8h Qh]
ELSUPREMO999: checks
Zubasa07: bets $3
ELSUPREMO999: folds
Uncalled bet ($3) returned to Zubasa07
Zubasa07 collected $11.76 from pot
Zubasa07: doesn't show hand
*** SUMMARY ***
Total pot $12 | Rake $0.24
Board [9h 8h Qh]
Seat 5: ELSUPREMO999 (big blind) folded on the Flop
Seat 6: Zubasa07 (button) (small blind) collected ($11.76)


PokerStars Hand #156148389387:  Hold'em Limit ($3/$6 USD) - 2016/07/18 18:17:52 ET
Table 'Ryba' 10-max Seat #5 is the button
Seat 5: ELSUPREMO999 ($177.76 in chips)
Seat 6: Zubasa07 ($476.99 in chips)
ELSUPREMO999: posts small blind $1
Zubasa07: posts big blind $3
*** HOLE CARDS ***
ELSUPREMO999: calls $2
Zubasa07: checks
*** FLOP *** [Js 9c Th]
Zubasa07: checks
ELSUPREMO999: checks
*** TURN *** [Js 9c Th] [9s]
Zubasa07: checks
ELSUPREMO999: checks
*** RIVER *** [Js 9c Th 9s] [Kc]
Zubasa07: checks
ELSUPREMO999: checks
*** SHOW DOWN ***
Zubasa07: shows [3s 2h] (a pair of Nines)
ELSUPREMO999: shows [6h 6d] (two pair, Nines and Sixes)
ELSUPREMO999 collected $5.88 from pot
*** SUMMARY ***
Total pot $6 | Rake $0.12
Board [Js 9c Th 9s Kc]
Seat 5: ELSUPREMO999 (button) (small blind) showed [6h 6d] and won ($5.88) with two pair, Nines and Sixes
Seat 6: Zubasa07 (big blind) showed [3s 2h] and lost with a pair of Nines


PokerStars Hand #156148403905:  Hold'em Limit ($3/$6 USD) - 2016/07/18 18:18:12 ET
Table 'Ryba' 10-max Seat #6 is the button
Seat 5: ELSUPREMO999 ($180.64 in chips)
Seat 6: Zubasa07 ($473.99 in chips)
Zubasa07: posts small blind $1
ELSUPREMO999: posts big blind $3
*** HOLE CARDS ***
Zubasa07: raises $3 to $6
ELSUPREMO999: folds
Uncalled bet ($3) returned to Zubasa07
Zubasa07 collected $6 from pot
Zubasa07: doesn't show hand
*** SUMMARY ***
Total pot $6 | Rake $0
Seat 5: ELSUPREMO999 (big blind) folded before Flop
Seat 6: Zubasa07 (button) (small blind) collected ($6)


PokerStars Hand #156148410108:  Hold'em Limit ($3/$6 USD) - 2016/07/18 18:18:21 ET
Table 'Ryba' 10-max Seat #5 is the button
Seat 5: ELSUPREMO999 ($177.64 in chips)
Seat 6: Zubasa07 ($476.99 in chips)
ELSUPREMO999: posts small blind $1
Zubasa07: posts big blind $3
*** HOLE CARDS ***
ELSUPREMO999: calls $2
Zubasa07: checks
*** FLOP *** [Ks Td Kd]
Zubasa07: bets $3
ELSUPREMO999: folds
Uncalled bet ($3) returned to Zubasa07
Zubasa07 collected $5.88 from pot
Zubasa07: doesn't show hand
*** SUMMARY ***
Total pot $6 | Rake $0.12
Board [Ks Td Kd]
Seat 5: ELSUPREMO999 (button) (small blind) folded on the Flop
Seat 6: Zubasa07 (big blind) collected ($5.88)


PokerStars Hand #156148351796:  Hold'em Limit ($3/$6 USD) - 2016/07/18 18:17:00 ET
Table 'Ryba' 10-max Seat #5 is the button
Seat 5: ELSUPREMO999 ($163.26 in chips)
Seat 6: Zubasa07 ($492.23 in chips)
ELSUPREMO999: posts small blind $1
Zubasa07: posts big blind $3
*** HOLE CARDS ***
ELSUPREMO999: raises $3 to $6
Zubasa07: calls $3
*** FLOP *** [3c 5s 8h]
Zubasa07: checks
ELSUPREMO999: bets $3
Zubasa07: raises $3 to $6
ELSUPREMO999: raises $3 to $9
Zubasa07: calls $3
*** TURN *** [3c 5s 8h] [Qc]
Zubasa07: checks
ELSUPREMO999: bets $6
Zubasa07: calls $6
*** RIVER *** [3c 5s 8h Qc] [Ah]
Zubasa07: checks
ELSUPREMO999: bets $6
Zubasa07: folds
Uncalled bet ($6) returned to ELSUPREMO999
ELSUPREMO999 collected $41.50 from pot
ELSUPREMO999: doesn't show hand
*** SUMMARY ***
Total pot $42 | Rake $0.50
Board [3c 5s 8h Qc Ah]
Seat 5: ELSUPREMO999 (button) (small blind) collected ($41.50)
Seat 6: Zubasa07 (big blind) folded on the River


PokerStars Hand #156148419859:  Hold'em Limit ($3/$6 USD) - 2016/07/18 18:18:35 ET
Table 'Ryba' 10-max Seat #6 is the button
Seat 5: ELSUPREMO999 ($174.64 in chips)
Seat 6: Zubasa07 ($479.87 in chips)
Zubasa07: posts small blind $1
ELSUPREMO999: posts big blind $3
*** HOLE CARDS ***
Zubasa07: raises $3 to $6
ELSUPREMO999: calls $3
*** FLOP *** [3c Jh 5c]
ELSUPREMO999: checks
Zubasa07: bets $3
ELSUPREMO999: calls $3
*** TURN *** [3c Jh 5c] [Qd]
ELSUPREMO999: checks
Zubasa07: checks
*** RIVER *** [3c Jh 5c Qd] [9h]
ELSUPREMO999: bets $6
Zubasa07: calls $6
*** SHOW DOWN ***
ELSUPREMO999: shows [6s 4s] (high card Queen)
Zubasa07: shows [As 2d] (high card Ace)
Zubasa07 collected $29.50 from pot
*** SUMMARY ***
Total pot $30 | Rake $0.50
Board [3c Jh 5c Qd 9h]
Seat 5: ELSUPREMO999 (big blind) showed [6s 4s] and lost with high card Queen
Seat 6: Zubasa07 (button) (small blind) showed [As 2d] and won ($29.50) with high card Ace


PokerStars Hand #156148437531:  Hold'em Limit ($3/$6 USD) - 2016/07/18 18:18:59 ET
Table 'Ryba' 10-max Seat #5 is the button
Seat 5: ELSUPREMO999 ($159.64 in chips)
Seat 6: Zubasa07 ($494.37 in chips)
ELSUPREMO999: posts small blind $1
Zubasa07: posts big blind $3
*** HOLE CARDS ***
ELSUPREMO999: folds
Uncalled bet ($2) returned to Zubasa07
Zubasa07 collected $2 from pot
Zubasa07: doesn't show hand
*** SUMMARY ***
Total pot $2 | Rake $0
Seat 5: ELSUPREMO999 (button) (small blind) folded before Flop
Seat 6: Zubasa07 (big blind) collected ($2)


PokerStars Hand #156148441722:  Hold'em Limit ($3/$6 USD) - 2016/07/18 18:19:08 ET
Table 'Ryba' 10-max Seat #6 is the button
Seat 5: ELSUPREMO999 ($158.64 in chips)
Seat 6: Zubasa07 ($495.37 in chips)
Zubasa07: posts small blind $1
ELSUPREMO999: posts big blind $3
*** HOLE CARDS ***
Zubasa07: raises $3 to $6
ELSUPREMO999: calls $3
*** FLOP *** [Ah 2s As]
ELSUPREMO999: checks
Zubasa07: bets $3
ELSUPREMO999: calls $3
*** TURN *** [Ah 2s As] [4d]
ELSUPREMO999: checks
Zubasa07: bets $6
ELSUPREMO999: raises $6 to $12
Zubasa07: folds
Uncalled bet ($6) returned to ELSUPREMO999
ELSUPREMO999 collected $29.50 from pot
ELSUPREMO999: doesn't show hand
*** SUMMARY ***
Total pot $30 | Rake $0.50
Board [Ah 2s As 4d]
Seat 5: ELSUPREMO999 (big blind) collected ($29.50)
Seat 6: Zubasa07 (button) (small blind) folded on the Turn


PokerStars Hand #156148456972:  Hold'em Limit ($3/$6 USD) - 2016/07/18 18:19:27 ET
Table 'Ryba' 10-max Seat #5 is the button
Seat 5: ELSUPREMO999 ($173.14 in chips)
Seat 6: Zubasa07 ($480.37 in chips)
ELSUPREMO999: posts small blind $1
Zubasa07: posts big blind $3
*** HOLE CARDS ***
ELSUPREMO999: folds
Uncalled bet ($2) returned to Zubasa07
Zubasa07 collected $2 from pot
Zubasa07: doesn't show hand
*** SUMMARY ***
Total pot $2 | Rake $0
Seat 5: ELSUPREMO999 (button) (small blind) folded before Flop
Seat 6: Zubasa07 (big blind) collected ($2)


PokerStars Hand #156148460779:  Hold'em Limit ($3/$6 USD) - 2016/07/18 18:19:32 ET
Table 'Ryba' 10-max Seat #6 is the button
Seat 5: ELSUPREMO999 ($172.14 in chips)
Seat 6: Zubasa07 ($481.37 in chips)
Zubasa07: posts small blind $1
ELSUPREMO999: posts big blind $3
*** HOLE CARDS ***
Zubasa07: raises $3 to $6
ELSUPREMO999: calls $3
*** FLOP *** [7d 2c As]
ELSUPREMO999: checks
Zubasa07: bets $3
ELSUPREMO999: calls $3
*** TURN *** [7d 2c As] [7c]
ELSUPREMO999: checks
Zubasa07: bets $6
ELSUPREMO999: calls $6
*** RIVER *** [7d 2c As 7c] [3h]
ELSUPREMO999: checks
Zubasa07: bets $6
ELSUPREMO999: calls $6
*** SHOW DOWN ***
Zubasa07: shows [Jc Ah] (two pair, Aces and Sevens)
ELSUPREMO999: mucks hand
Zubasa07 collected $41.50 from pot
*** SUMMARY ***
Total pot $42 | Rake $0.50
Board [7d 2c As 7c 3h]
Seat 5: ELSUPREMO999 (big blind) mucked
Seat 6: Zubasa07 (button) (small blind) showed [Jc Ah] and won ($41.50) with two pair, Aces and Sevens


PokerStars Hand #156148482211:  Hold'em Limit ($3/$6 USD) - 2016/07/18 18:20:02 ET
Table 'Ryba' 10-max Seat #5 is the button
Seat 5: ELSUPREMO999 ($151.14 in chips)
Seat 6: Zubasa07 ($501.87 in chips)
ELSUPREMO999: posts small blind $1
Zubasa07: posts big blind $3
*** HOLE CARDS ***
ELSUPREMO999: raises $3 to $6
Zubasa07: raises $3 to $9
ELSUPREMO999: calls $3
*** FLOP *** [Kh Qc Qs]
Zubasa07: bets $3
ELSUPREMO999: folds
Uncalled bet ($3) returned to Zubasa07
Zubasa07 collected $17.64 from pot
*** SUMMARY ***
Total pot $18 | Rake $0.36
Board [Kh Qc Qs]
Seat 5: ELSUPREMO999 (button) (small blind) folded on the Flop
Seat 6: Zubasa07 (big blind) collected ($17.64)


PokerStars Hand #156148495067:  Hold'em Limit ($3/$6 USD) - 2016/07/18 18:20:20 ET
Table 'Ryba' 10-max Seat #6 is the button
Seat 5: ELSUPREMO999 ($142.14 in chips)
Seat 6: Zubasa07 ($510.51 in chips)
Zubasa07: posts small blind $1
ELSUPREMO999: posts big blind $3
*** HOLE CARDS ***
Zubasa07: raises $3 to $6
ELSUPREMO999: calls $3
*** FLOP *** [8d Jh 3d]
ELSUPREMO999: checks
Zubasa07: bets $3
ELSUPREMO999: folds
Uncalled bet ($3) returned to Zubasa07
Zubasa07 collected $11.76 from pot
Zubasa07: doesn't show hand
*** SUMMARY ***
Total pot $12 | Rake $0.24
Board [8d Jh 3d]
Seat 5: ELSUPREMO999 (big blind) folded on the Flop
Seat 6: Zubasa07 (button) (small blind) collected ($11.76)


PokerStars Hand #156148513979:  Hold'em Limit ($3/$6 USD) - 2016/07/18 18:20:47 ET
Table 'Ryba' 10-max Seat #5 is the button
Seat 5: ELSUPREMO999 ($134.14 in chips)
Seat 6: Zubasa07 ($518.15 in chips)
ELSUPREMO999: posts small blind $1
Zubasa07: posts big blind $3
*** HOLE CARDS ***
ELSUPREMO999: calls $2
Zubasa07: raises $3 to $6
ELSUPREMO999: calls $3
*** FLOP *** [Ts 9s Ad]
Zubasa07: bets $3
ELSUPREMO999: raises $3 to $6
Zubasa07: raises $3 to $9
ELSUPREMO999: folds
Uncalled bet ($3) returned to Zubasa07
Zubasa07 collected $23.52 from pot
Zubasa07: doesn't show hand
*** SUMMARY ***
Total pot $24 | Rake $0.48
Board [Ts 9s Ad]
Seat 5: ELSUPREMO999 (button) (small blind) folded on the Flop
Seat 6: Zubasa07 (big blind) collected ($23.52)


PokerStars Hand #156148524300:  Hold'em Limit ($3/$6 USD) - 2016/07/18 18:21:01 ET
Table 'Ryba' 10-max Seat #6 is the button
Seat 5: ELSUPREMO999 ($122.14 in chips)
Seat 6: Zubasa07 ($529.67 in chips)
Zubasa07: posts small blind $1
ELSUPREMO999: posts big blind $3
*** HOLE CARDS ***
Zubasa07: raises $3 to $6
ELSUPREMO999: calls $3
*** FLOP *** [9h 2d Jc]
ELSUPREMO999: checks
Zubasa07: bets $3
ELSUPREMO999: calls $3
*** TURN *** [9h 2d Jc] [Th]
ELSUPREMO999: checks
Zubasa07: checks
*** RIVER *** [9h 2d Jc Th] [Tc]
ELSUPREMO999: bets $6
Zubasa07: calls $6
*** SHOW DOWN ***
ELSUPREMO999: shows [Js 9s] (two pair, Jacks and Tens)
Zubasa07: mucks hand
ELSUPREMO999 collected $29.50 from pot
*** SUMMARY ***
Total pot $30 | Rake $0.50
Board [9h 2d Jc Th Tc]
Seat 5: ELSUPREMO999 (big blind) showed [Js 9s] and won ($29.50) with two pair, Jacks and Tens
Seat 6: Zubasa07 (button) (small blind) mucked


PokerStars Hand #156148510503:  Hold'em Limit ($3/$6 USD) - 2016/07/18 18:20:42 ET
Table 'Ryba' 10-max Seat #6 is the button
Seat 5: ELSUPREMO999 ($133.14 in chips)
Seat 6: Zubasa07 ($519.15 in chips)
Zubasa07: posts small blind $1
ELSUPREMO999: posts big blind $3
*** HOLE CARDS ***
Zubasa07: folds
Uncalled bet ($2) returned to ELSUPREMO999
ELSUPREMO999 collected $2 from pot
ELSUPREMO999: doesn't show hand
*** SUMMARY ***
Total pot $2 | Rake $0
Seat 5: ELSUPREMO999 (big blind) collected ($2)
Seat 6: Zubasa07 (button) (small blind) folded before Flop


PokerStars Hand #156148502738:  Hold'em Limit ($3/$6 USD) - 2016/07/18 18:20:31 ET
Table 'Ryba' 10-max Seat #5 is the button
Seat 5: ELSUPREMO999 ($136.14 in chips)
Seat 6: Zubasa07 ($516.27 in chips)
ELSUPREMO999: posts small blind $1
Zubasa07: posts big blind $3
*** HOLE CARDS ***
ELSUPREMO999: calls $2
Zubasa07: checks
*** FLOP *** [5s 4s Ks]
Zubasa07: bets $3
ELSUPREMO999: folds
Uncalled bet ($3) returned to Zubasa07
Zubasa07 collected $5.88 from pot
Zubasa07: doesn't show hand
*** SUMMARY ***
Total pot $6 | Rake $0.12
Board [5s 4s Ks]
Seat 5: ELSUPREMO999 (button) (small blind) folded on the Flop
Seat 6: Zubasa07 (big blind) collected ($5.88)


PokerStars Hand #156148541245:  Hold'em Limit ($3/$6 USD) - 2016/07/18 18:21:25 ET
Table 'Ryba' 10-max Seat #5 is the button
Seat 5: ELSUPREMO999 ($136.64 in chips)
Seat 6: Zubasa07 ($514.67 in chips)
ELSUPREMO999: posts small blind $1
Zubasa07: posts big blind $3
*** HOLE CARDS ***
ELSUPREMO999: calls $2
Zubasa07: checks
*** FLOP *** [9h As Kd]
Zubasa07: checks
ELSUPREMO999: checks
*** TURN *** [9h As Kd] [Tc]
Zubasa07: bets $6
ELSUPREMO999: raises $6 to $12
Zubasa07: calls $6
*** RIVER *** [9h As Kd Tc] [6h]
Zubasa07: checks
ELSUPREMO999: bets $6
Zubasa07: calls $6
*** SHOW DOWN ***
ELSUPREMO999: shows [Jh Ad] (a pair of Aces)
Zubasa07: mucks hand
ELSUPREMO999 collected $41.50 from pot
*** SUMMARY ***
Total pot $42 | Rake $0.50
Board [9h As Kd Tc 6h]
Seat 5: ELSUPREMO999 (button) (small blind) showed [Jh Ad] and won ($41.50) with a pair of Aces
Seat 6: Zubasa07 (big blind) mucked


PokerStars Hand #156148600921:  Hold'em Limit ($3/$6 USD) - 2016/07/18 18:22:49 ET
Table 'Ryba' 10-max Seat #5 is the button
Seat 5: ELSUPREMO999 ($142.14 in chips)
Seat 6: Zubasa07 ($508.17 in chips)
ELSUPREMO999: posts small blind $1
Zubasa07: posts big blind $3
*** HOLE CARDS ***
ELSUPREMO999: calls $2
Zubasa07: raises $3 to $6
ELSUPREMO999: calls $3
*** FLOP *** [5c 8d 2h]
Zubasa07: bets $3
ELSUPREMO999: calls $3
*** TURN *** [5c 8d 2h] [3h]
Zubasa07: bets $6
ELSUPREMO999: raises $6 to $12
Zubasa07: calls $6
*** RIVER *** [5c 8d 2h 3h] [Th]
Zubasa07: checks
ELSUPREMO999: bets $6
Zubasa07: calls $6
*** SHOW DOWN ***
ELSUPREMO999: shows [3d 5d] (two pair, Fives and Threes)
Zubasa07: mucks hand
ELSUPREMO999 collected $53.50 from pot
*** SUMMARY ***
Total pot $54 | Rake $0.50
Board [5c 8d 2h 3h Th]
Seat 5: ELSUPREMO999 (button) (small blind) showed [3d 5d] and won ($53.50) with two pair, Fives and Threes
Seat 6: Zubasa07 (big blind) mucked


PokerStars Hand #156148577336:  Hold'em Limit ($3/$6 USD) - 2016/07/18 18:22:16 ET
Table 'Ryba' 10-max Seat #6 is the button
Seat 5: ELSUPREMO999 ($157.14 in chips)
Seat 6: Zubasa07 ($493.67 in chips)
Zubasa07: posts small blind $1
ELSUPREMO999: posts big blind $3
*** HOLE CARDS ***
Zubasa07: raises $3 to $6
ELSUPREMO999: calls $3
*** FLOP *** [4s 9d Jc]
ELSUPREMO999: checks
Zubasa07: bets $3
ELSUPREMO999: calls $3
*** TURN *** [4s 9d Jc] [7c]
ELSUPREMO999: checks
Zubasa07: bets $6
ELSUPREMO999: calls $6
*** RIVER *** [4s 9d Jc 7c] [Ah]
ELSUPREMO999: checks
Zubasa07: bets $6
ELSUPREMO999: folds
Uncalled bet ($6) returned to Zubasa07
Zubasa07 collected $29.50 from pot
Zubasa07: doesn't show hand
*** SUMMARY ***
Total pot $30 | Rake $0.50
Board [4s 9d Jc 7c Ah]
Seat 5: ELSUPREMO999 (big blind) folded on the River
Seat 6: Zubasa07 (button) (small blind) collected ($29.50)


PokerStars Hand #156148630641:  Hold'em Limit ($3/$6 USD) - 2016/07/18 18:23:31 ET
Table 'Ryba' 10-max Seat #6 is the button
Seat 5: ELSUPREMO999 ($168.64 in chips)
Seat 6: Zubasa07 ($481.17 in chips)
Zubasa07: posts small blind $1
ELSUPREMO999: posts big blind $3
*** HOLE CARDS ***
Zubasa07: raises $3 to $6
ELSUPREMO999: calls $3
*** FLOP *** [Ac Qh 5s]
ELSUPREMO999: checks
Zubasa07: bets $3
ELSUPREMO999: calls $3
*** TURN *** [Ac Qh 5s] [4h]
ELSUPREMO999: checks
Zubasa07: checks
*** RIVER *** [Ac Qh 5s 4h] [Th]
ELSUPREMO999: bets $6
Zubasa07: calls $6
*** SHOW DOWN ***
ELSUPREMO999: shows [Kd Ad] (a pair of Aces)
Zubasa07: mucks hand
ELSUPREMO999 collected $29.50 from pot
*** SUMMARY ***
Total pot $30 | Rake $0.50
Board [Ac Qh 5s 4h Th]
Seat 5: ELSUPREMO999 (big blind) showed [Kd Ad] and won ($29.50) with a pair of Aces
Seat 6: Zubasa07 (button) (small blind) mucked


PokerStars Hand #156148650687:  Hold'em Limit ($3/$6 USD) - 2016/07/18 18:24:00 ET
Table 'Ryba' 10-max Seat #5 is the button
Seat 5: ELSUPREMO999 ($183.14 in chips)
Seat 6: Zubasa07 ($466.17 in chips)
ELSUPREMO999: posts small blind $1
Zubasa07: posts big blind $3
*** HOLE CARDS ***
ELSUPREMO999: calls $2
Zubasa07: raises $3 to $6
ELSUPREMO999: calls $3
*** FLOP *** [4c 5s Qh]
Zubasa07: bets $3
ELSUPREMO999: folds
Uncalled bet ($3) returned to Zubasa07
LWNS joins the table at seat #8
Zubasa07 collected $11.76 from pot
Zubasa07: doesn't show hand
*** SUMMARY ***
Total pot $12 | Rake $0.24
Board [4c 5s Qh]
Seat 5: ELSUPREMO999 (button) (small blind) folded on the Flop
Seat 6: Zubasa07 (big blind) collected ($11.76)


PokerStars Hand #156148818790:  Hold'em Limit ($3/$6 USD) - 2016/07/18 18:28:02 ET
Table 'Ryba' 10-max Seat #5 is the button
Seat 5: ELSUPREMO999 ($189.89 in chips)
Seat 6: Zubasa07 ($435.51 in chips)
ELSUPREMO999: posts small blind $1
Zubasa07: posts big blind $3
*** HOLE CARDS ***
ELSUPREMO999: raises $3 to $6
Zubasa07: raises $3 to $9
ELSUPREMO999: calls $3
*** FLOP *** [8s Qc 5c]
Zubasa07: bets $3
ELSUPREMO999: calls $3
*** TURN *** [8s Qc 5c] [6s]
Zubasa07: bets $6
ELSUPREMO999: calls $6
*** RIVER *** [8s Qc 5c 6s] [Qh]
Zubasa07: bets $6
ELSUPREMO999: calls $6
*** SHOW DOWN ***
Zubasa07: shows [Kd Kh] (two pair, Kings and Queens)
ELSUPREMO999: mucks hand
Zubasa07 collected $47.50 from pot
*** SUMMARY ***
Total pot $48 | Rake $0.50
Board [8s Qc 5c 6s Qh]
Seat 5: ELSUPREMO999 (button) (small blind) mucked
Seat 6: Zubasa07 (big blind) showed [Kd Kh] and won ($47.50) with two pair, Kings and Queens


PokerStars Hand #156148812519:  Hold'em Limit ($3/$6 USD) - 2016/07/18 18:27:53 ET
Table 'Ryba' 10-max Seat #6 is the button
Seat 5: ELSUPREMO999 ($195.89 in chips)
Seat 6: Zubasa07 ($429.75 in chips)
Zubasa07: posts small blind $1
ELSUPREMO999: posts big blind $3
*** HOLE CARDS ***
Zubasa07: raises $3 to $6
ELSUPREMO999: calls $3
*** FLOP *** [Kc 3d 6h]
ELSUPREMO999: checks
Zubasa07: bets $3
ELSUPREMO999: folds
Uncalled bet ($3) returned to Zubasa07
Zubasa07 collected $11.76 from pot
Zubasa07: doesn't show hand
*** SUMMARY ***
Total pot $12 | Rake $0.24
Board [Kc 3d 6h]
Seat 5: ELSUPREMO999 (big blind) folded on the Flop
Seat 6: Zubasa07 (button) (small blind) collected ($11.76)


PokerStars Hand #156148808287:  Hold'em Limit ($3/$6 USD) - 2016/07/18 18:27:47 ET
Table 'Ryba' 10-max Seat #5 is the button
Seat 5: ELSUPREMO999 ($196.89 in chips)
Seat 6: Zubasa07 ($428.75 in chips)
ELSUPREMO999: posts small blind $1
Zubasa07: posts big blind $3
*** HOLE CARDS ***
ELSUPREMO999: folds
Uncalled bet ($2) returned to Zubasa07
Zubasa07 collected $2 from pot
Zubasa07: doesn't show hand
*** SUMMARY ***
Total pot $2 | Rake $0
Seat 5: ELSUPREMO999 (button) (small blind) folded before Flop
Seat 6: Zubasa07 (big blind) collected ($2)


PokerStars Hand #156148804111:  Hold'em Limit ($3/$6 USD) - 2016/07/18 18:27:41 ET
Table 'Ryba' 10-max Seat #6 is the button
Seat 5: ELSUPREMO999 ($195.89 in chips)
Seat 6: Zubasa07 ($429.75 in chips)
Zubasa07: posts small blind $1
ELSUPREMO999: posts big blind $3
*** HOLE CARDS ***
Zubasa07: folds
Uncalled bet ($2) returned to ELSUPREMO999
ELSUPREMO999 collected $2 from pot
ELSUPREMO999: doesn't show hand
*** SUMMARY ***
Total pot $2 | Rake $0
Seat 5: ELSUPREMO999 (big blind) collected ($2)
Seat 6: Zubasa07 (button) (small blind) folded before Flop


PokerStars Hand #156148871329:  Hold'em Limit ($3/$6 USD) - 2016/07/18 18:29:19 ET
Table 'Ryba' 10-max Seat #5 is the button
Seat 5: ELSUPREMO999 ($181.39 in chips)
Seat 6: Zubasa07 ($442.77 in chips)
ELSUPREMO999: posts small blind $1
Zubasa07: posts big blind $3
*** HOLE CARDS ***
ELSUPREMO999: folds
Uncalled bet ($2) returned to Zubasa07
Zubasa07 collected $2 from pot
Zubasa07: doesn't show hand
*** SUMMARY ***
Total pot $2 | Rake $0
Seat 5: ELSUPREMO999 (button) (small blind) folded before Flop
Seat 6: Zubasa07 (big blind) collected ($2)


PokerStars Hand #156148867676:  Hold'em Limit ($3/$6 USD) - 2016/07/18 18:29:14 ET
Table 'Ryba' 10-max Seat #6 is the button
Seat 5: ELSUPREMO999 ($184.39 in chips)
Seat 6: Zubasa07 ($439.77 in chips)
Zubasa07: posts small blind $1
ELSUPREMO999: posts big blind $3
*** HOLE CARDS ***
Zubasa07: raises $3 to $6
ELSUPREMO999: folds
Uncalled bet ($3) returned to Zubasa07
Zubasa07 collected $6 from pot
Zubasa07: doesn't show hand
*** SUMMARY ***
Total pot $6 | Rake $0
Seat 5: ELSUPREMO999 (big blind) folded before Flop
Seat 6: Zubasa07 (button) (small blind) collected ($6)


PokerStars Hand #156148864710:  Hold'em Limit ($3/$6 USD) - 2016/07/18 18:29:10 ET
Table 'Ryba' 10-max Seat #5 is the button
Seat 5: ELSUPREMO999 ($185.39 in chips)
Seat 6: Zubasa07 ($438.77 in chips)
ELSUPREMO999: posts small blind $1
Zubasa07: posts big blind $3
*** HOLE CARDS ***
ELSUPREMO999: folds
Uncalled bet ($2) returned to Zubasa07
Zubasa07 collected $2 from pot
Zubasa07: doesn't show hand
*** SUMMARY ***
Total pot $2 | Rake $0
Seat 5: ELSUPREMO999 (button) (small blind) folded before Flop
Seat 6: Zubasa07 (big blind) collected ($2)


PokerStars Hand #156148850930:  Hold'em Limit ($3/$6 USD) - 2016/07/18 18:28:49 ET
Table 'Ryba' 10-max Seat #6 is the button
Seat 5: ELSUPREMO999 ($191.39 in chips)
Seat 6: Zubasa07 ($433.01 in chips)
Zubasa07: posts small blind $1
ELSUPREMO999: posts big blind $3
*** HOLE CARDS ***
Zubasa07: raises $3 to $6
ELSUPREMO999: calls $3
*** FLOP *** [6d 7c Jc]
ELSUPREMO999: checks
Zubasa07: bets $3
ELSUPREMO999: folds
Uncalled bet ($3) returned to Zubasa07
Zubasa07 collected $11.76 from pot
Zubasa07: doesn't show hand
*** SUMMARY ***
Total pot $12 | Rake $0.24
Board [6d 7c Jc]
Seat 5: ELSUPREMO999 (big blind) folded on the Flop
Seat 6: Zubasa07 (button) (small blind) collected ($11.76)


PokerStars Hand #156148847829:  Hold'em Limit ($3/$6 USD) - 2016/07/18 18:28:45 ET
Table 'Ryba' 10-max Seat #5 is the button
Seat 5: ELSUPREMO999 ($192.39 in chips)
Seat 6: Zubasa07 ($432.01 in chips)
ELSUPREMO999: posts small blind $1
Zubasa07: posts big blind $3
*** HOLE CARDS ***
ELSUPREMO999: folds
Uncalled bet ($2) returned to Zubasa07
Zubasa07 collected $2 from pot
Zubasa07: doesn't show hand
*** SUMMARY ***
Total pot $2 | Rake $0
Seat 5: ELSUPREMO999 (button) (small blind) folded before Flop
Seat 6: Zubasa07 (big blind) collected ($2)


PokerStars Hand #156148831787:  Hold'em Limit ($3/$6 USD) - 2016/07/18 18:28:21 ET
Table 'Ryba' 10-max Seat #6 is the button
Seat 5: ELSUPREMO999 ($165.89 in chips)
Seat 6: Zubasa07 ($459.01 in chips)
Zubasa07: posts small blind $1
ELSUPREMO999: posts big blind $3
*** HOLE CARDS ***
Zubasa07: raises $3 to $6
ELSUPREMO999: calls $3
*** FLOP *** [5s 9h 7c]
ELSUPREMO999: checks
Zubasa07: bets $3
ELSUPREMO999: calls $3
*** TURN *** [5s 9h 7c] [2s]
ELSUPREMO999: checks
Zubasa07: checks
*** RIVER *** [5s 9h 7c 2s] [Qc]
ELSUPREMO999: bets $6
Zubasa07: raises $6 to $12
ELSUPREMO999: raises $6 to $18
Zubasa07: calls $6
*** SHOW DOWN ***
ELSUPREMO999: shows [Qd 5h] (two pair, Queens and Fives)
Zubasa07: mucks hand
ELSUPREMO999 collected $53.50 from pot
*** SUMMARY ***
Total pot $54 | Rake $0.50
Board [5s 9h 7c 2s Qc]
Seat 5: ELSUPREMO999 (big blind) showed [Qd 5h] and won ($53.50) with two pair, Queens and Fives
Seat 6: Zubasa07 (button) (small blind) mucked


PokerStars Hand #156148896794:  Hold'em Limit ($3/$6 USD) - 2016/07/18 18:29:57 ET
Table 'Ryba' 10-max Seat #5 is the button
Seat 5: ELSUPREMO999 ($191.91 in chips)
Seat 6: Zubasa07 ($431.77 in chips)
ELSUPREMO999: posts small blind $1
Zubasa07: posts big blind $3
*** HOLE CARDS ***
ELSUPREMO999: calls $2
Zubasa07: checks
*** FLOP *** [2d 3c Ks]
Zubasa07: bets $3
ELSUPREMO999: calls $3
*** TURN *** [2d 3c Ks] [Jc]
Zubasa07: bets $6
ELSUPREMO999: raises $6 to $12
Zubasa07: raises $6 to $18
ELSUPREMO999: calls $6
*** RIVER *** [2d 3c Ks Jc] [7h]
Zubasa07: bets $6
ELSUPREMO999: calls $6
*** SHOW DOWN ***
Zubasa07: shows [2c Jh] (two pair, Jacks and Deuces)
ELSUPREMO999: mucks hand
Zubasa07 collected $59.50 from pot
*** SUMMARY ***
Total pot $60 | Rake $0.50
Board [2d 3c Ks Jc 7h]
Seat 5: ELSUPREMO999 (button) (small blind) mucked
Seat 6: Zubasa07 (big blind) showed [2c Jh] and won ($59.50) with two pair, Jacks and Deuces


PokerStars Hand #156148874595:  Hold'em Limit ($3/$6 USD) - 2016/07/18 18:29:24 ET
Table 'Ryba' 10-max Seat #6 is the button
Seat 5: ELSUPREMO999 ($180.39 in chips)
Seat 6: Zubasa07 ($443.77 in chips)
Zubasa07: posts small blind $1
ELSUPREMO999: posts big blind $3
*** HOLE CARDS ***
Zubasa07: raises $3 to $6
ELSUPREMO999: raises $3 to $9
Zubasa07: calls $3
*** FLOP *** [2h Qc 4s]
ELSUPREMO999: bets $3
Zubasa07: calls $3
*** TURN *** [2h Qc 4s] [Kd]
ELSUPREMO999: bets $6
Zubasa07: folds
Uncalled bet ($6) returned to ELSUPREMO999
ELSUPREMO999 collected $23.52 from pot
ELSUPREMO999: doesn't show hand
*** SUMMARY ***
Total pot $24 | Rake $0.48
Board [2h Qc 4s Kd]
Seat 5: ELSUPREMO999 (big blind) collected ($23.52)
Seat 6: Zubasa07 (button) (small blind) folded on the Turn


PokerStars Hand #156148944356:  Hold'em Limit ($3/$6 USD) - 2016/07/18 18:31:08 ET
Table 'Ryba' 10-max Seat #5 is the button
Seat 5: ELSUPREMO999 ($137.91 in chips)
Seat 6: Zubasa07 ($484.77 in chips)
ELSUPREMO999: posts small blind $1
Zubasa07: posts big blind $3
*** HOLE CARDS ***
ELSUPREMO999: folds
Uncalled bet ($2) returned to Zubasa07
Zubasa07 collected $2 from pot
Zubasa07: doesn't show hand
*** SUMMARY ***
Total pot $2 | Rake $0
Seat 5: ELSUPREMO999 (button) (small blind) folded before Flop
Seat 6: Zubasa07 (big blind) collected ($2)


PokerStars Hand #156148916762:  Hold'em Limit ($3/$6 USD) - 2016/07/18 18:30:27 ET
Table 'Ryba' 10-max Seat #6 is the button
Seat 5: ELSUPREMO999 ($161.91 in chips)
Seat 6: Zubasa07 ($461.27 in chips)
Zubasa07: posts small blind $1
ELSUPREMO999: posts big blind $3
*** HOLE CARDS ***
Zubasa07: raises $3 to $6
ELSUPREMO999: raises $3 to $9
Zubasa07: calls $3
*** FLOP *** [2d 5c 4d]
ELSUPREMO999: checks
Zubasa07: bets $3
ELSUPREMO999: calls $3
*** TURN *** [2d 5c 4d] [7c]
ELSUPREMO999: checks
Zubasa07: bets $6
ELSUPREMO999: calls $6
*** RIVER *** [2d 5c 4d 7c] [Ah]
ELSUPREMO999: checks
Zubasa07: bets $6
ELSUPREMO999: calls $6
*** SHOW DOWN ***
Zubasa07: shows [8s 6s] (a straight, Four to Eight)
ELSUPREMO999: mucks hand
Zubasa07 collected $47.50 from pot
*** SUMMARY ***
Total pot $48 | Rake $0.50
Board [2d 5c 4d 7c Ah]
Seat 5: ELSUPREMO999 (big blind) mucked
Seat 6: Zubasa07 (button) (small blind) showed [8s 6s] and won ($47.50) with a straight, Four to Eight


PokerStars Hand #156148947524:  Hold'em Limit ($3/$6 USD) - 2016/07/18 18:31:13 ET
Table 'Ryba' 10-max Seat #6 is the button
Seat 5: ELSUPREMO999 ($136.91 in chips)
Seat 6: Zubasa07 ($485.77 in chips)
Zubasa07: posts small blind $1
ELSUPREMO999: posts big blind $3
*** HOLE CARDS ***
Zubasa07: folds
Uncalled bet ($2) returned to ELSUPREMO999
ELSUPREMO999 collected $2 from pot
ELSUPREMO999: doesn't show hand
*** SUMMARY ***
Total pot $2 | Rake $0
Seat 5: ELSUPREMO999 (big blind) collected ($2)
Seat 6: Zubasa07 (button) (small blind) folded before Flop


PokerStars Hand #156148976664:  Hold'em Limit ($3/$6 USD) - 2016/07/18 18:31:56 ET
Table 'Ryba' 10-max Seat #6 is the button
Seat 5: ELSUPREMO999 ($158.41 in chips)
Seat 6: Zubasa07 ($463.77 in chips)
Zubasa07: posts small blind $1
ELSUPREMO999: posts big blind $3
*** HOLE CARDS ***
Zubasa07: raises $3 to $6
ELSUPREMO999: calls $3
*** FLOP *** [4c 7s Ah]
ELSUPREMO999: checks
Zubasa07: bets $3
ELSUPREMO999: calls $3
*** TURN *** [4c 7s Ah] [4d]
ELSUPREMO999: checks
Zubasa07: checks
*** RIVER *** [4c 7s Ah 4d] [8c]
ELSUPREMO999: bets $6
Zubasa07: calls $6
*** SHOW DOWN ***
ELSUPREMO999: shows [2h Ac] (two pair, Aces and Fours)
Zubasa07: mucks hand
ELSUPREMO999 collected $29.50 from pot
*** SUMMARY ***
Total pot $30 | Rake $0.50
Board [4c 7s Ah 4d 8c]
Seat 5: ELSUPREMO999 (big blind) showed [2h Ac] and won ($29.50) with two pair, Aces and Fours
Seat 6: Zubasa07 (button) (small blind) mucked


PokerStars Hand #156148955817:  Hold'em Limit ($3/$6 USD) - 2016/07/18 18:31:25 ET
Table 'Ryba' 10-max Seat #5 is the button
Seat 5: ELSUPREMO999 ($137.91 in chips)
Seat 6: Zubasa07 ($484.77 in chips)
ELSUPREMO999: posts small blind $1
Zubasa07: posts big blind $3
*** HOLE CARDS ***
ELSUPREMO999: calls $2
Zubasa07: raises $3 to $6
ELSUPREMO999: calls $3
*** FLOP *** [8c 2h 8d]
Zubasa07: bets $3
ELSUPREMO999: calls $3
*** TURN *** [8c 2h 8d] [Qh]
Zubasa07: checks
ELSUPREMO999: bets $6
Zubasa07: calls $6
*** RIVER *** [8c 2h 8d Qh] [4s]
Zubasa07: checks
ELSUPREMO999: bets $6
Zubasa07: calls $6
*** SHOW DOWN ***
ELSUPREMO999: shows [Qs Ts] (two pair, Queens and Eights)
Zubasa07: mucks hand
ELSUPREMO999 collected $41.50 from pot
*** SUMMARY ***
Total pot $42 | Rake $0.50
Board [8c 2h 8d Qh 4s]
Seat 5: ELSUPREMO999 (button) (small blind) showed [Qs Ts] and won ($41.50) with two pair, Queens and Eights
Seat 6: Zubasa07 (big blind) mucked


PokerStars Hand #156149023435:  Hold'em Limit ($3/$6 USD) - 2016/07/18 18:33:07 ET
Table 'Ryba' 10-max Seat #5 is the button
Seat 5: ELSUPREMO999 ($156.91 in chips)
Seat 6: Zubasa07 ($464.29 in chips)
ELSUPREMO999: posts small blind $1
Zubasa07: posts big blind $3
*** HOLE CARDS ***
ELSUPREMO999: calls $2
Zubasa07: raises $3 to $6
ELSUPREMO999: calls $3
*** FLOP *** [Qs 7s 8c]
Zubasa07: bets $3
ELSUPREMO999: calls $3
*** TURN *** [Qs 7s 8c] [5d]
Zubasa07: bets $6
ELSUPREMO999: calls $6
*** RIVER *** [Qs 7s 8c 5d] [2d]
Zubasa07: bets $6
ELSUPREMO999: calls $6
*** SHOW DOWN ***
Zubasa07: shows [Qh Qd] (three of a kind, Queens)
ELSUPREMO999: mucks hand
Zubasa07 collected $41.50 from pot
*** SUMMARY ***
Total pot $42 | Rake $0.50
Board [Qs 7s 8c 5d 2d]
Seat 5: ELSUPREMO999 (button) (small blind) mucked
Seat 6: Zubasa07 (big blind) showed [Qh Qd] and won ($41.50) with three of a kind, Queens


PokerStars Hand #156149020546:  Hold'em Limit ($3/$6 USD) - 2016/07/18 18:33:03 ET
Table 'Ryba' 10-max Seat #6 is the button
Seat 5: ELSUPREMO999 ($159.91 in chips)
Seat 6: Zubasa07 ($461.29 in chips)
Zubasa07: posts small blind $1
ELSUPREMO999: posts big blind $3
*** HOLE CARDS ***
Zubasa07: raises $3 to $6
ELSUPREMO999: folds
Uncalled bet ($3) returned to Zubasa07
Zubasa07 collected $6 from pot
Zubasa07: doesn't show hand
*** SUMMARY ***
Total pot $6 | Rake $0
Seat 5: ELSUPREMO999 (big blind) folded before Flop
Seat 6: Zubasa07 (button) (small blind) collected ($6)


PokerStars Hand #156149017560:  Hold'em Limit ($3/$6 USD) - 2016/07/18 18:32:58 ET
Table 'Ryba' 10-max Seat #5 is the button
Seat 5: ELSUPREMO999 ($160.91 in chips)
Seat 6: Zubasa07 ($460.29 in chips)
ELSUPREMO999: posts small blind $1
Zubasa07: posts big blind $3
*** HOLE CARDS ***
ELSUPREMO999: folds
Uncalled bet ($2) returned to Zubasa07
Zubasa07 collected $2 from pot
Zubasa07: doesn't show hand
*** SUMMARY ***
Total pot $2 | Rake $0
Seat 5: ELSUPREMO999 (button) (small blind) folded before Flop
Seat 6: Zubasa07 (big blind) collected ($2)


PokerStars Hand #156149010977:  Hold'em Limit ($3/$6 USD) - 2016/07/18 18:32:48 ET
Table 'Ryba' 10-max Seat #6 is the button
Seat 5: ELSUPREMO999 ($166.91 in chips)
Seat 6: Zubasa07 ($454.53 in chips)
Zubasa07: posts small blind $1
ELSUPREMO999: posts big blind $3
*** HOLE CARDS ***
Zubasa07: raises $3 to $6
ELSUPREMO999: calls $3
*** FLOP *** [2h 7d 9s]
ELSUPREMO999: checks
Zubasa07: bets $3
ELSUPREMO999: folds
Uncalled bet ($3) returned to Zubasa07
Zubasa07 collected $11.76 from pot
Zubasa07: doesn't show hand
*** SUMMARY ***
Total pot $12 | Rake $0.24
Board [2h 7d 9s]
Seat 5: ELSUPREMO999 (big blind) folded on the Flop
Seat 6: Zubasa07 (button) (small blind) collected ($11.76)


PokerStars Hand #156148996622:  Hold'em Limit ($3/$6 USD) - 2016/07/18 18:32:26 ET
Table 'Ryba' 10-max Seat #5 is the button
Seat 5: ELSUPREMO999 ($172.91 in chips)
Seat 6: Zubasa07 ($448.77 in chips)
ELSUPREMO999: posts small blind $1
Zubasa07: posts big blind $3
*** HOLE CARDS ***
ELSUPREMO999: calls $2
Zubasa07: raises $3 to $6
ELSUPREMO999: calls $3
*** FLOP *** [3d 5d 7c]
Zubasa07: bets $3
ELSUPREMO999: folds
Uncalled bet ($3) returned to Zubasa07
Zubasa07 collected $11.76 from pot
Zubasa07: doesn't show hand
*** SUMMARY ***
Total pot $12 | Rake $0.24
Board [3d 5d 7c]
Seat 5: ELSUPREMO999 (button) (small blind) folded on the Flop
Seat 6: Zubasa07 (big blind) collected ($11.76)


PokerStars Hand #156149057239:  Hold'em Limit ($3/$6 USD) - 2016/07/18 18:33:56 ET
Table 'Ryba' 10-max Seat #5 is the button
Seat 5: ELSUPREMO999 ($114.91 in chips)
Seat 6: Zubasa07 ($505.29 in chips)
ELSUPREMO999: posts small blind $1
Zubasa07: posts big blind $3
*** HOLE CARDS ***
ELSUPREMO999: calls $2
Zubasa07: raises $3 to $6
ELSUPREMO999: calls $3
*** FLOP *** [8d 7s 4s]
Zubasa07: bets $3
ELSUPREMO999: calls $3
*** TURN *** [8d 7s 4s] [8c]
Zubasa07: bets $6
ELSUPREMO999: raises $6 to $12
Zubasa07: calls $6
*** RIVER *** [8d 7s 4s 8c] [5c]
Zubasa07: checks
ELSUPREMO999: bets $6
Zubasa07: raises $6 to $12
ELSUPREMO999: calls $6
*** SHOW DOWN ***
Zubasa07: shows [5s 5d] (a full house, Fives full of Eights)
ELSUPREMO999: mucks hand
Zubasa07 collected $65.50 from pot
*** SUMMARY ***
Total pot $66 | Rake $0.50
Board [8d 7s 4s 8c 5c]
Seat 5: ELSUPREMO999 (button) (small blind) mucked
Seat 6: Zubasa07 (big blind) showed [5s 5d] and won ($65.50) with a full house, Fives full of Eights


PokerStars Hand #156149037346:  Hold'em Limit ($3/$6 USD) - 2016/07/18 18:33:28 ET
Table 'Ryba' 10-max Seat #6 is the button
Seat 5: ELSUPREMO999 ($135.91 in chips)
Seat 6: Zubasa07 ($484.79 in chips)
Zubasa07: posts small blind $1
ELSUPREMO999: posts big blind $3
*** HOLE CARDS ***
Zubasa07: raises $3 to $6
ELSUPREMO999: calls $3
*** FLOP *** [5d 7d 2h]
ELSUPREMO999: checks
Zubasa07: bets $3
ELSUPREMO999: calls $3
*** TURN *** [5d 7d 2h] [9h]
ELSUPREMO999: checks
Zubasa07: bets $6
ELSUPREMO999: calls $6
*** RIVER *** [5d 7d 2h 9h] [3s]
ELSUPREMO999: checks
Zubasa07: bets $6
ELSUPREMO999: calls $6
*** SHOW DOWN ***
Zubasa07: shows [Ks Kh] (a pair of Kings)
ELSUPREMO999: mucks hand
Zubasa07 collected $41.50 from pot
*** SUMMARY ***
Total pot $42 | Rake $0.50
Board [5d 7d 2h 9h 3s]
Seat 5: ELSUPREMO999 (big blind) mucked
Seat 6: Zubasa07 (button) (small blind) showed [Ks Kh] and won ($41.50) with a pair of Kings


PokerStars Hand #156149098589:  Hold'em Limit ($3/$6 USD) - 2016/07/18 18:34:58 ET
Table 'Ryba' 10-max Seat #6 is the button
Seat 5: ELSUPREMO999 ($59.91 in chips)
Seat 6: Zubasa07 ($559.29 in chips)
Zubasa07: posts small blind $1
ELSUPREMO999: posts big blind $3
*** HOLE CARDS ***
Zubasa07: raises $3 to $6
ELSUPREMO999: calls $3
*** FLOP *** [Ks 4c 3h]
ELSUPREMO999: checks
Zubasa07: bets $3
ELSUPREMO999: calls $3
*** TURN *** [Ks 4c 3h] [4h]
ELSUPREMO999: checks
Zubasa07: bets $6
ELSUPREMO999: folds
Uncalled bet ($6) returned to Zubasa07
Zubasa07 collected $17.64 from pot
Zubasa07: doesn't show hand
*** SUMMARY ***
Total pot $18 | Rake $0.36
Board [Ks 4c 3h 4h]
Seat 5: ELSUPREMO999 (big blind) folded on the Turn
Seat 6: Zubasa07 (button) (small blind) collected ($17.64)


PokerStars Hand #156149093550:  Hold'em Limit ($3/$6 USD) - 2016/07/18 18:34:51 ET
Table 'Ryba' 10-max Seat #5 is the button
Seat 5: ELSUPREMO999 ($60.91 in chips)
Seat 6: Zubasa07 ($558.29 in chips)
ELSUPREMO999: posts small blind $1
Zubasa07: posts big blind $3
*** HOLE CARDS ***
ELSUPREMO999: folds
Uncalled bet ($2) returned to Zubasa07
Zubasa07 collected $2 from pot
Zubasa07: doesn't show hand
*** SUMMARY ***
Total pot $2 | Rake $0
Seat 5: ELSUPREMO999 (button) (small blind) folded before Flop
Seat 6: Zubasa07 (big blind) collected ($2)


PokerStars Hand #156149072556:  Hold'em Limit ($3/$6 USD) - 2016/07/18 18:34:19 ET
Table 'Ryba' 10-max Seat #6 is the button
Seat 5: ELSUPREMO999 ($81.91 in chips)
Seat 6: Zubasa07 ($537.79 in chips)
Zubasa07: posts small blind $1
ELSUPREMO999: posts big blind $3
*** HOLE CARDS ***
Zubasa07: raises $3 to $6
ELSUPREMO999: raises $3 to $9
Zubasa07: calls $3
*** FLOP *** [Td 5c 7c]
ELSUPREMO999: checks
Zubasa07: checks
*** TURN *** [Td 5c 7c] [9c]
ELSUPREMO999: checks
Zubasa07: bets $6
ELSUPREMO999: calls $6
*** RIVER *** [Td 5c 7c 9c] [7s]
ELSUPREMO999: checks
Zubasa07: bets $6
ELSUPREMO999: calls $6
*** SHOW DOWN ***
Zubasa07: shows [2d 5d] (two pair, Sevens and Fives)
ELSUPREMO999: mucks hand
Zubasa07 collected $41.50 from pot
*** SUMMARY ***
Total pot $42 | Rake $0.50
Board [Td 5c 7c 9c 7s]
Seat 5: ELSUPREMO999 (big blind) mucked
Seat 6: Zubasa07 (button) (small blind) showed [2d 5d] and won ($41.50) with two pair, Sevens and Fives


PokerStars Hand #156149149737:  Hold'em Limit ($3/$6 USD) - 2016/07/18 18:36:16 ET
Table 'Ryba' 10-max Seat #6 is the button
Seat 5: ELSUPREMO999 ($49.32 in chips)
Seat 6: Zubasa07 ($568.52 in chips)
Zubasa07: posts small blind $1
ELSUPREMO999: posts big blind $3
*** HOLE CARDS ***
Zubasa07: raises $3 to $6
ELSUPREMO999: calls $3
*** FLOP *** [Kd 8c Jc]
ELSUPREMO999: checks
Zubasa07: bets $3
ELSUPREMO999: folds
Uncalled bet ($3) returned to Zubasa07
Zubasa07 collected $11.76 from pot
Zubasa07: doesn't show hand
*** SUMMARY ***
Total pot $12 | Rake $0.24
Board [Kd 8c Jc]
Seat 5: ELSUPREMO999 (big blind) folded on the Flop
Seat 6: Zubasa07 (button) (small blind) collected ($11.76)


PokerStars Hand #156149135635:  Hold'em Limit ($3/$6 USD) - 2016/07/18 18:35:54 ET
Table 'Ryba' 10-max Seat #5 is the button
Seat 5: ELSUPREMO999 ($24.91 in chips)
Seat 6: Zubasa07 ($593.43 in chips)
ELSUPREMO999: posts small blind $1
Zubasa07: posts big blind $3
*** HOLE CARDS ***
ELSUPREMO999: calls $2
Zubasa07: raises $3 to $6
ELSUPREMO999: calls $3
*** FLOP *** [7s 8s Jc]
Zubasa07: bets $3
ELSUPREMO999: calls $3
*** TURN *** [7s 8s Jc] [Ad]
Zubasa07: bets $6
ELSUPREMO999: raises $6 to $12
Zubasa07: raises $6 to $18
ELSUPREMO999: calls $3.91 and is all-in
Uncalled bet ($2.09) returned to Zubasa07
*** RIVER *** [7s 8s Jc Ad] [Ah]
*** SHOW DOWN ***
Zubasa07: shows [9d 9s] (two pair, Aces and Nines)
ELSUPREMO999: shows [Ac 3s] (three of a kind, Aces)
ELSUPREMO999 collected $49.32 from pot
*** SUMMARY ***
Total pot $49.82 | Rake $0.50
Board [7s 8s Jc Ad Ah]
Seat 5: ELSUPREMO999 (button) (small blind) showed [Ac 3s] and won ($49.32) with three of a kind, Aces
Seat 6: Zubasa07 (big blind) showed [9d 9s] and lost with two pair, Aces and Nines


PokerStars Hand #156149132704:  Hold'em Limit ($3/$6 USD) - 2016/07/18 18:35:50 ET
Table 'Ryba' 10-max Seat #6 is the button
Seat 5: ELSUPREMO999 ($23.91 in chips)
Seat 6: Zubasa07 ($594.43 in chips)
Zubasa07: posts small blind $1
ELSUPREMO999: posts big blind $3
*** HOLE CARDS ***
Zubasa07: folds
Uncalled bet ($2) returned to ELSUPREMO999
ELSUPREMO999 collected $2 from pot
ELSUPREMO999: doesn't show hand
*** SUMMARY ***
Total pot $2 | Rake $0
Seat 5: ELSUPREMO999 (big blind) collected ($2)
Seat 6: Zubasa07 (button) (small blind) folded before Flop


PokerStars Hand #156149112003:  Hold'em Limit ($3/$6 USD) - 2016/07/18 18:35:18 ET
Table 'Ryba' 10-max Seat #5 is the button
Seat 5: ELSUPREMO999 ($50.91 in chips)
Seat 6: Zubasa07 ($567.93 in chips)
ELSUPREMO999: posts small blind $1
Zubasa07: posts big blind $3
*** HOLE CARDS ***
ELSUPREMO999: raises $3 to $6
Zubasa07: raises $3 to $9
ELSUPREMO999: raises $3 to $12
Betting is capped
Zubasa07: calls $3
*** FLOP *** [3d Ah 6s]
Zubasa07: checks
ELSUPREMO999: bets $3
Zubasa07: calls $3
*** TURN *** [3d Ah 6s] [5c]
Zubasa07: checks
ELSUPREMO999: bets $6
Zubasa07: calls $6
*** RIVER *** [3d Ah 6s 5c] [3h]
Zubasa07: checks
ELSUPREMO999: bets $6
Zubasa07: calls $6
*** SHOW DOWN ***
ELSUPREMO999: shows [Qh Ts] (a pair of Threes)
Zubasa07: shows [Ad 9d] (two pair, Aces and Threes)
Zubasa07 collected $53.50 from pot
*** SUMMARY ***
Total pot $54 | Rake $0.50
Board [3d Ah 6s 5c 3h]
Seat 5: ELSUPREMO999 (button) (small blind) showed [Qh Ts] and lost with a pair of Threes
Seat 6: Zubasa07 (big blind) showed [Ad 9d] and won ($53.50) with two pair, Aces and Threes


PokerStars Hand #156149161713:  Hold'em Limit ($3/$6 USD) - 2016/07/18 18:36:34 ET
Table 'Ryba' 10-max Seat #5 is the button
Seat 5: ELSUPREMO999 ($43.32 in chips)
Seat 6: Zubasa07 ($574.28 in chips)
ELSUPREMO999: posts small blind $1
Zubasa07: posts big blind $3
*** HOLE CARDS ***
ELSUPREMO999: folds
Uncalled bet ($2) returned to Zubasa07
Zubasa07 collected $2 from pot
Zubasa07: doesn't show hand
*** SUMMARY ***
Total pot $2 | Rake $0
Seat 5: ELSUPREMO999 (button) (small blind) folded before Flop
Seat 6: Zubasa07 (big blind) collected ($2)


PokerStars Hand #156149202183:  Hold'em Limit ($3/$6 USD) - 2016/07/18 18:37:21 ET
Table 'Ryba' 10-max Seat #6 is the button
Seat 5: ELSUPREMO999 ($13.32 in chips)
Seat 6: Zubasa07 ($603.78 in chips)
Zubasa07: posts small blind $1
ELSUPREMO999: posts big blind $3
*** HOLE CARDS ***
Zubasa07: raises $3 to $6
ELSUPREMO999: raises $3 to $9
Zubasa07: raises $3 to $12
Betting is capped
ELSUPREMO999: calls $3
*** FLOP *** [Ts 4h 2s]
ELSUPREMO999: bets $1.32 and is all-in
Zubasa07: calls $1.32
*** TURN *** [Ts 4h 2s] [3s]
*** RIVER *** [Ts 4h 2s 3s] [Jh]
*** SHOW DOWN ***
ELSUPREMO999: shows [6s 6c] (a pair of Sixes)
Zubasa07: shows [Js Tc] (two pair, Jacks and Tens)
Zubasa07 collected $26.14 from pot
*** SUMMARY ***
Total pot $26.64 | Rake $0.50
Board [Ts 4h 2s 3s Jh]
Seat 5: ELSUPREMO999 (big blind) showed [6s 6c] and lost with a pair of Sixes
Seat 6: Zubasa07 (button) (small blind) showed [Js Tc] and won ($26.14) with two pair, Jacks and Tens


PokerStars Hand #156149171115:  Hold'em Limit ($3/$6 USD) - 2016/07/18 18:36:48 ET
Table 'Ryba' 10-max Seat #5 is the button
Seat 5: ELSUPREMO999 ($43.32 in chips)
Seat 6: Zubasa07 ($574.28 in chips)
ELSUPREMO999: posts small blind $1
Zubasa07: posts big blind $3
*** HOLE CARDS ***
ELSUPREMO999: calls $2
Zubasa07: checks
*** FLOP *** [9s 7h 7s]
Zubasa07: bets $3
ELSUPREMO999: calls $3
*** TURN *** [9s 7h 7s] [Js]
Zubasa07: bets $6
ELSUPREMO999: raises $6 to $12
Zubasa07: calls $6
*** RIVER *** [9s 7h 7s Js] [Ad]
Zubasa07: bets $6
ELSUPREMO999: raises $6 to $12
Zubasa07: calls $6
*** SHOW DOWN ***
ELSUPREMO999: shows [Jc As] (two pair, Aces and Jacks)
Zubasa07: shows [Td 8h] (a straight, Seven to Jack)
Zubasa07 collected $59.50 from pot
*** SUMMARY ***
Total pot $60 | Rake $0.50
Board [9s 7h 7s Js Ad]
Seat 5: ELSUPREMO999 (button) (small blind) showed [Jc As] and lost with two pair, Aces and Jacks
Seat 6: Zubasa07 (big blind) showed [Td 8h] and won ($59.50) with a straight, Seven to Jack


PokerStars Hand #156149165169:  Hold'em Limit ($3/$6 USD) - 2016/07/18 18:36:39 ET
Table 'Ryba' 10-max Seat #6 is the button
Seat 5: ELSUPREMO999 ($42.32 in chips)
Seat 6: Zubasa07 ($575.28 in chips)
Zubasa07: posts small blind $1
ELSUPREMO999: posts big blind $3
*** HOLE CARDS ***
Zubasa07: folds
Uncalled bet ($2) returned to ELSUPREMO999
ELSUPREMO999 collected $2 from pot
ELSUPREMO999: doesn't show hand
*** SUMMARY ***
Total pot $2 | Rake $0
Seat 5: ELSUPREMO999 (big blind) collected ($2)
Seat 6: Zubasa07 (button) (small blind) folded before Flop


