PokerStars Hand #161315551562:  Hold'em Limit ($3/$6 USD) - 2016/11/12 20:30:35 ET
Table 'Ryba' 6-max Seat #5 is the button
Seat 5: Pete81 ($53.07 in chips)
Seat 6: Pandakey ($173.24 in chips)
Pete81: posts small blind $1
Pandakey: posts big blind $3
*** HOLE CARDS ***
Pete81: folds
Uncalled bet ($2) returned to Pandakey
Pandakey collected $2 from pot
Pandakey: doesn't show hand
*** SUMMARY ***
Total pot $2 | Rake $0
Seat 5: Pete81 (button) (small blind) folded before Flop
Seat 6: Pandakey (big blind) collected ($2)


PokerStars Hand #161315545229:  Hold'em Limit ($3/$6 USD) - 2016/11/12 20:30:23 ET
Table 'Ryba' 6-max Seat #6 is the button
Seat 5: Pete81 ($44.43 in chips)
Seat 6: Pandakey ($182.24 in chips)
Pandakey: posts small blind $1
Chessnok: is sitting out
Pete81: posts big blind $3
*** HOLE CARDS ***
Pandakey: raises $3 to $6
Chessnok leaves the table
Pete81: raises $3 to $9
Pandakey: calls $3
*** FLOP *** [3d 2d 2s]
Pete81: bets $3
Pandakey: folds
Uncalled bet ($3) returned to Pete81
Pete81 collected $17.64 from pot
Pete81: doesn't show hand
*** SUMMARY ***
Total pot $18 | Rake $0.36
Board [3d 2d 2s]
Seat 5: Pete81 (big blind) collected ($17.64)
Seat 6: Pandakey (button) (small blind) folded on the Flop


PokerStars Hand #161315557051:  Hold'em Limit ($3/$6 USD) - 2016/11/12 20:30:46 ET
Table 'Ryba' 6-max Seat #5 is the button
Seat 5: Pete81 ($53.07 in chips)
Seat 6: Pandakey ($173.24 in chips)
Pete81: posts small blind $1
Pandakey: posts big blind $3
*** HOLE CARDS ***
Pete81: raises $3 to $6
Pandakey: raises $3 to $9
Pete81: raises $3 to $12
Betting is capped
Pandakey: calls $3
*** FLOP *** [Jd 8c 9s]
Pandakey: checks
Pete81: bets $3
Pandakey: raises $3 to $6
Pete81: raises $3 to $9
Pandakey: calls $3
*** TURN *** [Jd 8c 9s] [3d]
Pandakey: checks
Pete81: bets $6
Pandakey: calls $6
*** RIVER *** [Jd 8c 9s 3d] [Qd]
Pandakey: checks
Pete81: bets $6
Pandakey: calls $6
*** SHOW DOWN ***
Pete81: shows [Ts Ac] (a straight, Eight to Queen)
Pandakey: mucks hand
Pete81 collected $65.50 from pot
*** SUMMARY ***
Total pot $66 | Rake $0.50
Board [Jd 8c 9s 3d Qd]
Seat 5: Pete81 (button) (small blind) showed [Ts Ac] and won ($65.50) with a straight, Eight to Queen
Seat 6: Pandakey (big blind) mucked


PokerStars Hand #161315581543:  Hold'em Limit ($3/$6 USD) - 2016/11/12 20:31:34 ET
Table 'Ryba' 6-max Seat #6 is the button
Seat 5: Pete81 ($85.57 in chips)
Seat 6: Pandakey ($140.24 in chips)
Pandakey: posts small blind $1
Pete81: posts big blind $3
*** HOLE CARDS ***
Pandakey: raises $3 to $6
Pete81: calls $3
*** FLOP *** [6s 7s 8h]
Pete81: checks
Pandakey: bets $3
Pete81: folds
Uncalled bet ($3) returned to Pandakey
Pandakey collected $11.76 from pot
Pandakey: doesn't show hand
*** SUMMARY ***
Total pot $12 | Rake $0.24
Board [6s 7s 8h]
Seat 5: Pete81 (big blind) folded on the Flop
Seat 6: Pandakey (button) (small blind) collected ($11.76)


PokerStars Hand #161315553935:  Hold'em Limit ($3/$6 USD) - 2016/11/12 20:30:40 ET
Table 'Ryba' 6-max Seat #6 is the button
Seat 5: Pete81 ($52.07 in chips)
Seat 6: Pandakey ($174.24 in chips)
Pandakey: posts small blind $1
Pete81: posts big blind $3
*** HOLE CARDS ***
Pandakey: folds
Uncalled bet ($2) returned to Pete81
Pete81 collected $2 from pot
Pete81: doesn't show hand
*** SUMMARY ***
Total pot $2 | Rake $0
Seat 5: Pete81 (big blind) collected ($2)
Seat 6: Pandakey (button) (small blind) folded before Flop


PokerStars Hand #161315602545:  Hold'em Limit ($3/$6 USD) - 2016/11/12 20:32:15 ET
Table 'Ryba' 6-max Seat #5 is the button
Seat 5: Pete81 ($114.71 in chips)
Seat 6: Pandakey ($110 in chips)
Pete81: posts small blind $1
Pandakey: posts big blind $3
*** HOLE CARDS ***
Pete81: folds
Uncalled bet ($2) returned to Pandakey
Pandakey collected $2 from pot
Pandakey: doesn't show hand
*** SUMMARY ***
Total pot $2 | Rake $0
Seat 5: Pete81 (button) (small blind) folded before Flop
Seat 6: Pandakey (big blind) collected ($2)


PokerStars Hand #161315596906:  Hold'em Limit ($3/$6 USD) - 2016/11/12 20:32:04 ET
Table 'Ryba' 6-max Seat #6 is the button
Seat 5: Pete81 ($106.07 in chips)
Seat 6: Pandakey ($119 in chips)
Pandakey: posts small blind $1
Pete81: posts big blind $3
*** HOLE CARDS ***
Pandakey: raises $3 to $6
Pete81: raises $3 to $9
Pandakey: calls $3
*** FLOP *** [Qs 3c 3s]
Pete81: bets $3
Pandakey: folds
Uncalled bet ($3) returned to Pete81
Pete81 collected $17.64 from pot
Pete81: doesn't show hand
*** SUMMARY ***
Total pot $18 | Rake $0.36
Board [Qs 3c 3s]
Seat 5: Pete81 (big blind) collected ($17.64)
Seat 6: Pandakey (button) (small blind) folded on the Flop


PokerStars Hand #161315607672:  Hold'em Limit ($3/$6 USD) - 2016/11/12 20:32:25 ET
Table 'Ryba' 6-max Seat #5 is the button
Seat 5: Pete81 ($110.71 in chips)
Seat 6: Pandakey ($114 in chips)
Pete81: posts small blind $1
Pandakey: posts big blind $3
*** HOLE CARDS ***
Pete81: raises $3 to $6
Pandakey: folds
Uncalled bet ($3) returned to Pete81
Pete81 collected $6 from pot
Pete81: doesn't show hand
*** SUMMARY ***
Total pot $6 | Rake $0
Seat 5: Pete81 (button) (small blind) collected ($6)
Seat 6: Pandakey (big blind) folded before Flop


PokerStars Hand #161315604894:  Hold'em Limit ($3/$6 USD) - 2016/11/12 20:32:19 ET
Table 'Ryba' 6-max Seat #6 is the button
Seat 5: Pete81 ($113.71 in chips)
Seat 6: Pandakey ($111 in chips)
Pandakey: posts small blind $1
Pete81: posts big blind $3
*** HOLE CARDS ***
Pandakey: raises $3 to $6
Pete81: folds
Uncalled bet ($3) returned to Pandakey
Pandakey collected $6 from pot
Pandakey: doesn't show hand
*** SUMMARY ***
Total pot $6 | Rake $0
Seat 5: Pete81 (big blind) folded before Flop
Seat 6: Pandakey (button) (small blind) collected ($6)


PokerStars Hand #161315586434:  Hold'em Limit ($3/$6 USD) - 2016/11/12 20:31:43 ET
Table 'Ryba' 6-max Seat #5 is the button
Seat 5: Pete81 ($79.57 in chips)
Seat 6: Pandakey ($146 in chips)
Pete81: posts small blind $1
Pandakey: posts big blind $3
*** HOLE CARDS ***
Pete81: raises $3 to $6
Pandakey: raises $3 to $9
Pete81: raises $3 to $12
Betting is capped
Pandakey: calls $3
*** FLOP *** [Kh 3h Ks]
Pandakey: checks
Pete81: bets $3
Pandakey: calls $3
*** TURN *** [Kh 3h Ks] [Ts]
Pandakey: checks
Pete81: bets $6
Pandakey: calls $6
*** RIVER *** [Kh 3h Ks Ts] [6s]
Pandakey: checks
Pete81: bets $6
Pandakey: calls $6
*** SHOW DOWN ***
Pete81: shows [Ah Th] (two pair, Kings and Tens)
Pandakey: mucks hand
Pete81 collected $53.50 from pot
*** SUMMARY ***
Total pot $54 | Rake $0.50
Board [Kh 3h Ks Ts 6s]
Seat 5: Pete81 (button) (small blind) showed [Ah Th] and won ($53.50) with two pair, Kings and Tens
Seat 6: Pandakey (big blind) mucked


PokerStars Hand #161315622280:  Hold'em Limit ($3/$6 USD) - 2016/11/12 20:32:54 ET
Table 'Ryba' 6-max Seat #5 is the button
Seat 5: Pete81 ($137.21 in chips)
Seat 6: Pandakey ($87 in chips)
Pete81: posts small blind $1
Pandakey: posts big blind $3
*** HOLE CARDS ***
Pete81: raises $3 to $6
Pandakey: calls $3
*** FLOP *** [4h 2c 9s]
Pandakey: checks
Pete81: bets $3
Pandakey: raises $3 to $6
Pete81: raises $3 to $9
Pandakey: calls $3
*** TURN *** [4h 2c 9s] [2h]
Pandakey: checks
Pete81: bets $6
Pandakey: calls $6
*** RIVER *** [4h 2c 9s 2h] [9c]
Pandakey: bets $6
Pete81: calls $6
*** SHOW DOWN ***
Pandakey: shows [9h Qd] (a full house, Nines full of Deuces)
Pete81: mucks hand
Pandakey collected $53.50 from pot
*** SUMMARY ***
Total pot $54 | Rake $0.50
Board [4h 2c 9s 2h 9c]
Seat 5: Pete81 (button) (small blind) mucked
Seat 6: Pandakey (big blind) showed [9h Qd] and won ($53.50) with a full house, Nines full of Deuces


PokerStars Hand #161315610329:  Hold'em Limit ($3/$6 USD) - 2016/11/12 20:32:30 ET
Table 'Ryba' 6-max Seat #6 is the button
Seat 5: Pete81 ($113.71 in chips)
Seat 6: Pandakey ($111 in chips)
Pandakey: posts small blind $1
Pete81: posts big blind $3
*** HOLE CARDS ***
Pandakey: raises $3 to $6
Pete81: calls $3
*** FLOP *** [5c 4h Td]
Pete81: checks
Pandakey: bets $3
Pete81: raises $3 to $6
Pandakey: calls $3
*** TURN *** [5c 4h Td] [4s]
Pete81: bets $6
Pandakey: calls $6
*** RIVER *** [5c 4h Td 4s] [6h]
Pete81: bets $6
Pandakey: calls $6
*** SHOW DOWN ***
Pete81: shows [6s Ts] (two pair, Tens and Sixes)
Pandakey: mucks hand
Pete81 collected $47.50 from pot
*** SUMMARY ***
Total pot $48 | Rake $0.50
Board [5c 4h Td 4s 6h]
Seat 5: Pete81 (big blind) showed [6s Ts] and won ($47.50) with two pair, Tens and Sixes
Seat 6: Pandakey (button) (small blind) mucked


PokerStars Hand #161315652872:  Hold'em Limit ($3/$6 USD) - 2016/11/12 20:33:54 ET
Table 'Ryba' 6-max Seat #6 is the button
Seat 5: Pete81 ($82.21 in chips)
Seat 6: Pandakey ($141 in chips)
Pandakey: posts small blind $1
Pete81: posts big blind $3
*** HOLE CARDS ***
Pandakey: raises $3 to $6
Pete81: raises $3 to $9
Pandakey: calls $3
*** FLOP *** [8d 5s Td]
Pete81: bets $3
Pandakey: calls $3
*** TURN *** [8d 5s Td] [3h]
Pete81: bets $6
Pandakey: folds
Uncalled bet ($6) returned to Pete81
Pete81 collected $23.52 from pot
Pete81: doesn't show hand
*** SUMMARY ***
Total pot $24 | Rake $0.48
Board [8d 5s Td 3h]
Seat 5: Pete81 (big blind) collected ($23.52)
Seat 6: Pandakey (button) (small blind) folded on the Turn


PokerStars Hand #161315667633:  Hold'em Limit ($3/$6 USD) - 2016/11/12 20:34:23 ET
Table 'Ryba' 6-max Seat #5 is the button
Seat 5: Pete81 ($93.73 in chips)
Seat 6: Pandakey ($129 in chips)
Pete81: posts small blind $1
Pandakey: posts big blind $3
*** HOLE CARDS ***
Pete81: raises $3 to $6
Pandakey: calls $3
*** FLOP *** [Qh 8c 6c]
Pandakey: checks
Pete81: checks
*** TURN *** [Qh 8c 6c] [3s]
Pandakey: checks
Pete81: bets $6
Pandakey: calls $6
*** RIVER *** [Qh 8c 6c 3s] [7h]
Pandakey: checks
Pete81: checks
*** SHOW DOWN ***
Pandakey: shows [Jc 3d] (a pair of Threes)
Pete81: mucks hand
Pandakey collected $23.52 from pot
*** SUMMARY ***
Total pot $24 | Rake $0.48
Board [Qh 8c 6c 3s 7h]
Seat 5: Pete81 (button) (small blind) mucked
Seat 6: Pandakey (big blind) showed [Jc 3d] and won ($23.52) with a pair of Threes


PokerStars Hand #161315650599:  Hold'em Limit ($3/$6 USD) - 2016/11/12 20:33:49 ET
Table 'Ryba' 6-max Seat #5 is the button
Seat 5: Pete81 ($83.21 in chips)
Seat 6: Pandakey ($140 in chips)
Pete81: posts small blind $1
Pandakey: posts big blind $3
*** HOLE CARDS ***
Pete81: folds
Uncalled bet ($2) returned to Pandakey
Pandakey collected $2 from pot
Pandakey: doesn't show hand
*** SUMMARY ***
Total pot $2 | Rake $0
Seat 5: Pete81 (button) (small blind) folded before Flop
Seat 6: Pandakey (big blind) collected ($2)


PokerStars Hand #161315635912:  Hold'em Limit ($3/$6 USD) - 2016/11/12 20:33:20 ET
Table 'Ryba' 6-max Seat #6 is the button
Seat 5: Pete81 ($110.21 in chips)
Seat 6: Pandakey ($113.50 in chips)
Pandakey: posts small blind $1
Pete81: posts big blind $3
*** HOLE CARDS ***
Pandakey: raises $3 to $6
Pete81: calls $3
*** FLOP *** [7s Ks 9h]
Pete81: checks
Pandakey: bets $3
Pete81: calls $3
*** TURN *** [7s Ks 9h] [Qs]
Pete81: checks
Pandakey: bets $6
Pete81: raises $6 to $12
Pandakey: raises $6 to $18
Pete81: calls $6
*** RIVER *** [7s Ks 9h Qs] [Jh]
Pete81: checks
Pandakey: bets $6
Pete81: folds
Uncalled bet ($6) returned to Pandakey
Pandakey collected $53.50 from pot
Pandakey: doesn't show hand
*** SUMMARY ***
Total pot $54 | Rake $0.50
Board [7s Ks 9h Qs Jh]
Seat 5: Pete81 (big blind) folded on the River
Seat 6: Pandakey (button) (small blind) collected ($53.50)


PokerStars Hand #161315686290:  Hold'em Limit ($3/$6 USD) - 2016/11/12 20:35:00 ET
Table 'Ryba' 6-max Seat #6 is the button
Seat 5: Pete81 ($71.73 in chips)
Seat 6: Pandakey ($150.16 in chips)
Pandakey: posts small blind $1
Pete81: posts big blind $3
*** HOLE CARDS ***
Pandakey: raises $3 to $6
Pete81: calls $3
*** FLOP *** [4s 9c 4d]
Pete81: checks
Pandakey: checks
*** TURN *** [4s 9c 4d] [8d]
Pete81: bets $6
Pandakey: calls $6
*** RIVER *** [4s 9c 4d 8d] [2h]
Pete81: bets $6
Pandakey: calls $6
*** SHOW DOWN ***
Pete81: shows [Ks 2c] (two pair, Fours and Deuces)
Pandakey: shows [Qc 8c] (two pair, Eights and Fours)
Pandakey collected $35.50 from pot
*** SUMMARY ***
Total pot $36 | Rake $0.50
Board [4s 9c 4d 8d 2h]
Seat 5: Pete81 (big blind) showed [Ks 2c] and lost with two pair, Fours and Deuces
Seat 6: Pandakey (button) (small blind) showed [Qc 8c] and won ($35.50) with two pair, Eights and Fours


PokerStars Hand #161315700623:  Hold'em Limit ($3/$6 USD) - 2016/11/12 20:35:27 ET
Table 'Ryba' 6-max Seat #6 is the button
Seat 5: Pete81 ($65.25 in chips)
Seat 6: Pandakey ($155.66 in chips)
Pandakey: posts small blind $1
Pete81: posts big blind $3
*** HOLE CARDS ***
Pandakey: raises $3 to $6
Pete81: folds
Uncalled bet ($3) returned to Pandakey
Pandakey collected $6 from pot
Pandakey: doesn't show hand
*** SUMMARY ***
Total pot $6 | Rake $0
Seat 5: Pete81 (big blind) folded before Flop
Seat 6: Pandakey (button) (small blind) collected ($6)


PokerStars Hand #161315693652:  Hold'em Limit ($3/$6 USD) - 2016/11/12 20:35:13 ET
Table 'Ryba' 6-max Seat #5 is the button
Seat 5: Pete81 ($53.73 in chips)
Seat 6: Pandakey ($167.66 in chips)
Pete81: posts small blind $1
Pandakey: posts big blind $3
*** HOLE CARDS ***
Pete81: raises $3 to $6
Pandakey: calls $3
*** FLOP *** [9h 5d As]
Pandakey: checks
Pete81: bets $3
Pandakey: raises $3 to $6
Pete81: raises $3 to $9
Pandakey: folds
Uncalled bet ($3) returned to Pete81
Pete81 collected $23.52 from pot
Pete81: doesn't show hand
*** SUMMARY ***
Total pot $24 | Rake $0.48
Board [9h 5d As]
Seat 5: Pete81 (button) (small blind) collected ($23.52)
Seat 6: Pandakey (big blind) folded on the Flop


PokerStars Hand #161315703269:  Hold'em Limit ($3/$6 USD) - 2016/11/12 20:35:32 ET
Table 'Ryba' 6-max Seat #5 is the button
Seat 5: Pete81 ($62.25 in chips)
Seat 6: Pandakey ($158.66 in chips)
Pete81: posts small blind $1
Pandakey: posts big blind $3
*** HOLE CARDS ***
Pete81: folds
Uncalled bet ($2) returned to Pandakey
Pandakey collected $2 from pot
Pandakey: doesn't show hand
*** SUMMARY ***
Total pot $2 | Rake $0
Seat 5: Pete81 (button) (small blind) folded before Flop
Seat 6: Pandakey (big blind) collected ($2)


PokerStars Hand #161315683895:  Hold'em Limit ($3/$6 USD) - 2016/11/12 20:34:55 ET
Table 'Ryba' 6-max Seat #5 is the button
Seat 5: Pete81 ($72.73 in chips)
Seat 6: Pandakey ($149.16 in chips)
Pete81: posts small blind $1
Pandakey: posts big blind $3
*** HOLE CARDS ***
Pete81: folds
Uncalled bet ($2) returned to Pandakey
Pandakey collected $2 from pot
Pandakey: doesn't show hand
*** SUMMARY ***
Total pot $2 | Rake $0
Seat 5: Pete81 (button) (small blind) folded before Flop
Seat 6: Pandakey (big blind) collected ($2)


PokerStars Hand #161315676173:  Hold'em Limit ($3/$6 USD) - 2016/11/12 20:34:40 ET
Table 'Ryba' 6-max Seat #6 is the button
Seat 5: Pete81 ($81.73 in chips)
Seat 6: Pandakey ($140.52 in chips)
Pandakey: posts small blind $1
Pete81: posts big blind $3
*** HOLE CARDS ***
Pandakey: raises $3 to $6
Pete81: calls $3
*** FLOP *** [7c Ad 7s]
Pete81: checks
Pandakey: bets $3
Pete81: calls $3
*** TURN *** [7c Ad 7s] [Jc]
Pete81: checks
Pandakey: bets $6
Pete81: folds
Uncalled bet ($6) returned to Pandakey
Pandakey collected $17.64 from pot
Pandakey: doesn't show hand
*** SUMMARY ***
Total pot $18 | Rake $0.36
Board [7c Ad 7s Jc]
Seat 5: Pete81 (big blind) folded on the Turn
Seat 6: Pandakey (button) (small blind) collected ($17.64)


PokerStars Hand #161315715918:  Hold'em Limit ($3/$6 USD) - 2016/11/12 20:35:57 ET
Table 'Ryba' 6-max Seat #5 is the button
Seat 5: Pete81 ($28.25 in chips)
Seat 6: Pandakey ($192.16 in chips)
Pete81: posts small blind $1
Pandakey: posts big blind $3
*** HOLE CARDS ***
Pete81: folds
Uncalled bet ($2) returned to Pandakey
Pandakey collected $2 from pot
Pandakey: doesn't show hand
*** SUMMARY ***
Total pot $2 | Rake $0
Seat 5: Pete81 (button) (small blind) folded before Flop
Seat 6: Pandakey (big blind) collected ($2)


PokerStars Hand #161315705648:  Hold'em Limit ($3/$6 USD) - 2016/11/12 20:35:37 ET
Table 'Ryba' 6-max Seat #6 is the button
Seat 5: Pete81 ($61.25 in chips)
Seat 6: Pandakey ($159.66 in chips)
Pandakey: posts small blind $1
Pete81: posts big blind $3
*** HOLE CARDS ***
Pandakey: raises $3 to $6
Pete81: raises $3 to $9
Pandakey: calls $3
*** FLOP *** [Qc 5c 6h]
Pete81: bets $3
Pandakey: raises $3 to $6
Pete81: calls $3
*** TURN *** [Qc 5c 6h] [Js]
Pete81: checks
Pandakey: bets $6
Pete81: raises $6 to $12
Pandakey: calls $6
*** RIVER *** [Qc 5c 6h Js] [5d]
Pete81: bets $6
Pandakey: calls $6
*** SHOW DOWN ***
Pete81: shows [Ts 9d] (a pair of Fives)
Pandakey: shows [9c Qh] (two pair, Queens and Fives)
Pandakey collected $65.50 from pot
*** SUMMARY ***
Total pot $66 | Rake $0.50
Board [Qc 5c 6h Js 5d]
Seat 5: Pete81 (big blind) showed [Ts 9d] and lost with a pair of Fives
Seat 6: Pandakey (button) (small blind) showed [9c Qh] and won ($65.50) with two pair, Queens and Fives


PokerStars Hand #161315718233:  Hold'em Limit ($3/$6 USD) - 2016/11/12 20:36:02 ET
Table 'Ryba' 6-max Seat #6 is the button
Seat 5: Pete81 ($27.25 in chips)
Seat 6: Pandakey ($193.16 in chips)
Pandakey: posts small blind $1
Pete81: posts big blind $3
*** HOLE CARDS ***
Pandakey: raises $3 to $6
Pete81: folds
Uncalled bet ($3) returned to Pandakey
Pandakey collected $6 from pot
Pandakey: doesn't show hand
*** SUMMARY ***
Total pot $6 | Rake $0
Seat 5: Pete81 (big blind) folded before Flop
Seat 6: Pandakey (button) (small blind) collected ($6)


PokerStars Hand #161315730450:  Hold'em Limit ($3/$6 USD) - 2016/11/12 20:36:26 ET
Table 'Ryba' 6-max Seat #6 is the button
Seat 5: Pete81 ($48 in chips)
Seat 6: Pandakey ($171.91 in chips)
Pandakey: posts small blind $1
Pete81: posts big blind $3
*** HOLE CARDS ***
Pandakey: folds
Uncalled bet ($2) returned to Pete81
Pete81 collected $2 from pot
Pete81: doesn't show hand
*** SUMMARY ***
Total pot $2 | Rake $0
Seat 5: Pete81 (big blind) collected ($2)
Seat 6: Pandakey (button) (small blind) folded before Flop


PokerStars Hand #161315720846:  Hold'em Limit ($3/$6 USD) - 2016/11/12 20:36:07 ET
Table 'Ryba' 6-max Seat #5 is the button
Seat 5: Pete81 ($24.25 in chips)
Seat 6: Pandakey ($196.16 in chips)
Pete81: posts small blind $1
Pandakey: posts big blind $3
*** HOLE CARDS ***
Pete81: raises $3 to $6
Pandakey: calls $3
*** FLOP *** [6d 5d 7c]
Pandakey: bets $3
Pete81: raises $3 to $6
Pandakey: calls $3
*** TURN *** [6d 5d 7c] [6c]
Pandakey: bets $6
Pete81: raises $6 to $12
Pandakey: raises $6 to $18
Pete81: calls $0.25 and is all-in
Uncalled bet ($5.75) returned to Pandakey
*** RIVER *** [6d 5d 7c 6c] [8s]
*** SHOW DOWN ***
Pandakey: shows [6h Qc] (three of a kind, Sixes)
Pete81: shows [Qd 9h] (a straight, Five to Nine)
Pete81 collected $48 from pot
*** SUMMARY ***
Total pot $48.50 | Rake $0.50
Board [6d 5d 7c 6c 8s]
Seat 5: Pete81 (button) (small blind) showed [Qd 9h] and won ($48) with a straight, Five to Nine
Seat 6: Pandakey (big blind) showed [6h Qc] and lost with three of a kind, Sixes


PokerStars Hand #161315749945:  Hold'em Limit ($3/$6 USD) - 2016/11/12 20:37:05 ET
Table 'Ryba' 6-max Seat #5 is the button
Seat 5: Pete81 ($33.64 in chips)
Seat 6: Pandakey ($185.41 in chips)
Pete81: posts small blind $1
Pandakey: posts big blind $3
*** HOLE CARDS ***
Pete81: raises $3 to $6
Pandakey: calls $3
*** FLOP *** [Js 8h 3h]
Pandakey: checks
Pete81: bets $3
Pandakey: calls $3
*** TURN *** [Js 8h 3h] [Ts]
Pandakey: checks
Pete81: checks
*** RIVER *** [Js 8h 3h Ts] [Kh]
Pandakey: bets $6
Pete81: calls $6
*** SHOW DOWN ***
Pandakey: shows [Kc Tc] (two pair, Kings and Tens)
Pete81: mucks hand
Pandakey collected $29.50 from pot
*** SUMMARY ***
Total pot $30 | Rake $0.50
Board [Js 8h 3h Ts Kh]
Seat 5: Pete81 (button) (small blind) mucked
Seat 6: Pandakey (big blind) showed [Kc Tc] and won ($29.50) with two pair, Kings and Tens


PokerStars Hand #161315763888:  Hold'em Limit ($3/$6 USD) - 2016/11/12 20:37:21 ET
Table 'Ryba' 6-max Seat #6 is the button
Seat 5: Pete81 ($18.64 in chips)
Seat 6: Pandakey ($199.91 in chips)
Pandakey: posts small blind $1
Pete81: posts big blind $3
*** HOLE CARDS ***
Pandakey: raises $3 to $6
Pete81: calls $3
*** FLOP *** [4c 8h Kh]
Pete81: checks
Pandakey: bets $3
Pete81: folds
Uncalled bet ($3) returned to Pandakey
Pandakey collected $11.76 from pot
Pandakey: doesn't show hand
*** SUMMARY ***
Total pot $12 | Rake $0.24
Board [4c 8h Kh]
Seat 5: Pete81 (big blind) folded on the Flop
Seat 6: Pandakey (button) (small blind) collected ($11.76)


PokerStars Hand #161315768601:  Hold'em Limit ($3/$6 USD) - 2016/11/12 20:37:31 ET
Table 'Ryba' 6-max Seat #5 is the button
Seat 5: Pete81 ($12.64 in chips)
Seat 6: Pandakey ($205.67 in chips)
Pete81: posts small blind $1
Pandakey: posts big blind $3
*** HOLE CARDS ***
Pete81: raises $3 to $6
Pandakey: calls $3
*** FLOP *** [Qh Kc 4h]
Pandakey: checks
Pete81: bets $3
Pandakey: raises $3 to $6
Pete81: raises $0.64 to $6.64 and is all-in
Pandakey: calls $0.64
*** TURN *** [Qh Kc 4h] [3d]
*** RIVER *** [Qh Kc 4h 3d] [6c]
*** SHOW DOWN ***
Pandakey: shows [9s Qc] (a pair of Queens)
Pete81: shows [7h Th] (high card King)
Pandakey collected $24.78 from pot
Pete81 leaves the table
*** SUMMARY ***
Total pot $25.28 | Rake $0.50
Board [Qh Kc 4h 3d 6c]
Seat 5: Pete81 (button) (small blind) showed [7h Th] and lost with high card King
Seat 6: Pandakey (big blind) showed [9s Qc] and won ($24.78) with a pair of Queens


PokerStars Hand #161315743074:  Hold'em Limit ($3/$6 USD) - 2016/11/12 20:36:51 ET
Table 'Ryba' 6-max Seat #6 is the button
Seat 5: Pete81 ($25 in chips)
Seat 6: Pandakey ($194.41 in chips)
Pandakey: posts small blind $1
Pete81: posts big blind $3
*** HOLE CARDS ***
Pandakey: raises $3 to $6
Pete81: calls $3
*** FLOP *** [Qh Kh Td]
Pete81: checks
Pandakey: bets $3
Pete81: calls $3
*** TURN *** [Qh Kh Td] [6c]
Pete81: checks
Pandakey: checks
*** RIVER *** [Qh Kh Td 6c] [9d]
Pete81: bets $6
Pandakey: folds
Uncalled bet ($6) returned to Pete81
Pete81 collected $17.64 from pot
Pete81: doesn't show hand
*** SUMMARY ***
Total pot $18 | Rake $0.36
Board [Qh Kh Td 6c 9d]
Seat 5: Pete81 (big blind) collected ($17.64)
Seat 6: Pandakey (button) (small blind) folded on the River


PokerStars Hand #161315732545:  Hold'em Limit ($3/$6 USD) - 2016/11/12 20:36:30 ET
Table 'Ryba' 6-max Seat #5 is the button
Seat 5: Pete81 ($49 in chips)
Seat 6: Pandakey ($170.91 in chips)
Pete81: posts small blind $1
Pandakey: posts big blind $3
*** HOLE CARDS ***
Pete81: raises $3 to $6
Pandakey: calls $3
*** FLOP *** [3s 3d 2d]
Pandakey: checks
Pete81: bets $3
Pandakey: raises $3 to $6
Pete81: calls $3
*** TURN *** [3s 3d 2d] [Qh]
Pandakey: checks
Pete81: bets $6
Pandakey: calls $6
*** RIVER *** [3s 3d 2d Qh] [Ad]
Pandakey: checks
Pete81: bets $6
Pandakey: calls $6
*** SHOW DOWN ***
Pete81: shows [4s 7s] (a pair of Threes)
Pandakey: shows [Kc Jd] (a pair of Threes - Ace+King kicker)
Pandakey collected $47.50 from pot
*** SUMMARY ***
Total pot $48 | Rake $0.50
Board [3s 3d 2d Qh Ad]
Seat 5: Pete81 (button) (small blind) showed [4s 7s] and lost with a pair of Threes
Seat 6: Pandakey (big blind) showed [Kc Jd] and won ($47.50) with a pair of Threes


