PokerStars Hand #155105428401:  Hold'em Limit ($3/$6 USD) - 2016/06/23 13:45:24 ET
Table 'Sabauda' 6-max Seat #5 is the button
Seat 1: rubystag77 ($379 in chips)
Seat 5: GoliafUa ($140.50 in chips)
GoliafUa: posts small blind $1
rubystag77: posts big blind $3
*** HOLE CARDS ***
GoliafUa: raises $3 to $6
rubystag77: folds
Uncalled bet ($3) returned to GoliafUa
GoliafUa collected $6 from pot
*** SUMMARY ***
Total pot $6 | Rake $0
Seat 1: rubystag77 (big blind) folded before Flop
Seat 5: GoliafUa (button) (small blind) collected ($6)


PokerStars Hand #155105412325:  Hold'em Limit ($3/$6 USD) - 2016/06/23 13:45:00 ET
Table 'Sabauda' 6-max Seat #1 is the button
Seat 1: rubystag77 ($400 in chips)
Seat 5: GoliafUa ($120 in chips)
rubystag77: posts small blind $1
GoliafUa: posts big blind $3
*** HOLE CARDS ***
rubystag77: calls $2
GoliafUa: raises $3 to $6
rubystag77: calls $3
*** FLOP *** [3c Jd Ac]
GoliafUa: bets $3
rubystag77: calls $3
*** TURN *** [3c Jd Ac] [7h]
GoliafUa: bets $6
rubystag77: calls $6
*** RIVER *** [3c Jd Ac 7h] [3s]
GoliafUa: bets $6
rubystag77: calls $6
*** SHOW DOWN ***
GoliafUa: shows [7s As] (two pair, Aces and Sevens)
rubystag77: mucks hand
GoliafUa collected $41.50 from pot
*** SUMMARY ***
Total pot $42 | Rake $0.50
Board [3c Jd Ac 7h 3s]
Seat 1: rubystag77 (button) (small blind) mucked
Seat 5: GoliafUa (big blind) showed [7s As] and won ($41.50) with two pair, Aces and Sevens


PokerStars Hand #155105437605:  Hold'em Limit ($3/$6 USD) - 2016/06/23 13:45:38 ET
Table 'Sabauda' 6-max Seat #5 is the button
Seat 1: rubystag77 ($379 in chips)
Seat 5: GoliafUa ($140.50 in chips)
GoliafUa: posts small blind $1
rubystag77: posts big blind $3
*** HOLE CARDS ***
GoliafUa: raises $3 to $6
rubystag77: calls $3
*** FLOP *** [8h Qh 3s]
rubystag77: checks
GoliafUa: bets $3
rubystag77: folds
Uncalled bet ($3) returned to GoliafUa
GoliafUa collected $11.76 from pot
*** SUMMARY ***
Total pot $12 | Rake $0.24
Board [8h Qh 3s]
Seat 1: rubystag77 (big blind) folded on the Flop
Seat 5: GoliafUa (button) (small blind) collected ($11.76)


PokerStars Hand #155105446634:  Hold'em Limit ($3/$6 USD) - 2016/06/23 13:45:51 ET
Table 'Sabauda' 6-max Seat #1 is the button
Seat 1: rubystag77 ($373 in chips)
Seat 5: GoliafUa ($146.26 in chips)
rubystag77: posts small blind $1
GoliafUa: posts big blind $3
*** HOLE CARDS ***
rubystag77: raises $3 to $6
GoliafUa: calls $3
*** FLOP *** [5c 9d 4d]
GoliafUa: checks
rubystag77: checks
*** TURN *** [5c 9d 4d] [Js]
GoliafUa: checks
rubystag77: checks
*** RIVER *** [5c 9d 4d Js] [Jh]
GoliafUa: checks
rubystag77: bets $6
GoliafUa: folds
Uncalled bet ($6) returned to rubystag77
rubystag77 collected $11.76 from pot
rubystag77: doesn't show hand
*** SUMMARY ***
Total pot $12 | Rake $0.24
Board [5c 9d 4d Js Jh]
Seat 1: rubystag77 (button) (small blind) collected ($11.76)
Seat 5: GoliafUa (big blind) folded on the River


PokerStars Hand #155105432654:  Hold'em Limit ($3/$6 USD) - 2016/06/23 13:45:30 ET
Table 'Sabauda' 6-max Seat #1 is the button
Seat 1: rubystag77 ($376 in chips)
Seat 5: GoliafUa ($143.50 in chips)
rubystag77: posts small blind $1
GoliafUa: posts big blind $3
*** HOLE CARDS ***
rubystag77: raises $3 to $6
GoliafUa: folds
Uncalled bet ($3) returned to rubystag77
rubystag77 collected $6 from pot
rubystag77: doesn't show hand
*** SUMMARY ***
Total pot $6 | Rake $0
Seat 1: rubystag77 (button) (small blind) collected ($6)
Seat 5: GoliafUa (big blind) folded before Flop


PokerStars Hand #155108969834:  Hold'em Limit ($3/$6 USD) - 2016/06/23 15:11:22 ET
Table 'Sabauda' 6-max Seat #5 is the button
Seat 1: krytalex ($125.37 in chips)
Seat 5: Tryptamean ($168.88 in chips)
Tryptamean: posts small blind $1
ovnis: is sitting out
krytalex: posts big blind $3
*** HOLE CARDS ***
Tryptamean: raises $3 to $6
ovnis leaves the table
krytalex: calls $3
*** FLOP *** [Kd Jh 5c]
krytalex: checks
Tryptamean: bets $3
krytalex: folds
Uncalled bet ($3) returned to Tryptamean
Tryptamean collected $11.76 from pot
Tryptamean: doesn't show hand
*** SUMMARY ***
Total pot $12 | Rake $0.24
Board [Kd Jh 5c]
Seat 1: krytalex (big blind) folded on the Flop
Seat 5: Tryptamean (button) (small blind) collected ($11.76)


PokerStars Hand #155115317954:  Hold'em Limit ($3/$6 USD) - 2016/06/23 17:29:48 ET
Table 'Sabauda' 6-max Seat #4 is the button
Seat 3: Mr10P ($176.59 in chips)
Seat 4: RaisemyNut$ ($155.05 in chips)
RaisemyNut$: posts small blind $1
krytalex: is sitting out
Mr10P: posts big blind $3
*** HOLE CARDS ***
RaisemyNut$: raises $3 to $6
Mr10P: folds
Uncalled bet ($3) returned to RaisemyNut$
krytalex leaves the table
RaisemyNut$ collected $6 from pot
RaisemyNut$: doesn't show hand
*** SUMMARY ***
Total pot $6 | Rake $0
Seat 3: Mr10P (big blind) folded before Flop
Seat 4: RaisemyNut$ (button) (small blind) collected ($6)


PokerStars Hand #155115331841:  Hold'em Limit ($3/$6 USD) - 2016/06/23 17:30:08 ET
Table 'Sabauda' 6-max Seat #4 is the button
Seat 3: Mr10P ($155.59 in chips)
Seat 4: RaisemyNut$ ($175.55 in chips)
RaisemyNut$: posts small blind $1
Mr10P: posts big blind $3
*** HOLE CARDS ***
RaisemyNut$: folds
Uncalled bet ($2) returned to Mr10P
Mr10P collected $2 from pot
Mr10P: doesn't show hand
*** SUMMARY ***
Total pot $2 | Rake $0
Seat 3: Mr10P (big blind) collected ($2)
Seat 4: RaisemyNut$ (button) (small blind) folded before Flop


PokerStars Hand #155115322111:  Hold'em Limit ($3/$6 USD) - 2016/06/23 17:29:54 ET
Table 'Sabauda' 6-max Seat #3 is the button
Seat 3: Mr10P ($173.59 in chips)
Seat 4: RaisemyNut$ ($158.05 in chips)
Mr10P: posts small blind $1
RaisemyNut$: posts big blind $3
*** HOLE CARDS ***
Mr10P: raises $3 to $6
RaisemyNut$: calls $3
*** FLOP *** [5c 3d 7h]
RaisemyNut$: checks
Mr10P: bets $3
RaisemyNut$: raises $3 to $6
Mr10P: calls $3
*** TURN *** [5c 3d 7h] [3h]
RaisemyNut$: bets $6
Mr10P: calls $6
*** RIVER *** [5c 3d 7h 3h] [Ks]
RaisemyNut$: bets $6
Mr10P: folds
Uncalled bet ($6) returned to RaisemyNut$
RaisemyNut$ collected $35.50 from pot
RaisemyNut$: doesn't show hand
*** SUMMARY ***
Total pot $36 | Rake $0.50
Board [5c 3d 7h 3h Ks]
Seat 3: Mr10P (button) (small blind) folded on the River
Seat 4: RaisemyNut$ (big blind) collected ($35.50)


PokerStars Hand #155115355823:  Hold'em Limit ($3/$6 USD) - 2016/06/23 17:30:42 ET
Table 'Sabauda' 6-max Seat #3 is the button
Seat 3: Mr10P ($174.09 in chips)
Seat 4: RaisemyNut$ ($156.55 in chips)
Mr10P: posts small blind $1
RaisemyNut$: posts big blind $3
*** HOLE CARDS ***
Mr10P: raises $3 to $6
RaisemyNut$: folds
Uncalled bet ($3) returned to Mr10P
Mr10P collected $6 from pot
Mr10P: doesn't show hand
*** SUMMARY ***
Total pot $6 | Rake $0
Seat 3: Mr10P (button) (small blind) collected ($6)
Seat 4: RaisemyNut$ (big blind) folded before Flop


PokerStars Hand #155115351720:  Hold'em Limit ($3/$6 USD) - 2016/06/23 17:30:36 ET
Table 'Sabauda' 6-max Seat #4 is the button
Seat 3: Mr10P ($177.09 in chips)
Seat 4: RaisemyNut$ ($153.55 in chips)
RaisemyNut$: posts small blind $1
Mr10P: posts big blind $3
*** HOLE CARDS ***
RaisemyNut$: raises $3 to $6
Mr10P: folds
Uncalled bet ($3) returned to RaisemyNut$
RaisemyNut$ collected $6 from pot
RaisemyNut$: doesn't show hand
*** SUMMARY ***
Total pot $6 | Rake $0
Seat 3: Mr10P (big blind) folded before Flop
Seat 4: RaisemyNut$ (button) (small blind) collected ($6)


PokerStars Hand #155115335197:  Hold'em Limit ($3/$6 USD) - 2016/06/23 17:30:13 ET
Table 'Sabauda' 6-max Seat #3 is the button
Seat 3: Mr10P ($156.59 in chips)
Seat 4: RaisemyNut$ ($174.55 in chips)
Mr10P: posts small blind $1
RaisemyNut$: posts big blind $3
*** HOLE CARDS ***
Mr10P: raises $3 to $6
RaisemyNut$: calls $3
*** FLOP *** [4c Qc 7h]
RaisemyNut$: bets $3
Mr10P: calls $3
*** TURN *** [4c Qc 7h] [Tc]
RaisemyNut$: bets $6
Mr10P: raises $6 to $12
RaisemyNut$: calls $6
*** RIVER *** [4c Qc 7h Tc] [9d]
RaisemyNut$: checks
Mr10P: bets $6
RaisemyNut$: folds
Uncalled bet ($6) returned to Mr10P
Mr10P collected $41.50 from pot
Mr10P: doesn't show hand
*** SUMMARY ***
Total pot $42 | Rake $0.50
Board [4c Qc 7h Tc 9d]
Seat 3: Mr10P (button) (small blind) collected ($41.50)
Seat 4: RaisemyNut$ (big blind) folded on the River


PokerStars Hand #155115359585:  Hold'em Limit ($3/$6 USD) - 2016/06/23 17:30:47 ET
Table 'Sabauda' 6-max Seat #4 is the button
Seat 3: Mr10P ($177.09 in chips)
Seat 4: RaisemyNut$ ($153.55 in chips)
RaisemyNut$: posts small blind $1
Mr10P: posts big blind $3
*** HOLE CARDS ***
RaisemyNut$: raises $3 to $6
Mr10P: calls $3
*** FLOP *** [6s Ts 5s]
Mr10P: checks
RaisemyNut$: checks
*** TURN *** [6s Ts 5s] [3s]
Mr10P: bets $6
RaisemyNut$: folds
Uncalled bet ($6) returned to Mr10P
Mr10P collected $11.76 from pot
Mr10P: doesn't show hand
*** SUMMARY ***
Total pot $12 | Rake $0.24
Board [6s Ts 5s 3s]
Seat 3: Mr10P (big blind) collected ($11.76)
Seat 4: RaisemyNut$ (button) (small blind) folded on the Turn


PokerStars Hand #155115406203:  Hold'em Limit ($3/$6 USD) - 2016/06/23 17:31:53 ET
Table 'Sabauda' 6-max Seat #4 is the button
Seat 3: Mr10P ($181.99 in chips)
Seat 4: RaisemyNut$ ($147.05 in chips)
RaisemyNut$: posts small blind $1
Mr10P: posts big blind $3
*** HOLE CARDS ***
RaisemyNut$: raises $3 to $6
Mr10P: calls $3
*** FLOP *** [Jh 3c 5h]
Mr10P: checks
RaisemyNut$: bets $3
Mr10P: folds
Uncalled bet ($3) returned to RaisemyNut$
RaisemyNut$ collected $11.76 from pot
RaisemyNut$: doesn't show hand
*** SUMMARY ***
Total pot $12 | Rake $0.24
Board [Jh 3c 5h]
Seat 3: Mr10P (big blind) folded on the Flop
Seat 4: RaisemyNut$ (button) (small blind) collected ($11.76)


PokerStars Hand #155115394254:  Hold'em Limit ($3/$6 USD) - 2016/06/23 17:31:36 ET
Table 'Sabauda' 6-max Seat #3 is the button
Seat 3: Mr10P ($152.49 in chips)
Seat 4: RaisemyNut$ ($177.05 in chips)
Mr10P: posts small blind $1
RaisemyNut$: posts big blind $3
*** HOLE CARDS ***
Mr10P: raises $3 to $6
RaisemyNut$: raises $3 to $9
Mr10P: calls $3
*** FLOP *** [Th 9s 7h]
RaisemyNut$: bets $3
Mr10P: calls $3
*** TURN *** [Th 9s 7h] [Ks]
RaisemyNut$: bets $6
Mr10P: raises $6 to $12
RaisemyNut$: calls $6
*** RIVER *** [Th 9s 7h Ks] [6c]
RaisemyNut$: checks
Mr10P: bets $6
RaisemyNut$: calls $6
*** SHOW DOWN ***
Mr10P: shows [9d 6h] (two pair, Nines and Sixes)
RaisemyNut$: mucks hand
Mr10P collected $59.50 from pot
*** SUMMARY ***
Total pot $60 | Rake $0.50
Board [Th 9s 7h Ks 6c]
Seat 3: Mr10P (button) (small blind) showed [9d 6h] and won ($59.50) with two pair, Nines and Sixes
Seat 4: RaisemyNut$ (big blind) mucked


PokerStars Hand #155115387273:  Hold'em Limit ($3/$6 USD) - 2016/06/23 17:31:26 ET
Table 'Sabauda' 6-max Seat #4 is the button
Seat 3: Mr10P ($143.85 in chips)
Seat 4: RaisemyNut$ ($186.05 in chips)
RaisemyNut$: posts small blind $1
Mr10P: posts big blind $3
*** HOLE CARDS ***
RaisemyNut$: raises $3 to $6
Mr10P: raises $3 to $9
RaisemyNut$: calls $3
*** FLOP *** [3h Ah Tc]
Mr10P: bets $3
RaisemyNut$: folds
Uncalled bet ($3) returned to Mr10P
Mr10P collected $17.64 from pot
Mr10P: doesn't show hand
*** SUMMARY ***
Total pot $18 | Rake $0.36
Board [3h Ah Tc]
Seat 3: Mr10P (big blind) collected ($17.64)
Seat 4: RaisemyNut$ (button) (small blind) folded on the Flop


PokerStars Hand #155115368703:  Hold'em Limit ($3/$6 USD) - 2016/06/23 17:31:00 ET
Table 'Sabauda' 6-max Seat #3 is the button
Seat 3: Mr10P ($182.85 in chips)
Seat 4: RaisemyNut$ ($147.55 in chips)
Mr10P: posts small blind $1
RaisemyNut$: posts big blind $3
*** HOLE CARDS ***
Mr10P: raises $3 to $6
RaisemyNut$: raises $3 to $9
Mr10P: raises $3 to $12
Betting is capped
RaisemyNut$: calls $3
*** FLOP *** [7s Jc 9s]
RaisemyNut$: checks
Mr10P: bets $3
RaisemyNut$: raises $3 to $6
Mr10P: raises $3 to $9
RaisemyNut$: calls $3
*** TURN *** [7s Jc 9s] [5c]
RaisemyNut$: checks
Mr10P: bets $6
RaisemyNut$: calls $6
*** RIVER *** [7s Jc 9s 5c] [9c]
RaisemyNut$: checks
Mr10P: bets $6
RaisemyNut$: raises $6 to $12
Mr10P: calls $6
*** SHOW DOWN ***
RaisemyNut$: shows [9h Qd] (three of a kind, Nines)
Mr10P: mucks hand
RaisemyNut$ collected $77.50 from pot
*** SUMMARY ***
Total pot $78 | Rake $0.50
Board [7s Jc 9s 5c 9c]
Seat 3: Mr10P (button) (small blind) mucked
Seat 4: RaisemyNut$ (big blind) showed [9h Qd] and won ($77.50) with three of a kind, Nines


PokerStars Hand #155115420145:  Hold'em Limit ($3/$6 USD) - 2016/06/23 17:32:12 ET
Table 'Sabauda' 6-max Seat #3 is the button
Seat 3: Mr10P ($179.99 in chips)
Seat 4: RaisemyNut$ ($148.81 in chips)
Mr10P: posts small blind $1
RaisemyNut$: posts big blind $3
*** HOLE CARDS ***
Mr10P: raises $3 to $6
RaisemyNut$: calls $3
*** FLOP *** [3h 5c 3d]
RaisemyNut$: checks
Mr10P: bets $3
RaisemyNut$: raises $3 to $6
Mr10P: folds
Uncalled bet ($3) returned to RaisemyNut$
RaisemyNut$ collected $17.64 from pot
RaisemyNut$: doesn't show hand
*** SUMMARY ***
Total pot $18 | Rake $0.36
Board [3h 5c 3d]
Seat 3: Mr10P (button) (small blind) folded on the Flop
Seat 4: RaisemyNut$ (big blind) collected ($17.64)


PokerStars Hand #155115415800:  Hold'em Limit ($3/$6 USD) - 2016/06/23 17:32:06 ET
Table 'Sabauda' 6-max Seat #4 is the button
Seat 3: Mr10P ($178.99 in chips)
Seat 4: RaisemyNut$ ($149.81 in chips)
RaisemyNut$: posts small blind $1
Mr10P: posts big blind $3
*** HOLE CARDS ***
RaisemyNut$: folds
Uncalled bet ($2) returned to Mr10P
Mr10P collected $2 from pot
Mr10P: doesn't show hand
*** SUMMARY ***
Total pot $2 | Rake $0
Seat 3: Mr10P (big blind) collected ($2)
Seat 4: RaisemyNut$ (button) (small blind) folded before Flop


PokerStars Hand #155115412187:  Hold'em Limit ($3/$6 USD) - 2016/06/23 17:32:01 ET
Table 'Sabauda' 6-max Seat #3 is the button
Seat 3: Mr10P ($175.99 in chips)
Seat 4: RaisemyNut$ ($152.81 in chips)
Mr10P: posts small blind $1
RaisemyNut$: posts big blind $3
*** HOLE CARDS ***
Mr10P: raises $3 to $6
RaisemyNut$: folds
Uncalled bet ($3) returned to Mr10P
Mr10P collected $6 from pot
Mr10P: doesn't show hand
*** SUMMARY ***
Total pot $6 | Rake $0
Seat 3: Mr10P (button) (small blind) collected ($6)
Seat 4: RaisemyNut$ (big blind) folded before Flop


PokerStars Hand #155115453310:  Hold'em Limit ($3/$6 USD) - 2016/06/23 17:32:56 ET
Table 'Sabauda' 6-max Seat #4 is the button
Seat 3: Mr10P ($138.99 in chips)
Seat 4: RaisemyNut$ ($188.71 in chips)
RaisemyNut$: posts small blind $1
Mr10P: posts big blind $3
*** HOLE CARDS ***
RaisemyNut$: raises $3 to $6
Mr10P: folds
Uncalled bet ($3) returned to RaisemyNut$
RaisemyNut$ collected $6 from pot
RaisemyNut$: doesn't show hand
*** SUMMARY ***
Total pot $6 | Rake $0
Seat 3: Mr10P (big blind) folded before Flop
Seat 4: RaisemyNut$ (button) (small blind) collected ($6)


PokerStars Hand #155115441285:  Hold'em Limit ($3/$6 USD) - 2016/06/23 17:32:41 ET
Table 'Sabauda' 6-max Seat #3 is the button
Seat 3: Mr10P ($168.99 in chips)
Seat 4: RaisemyNut$ ($159.21 in chips)
Mr10P: posts small blind $1
RaisemyNut$: posts big blind $3
*** HOLE CARDS ***
Mr10P: raises $3 to $6
RaisemyNut$: calls $3
*** FLOP *** [4s Jh Jc]
RaisemyNut$: checks
Mr10P: bets $3
RaisemyNut$: raises $3 to $6
Mr10P: calls $3
*** TURN *** [4s Jh Jc] [5h]
RaisemyNut$: checks
Mr10P: bets $6
RaisemyNut$: raises $6 to $12
Mr10P: calls $6
*** RIVER *** [4s Jh Jc 5h] [As]
RaisemyNut$: bets $6
Mr10P: calls $6
*** SHOW DOWN ***
RaisemyNut$: shows [Jd 5c] (a full house, Jacks full of Fives)
Mr10P: mucks hand
RaisemyNut$ collected $59.50 from pot
*** SUMMARY ***
Total pot $60 | Rake $0.50
Board [4s Jh Jc 5h As]
Seat 3: Mr10P (button) (small blind) mucked
Seat 4: RaisemyNut$ (big blind) showed [Jd 5c] and won ($59.50) with a full house, Jacks full of Fives


PokerStars Hand #155115435297:  Hold'em Limit ($3/$6 USD) - 2016/06/23 17:32:33 ET
Table 'Sabauda' 6-max Seat #4 is the button
Seat 3: Mr10P ($174.99 in chips)
Seat 4: RaisemyNut$ ($153.45 in chips)
RaisemyNut$: posts small blind $1
Mr10P: posts big blind $3
*** HOLE CARDS ***
RaisemyNut$: raises $3 to $6
Mr10P: calls $3
*** FLOP *** [3d Ac Ks]
Mr10P: checks
RaisemyNut$: bets $3
Mr10P: folds
Uncalled bet ($3) returned to RaisemyNut$
RaisemyNut$ collected $11.76 from pot
RaisemyNut$: doesn't show hand
*** SUMMARY ***
Total pot $12 | Rake $0.24
Board [3d Ac Ks]
Seat 3: Mr10P (big blind) folded on the Flop
Seat 4: RaisemyNut$ (button) (small blind) collected ($11.76)


PokerStars Hand #155115431553:  Hold'em Limit ($3/$6 USD) - 2016/06/23 17:32:28 ET
Table 'Sabauda' 6-max Seat #3 is the button
Seat 3: Mr10P ($171.99 in chips)
Seat 4: RaisemyNut$ ($156.45 in chips)
Mr10P: posts small blind $1
RaisemyNut$: posts big blind $3
*** HOLE CARDS ***
Mr10P: raises $3 to $6
RaisemyNut$: folds
Uncalled bet ($3) returned to Mr10P
Mr10P collected $6 from pot
Mr10P: doesn't show hand
*** SUMMARY ***
Total pot $6 | Rake $0
Seat 3: Mr10P (button) (small blind) collected ($6)
Seat 4: RaisemyNut$ (big blind) folded before Flop


PokerStars Hand #155115426909:  Hold'em Limit ($3/$6 USD) - 2016/06/23 17:32:22 ET
Table 'Sabauda' 6-max Seat #4 is the button
Seat 3: Mr10P ($170.99 in chips)
Seat 4: RaisemyNut$ ($157.45 in chips)
RaisemyNut$: posts small blind $1
Mr10P: posts big blind $3
*** HOLE CARDS ***
RaisemyNut$: folds
Uncalled bet ($2) returned to Mr10P
Mr10P collected $2 from pot
Mr10P: doesn't show hand
*** SUMMARY ***
Total pot $2 | Rake $0
Seat 3: Mr10P (big blind) collected ($2)
Seat 4: RaisemyNut$ (button) (small blind) folded before Flop


PokerStars Hand #155115457191:  Hold'em Limit ($3/$6 USD) - 2016/06/23 17:33:01 ET
Table 'Sabauda' 6-max Seat #3 is the button
Seat 3: Mr10P ($135.99 in chips)
Seat 4: RaisemyNut$ ($191.71 in chips)
Mr10P: posts small blind $1
RaisemyNut$: posts big blind $3
*** HOLE CARDS ***
Mr10P: raises $3 to $6
RaisemyNut$: calls $3
*** FLOP *** [Qs 9h 3s]
RaisemyNut$: bets $3
Mr10P: raises $3 to $6
RaisemyNut$: calls $3
*** TURN *** [Qs 9h 3s] [Qc]
RaisemyNut$: checks
Mr10P: checks
*** RIVER *** [Qs 9h 3s Qc] [2h]
RaisemyNut$: bets $6
Mr10P: calls $6
*** SHOW DOWN ***
RaisemyNut$: shows [9c 6d] (two pair, Queens and Nines)
Mr10P: mucks hand
RaisemyNut$ collected $35.50 from pot
*** SUMMARY ***
Total pot $36 | Rake $0.50
Board [Qs 9h 3s Qc 2h]
Seat 3: Mr10P (button) (small blind) mucked
Seat 4: RaisemyNut$ (big blind) showed [9c 6d] and won ($35.50) with two pair, Queens and Nines


PokerStars Hand #155115509084:  Hold'em Limit ($3/$6 USD) - 2016/06/23 17:34:07 ET
Table 'Sabauda' 6-max Seat #3 is the button
Seat 3: Mr10P ($135.49 in chips)
Seat 4: RaisemyNut$ ($191.21 in chips)
Mr10P: posts small blind $1
RaisemyNut$: posts big blind $3
*** HOLE CARDS ***
Mr10P: folds
Uncalled bet ($2) returned to RaisemyNut$
RaisemyNut$ collected $2 from pot
RaisemyNut$: doesn't show hand
*** SUMMARY ***
Total pot $2 | Rake $0
Seat 3: Mr10P (button) (small blind) folded before Flop
Seat 4: RaisemyNut$ (big blind) collected ($2)


PokerStars Hand #155115481281:  Hold'em Limit ($3/$6 USD) - 2016/06/23 17:33:32 ET
Table 'Sabauda' 6-max Seat #4 is the button
Seat 3: Mr10P ($117.99 in chips)
Seat 4: RaisemyNut$ ($209.21 in chips)
RaisemyNut$: posts small blind $1
Mr10P: posts big blind $3
*** HOLE CARDS ***
RaisemyNut$: raises $3 to $6
Mr10P: raises $3 to $9
RaisemyNut$: calls $3
*** FLOP *** [Ks Td 6s]
Mr10P: bets $3
RaisemyNut$: calls $3
*** TURN *** [Ks Td 6s] [7d]
Mr10P: bets $6
RaisemyNut$: calls $6
*** RIVER *** [Ks Td 6s 7d] [4s]
Mr10P: bets $6
RaisemyNut$: folds
Uncalled bet ($6) returned to Mr10P
Mr10P collected $35.50 from pot
Mr10P: doesn't show hand
*** SUMMARY ***
Total pot $36 | Rake $0.50
Board [Ks Td 6s 7d 4s]
Seat 3: Mr10P (big blind) collected ($35.50)
Seat 4: RaisemyNut$ (button) (small blind) folded on the River


PokerStars Hand #155115553699:  Hold'em Limit ($3/$6 USD) - 2016/06/23 17:35:03 ET
Table 'Sabauda' 6-max Seat #3 is the button
Seat 3: Mr10P ($182.49 in chips)
Seat 4: RaisemyNut$ ($143.21 in chips)
Mr10P: posts small blind $1
RaisemyNut$: posts big blind $3
*** HOLE CARDS ***
Mr10P: raises $3 to $6
RaisemyNut$: calls $3
*** FLOP *** [6s Kh Th]
RaisemyNut$: checks
Mr10P: bets $3
RaisemyNut$: raises $3 to $6
Mr10P: calls $3
*** TURN *** [6s Kh Th] [Qc]
RaisemyNut$: bets $6
Mr10P: calls $6
*** RIVER *** [6s Kh Th Qc] [Ac]
RaisemyNut$: bets $6
Mr10P: calls $6
*** SHOW DOWN ***
RaisemyNut$: shows [5h Kd] (a pair of Kings)
Mr10P: mucks hand
RaisemyNut$ collected $47.50 from pot
*** SUMMARY ***
Total pot $48 | Rake $0.50
Board [6s Kh Th Qc Ac]
Seat 3: Mr10P (button) (small blind) mucked
Seat 4: RaisemyNut$ (big blind) showed [5h Kd] and won ($47.50) with a pair of Kings


PokerStars Hand #155115548245:  Hold'em Limit ($3/$6 USD) - 2016/06/23 17:34:57 ET
Table 'Sabauda' 6-max Seat #4 is the button
Seat 3: Mr10P ($181.49 in chips)
Seat 4: RaisemyNut$ ($144.21 in chips)
RaisemyNut$: posts small blind $1
Mr10P: posts big blind $3
*** HOLE CARDS ***
RaisemyNut$: folds
Uncalled bet ($2) returned to Mr10P
Mr10P collected $2 from pot
Mr10P: doesn't show hand
*** SUMMARY ***
Total pot $2 | Rake $0
Seat 3: Mr10P (big blind) collected ($2)
Seat 4: RaisemyNut$ (button) (small blind) folded before Flop


PokerStars Hand #155115531010:  Hold'em Limit ($3/$6 USD) - 2016/06/23 17:34:35 ET
Table 'Sabauda' 6-max Seat #3 is the button
Seat 3: Mr10P ($154.99 in chips)
Seat 4: RaisemyNut$ ($171.21 in chips)
Mr10P: posts small blind $1
RaisemyNut$: posts big blind $3
*** HOLE CARDS ***
Mr10P: raises $3 to $6
RaisemyNut$: calls $3
*** FLOP *** [Kc 8d Qd]
RaisemyNut$: bets $3
Mr10P: raises $3 to $6
RaisemyNut$: raises $3 to $9
Mr10P: calls $3
*** TURN *** [Kc 8d Qd] [6c]
RaisemyNut$: bets $6
Mr10P: calls $6
*** RIVER *** [Kc 8d Qd 6c] [Ad]
RaisemyNut$: checks
Mr10P: bets $6
RaisemyNut$: calls $6
*** SHOW DOWN ***
Mr10P: shows [Ah 9h] (a pair of Aces)
RaisemyNut$: mucks hand
Mr10P collected $53.50 from pot
*** SUMMARY ***
Total pot $54 | Rake $0.50
Board [Kc 8d Qd 6c Ad]
Seat 3: Mr10P (button) (small blind) showed [Ah 9h] and won ($53.50) with a pair of Aces
Seat 4: RaisemyNut$ (big blind) mucked


PokerStars Hand #155115512631:  Hold'em Limit ($3/$6 USD) - 2016/06/23 17:34:12 ET
Table 'Sabauda' 6-max Seat #4 is the button
Seat 3: Mr10P ($134.49 in chips)
Seat 4: RaisemyNut$ ($192.21 in chips)
RaisemyNut$: posts small blind $1
Mr10P: posts big blind $3
*** HOLE CARDS ***
RaisemyNut$: raises $3 to $6
Mr10P: calls $3
*** FLOP *** [Qc 5s 8h]
Mr10P: checks
RaisemyNut$: bets $3
Mr10P: calls $3
*** TURN *** [Qc 5s 8h] [6d]
Mr10P: checks
RaisemyNut$: bets $6
Mr10P: calls $6
*** RIVER *** [Qc 5s 8h 6d] [Jh]
Mr10P: bets $6
RaisemyNut$: calls $6
*** SHOW DOWN ***
Mr10P: shows [As Jd] (a pair of Jacks)
RaisemyNut$: mucks hand
Mr10P collected $41.50 from pot
*** SUMMARY ***
Total pot $42 | Rake $0.50
Board [Qc 5s 8h 6d Jh]
Seat 3: Mr10P (big blind) showed [As Jd] and won ($41.50) with a pair of Jacks
Seat 4: RaisemyNut$ (button) (small blind) mucked


PokerStars Hand #155115592953:  Hold'em Limit ($3/$6 USD) - 2016/06/23 17:35:53 ET
Table 'Sabauda' 6-max Seat #3 is the button
Seat 3: Mr10P ($175.99 in chips)
Seat 4: RaisemyNut$ ($148.71 in chips)
Mr10P: posts small blind $1
RaisemyNut$: posts big blind $3
*** HOLE CARDS ***
Mr10P: raises $3 to $6
RaisemyNut$: calls $3
*** FLOP *** [4h 7s 7d]
RaisemyNut$: checks
Mr10P: bets $3
RaisemyNut$: calls $3
*** TURN *** [4h 7s 7d] [Js]
RaisemyNut$: checks
Mr10P: bets $6
RaisemyNut$: calls $6
*** RIVER *** [4h 7s 7d Js] [9h]
RaisemyNut$: checks
Mr10P: checks
*** SHOW DOWN ***
RaisemyNut$: shows [Ah 3c] (a pair of Sevens)
Mr10P: mucks hand
RaisemyNut$ collected $29.50 from pot
*** SUMMARY ***
Total pot $30 | Rake $0.50
Board [4h 7s 7d Js 9h]
Seat 3: Mr10P (button) (small blind) mucked
Seat 4: RaisemyNut$ (big blind) showed [Ah 3c] and won ($29.50) with a pair of Sevens


PokerStars Hand #155115571488:  Hold'em Limit ($3/$6 USD) - 2016/06/23 17:35:26 ET
Table 'Sabauda' 6-max Seat #4 is the button
Seat 3: Mr10P ($158.49 in chips)
Seat 4: RaisemyNut$ ($166.71 in chips)
RaisemyNut$: posts small blind $1
Mr10P: posts big blind $3
*** HOLE CARDS ***
RaisemyNut$: raises $3 to $6
Mr10P: raises $3 to $9
RaisemyNut$: calls $3
*** FLOP *** [3c 6d 2c]
Mr10P: bets $3
RaisemyNut$: calls $3
*** TURN *** [3c 6d 2c] [6h]
Mr10P: bets $6
RaisemyNut$: calls $6
*** RIVER *** [3c 6d 2c 6h] [Td]
Mr10P: bets $6
RaisemyNut$: folds
Uncalled bet ($6) returned to Mr10P
Mr10P collected $35.50 from pot
Mr10P: doesn't show hand
*** SUMMARY ***
Total pot $36 | Rake $0.50
Board [3c 6d 2c 6h Td]
Seat 3: Mr10P (big blind) collected ($35.50)
Seat 4: RaisemyNut$ (button) (small blind) folded on the River


PokerStars Hand #155115660570:  Hold'em Limit ($3/$6 USD) - 2016/06/23 17:37:19 ET
Table 'Sabauda' 6-max Seat #4 is the button
Seat 3: Mr10P ($142.81 in chips)
Seat 4: RaisemyNut$ ($180.31 in chips)
RaisemyNut$: posts small blind $1
Mr10P: posts big blind $3
*** HOLE CARDS ***
RaisemyNut$: folds
Uncalled bet ($2) returned to Mr10P
Mr10P collected $2 from pot
Mr10P: doesn't show hand
*** SUMMARY ***
Total pot $2 | Rake $0
Seat 3: Mr10P (big blind) collected ($2)
Seat 4: RaisemyNut$ (button) (small blind) folded before Flop


PokerStars Hand #155115646916:  Hold'em Limit ($3/$6 USD) - 2016/06/23 17:37:01 ET
Table 'Sabauda' 6-max Seat #3 is the button
Seat 3: Mr10P ($142.99 in chips)
Seat 4: RaisemyNut$ ($180.49 in chips)
Mr10P: posts small blind $1
RaisemyNut$: posts big blind $3
*** HOLE CARDS ***
Mr10P: raises $3 to $6
RaisemyNut$: calls $3
*** FLOP *** [7h 4d 4h]
RaisemyNut$: checks
Mr10P: bets $3
RaisemyNut$: calls $3
*** TURN *** [7h 4d 4h] [4s]
RaisemyNut$: checks
Mr10P: checks
*** RIVER *** [7h 4d 4h 4s] [Jd]
RaisemyNut$: checks
Mr10P: checks
*** SHOW DOWN ***
RaisemyNut$: shows [9h Td] (three of a kind, Fours)
Mr10P: shows [Tc 9s] (three of a kind, Fours)
RaisemyNut$ collected $8.82 from pot
Mr10P collected $8.82 from pot
*** SUMMARY ***
Total pot $18 | Rake $0.36
Board [7h 4d 4h 4s Jd]
Seat 3: Mr10P (button) (small blind) showed [Tc 9s] and won ($8.82) with three of a kind, Fours
Seat 4: RaisemyNut$ (big blind) showed [9h Td] and won ($8.82) with three of a kind, Fours


PokerStars Hand #155115623998:  Hold'em Limit ($3/$6 USD) - 2016/06/23 17:36:32 ET
Table 'Sabauda' 6-max Seat #3 is the button
Seat 3: Mr10P ($154.99 in chips)
Seat 4: RaisemyNut$ ($168.97 in chips)
Mr10P: posts small blind $1
RaisemyNut$: posts big blind $3
*** HOLE CARDS ***
Mr10P: raises $3 to $6
RaisemyNut$: calls $3
*** FLOP *** [2h 8c 9c]
RaisemyNut$: checks
Mr10P: checks
*** TURN *** [2h 8c 9c] [8h]
RaisemyNut$: checks
Mr10P: checks
*** RIVER *** [2h 8c 9c 8h] [9h]
RaisemyNut$: checks
Mr10P: checks
*** SHOW DOWN ***
RaisemyNut$: shows [Ad 3d] (two pair, Nines and Eights)
Mr10P: mucks hand
RaisemyNut$ collected $11.76 from pot
*** SUMMARY ***
Total pot $12 | Rake $0.24
Board [2h 8c 9c 8h 9h]
Seat 3: Mr10P (button) (small blind) mucked
Seat 4: RaisemyNut$ (big blind) showed [Ad 3d] and won ($11.76) with two pair, Nines and Eights


PokerStars Hand #155115608551:  Hold'em Limit ($3/$6 USD) - 2016/06/23 17:36:13 ET
Table 'Sabauda' 6-max Seat #4 is the button
Seat 3: Mr10P ($160.99 in chips)
Seat 4: RaisemyNut$ ($163.21 in chips)
RaisemyNut$: posts small blind $1
Mr10P: posts big blind $3
*** HOLE CARDS ***
RaisemyNut$: raises $3 to $6
Mr10P: calls $3
*** FLOP *** [Kd 7s Jh]
Mr10P: checks
RaisemyNut$: bets $3
Mr10P: folds
Uncalled bet ($3) returned to RaisemyNut$
RaisemyNut$ collected $11.76 from pot
RaisemyNut$: doesn't show hand
*** SUMMARY ***
Total pot $12 | Rake $0.24
Board [Kd 7s Jh]
Seat 3: Mr10P (big blind) folded on the Flop
Seat 4: RaisemyNut$ (button) (small blind) collected ($11.76)


PokerStars Hand #155115636460:  Hold'em Limit ($3/$6 USD) - 2016/06/23 17:36:48 ET
Table 'Sabauda' 6-max Seat #4 is the button
Seat 3: Mr10P ($148.99 in chips)
Seat 4: RaisemyNut$ ($174.73 in chips)
RaisemyNut$: posts small blind $1
Mr10P: posts big blind $3
*** HOLE CARDS ***
RaisemyNut$: raises $3 to $6
Mr10P: calls $3
*** FLOP *** [As Ah Ks]
Mr10P: checks
RaisemyNut$: bets $3
Mr10P: folds
Uncalled bet ($3) returned to RaisemyNut$
RaisemyNut$ collected $11.76 from pot
RaisemyNut$: doesn't show hand
*** SUMMARY ***
Total pot $12 | Rake $0.24
Board [As Ah Ks]
Seat 3: Mr10P (big blind) folded on the Flop
Seat 4: RaisemyNut$ (button) (small blind) collected ($11.76)


PokerStars Hand #155115678300:  Hold'em Limit ($3/$6 USD) - 2016/06/23 17:37:42 ET
Table 'Sabauda' 6-max Seat #3 is the button
Seat 3: Mr10P ($150.57 in chips)
Seat 4: RaisemyNut$ ($172.31 in chips)
Mr10P: posts small blind $1
RaisemyNut$: posts big blind $3
*** HOLE CARDS ***
Mr10P: raises $3 to $6
RaisemyNut$: raises $3 to $9
Mr10P: calls $3
*** FLOP *** [Tc Td Ac]
RaisemyNut$: bets $3
Mr10P: raises $3 to $6
RaisemyNut$: calls $3
*** TURN *** [Tc Td Ac] [7s]
RaisemyNut$: checks
Mr10P: bets $6
RaisemyNut$: calls $6
*** RIVER *** [Tc Td Ac 7s] [3c]
RaisemyNut$: checks
Mr10P: bets $6
RaisemyNut$: raises $6 to $12
Mr10P: calls $6
*** SHOW DOWN ***
RaisemyNut$: shows [3s 3h] (a full house, Threes full of Tens)
Mr10P: mucks hand
RaisemyNut$ collected $65.50 from pot
*** SUMMARY ***
Total pot $66 | Rake $0.50
Board [Tc Td Ac 7s 3c]
Seat 3: Mr10P (button) (small blind) mucked
Seat 4: RaisemyNut$ (big blind) showed [3s 3h] and won ($65.50) with a full house, Threes full of Tens


PokerStars Hand #155115664234:  Hold'em Limit ($3/$6 USD) - 2016/06/23 17:37:24 ET
Table 'Sabauda' 6-max Seat #3 is the button
Seat 3: Mr10P ($143.81 in chips)
Seat 4: RaisemyNut$ ($179.31 in chips)
Mr10P: posts small blind $1
RaisemyNut$: posts big blind $3
*** HOLE CARDS ***
Mr10P: raises $3 to $6
RaisemyNut$: calls $3
*** FLOP *** [6d 3h Js]
RaisemyNut$: checks
Mr10P: bets $3
RaisemyNut$: folds
Uncalled bet ($3) returned to Mr10P
Mr10P collected $11.76 from pot
Mr10P: doesn't show hand
*** SUMMARY ***
Total pot $12 | Rake $0.24
Board [6d 3h Js]
Seat 3: Mr10P (button) (small blind) collected ($11.76)
Seat 4: RaisemyNut$ (big blind) folded on the Flop


PokerStars Hand #155115672638:  Hold'em Limit ($3/$6 USD) - 2016/06/23 17:37:35 ET
Table 'Sabauda' 6-max Seat #4 is the button
Seat 3: Mr10P ($149.57 in chips)
Seat 4: RaisemyNut$ ($173.31 in chips)
RaisemyNut$: posts small blind $1
Mr10P: posts big blind $3
*** HOLE CARDS ***
RaisemyNut$: folds
Uncalled bet ($2) returned to Mr10P
Mullern joins the table at seat #2
Mr10P collected $2 from pot
Mr10P: doesn't show hand
*** SUMMARY ***
Total pot $2 | Rake $0
Seat 3: Mr10P (big blind) collected ($2)
Seat 4: RaisemyNut$ (button) (small blind) folded before Flop


PokerStars Hand #155115733454:  Hold'em Limit ($3/$6 USD) - 2016/06/23 17:38:53 ET
Table 'Sabauda' 6-max Seat #3 is the button
Seat 3: Mr10P ($91.57 in chips)
Seat 4: RaisemyNut$ ($230.31 in chips)
Mr10P: posts small blind $1
RaisemyNut$: posts big blind $3
*** HOLE CARDS ***
Mr10P: raises $3 to $6
RaisemyNut$: calls $3
*** FLOP *** [9c 6h Kd]
RaisemyNut$: bets $3
Mr10P: raises $3 to $6
RaisemyNut$: calls $3
*** TURN *** [9c 6h Kd] [Ah]
RaisemyNut$: checks
Mr10P: bets $6
RaisemyNut$: calls $6
*** RIVER *** [9c 6h Kd Ah] [Kc]
RaisemyNut$: checks
Mr10P: bets $6
RaisemyNut$: folds
Uncalled bet ($6) returned to Mr10P
Mr10P collected $35.50 from pot
Mr10P: doesn't show hand
*** SUMMARY ***
Total pot $36 | Rake $0.50
Board [9c 6h Kd Ah Kc]
Seat 3: Mr10P (button) (small blind) collected ($35.50)
Seat 4: RaisemyNut$ (big blind) folded on the River


PokerStars Hand #155115748950:  Hold'em Limit ($3/$6 USD) - 2016/06/23 17:39:14 ET
Table 'Sabauda' 6-max Seat #4 is the button
Seat 3: Mr10P ($109.07 in chips)
Seat 4: RaisemyNut$ ($212.31 in chips)
RaisemyNut$: posts small blind $1
Mr10P: posts big blind $3
*** HOLE CARDS ***
RaisemyNut$: raises $3 to $6
Mr10P: calls $3
*** FLOP *** [6s Ah Tc]
Mr10P: checks
RaisemyNut$: bets $3
Mr10P: folds
Uncalled bet ($3) returned to RaisemyNut$
RaisemyNut$ collected $11.76 from pot
RaisemyNut$: doesn't show hand
*** SUMMARY ***
Total pot $12 | Rake $0.24
Board [6s Ah Tc]
Seat 3: Mr10P (big blind) folded on the Flop
Seat 4: RaisemyNut$ (button) (small blind) collected ($11.76)


PokerStars Hand #155115716059:  Hold'em Limit ($3/$6 USD) - 2016/06/23 17:38:31 ET
Table 'Sabauda' 6-max Seat #3 is the button
Seat 3: Mr10P ($114.57 in chips)
Seat 4: RaisemyNut$ ($207.81 in chips)
Mr10P: posts small blind $1
RaisemyNut$: posts big blind $3
*** HOLE CARDS ***
Mr10P: raises $3 to $6
RaisemyNut$: raises $3 to $9
Mr10P: calls $3
*** FLOP *** [3d Jh 5h]
RaisemyNut$: bets $3
Mr10P: calls $3
*** TURN *** [3d Jh 5h] [7s]
RaisemyNut$: bets $6
Mr10P: raises $6 to $12
RaisemyNut$: calls $6
*** RIVER *** [3d Jh 5h 7s] [Ad]
RaisemyNut$: checks
Mr10P: checks
*** SHOW DOWN ***
RaisemyNut$: shows [Ac Td] (a pair of Aces)
Mr10P: mucks hand
RaisemyNut$ collected $47.50 from pot
*** SUMMARY ***
Total pot $48 | Rake $0.50
Board [3d Jh 5h 7s Ad]
Seat 3: Mr10P (button) (small blind) mucked
Seat 4: RaisemyNut$ (big blind) showed [Ac Td] and won ($47.50) with a pair of Aces


PokerStars Hand #155115695411:  Hold'em Limit ($3/$6 USD) - 2016/06/23 17:38:04 ET
Table 'Sabauda' 6-max Seat #4 is the button
Seat 3: Mr10P ($117.57 in chips)
Seat 4: RaisemyNut$ ($204.81 in chips)
RaisemyNut$: posts small blind $1
Mullern is disconnected
Mullern has timed out while disconnected
Mullern: is sitting out
Mr10P: posts big blind $3
*** HOLE CARDS ***
RaisemyNut$: raises $3 to $6
Mr10P: folds
Uncalled bet ($3) returned to RaisemyNut$
RaisemyNut$ collected $6 from pot
RaisemyNut$: doesn't show hand
*** SUMMARY ***
Total pot $6 | Rake $0
Seat 3: Mr10P (big blind) folded before Flop
Seat 4: RaisemyNut$ (button) (small blind) collected ($6)


PokerStars Hand #155115798647:  Hold'em Limit ($3/$6 USD) - 2016/06/23 17:40:20 ET
Table 'Sabauda' 6-max Seat #4 is the button
Seat 3: Mr10P ($161.57 in chips)
Seat 4: RaisemyNut$ ($158.07 in chips)
RaisemyNut$: posts small blind $1
Mr10P: posts big blind $3
*** HOLE CARDS ***
RaisemyNut$: folds
Uncalled bet ($2) returned to Mr10P
Mr10P collected $2 from pot
Mr10P: doesn't show hand
*** SUMMARY ***
Total pot $2 | Rake $0
Seat 3: Mr10P (big blind) collected ($2)
Seat 4: RaisemyNut$ (button) (small blind) folded before Flop


PokerStars Hand #155115781270:  Hold'em Limit ($3/$6 USD) - 2016/06/23 17:39:57 ET
Table 'Sabauda' 6-max Seat #3 is the button
Seat 3: Mr10P ($147.07 in chips)
Seat 4: RaisemyNut$ ($173.07 in chips)
Mr10P: posts small blind $1
RaisemyNut$: posts big blind $3
*** HOLE CARDS ***
Mr10P: raises $3 to $6
RaisemyNut$: calls $3
*** FLOP *** [9d Qh 2h]
RaisemyNut$: checks
Mr10P: bets $3
RaisemyNut$: calls $3
*** TURN *** [9d Qh 2h] [Ac]
RaisemyNut$: checks
Mr10P: bets $6
RaisemyNut$: calls $6
*** RIVER *** [9d Qh 2h Ac] [6h]
RaisemyNut$: checks
Mr10P: bets $6
RaisemyNut$: folds
Uncalled bet ($6) returned to Mr10P
Mr10P collected $29.50 from pot
Mr10P: doesn't show hand
*** SUMMARY ***
Total pot $30 | Rake $0.50
Board [9d Qh 2h Ac 6h]
Seat 3: Mr10P (button) (small blind) collected ($29.50)
Seat 4: RaisemyNut$ (big blind) folded on the River


PokerStars Hand #155115772098:  Hold'em Limit ($3/$6 USD) - 2016/06/23 17:39:44 ET
Table 'Sabauda' 6-max Seat #4 is the button
Seat 3: Mr10P ($132.57 in chips)
Seat 4: RaisemyNut$ ($188.07 in chips)
RaisemyNut$: posts small blind $1
Mr10P: posts big blind $3
*** HOLE CARDS ***
RaisemyNut$: raises $3 to $6
Mr10P: raises $3 to $9
RaisemyNut$: raises $3 to $12
Betting is capped
Mr10P: calls $3
*** FLOP *** [5h Qs 3c]
Mr10P: bets $3
RaisemyNut$: calls $3
*** TURN *** [5h Qs 3c] [Th]
Mr10P: bets $6
RaisemyNut$: folds
Uncalled bet ($6) returned to Mr10P
Mr10P collected $29.50 from pot
Mr10P: doesn't show hand
*** SUMMARY ***
Total pot $30 | Rake $0.50
Board [5h Qs 3c Th]
Seat 3: Mr10P (big blind) collected ($29.50)
Seat 4: RaisemyNut$ (button) (small blind) folded on the Turn


PokerStars Hand #155115758426:  Hold'em Limit ($3/$6 USD) - 2016/06/23 17:39:26 ET
Table 'Sabauda' 6-max Seat #3 is the button
Seat 3: Mr10P ($103.07 in chips)
Seat 4: RaisemyNut$ ($218.07 in chips)
Mr10P: posts small blind $1
RaisemyNut$: posts big blind $3
*** HOLE CARDS ***
Mr10P: raises $3 to $6
RaisemyNut$: raises $3 to $9
Mr10P: calls $3
*** FLOP *** [As 3h 6c]
RaisemyNut$: bets $3
Mr10P: raises $3 to $6
RaisemyNut$: raises $3 to $9
Mr10P: calls $3
*** TURN *** [As 3h 6c] [9s]
RaisemyNut$: bets $6
Mr10P: calls $6
*** RIVER *** [As 3h 6c 9s] [6s]
RaisemyNut$: bets $6
Mr10P: raises $6 to $12
RaisemyNut$: folds
Uncalled bet ($6) returned to Mr10P
Mr10P collected $59.50 from pot
Mr10P: doesn't show hand
*** SUMMARY ***
Total pot $60 | Rake $0.50
Board [As 3h 6c 9s 6s]
Seat 3: Mr10P (button) (small blind) collected ($59.50)
Seat 4: RaisemyNut$ (big blind) folded on the River


PokerStars Hand #155115809559:  Hold'em Limit ($3/$6 USD) - 2016/06/23 17:40:35 ET
Table 'Sabauda' 6-max Seat #4 is the button
Seat 3: Mr10P ($153.57 in chips)
Seat 4: RaisemyNut$ ($165.71 in chips)
RaisemyNut$: posts small blind $1
Mr10P: posts big blind $3
*** HOLE CARDS ***
RaisemyNut$: raises $3 to $6
Mr10P: raises $3 to $9
RaisemyNut$: calls $3
*** FLOP *** [4h 4c Jh]
Mr10P: bets $3
RaisemyNut$: calls $3
*** TURN *** [4h 4c Jh] [7c]
Mr10P: bets $6
RaisemyNut$: raises $6 to $12
Mr10P: calls $6
*** RIVER *** [4h 4c Jh 7c] [Th]
Mr10P: bets $6
RaisemyNut$: calls $6
*** SHOW DOWN ***
Mr10P: shows [Tc Jd] (two pair, Jacks and Tens)
RaisemyNut$: mucks hand
Mr10P collected $59.50 from pot
*** SUMMARY ***
Total pot $60 | Rake $0.50
Board [4h 4c Jh 7c Th]
Seat 3: Mr10P (big blind) showed [Tc Jd] and won ($59.50) with two pair, Jacks and Tens
Seat 4: RaisemyNut$ (button) (small blind) mucked


PokerStars Hand #155115801997:  Hold'em Limit ($3/$6 USD) - 2016/06/23 17:40:25 ET
Table 'Sabauda' 6-max Seat #3 is the button
Seat 3: Mr10P ($162.57 in chips)
Seat 4: RaisemyNut$ ($157.07 in chips)
Mr10P: posts small blind $1
RaisemyNut$: posts big blind $3
*** HOLE CARDS ***
Mr10P: raises $3 to $6
RaisemyNut$: raises $3 to $9
Mr10P: calls $3
*** FLOP *** [3h 7d Kd]
RaisemyNut$: bets $3
Mr10P: folds
Uncalled bet ($3) returned to RaisemyNut$
RaisemyNut$ collected $17.64 from pot
RaisemyNut$: doesn't show hand
*** SUMMARY ***
Total pot $18 | Rake $0.36
Board [3h 7d Kd]
Seat 3: Mr10P (button) (small blind) folded on the Flop
Seat 4: RaisemyNut$ (big blind) collected ($17.64)


PokerStars Hand #155115821370:  Hold'em Limit ($3/$6 USD) - 2016/06/23 17:40:51 ET
Table 'Sabauda' 6-max Seat #3 is the button
Seat 3: Mr10P ($183.07 in chips)
Seat 4: RaisemyNut$ ($135.71 in chips)
Mr10P: posts small blind $1
RaisemyNut$: posts big blind $3
*** HOLE CARDS ***
Mr10P: raises $3 to $6
RaisemyNut$: folds
Uncalled bet ($3) returned to Mr10P
Mr10P collected $6 from pot
Mr10P: doesn't show hand
*** SUMMARY ***
Total pot $6 | Rake $0
Seat 3: Mr10P (button) (small blind) collected ($6)
Seat 4: RaisemyNut$ (big blind) folded before Flop


PokerStars Hand #155115826017:  Hold'em Limit ($3/$6 USD) - 2016/06/23 17:40:58 ET
Table 'Sabauda' 6-max Seat #4 is the button
Seat 3: Mr10P ($186.07 in chips)
Seat 4: RaisemyNut$ ($132.71 in chips)
RaisemyNut$: posts small blind $1
Mr10P: posts big blind $3
*** HOLE CARDS ***
RaisemyNut$: raises $3 to $6
Mr10P: calls $3
*** FLOP *** [7h 4d 8s]
Mr10P: checks
RaisemyNut$: bets $3
Mr10P: calls $3
*** TURN *** [7h 4d 8s] [Kd]
Mr10P: checks
RaisemyNut$: bets $6
Mr10P: calls $6
*** RIVER *** [7h 4d 8s Kd] [9d]
Mr10P: checks
RaisemyNut$: bets $6
Mr10P: calls $6
*** SHOW DOWN ***
RaisemyNut$: shows [9c Qd] (a pair of Nines)
Mr10P: mucks hand
RaisemyNut$ collected $41.50 from pot
*** SUMMARY ***
Total pot $42 | Rake $0.50
Board [7h 4d 8s Kd 9d]
Seat 3: Mr10P (big blind) mucked
Seat 4: RaisemyNut$ (button) (small blind) showed [9c Qd] and won ($41.50) with a pair of Nines


PokerStars Hand #155115839230:  Hold'em Limit ($3/$6 USD) - 2016/06/23 17:41:16 ET
Table 'Sabauda' 6-max Seat #3 is the button
Seat 3: Mr10P ($165.07 in chips)
Seat 4: RaisemyNut$ ($153.21 in chips)
Mr10P: posts small blind $1
RaisemyNut$: posts big blind $3
*** HOLE CARDS ***
Mr10P: raises $3 to $6
RaisemyNut$: folds
Uncalled bet ($3) returned to Mr10P
Mr10P collected $6 from pot
Mr10P: doesn't show hand
*** SUMMARY ***
Total pot $6 | Rake $0
Seat 3: Mr10P (button) (small blind) collected ($6)
Seat 4: RaisemyNut$ (big blind) folded before Flop


PokerStars Hand #155115843306:  Hold'em Limit ($3/$6 USD) - 2016/06/23 17:41:22 ET
Table 'Sabauda' 6-max Seat #4 is the button
Seat 3: Mr10P ($168.07 in chips)
Seat 4: RaisemyNut$ ($150.21 in chips)
RaisemyNut$: posts small blind $1
Mr10P: posts big blind $3
*** HOLE CARDS ***
RaisemyNut$: raises $3 to $6
Mr10P: calls $3
*** FLOP *** [Th Jd Kc]
Mr10P: checks
mr.dockuda joins the table at seat #6
RaisemyNut$: bets $3
Mr10P: calls $3
*** TURN *** [Th Jd Kc] [Js]
Mr10P: checks
RaisemyNut$: bets $6
Mr10P: calls $6
*** RIVER *** [Th Jd Kc Js] [7s]
Mr10P: checks
RaisemyNut$: bets $6
Mr10P: calls $6
*** SHOW DOWN ***
RaisemyNut$: shows [Qc 9d] (a straight, Nine to King)
Mr10P: mucks hand
RaisemyNut$ collected $41.50 from pot
*** SUMMARY ***
Total pot $42 | Rake $0.50
Board [Th Jd Kc Js 7s]
Seat 3: Mr10P (big blind) mucked
Seat 4: RaisemyNut$ (button) (small blind) showed [Qc 9d] and won ($41.50) with a straight, Nine to King


PokerStars Hand #155115861780:  Hold'em Limit ($3/$6 USD) - 2016/06/23 17:41:47 ET
Table 'Sabauda' 6-max Seat #3 is the button
Seat 3: Mr10P ($147.07 in chips)
Seat 4: RaisemyNut$ ($170.71 in chips)
Mr10P: posts small blind $1
RaisemyNut$: posts big blind $3
*** HOLE CARDS ***
Mr10P: raises $3 to $6
RaisemyNut$: folds
Uncalled bet ($3) returned to Mr10P
Mr10P collected $6 from pot
Mr10P: doesn't show hand
*** SUMMARY ***
Total pot $6 | Rake $0
Seat 3: Mr10P (button) (small blind) collected ($6)
Seat 4: RaisemyNut$ (big blind) folded before Flop


