PokerStars Hand #160097130721:  Hold'em Limit ($3/$6 USD) - 2016/10/18 7:53:00 ET
Table 'Sabauda II' 6-max Seat #2 is the button
Seat 1: Puzanchik 11 ($64.50 in chips)
Seat 2: Ag3r0n ($73 in chips)
Ag3r0n: posts small blind $1
Puzanchik 11: posts big blind $3
*** HOLE CARDS ***
Ag3r0n: raises $3 to $6
Puzanchik 11: calls $3
*** FLOP *** [Js 7h 8d]
Puzanchik 11: checks
Ag3r0n: checks
*** TURN *** [Js 7h 8d] [Qh]
Puzanchik 11: checks
Ag3r0n: checks
*** RIVER *** [Js 7h 8d Qh] [7s]
Puzanchik 11: bets $6
Ag3r0n: folds
Uncalled bet ($6) returned to Puzanchik 11
Puzanchik 11 collected $11.76 from pot
*** SUMMARY ***
Total pot $12 | Rake $0.24
Board [Js 7h 8d Qh 7s]
Seat 1: Puzanchik 11 (big blind) collected ($11.76)
Seat 2: Ag3r0n (button) (small blind) folded on the River


PokerStars Hand #160097128588:  Hold'em Limit ($3/$6 USD) - 2016/10/18 7:52:56 ET
Table 'Sabauda II' 6-max Seat #1 is the button
Seat 1: Puzanchik 11 ($65.50 in chips)
Seat 2: Ag3r0n ($72 in chips)
Puzanchik 11: posts small blind $1
Ag3r0n: posts big blind $3
*** HOLE CARDS ***
Puzanchik 11: folds
Uncalled bet ($2) returned to Ag3r0n
Ag3r0n collected $2 from pot
*** SUMMARY ***
Total pot $2 | Rake $0
Seat 1: Puzanchik 11 (button) (small blind) folded before Flop
Seat 2: Ag3r0n (big blind) collected ($2)


PokerStars Hand #160097126375:  Hold'em Limit ($3/$6 USD) - 2016/10/18 7:52:51 ET
Table 'Sabauda II' 6-max Seat #2 is the button
Seat 1: Puzanchik 11 ($64.50 in chips)
Seat 2: Ag3r0n ($72 in chips)
Ag3r0n: posts small blind $1
Puzanchik 11: posts big blind $3
*** HOLE CARDS ***
Ag3r0n: folds
Uncalled bet ($2) returned to Puzanchik 11
Agrotait leaves the table
Puzanchik 11 collected $2 from pot
Puzanchik 11: shows [9c 9s] (a pair of Nines)
*** SUMMARY ***
Total pot $2 | Rake $0
Seat 1: Puzanchik 11 (big blind) collected ($2)
Seat 2: Ag3r0n (button) (small blind) folded before Flop


PokerStars Hand #160097116876:  Hold'em Limit ($3/$6 USD) - 2016/10/18 7:52:30 ET
Table 'Sabauda II' 6-max Seat #1 is the button
Seat 1: Puzanchik 11 ($50 in chips)
Seat 2: Ag3r0n ($72 in chips)
Puzanchik 11: posts small blind $1
Ag3r0n: posts big blind $3
*** HOLE CARDS ***
Puzanchik 11: raises $3 to $6
Ag3r0n: calls $3
*** FLOP *** [5h 8h 4d]
Ag3r0n: checks
Puzanchik 11: bets $3
Ag3r0n: calls $3
*** TURN *** [5h 8h 4d] [9s]
Ag3r0n: checks
Puzanchik 11: bets $6
Ag3r0n: calls $6
*** RIVER *** [5h 8h 4d 9s] [Ts]
Ag3r0n: checks
Puzanchik 11: bets $6
Ag3r0n: folds
Uncalled bet ($6) returned to Puzanchik 11
Puzanchik 11 collected $29.50 from pot
Puzanchik 11: shows [9d 9c] (three of a kind, Nines)
*** SUMMARY ***
Total pot $30 | Rake $0.50
Board [5h 8h 4d 9s Ts]
Seat 1: Puzanchik 11 (button) (small blind) collected ($29.50)
Seat 2: Ag3r0n (big blind) folded on the River


PokerStars Hand #160097137768:  Hold'em Limit ($3/$6 USD) - 2016/10/18 7:53:16 ET
Table 'Sabauda II' 6-max Seat #1 is the button
Seat 1: Puzanchik 11 ($70.26 in chips)
Seat 2: Ag3r0n ($72 in chips)
Puzanchik 11: posts small blind $1
Ag3r0n: posts big blind $3
*** HOLE CARDS ***
Puzanchik 11: folds
Uncalled bet ($2) returned to Ag3r0n
Ag3r0n collected $2 from pot
*** SUMMARY ***
Total pot $2 | Rake $0
Seat 1: Puzanchik 11 (button) (small blind) folded before Flop
Seat 2: Ag3r0n (big blind) collected ($2)


PokerStars Hand #160097150993:  Hold'em Limit ($3/$6 USD) - 2016/10/18 7:53:44 ET
Table 'Sabauda II' 6-max Seat #2 is the button
Seat 1: Puzanchik 11 ($76.90 in chips)
Seat 2: Ag3r0n ($73 in chips)
Ag3r0n: posts small blind $1
Puzanchik 11: posts big blind $3
*** HOLE CARDS ***
Ag3r0n: raises $3 to $6
Puzanchik 11: calls $3
*** FLOP *** [Kd Td Jh]
Puzanchik 11: checks
Ag3r0n: checks
*** TURN *** [Kd Td Jh] [2s]
Puzanchik 11: bets $6
Ag3r0n: calls $6
*** RIVER *** [Kd Td Jh 2s] [5c]
Puzanchik 11: bets $6
Ag3r0n: calls $6
*** SHOW DOWN ***
Puzanchik 11: shows [Ts Kh] (two pair, Kings and Tens)
Ag3r0n: mucks hand
Puzanchik 11 collected $35.50 from pot
*** SUMMARY ***
Total pot $36 | Rake $0.50
Board [Kd Td Jh 2s 5c]
Seat 1: Puzanchik 11 (big blind) showed [Ts Kh] and won ($35.50) with two pair, Kings and Tens
Seat 2: Ag3r0n (button) (small blind) mucked


PokerStars Hand #160097148772:  Hold'em Limit ($3/$6 USD) - 2016/10/18 7:53:39 ET
Table 'Sabauda II' 6-max Seat #1 is the button
Seat 1: Puzanchik 11 ($77.90 in chips)
Seat 2: Ag3r0n ($72 in chips)
Puzanchik 11: posts small blind $1
Ag3r0n: posts big blind $3
*** HOLE CARDS ***
Puzanchik 11: folds
Uncalled bet ($2) returned to Ag3r0n
Ag3r0n collected $2 from pot
*** SUMMARY ***
Total pot $2 | Rake $0
Seat 1: Puzanchik 11 (button) (small blind) folded before Flop
Seat 2: Ag3r0n (big blind) collected ($2)


PokerStars Hand #160097139804:  Hold'em Limit ($3/$6 USD) - 2016/10/18 7:53:20 ET
Table 'Sabauda II' 6-max Seat #2 is the button
Seat 1: Puzanchik 11 ($69.26 in chips)
Seat 2: Ag3r0n ($73 in chips)
Ag3r0n: posts small blind $1
Puzanchik 11: posts big blind $3
*** HOLE CARDS ***
Ag3r0n: raises $3 to $6
Puzanchik 11: calls $3
*** FLOP *** [8h 5d 2s]
Puzanchik 11: checks
Ag3r0n: bets $3
Puzanchik 11: calls $3
*** TURN *** [8h 5d 2s] [Tc]
Puzanchik 11: checks
Ag3r0n: checks
*** RIVER *** [8h 5d 2s Tc] [9h]
Puzanchik 11: checks
Ag3r0n: checks
*** SHOW DOWN ***
Puzanchik 11: shows [Ah 4s] (high card Ace)
Ag3r0n: mucks hand
Puzanchik 11 collected $17.64 from pot
*** SUMMARY ***
Total pot $18 | Rake $0.36
Board [8h 5d 2s Tc 9h]
Seat 1: Puzanchik 11 (big blind) showed [Ah 4s] and won ($17.64) with high card Ace
Seat 2: Ag3r0n (button) (small blind) mucked


PokerStars Hand #160097156846:  Hold'em Limit ($3/$6 USD) - 2016/10/18 7:53:56 ET
Table 'Sabauda II' 6-max Seat #1 is the button
Seat 1: Puzanchik 11 ($94.40 in chips)
Seat 2: Ag3r0n ($72 in chips)
Puzanchik 11: posts small blind $1
Ag3r0n: posts big blind $3
*** HOLE CARDS ***
Puzanchik 11: raises $3 to $6
Ag3r0n: calls $3
*** FLOP *** [Jh 8s 8h]
Ag3r0n: checks
Puzanchik 11: bets $3
Ag3r0n: folds
Uncalled bet ($3) returned to Puzanchik 11
Puzanchik 11 collected $11.76 from pot
*** SUMMARY ***
Total pot $12 | Rake $0.24
Board [Jh 8s 8h]
Seat 1: Puzanchik 11 (button) (small blind) collected ($11.76)
Seat 2: Ag3r0n (big blind) folded on the Flop


PokerStars Hand #160097180366:  Hold'em Limit ($3/$6 USD) - 2016/10/18 7:54:47 ET
Table 'Sabauda II' 6-max Seat #1 is the button
Seat 1: Puzanchik 11 ($116.66 in chips)
Seat 2: Ag3r0n ($76 in chips)
Puzanchik 11: posts small blind $1
Ag3r0n: posts big blind $3
*** HOLE CARDS ***
Puzanchik 11: folds
Uncalled bet ($2) returned to Ag3r0n
Ag3r0n collected $2 from pot
*** SUMMARY ***
Total pot $2 | Rake $0
Seat 1: Puzanchik 11 (button) (small blind) folded before Flop
Seat 2: Ag3r0n (big blind) collected ($2)


PokerStars Hand #160097182494:  Hold'em Limit ($3/$6 USD) - 2016/10/18 7:54:51 ET
Table 'Sabauda II' 6-max Seat #2 is the button
Seat 1: Puzanchik 11 ($115.66 in chips)
Seat 2: Ag3r0n ($77 in chips)
Ag3r0n: posts small blind $1
Puzanchik 11: posts big blind $3
*** HOLE CARDS ***
Ag3r0n: raises $3 to $6
Puzanchik 11: raises $3 to $9
Ag3r0n: raises $3 to $12
Betting is capped
Puzanchik 11: calls $3
*** FLOP *** [Qs 2d 6d]
Puzanchik 11: bets $3
Ag3r0n: calls $3
*** TURN *** [Qs 2d 6d] [5s]
Puzanchik 11: bets $6
Ag3r0n: calls $6
*** RIVER *** [Qs 2d 6d 5s] [Jc]
Puzanchik 11: checks
Ag3r0n: checks
*** SHOW DOWN ***
Puzanchik 11: shows [Th Td] (a pair of Tens)
Ag3r0n: mucks hand
Puzanchik 11 collected $41.50 from pot
*** SUMMARY ***
Total pot $42 | Rake $0.50
Board [Qs 2d 6d 5s Jc]
Seat 1: Puzanchik 11 (big blind) showed [Th Td] and won ($41.50) with a pair of Tens
Seat 2: Ag3r0n (button) (small blind) mucked


PokerStars Hand #160097161935:  Hold'em Limit ($3/$6 USD) - 2016/10/18 7:54:07 ET
Table 'Sabauda II' 6-max Seat #2 is the button
Seat 1: Puzanchik 11 ($100.16 in chips)
Seat 2: Ag3r0n ($72 in chips)
Ag3r0n: posts small blind $1
Puzanchik 11: posts big blind $3
*** HOLE CARDS ***
Ag3r0n: raises $3 to $6
Puzanchik 11: calls $3
*** FLOP *** [2c 4s 7d]
Puzanchik 11: checks
Ag3r0n: bets $3
Puzanchik 11: calls $3
*** TURN *** [2c 4s 7d] [Ts]
Puzanchik 11: checks
Ag3r0n: bets $6
Puzanchik 11: calls $6
*** RIVER *** [2c 4s 7d Ts] [5d]
Puzanchik 11: checks
Ag3r0n: bets $6
Puzanchik 11: raises $6 to $12
Ag3r0n: folds
Uncalled bet ($6) returned to Puzanchik 11
Puzanchik 11 collected $41.50 from pot
*** SUMMARY ***
Total pot $42 | Rake $0.50
Board [2c 4s 7d Ts 5d]
Seat 1: Puzanchik 11 (big blind) collected ($41.50)
Seat 2: Ag3r0n (button) (small blind) folded on the River


PokerStars Hand #160097173191:  Hold'em Limit ($3/$6 USD) - 2016/10/18 7:54:31 ET
Table 'Sabauda II' 6-max Seat #2 is the button
Seat 1: Puzanchik 11 ($119.66 in chips)
Seat 2: Ag3r0n ($73 in chips)
Ag3r0n: posts small blind $1
Puzanchik 11: posts big blind $3
*** HOLE CARDS ***
Ag3r0n: raises $3 to $6
Puzanchik 11: folds
Uncalled bet ($3) returned to Ag3r0n
Ag3r0n collected $6 from pot
*** SUMMARY ***
Total pot $6 | Rake $0
Seat 1: Puzanchik 11 (big blind) folded before Flop
Seat 2: Ag3r0n (button) (small blind) collected ($6)


PokerStars Hand #160097170949:  Hold'em Limit ($3/$6 USD) - 2016/10/18 7:54:27 ET
Table 'Sabauda II' 6-max Seat #1 is the button
Seat 1: Puzanchik 11 ($120.66 in chips)
Seat 2: Ag3r0n ($72 in chips)
Puzanchik 11: posts small blind $1
Ag3r0n: posts big blind $3
*** HOLE CARDS ***
Puzanchik 11: folds
Uncalled bet ($2) returned to Ag3r0n
Ag3r0n collected $2 from pot
*** SUMMARY ***
Total pot $2 | Rake $0
Seat 1: Puzanchik 11 (button) (small blind) folded before Flop
Seat 2: Ag3r0n (big blind) collected ($2)


PokerStars Hand #160097191671:  Hold'em Limit ($3/$6 USD) - 2016/10/18 7:55:11 ET
Table 'Sabauda II' 6-max Seat #2 is the button
Seat 1: Puzanchik 11 ($135.16 in chips)
Seat 2: Ag3r0n ($73 in chips)
Ag3r0n: posts small blind $1
Puzanchik 11: posts big blind $3
*** HOLE CARDS ***
Ag3r0n: raises $3 to $6
Puzanchik 11: folds
Uncalled bet ($3) returned to Ag3r0n
Ag3r0n collected $6 from pot
*** SUMMARY ***
Total pot $6 | Rake $0
Seat 1: Puzanchik 11 (big blind) folded before Flop
Seat 2: Ag3r0n (button) (small blind) collected ($6)


PokerStars Hand #160097189484:  Hold'em Limit ($3/$6 USD) - 2016/10/18 7:55:06 ET
Table 'Sabauda II' 6-max Seat #1 is the button
Seat 1: Puzanchik 11 ($136.16 in chips)
Seat 2: Ag3r0n ($72 in chips)
Puzanchik 11: posts small blind $1
Ag3r0n: posts big blind $3
*** HOLE CARDS ***
Puzanchik 11: folds
Uncalled bet ($2) returned to Ag3r0n
Ag3r0n collected $2 from pot
*** SUMMARY ***
Total pot $2 | Rake $0
Seat 1: Puzanchik 11 (button) (small blind) folded before Flop
Seat 2: Ag3r0n (big blind) collected ($2)


PokerStars Hand #160097177837:  Hold'em Limit ($3/$6 USD) - 2016/10/18 7:54:41 ET
Table 'Sabauda II' 6-max Seat #2 is the button
Seat 1: Puzanchik 11 ($119.66 in chips)
Seat 2: Ag3r0n ($73 in chips)
Ag3r0n: posts small blind $1
Puzanchik 11: posts big blind $3
*** HOLE CARDS ***
Ag3r0n: raises $3 to $6
Puzanchik 11: folds
Uncalled bet ($3) returned to Ag3r0n
Ag3r0n collected $6 from pot
*** SUMMARY ***
Total pot $6 | Rake $0
Seat 1: Puzanchik 11 (big blind) folded before Flop
Seat 2: Ag3r0n (button) (small blind) collected ($6)


PokerStars Hand #160097199220:  Hold'em Limit ($3/$6 USD) - 2016/10/18 7:55:29 ET
Table 'Sabauda II' 6-max Seat #1 is the button
Seat 1: Puzanchik 11 ($125.16 in chips)
Seat 2: Ag3r0n ($82.76 in chips)
Puzanchik 11: posts small blind $1
Ag3r0n: posts big blind $3
*** HOLE CARDS ***
Puzanchik 11: folds
Uncalled bet ($2) returned to Ag3r0n
Ag3r0n collected $2 from pot
*** SUMMARY ***
Total pot $2 | Rake $0
Seat 1: Puzanchik 11 (button) (small blind) folded before Flop
Seat 2: Ag3r0n (big blind) collected ($2)


PokerStars Hand #160097195905:  Hold'em Limit ($3/$6 USD) - 2016/10/18 7:55:21 ET
Table 'Sabauda II' 6-max Seat #2 is the button
Seat 1: Puzanchik 11 ($131.16 in chips)
Seat 2: Ag3r0n ($77 in chips)
Ag3r0n: posts small blind $1
Puzanchik 11: posts big blind $3
*** HOLE CARDS ***
Ag3r0n: raises $3 to $6
Puzanchik 11: calls $3
*** FLOP *** [7d Ah 2h]
Puzanchik 11: checks
Ag3r0n: bets $3
Puzanchik 11: folds
Uncalled bet ($3) returned to Ag3r0n
Ag3r0n collected $11.76 from pot
*** SUMMARY ***
Total pot $12 | Rake $0.24
Board [7d Ah 2h]
Seat 1: Puzanchik 11 (big blind) folded on the Flop
Seat 2: Ag3r0n (button) (small blind) collected ($11.76)


PokerStars Hand #160097193975:  Hold'em Limit ($3/$6 USD) - 2016/10/18 7:55:17 ET
Table 'Sabauda II' 6-max Seat #1 is the button
Seat 1: Puzanchik 11 ($132.16 in chips)
Seat 2: Ag3r0n ($76 in chips)
Puzanchik 11: posts small blind $1
Ag3r0n: posts big blind $3
*** HOLE CARDS ***
Puzanchik 11: folds
Uncalled bet ($2) returned to Ag3r0n
Ag3r0n collected $2 from pot
*** SUMMARY ***
Total pot $2 | Rake $0
Seat 1: Puzanchik 11 (button) (small blind) folded before Flop
Seat 2: Ag3r0n (big blind) collected ($2)


PokerStars Hand #160097208949:  Hold'em Limit ($3/$6 USD) - 2016/10/18 7:55:53 ET
Table 'Sabauda II' 6-max Seat #1 is the button
Seat 1: Puzanchik 11 ($100.16 in chips)
Seat 2: Ag3r0n ($107.26 in chips)
Puzanchik 11: posts small blind $1
Ag3r0n: posts big blind $3
*** HOLE CARDS ***
Puzanchik 11: folds
Uncalled bet ($2) returned to Ag3r0n
Ag3r0n collected $2 from pot
*** SUMMARY ***
Total pot $2 | Rake $0
Seat 1: Puzanchik 11 (button) (small blind) folded before Flop
Seat 2: Ag3r0n (big blind) collected ($2)


PokerStars Hand #160097201082:  Hold'em Limit ($3/$6 USD) - 2016/10/18 7:55:34 ET
Table 'Sabauda II' 6-max Seat #2 is the button
Seat 1: Puzanchik 11 ($124.16 in chips)
Seat 2: Ag3r0n ($83.76 in chips)
Ag3r0n: posts small blind $1
Puzanchik 11: posts big blind $3
*** HOLE CARDS ***
Ag3r0n: raises $3 to $6
Puzanchik 11: raises $3 to $9
Ag3r0n: calls $3
*** FLOP *** [9s Kd 2s]
Puzanchik 11: bets $3
Ag3r0n: calls $3
*** TURN *** [9s Kd 2s] [7s]
Puzanchik 11: bets $6
Ag3r0n: calls $6
*** RIVER *** [9s Kd 2s 7s] [Js]
Puzanchik 11: checks
Ag3r0n: bets $6
Puzanchik 11: calls $6
*** SHOW DOWN ***
Ag3r0n: shows [7c 7h] (three of a kind, Sevens)
Puzanchik 11: shows [Kc Qc] (a pair of Kings)
Ag3r0n collected $47.50 from pot
*** SUMMARY ***
Total pot $48 | Rake $0.50
Board [9s Kd 2s 7s Js]
Seat 1: Puzanchik 11 (big blind) showed [Kc Qc] and lost with a pair of Kings
Seat 2: Ag3r0n (button) (small blind) showed [7c 7h] and won ($47.50) with three of a kind, Sevens


PokerStars Hand #160097211300:  Hold'em Limit ($3/$6 USD) - 2016/10/18 7:55:58 ET
Table 'Sabauda II' 6-max Seat #2 is the button
Seat 1: Puzanchik 11 ($99.16 in chips)
Seat 2: Ag3r0n ($108.26 in chips)
Ag3r0n: posts small blind $1
Puzanchik 11: posts big blind $3
*** HOLE CARDS ***
Ag3r0n: raises $3 to $6
Puzanchik 11: raises $3 to $9
Ag3r0n: calls $3
*** FLOP *** [Qh 8h 9d]
Puzanchik 11: bets $3
Ag3r0n: raises $3 to $6
Puzanchik 11: calls $3
*** TURN *** [Qh 8h 9d] [As]
Puzanchik 11: bets $6
Ag3r0n: calls $6
*** RIVER *** [Qh 8h 9d As] [5d]
Puzanchik 11: bets $6
Ag3r0n: folds
Uncalled bet ($6) returned to Puzanchik 11
Puzanchik 11 collected $41.50 from pot
*** SUMMARY ***
Total pot $42 | Rake $0.50
Board [Qh 8h 9d As 5d]
Seat 1: Puzanchik 11 (big blind) collected ($41.50)
Seat 2: Ag3r0n (button) (small blind) folded on the River


PokerStars Hand #160097223792:  Hold'em Limit ($3/$6 USD) - 2016/10/18 7:56:29 ET
Table 'Sabauda II' 6-max Seat #1 is the button
Seat 1: Puzanchik 11 ($122.42 in chips)
Seat 2: Ag3r0n ($84.26 in chips)
Puzanchik 11: posts small blind $1
Ag3r0n: posts big blind $3
*** HOLE CARDS ***
Puzanchik 11: raises $3 to $6
Ag3r0n: calls $3
*** FLOP *** [8c Jc 6s]
Ag3r0n: checks
Puzanchik 11: checks
*** TURN *** [8c Jc 6s] [6d]
Ag3r0n: checks
Puzanchik 11: bets $6
Ag3r0n: folds
Uncalled bet ($6) returned to Puzanchik 11
Puzanchik 11 collected $11.76 from pot
*** SUMMARY ***
Total pot $12 | Rake $0.24
Board [8c Jc 6s 6d]
Seat 1: Puzanchik 11 (button) (small blind) collected ($11.76)
Seat 2: Ag3r0n (big blind) folded on the Turn


PokerStars Hand #160097221558:  Hold'em Limit ($3/$6 USD) - 2016/10/18 7:56:24 ET
Table 'Sabauda II' 6-max Seat #2 is the button
Seat 1: Puzanchik 11 ($125.42 in chips)
Seat 2: Ag3r0n ($81.26 in chips)
Ag3r0n: posts small blind $1
Puzanchik 11: posts big blind $3
*** HOLE CARDS ***
Ag3r0n: raises $3 to $6
Puzanchik 11: folds
Uncalled bet ($3) returned to Ag3r0n
Ag3r0n collected $6 from pot
*** SUMMARY ***
Total pot $6 | Rake $0
Seat 1: Puzanchik 11 (big blind) folded before Flop
Seat 2: Ag3r0n (button) (small blind) collected ($6)


PokerStars Hand #160097218599:  Hold'em Limit ($3/$6 USD) - 2016/10/18 7:56:16 ET
Table 'Sabauda II' 6-max Seat #1 is the button
Seat 1: Puzanchik 11 ($119.66 in chips)
Seat 2: Ag3r0n ($87.26 in chips)
Puzanchik 11: posts small blind $1
Ag3r0n: posts big blind $3
*** HOLE CARDS ***
Puzanchik 11: raises $3 to $6
Ag3r0n: calls $3
*** FLOP *** [8s Jh 8d]
Ag3r0n: checks
Puzanchik 11: bets $3
Ag3r0n: folds
Uncalled bet ($3) returned to Puzanchik 11
Puzanchik 11 collected $11.76 from pot
Puzanchik 11: shows [Ks Kd] (two pair, Kings and Eights)
*** SUMMARY ***
Total pot $12 | Rake $0.24
Board [8s Jh 8d]
Seat 1: Puzanchik 11 (button) (small blind) collected ($11.76)
Seat 2: Ag3r0n (big blind) folded on the Flop


