PokerStars Hand #155122062501:  Hold'em Limit ($3/$6 USD) - 2016/06/23 20:51:18 ET
Table 'Sabauda' 6-max Seat #5 is the button
Seat 3: Mr10P ($194.63 in chips)
Seat 5: Doom_LordII ($137.03 in chips)
Doom_LordII: posts small blind $1
Mr10P: posts big blind $3
*** HOLE CARDS ***
Doom_LordII: folds
Uncalled bet ($2) returned to Mr10P
Mr10P collected $2 from pot
Mr10P: doesn't show hand
*** SUMMARY ***
Total pot $2 | Rake $0
Seat 3: Mr10P (big blind) collected ($2)
Seat 5: Doom_LordII (button) (small blind) folded before Flop


PokerStars Hand #155122066798:  Hold'em Limit ($3/$6 USD) - 2016/06/23 20:51:29 ET
Table 'Sabauda' 6-max Seat #3 is the button
Seat 3: Mr10P ($195.63 in chips)
Seat 5: Doom_LordII ($136.03 in chips)
Mr10P: posts small blind $1
Doom_LordII: posts big blind $3
*** HOLE CARDS ***
Mr10P: raises $3 to $6
Doom_LordII: calls $3
*** FLOP *** [8s 2c 2d]
Doom_LordII: checks
Mr10P: bets $3
Doom_LordII: folds
Uncalled bet ($3) returned to Mr10P
Mr10P collected $11.76 from pot
Mr10P: doesn't show hand
*** SUMMARY ***
Total pot $12 | Rake $0.24
Board [8s 2c 2d]
Seat 3: Mr10P (button) (small blind) collected ($11.76)
Seat 5: Doom_LordII (big blind) folded on the Flop


PokerStars Hand #155122060628:  Hold'em Limit ($3/$6 USD) - 2016/06/23 20:51:14 ET
Table 'Sabauda' 6-max Seat #3 is the button
Seat 3: Mr10P ($195.63 in chips)
Seat 5: Doom_LordII ($136.03 in chips)
Mr10P: posts small blind $1
Doom_LordII: posts big blind $3
*** HOLE CARDS ***
Mr10P: folds
Uncalled bet ($2) returned to Doom_LordII
Doom_LordII collected $2 from pot
Doom_LordII: doesn't show hand
*** SUMMARY ***
Total pot $2 | Rake $0
Seat 3: Mr10P (button) (small blind) folded before Flop
Seat 5: Doom_LordII (big blind) collected ($2)


PokerStars Hand #155122052442:  Hold'em Limit ($3/$6 USD) - 2016/06/23 20:50:54 ET
Table 'Sabauda' 6-max Seat #5 is the button
Seat 3: Mr10P ($219.63 in chips)
Seat 5: Doom_LordII ($112.53 in chips)
Doom_LordII: posts small blind $1
Mr10P: posts big blind $3
*** HOLE CARDS ***
Doom_LordII: raises $3 to $6
Mr10P: calls $3
*** FLOP *** [Js As Ad]
Mr10P: checks
Doom_LordII: bets $3
Mr10P: raises $3 to $6
Doom_LordII: calls $3
*** TURN *** [Js As Ad] [3h]
Mr10P: checks
Doom_LordII: bets $6
Mr10P: calls $6
*** RIVER *** [Js As Ad 3h] [Td]
Mr10P: checks
Doom_LordII: bets $6
Mr10P: calls $6
*** SHOW DOWN ***
Doom_LordII: shows [Jh 9c] (two pair, Aces and Jacks)
Mr10P: mucks hand
Doom_LordII collected $47.50 from pot
*** SUMMARY ***
Total pot $48 | Rake $0.50
Board [Js As Ad 3h Td]
Seat 3: Mr10P (big blind) mucked
Seat 5: Doom_LordII (button) (small blind) showed [Jh 9c] and won ($47.50) with two pair, Aces and Jacks


PokerStars Hand #155122047640:  Hold'em Limit ($3/$6 USD) - 2016/06/23 20:50:42 ET
Table 'Sabauda' 6-max Seat #3 is the button
Seat 3: Mr10P ($213.87 in chips)
Seat 5: Doom_LordII ($118.53 in chips)
Mr10P: posts small blind $1
RaisemyNut$: is sitting out
Doom_LordII: posts big blind $3
*** HOLE CARDS ***
Mr10P: raises $3 to $6
Doom_LordII: calls $3
*** FLOP *** [Td 2d Ad]
Doom_LordII: checks
Mr10P: bets $3
Doom_LordII: folds
Uncalled bet ($3) returned to Mr10P
Mr10P collected $11.76 from pot
Mr10P: doesn't show hand
*** SUMMARY ***
Total pot $12 | Rake $0.24
Board [Td 2d Ad]
Seat 3: Mr10P (button) (small blind) collected ($11.76)
Seat 5: Doom_LordII (big blind) folded on the Flop


PokerStars Hand #155122070998:  Hold'em Limit ($3/$6 USD) - 2016/06/23 20:51:39 ET
Table 'Sabauda' 6-max Seat #5 is the button
Seat 3: Mr10P ($201.39 in chips)
Seat 5: Doom_LordII ($130.03 in chips)
Doom_LordII: posts small blind $1
Mr10P: posts big blind $3
*** HOLE CARDS ***
Doom_LordII: raises $3 to $6
Mr10P: calls $3
*** FLOP *** [Ts 8h 3d]
Mr10P: checks
Doom_LordII: bets $3
Mr10P: calls $3
*** TURN *** [Ts 8h 3d] [2c]
Mr10P: checks
Doom_LordII: bets $6
Mr10P: calls $6
*** RIVER *** [Ts 8h 3d 2c] [7d]
Mr10P: checks
Doom_LordII: bets $6
Mr10P: calls $6
*** SHOW DOWN ***
Doom_LordII: shows [9c Th] (a pair of Tens)
Mr10P: mucks hand
Doom_LordII collected $41.50 from pot
*** SUMMARY ***
Total pot $42 | Rake $0.50
Board [Ts 8h 3d 2c 7d]
Seat 3: Mr10P (big blind) mucked
Seat 5: Doom_LordII (button) (small blind) showed [9c Th] and won ($41.50) with a pair of Tens


PokerStars Hand #155122081741:  Hold'em Limit ($3/$6 USD) - 2016/06/23 20:52:05 ET
Table 'Sabauda' 6-max Seat #5 is the button
Seat 3: Mr10P ($186.15 in chips)
Seat 5: Doom_LordII ($144.53 in chips)
Doom_LordII: posts small blind $1
Mr10P: posts big blind $3
*** HOLE CARDS ***
Doom_LordII: folds
Uncalled bet ($2) returned to Mr10P
Mr10P collected $2 from pot
Mr10P: doesn't show hand
*** SUMMARY ***
Total pot $2 | Rake $0
Seat 3: Mr10P (big blind) collected ($2)
Seat 5: Doom_LordII (button) (small blind) folded before Flop


PokerStars Hand #155122083858:  Hold'em Limit ($3/$6 USD) - 2016/06/23 20:52:11 ET
Table 'Sabauda' 6-max Seat #3 is the button
Seat 3: Mr10P ($187.15 in chips)
Seat 5: Doom_LordII ($143.53 in chips)
Mr10P: posts small blind $1
Doom_LordII: posts big blind $3
*** HOLE CARDS ***
Mr10P: raises $3 to $6
Doom_LordII: calls $3
*** FLOP *** [7c 4s 9c]
Doom_LordII: checks
Mr10P: bets $3
Doom_LordII: raises $3 to $6
Mr10P: folds
Uncalled bet ($3) returned to Doom_LordII
Doom_LordII collected $17.64 from pot
Doom_LordII: doesn't show hand
*** SUMMARY ***
Total pot $18 | Rake $0.36
Board [7c 4s 9c]
Seat 3: Mr10P (button) (small blind) folded on the Flop
Seat 5: Doom_LordII (big blind) collected ($17.64)


PokerStars Hand #155122088186:  Hold'em Limit ($3/$6 USD) - 2016/06/23 20:52:21 ET
Table 'Sabauda' 6-max Seat #5 is the button
Seat 3: Mr10P ($178.15 in chips)
Seat 5: Doom_LordII ($152.17 in chips)
Doom_LordII: posts small blind $1
Mr10P: posts big blind $3
*** HOLE CARDS ***
Doom_LordII: raises $3 to $6
Mr10P: raises $3 to $9
Doom_LordII: calls $3
*** FLOP *** [9h Ac 2c]
Mr10P: bets $3
Doom_LordII: raises $3 to $6
Mr10P: folds
Uncalled bet ($3) returned to Doom_LordII
Doom_LordII collected $23.52 from pot
Doom_LordII: doesn't show hand
*** SUMMARY ***
Total pot $24 | Rake $0.48
Board [9h Ac 2c]
Seat 3: Mr10P (big blind) folded on the Flop
Seat 5: Doom_LordII (button) (small blind) collected ($23.52)


PokerStars Hand #155122077828:  Hold'em Limit ($3/$6 USD) - 2016/06/23 20:51:56 ET
Table 'Sabauda' 6-max Seat #3 is the button
Seat 3: Mr10P ($180.39 in chips)
Seat 5: Doom_LordII ($150.53 in chips)
Mr10P: posts small blind $1
Doom_LordII: posts big blind $3
*** HOLE CARDS ***
Mr10P: raises $3 to $6
Doom_LordII: calls $3
*** FLOP *** [9h 4c 7c]
Doom_LordII: checks
Mr10P: bets $3
Doom_LordII: folds
Uncalled bet ($3) returned to Mr10P
Mr10P collected $11.76 from pot
Mr10P: doesn't show hand
*** SUMMARY ***
Total pot $12 | Rake $0.24
Board [9h 4c 7c]
Seat 3: Mr10P (button) (small blind) collected ($11.76)
Seat 5: Doom_LordII (big blind) folded on the Flop


PokerStars Hand #155122115419:  Hold'em Limit ($3/$6 USD) - 2016/06/23 20:53:28 ET
Table 'Sabauda' 6-max Seat #5 is the button
Seat 3: Mr10P ($130.65 in chips)
Seat 5: Doom_LordII ($198.19 in chips)
Doom_LordII: posts small blind $1
Mr10P: posts big blind $3
*** HOLE CARDS ***
Doom_LordII: raises $3 to $6
Mr10P: raises $3 to $9
Doom_LordII: calls $3
*** FLOP *** [7s 3c As]
Mr10P: bets $3
Doom_LordII: calls $3
*** TURN *** [7s 3c As] [Kc]
Mr10P: bets $6
Doom_LordII: calls $6
*** RIVER *** [7s 3c As Kc] [6s]
Mr10P: checks
Doom_LordII: bets $6
Mr10P: folds
Uncalled bet ($6) returned to Doom_LordII
Doom_LordII collected $35.50 from pot
Doom_LordII: doesn't show hand
*** SUMMARY ***
Total pot $36 | Rake $0.50
Board [7s 3c As Kc 6s]
Seat 3: Mr10P (big blind) folded on the River
Seat 5: Doom_LordII (button) (small blind) collected ($35.50)


PokerStars Hand #155122106706:  Hold'em Limit ($3/$6 USD) - 2016/06/23 20:53:07 ET
Table 'Sabauda' 6-max Seat #5 is the button
Seat 3: Mr10P ($113.15 in chips)
Seat 5: Doom_LordII ($216.19 in chips)
Doom_LordII: posts small blind $1
Mr10P: posts big blind $3
*** HOLE CARDS ***
Doom_LordII: raises $3 to $6
Mr10P: folds
Uncalled bet ($3) returned to Doom_LordII
Doom_LordII collected $6 from pot
Doom_LordII: doesn't show hand
*** SUMMARY ***
Total pot $6 | Rake $0
Seat 3: Mr10P (big blind) folded before Flop
Seat 5: Doom_LordII (button) (small blind) collected ($6)


PokerStars Hand #155122093064:  Hold'em Limit ($3/$6 USD) - 2016/06/23 20:52:33 ET
Table 'Sabauda' 6-max Seat #3 is the button
Seat 3: Mr10P ($166.15 in chips)
Seat 5: Doom_LordII ($163.69 in chips)
Mr10P: posts small blind $1
Doom_LordII: posts big blind $3
*** HOLE CARDS ***
Mr10P: raises $3 to $6
Doom_LordII: calls $3
*** FLOP *** [3h 4s 9h]
Doom_LordII: checks
Mr10P: bets $3
Doom_LordII: calls $3
*** TURN *** [3h 4s 9h] [3c]
Doom_LordII: checks
Mr10P: bets $6
Doom_LordII: raises $6 to $12
Mr10P: raises $6 to $18
Doom_LordII: raises $6 to $24
Betting is capped
Mr10P: calls $6
*** RIVER *** [3h 4s 9h 3c] [6s]
Doom_LordII: bets $6
Mr10P: raises $6 to $12
Doom_LordII: raises $6 to $18
Mr10P: raises $6 to $24
Betting is capped
Doom_LordII: calls $6
*** SHOW DOWN ***
Mr10P: shows [3s 5c] (three of a kind, Threes)
Doom_LordII: shows [8d 3d] (three of a kind, Threes - Nine+Eight kicker)
Doom_LordII collected $113.50 from pot
*** SUMMARY ***
Total pot $114 | Rake $0.50
Board [3h 4s 9h 3c 6s]
Seat 3: Mr10P (button) (small blind) showed [3s 5c] and lost with three of a kind, Threes
Seat 5: Doom_LordII (big blind) showed [8d 3d] and won ($113.50) with three of a kind, Threes


PokerStars Hand #155122103975:  Hold'em Limit ($3/$6 USD) - 2016/06/23 20:53:00 ET
Table 'Sabauda' 6-max Seat #3 is the button
Seat 3: Mr10P ($110.15 in chips)
Seat 5: Doom_LordII ($219.19 in chips)
Mr10P: posts small blind $1
Doom_LordII: posts big blind $3
*** HOLE CARDS ***
Mr10P: raises $3 to $6
Doom_LordII: folds
Uncalled bet ($3) returned to Mr10P
Mr10P collected $6 from pot
Mr10P: doesn't show hand
*** SUMMARY ***
Total pot $6 | Rake $0
Seat 3: Mr10P (button) (small blind) collected ($6)
Seat 5: Doom_LordII (big blind) folded before Flop


PokerStars Hand #155122101760:  Hold'em Limit ($3/$6 USD) - 2016/06/23 20:52:54 ET
Table 'Sabauda' 6-max Seat #5 is the button
Seat 3: Mr10P ($109.15 in chips)
Seat 5: Doom_LordII ($220.19 in chips)
Doom_LordII: posts small blind $1
Mr10P: posts big blind $3
*** HOLE CARDS ***
Doom_LordII: folds
Uncalled bet ($2) returned to Mr10P
Mr10P collected $2 from pot
Mr10P: doesn't show hand
*** SUMMARY ***
Total pot $2 | Rake $0
Seat 3: Mr10P (big blind) collected ($2)
Seat 5: Doom_LordII (button) (small blind) folded before Flop


PokerStars Hand #155122109083:  Hold'em Limit ($3/$6 USD) - 2016/06/23 20:53:12 ET
Table 'Sabauda' 6-max Seat #3 is the button
Seat 3: Mr10P ($110.15 in chips)
Seat 5: Doom_LordII ($219.19 in chips)
Mr10P: posts small blind $1
Doom_LordII: posts big blind $3
*** HOLE CARDS ***
Mr10P: raises $3 to $6
Doom_LordII: calls $3
*** FLOP *** [Ts 8s 9h]
Doom_LordII: checks
Mr10P: bets $3
Doom_LordII: calls $3
*** TURN *** [Ts 8s 9h] [3s]
Doom_LordII: checks
Mr10P: bets $6
Doom_LordII: calls $6
*** RIVER *** [Ts 8s 9h 3s] [7s]
Doom_LordII: checks
Mr10P: bets $6
Doom_LordII: calls $6
*** SHOW DOWN ***
Mr10P: shows [4s Qs] (a flush, Queen high)
Doom_LordII: mucks hand
Mr10P collected $41.50 from pot
*** SUMMARY ***
Total pot $42 | Rake $0.50
Board [Ts 8s 9h 3s 7s]
Seat 3: Mr10P (button) (small blind) showed [4s Qs] and won ($41.50) with a flush, Queen high
Seat 5: Doom_LordII (big blind) mucked


PokerStars Hand #155122129751:  Hold'em Limit ($3/$6 USD) - 2016/06/23 20:54:03 ET
Table 'Sabauda' 6-max Seat #5 is the button
Seat 3: Mr10P ($133.15 in chips)
Seat 5: Doom_LordII ($194.69 in chips)
Doom_LordII: posts small blind $1
Mr10P: posts big blind $3
*** HOLE CARDS ***
Doom_LordII: folds
Uncalled bet ($2) returned to Mr10P
Mr10P collected $2 from pot
Mr10P: doesn't show hand
*** SUMMARY ***
Total pot $2 | Rake $0
Seat 3: Mr10P (big blind) collected ($2)
Seat 5: Doom_LordII (button) (small blind) folded before Flop


PokerStars Hand #155122121769:  Hold'em Limit ($3/$6 USD) - 2016/06/23 20:53:44 ET
Table 'Sabauda' 6-max Seat #3 is the button
Seat 3: Mr10P ($112.65 in chips)
Seat 5: Doom_LordII ($215.69 in chips)
Mr10P: posts small blind $1
Doom_LordII: posts big blind $3
*** HOLE CARDS ***
Mr10P: raises $3 to $6
Doom_LordII: calls $3
*** FLOP *** [Js Ks 5h]
Doom_LordII: checks
Mr10P: bets $3
Doom_LordII: calls $3
*** TURN *** [Js Ks 5h] [4s]
Doom_LordII: checks
Mr10P: bets $6
Doom_LordII: calls $6
*** RIVER *** [Js Ks 5h 4s] [3d]
Doom_LordII: checks
Mr10P: bets $6
Doom_LordII: calls $6
*** SHOW DOWN ***
Mr10P: shows [Jc 3c] (two pair, Jacks and Threes)
Doom_LordII: mucks hand
Mr10P collected $41.50 from pot
*** SUMMARY ***
Total pot $42 | Rake $0.50
Board [Js Ks 5h 4s 3d]
Seat 3: Mr10P (button) (small blind) showed [Jc 3c] and won ($41.50) with two pair, Jacks and Threes
Seat 5: Doom_LordII (big blind) mucked


PokerStars Hand #155122139646:  Hold'em Limit ($3/$6 USD) - 2016/06/23 20:54:27 ET
Table 'Sabauda' 6-max Seat #3 is the button
Seat 3: Mr10P ($139.79 in chips)
Seat 5: Doom_LordII ($187.69 in chips)
Mr10P: posts small blind $1
Doom_LordII: posts big blind $3
*** HOLE CARDS ***
Mr10P: raises $3 to $6
Doom_LordII: calls $3
*** FLOP *** [8s Qh Qc]
Doom_LordII: checks
Mr10P: bets $3
Doom_LordII: calls $3
*** TURN *** [8s Qh Qc] [4d]
Doom_LordII: checks
Mr10P: bets $6
Doom_LordII: raises $6 to $12
Mr10P: calls $6
*** RIVER *** [8s Qh Qc 4d] [5h]
Doom_LordII: checks
Mr10P: bets $6
Doom_LordII: calls $6
*** SHOW DOWN ***
Mr10P: shows [Kd 8h] (two pair, Queens and Eights)
Doom_LordII: mucks hand
Mr10P collected $53.50 from pot
*** SUMMARY ***
Total pot $54 | Rake $0.50
Board [8s Qh Qc 4d 5h]
Seat 3: Mr10P (button) (small blind) showed [Kd 8h] and won ($53.50) with two pair, Queens and Eights
Seat 5: Doom_LordII (big blind) mucked


PokerStars Hand #155122137106:  Hold'em Limit ($3/$6 USD) - 2016/06/23 20:54:21 ET
Table 'Sabauda' 6-max Seat #5 is the button
Seat 3: Mr10P ($142.79 in chips)
Seat 5: Doom_LordII ($184.69 in chips)
Doom_LordII: posts small blind $1
Mr10P: posts big blind $3
*** HOLE CARDS ***
Doom_LordII: raises $3 to $6
Mr10P: folds
Uncalled bet ($3) returned to Doom_LordII
Doom_LordII collected $6 from pot
Doom_LordII: doesn't show hand
*** SUMMARY ***
Total pot $6 | Rake $0
Seat 3: Mr10P (big blind) folded before Flop
Seat 5: Doom_LordII (button) (small blind) collected ($6)


PokerStars Hand #155122131834:  Hold'em Limit ($3/$6 USD) - 2016/06/23 20:54:08 ET
Table 'Sabauda' 6-max Seat #3 is the button
Seat 3: Mr10P ($134.15 in chips)
Seat 5: Doom_LordII ($193.69 in chips)
Mr10P: posts small blind $1
Doom_LordII: posts big blind $3
*** HOLE CARDS ***
Mr10P: raises $3 to $6
Doom_LordII: calls $3
*** FLOP *** [2s 7h 5c]
Doom_LordII: checks
Mr10P: bets $3
Doom_LordII: calls $3
*** TURN *** [2s 7h 5c] [Qs]
Doom_LordII: checks
Mr10P: bets $6
Doom_LordII: folds
Uncalled bet ($6) returned to Mr10P
Mr10P collected $17.64 from pot
Mr10P: doesn't show hand
*** SUMMARY ***
Total pot $18 | Rake $0.36
Board [2s 7h 5c Qs]
Seat 3: Mr10P (button) (small blind) collected ($17.64)
Seat 5: Doom_LordII (big blind) folded on the Turn


PokerStars Hand #155122162386:  Hold'em Limit ($3/$6 USD) - 2016/06/23 20:55:26 ET
Table 'Sabauda' 6-max Seat #5 is the button
Seat 3: Mr10P ($225.29 in chips)
Seat 5: Doom_LordII ($100.69 in chips)
Doom_LordII: posts small blind $1
Mr10P: posts big blind $3
*** HOLE CARDS ***
RaisemyNut$ leaves the table
Doom_LordII: folds
Uncalled bet ($2) returned to Mr10P
Mr10P collected $2 from pot
Mr10P: doesn't show hand
*** SUMMARY ***
Total pot $2 | Rake $0
Seat 3: Mr10P (big blind) collected ($2)
Seat 5: Doom_LordII (button) (small blind) folded before Flop


PokerStars Hand #155122148402:  Hold'em Limit ($3/$6 USD) - 2016/06/23 20:54:49 ET
Table 'Sabauda' 6-max Seat #5 is the button
Seat 3: Mr10P ($166.29 in chips)
Seat 5: Doom_LordII ($160.69 in chips)
Doom_LordII: posts small blind $1
Mr10P: posts big blind $3
*** HOLE CARDS ***
Doom_LordII: raises $3 to $6
Mr10P: calls $3
*** FLOP *** [Jc 4h 6d]
Mr10P: checks
Doom_LordII: bets $3
Mr10P: raises $3 to $6
Doom_LordII: raises $3 to $9
Mr10P: raises $3 to $12
Betting is capped
Doom_LordII: calls $3
*** TURN *** [Jc 4h 6d] [Ks]
Mr10P: bets $6
Doom_LordII: calls $6
*** RIVER *** [Jc 4h 6d Ks] [Qh]
Mr10P: bets $6
Doom_LordII: calls $6
*** SHOW DOWN ***
Mr10P: shows [Js 6h] (two pair, Jacks and Sixes)
Doom_LordII: mucks hand
Mr10P collected $59.50 from pot
*** SUMMARY ***
Total pot $60 | Rake $0.50
Board [Jc 4h 6d Ks Qh]
Seat 3: Mr10P (big blind) showed [Js 6h] and won ($59.50) with two pair, Jacks and Sixes
Seat 5: Doom_LordII (button) (small blind) mucked


PokerStars Hand #155122164527:  Hold'em Limit ($3/$6 USD) - 2016/06/23 20:55:33 ET
Table 'Sabauda' 6-max Seat #3 is the button
Seat 3: Mr10P ($226.29 in chips)
Seat 5: Doom_LordII ($99.69 in chips)
Mr10P: posts small blind $1
Doom_LordII: posts big blind $3
*** HOLE CARDS ***
Mr10P: raises $3 to $6
Doom_LordII: calls $3
*** FLOP *** [7h 5s 8s]
Doom_LordII: checks
Mr10P: bets $3
Doom_LordII: raises $3 to $6
Mr10P: raises $3 to $9
Doom_LordII: raises $3 to $12
Betting is capped
Mr10P: calls $3
*** TURN *** [7h 5s 8s] [Ac]
Doom_LordII: bets $6
Mr10P: calls $6
*** RIVER *** [7h 5s 8s Ac] [4c]
Doom_LordII: checks
Mr10P: checks
*** SHOW DOWN ***
Doom_LordII: shows [Qs 3s] (high card Ace)
Mr10P: shows [Qh 9h] (high card Ace - Queen+Nine kicker)
Mr10P collected $47.50 from pot
*** SUMMARY ***
Total pot $48 | Rake $0.50
Board [7h 5s 8s Ac 4c]
Seat 3: Mr10P (button) (small blind) showed [Qh 9h] and won ($47.50) with high card Ace
Seat 5: Doom_LordII (big blind) showed [Qs 3s] and lost with high card Ace


PokerStars Hand #155122156027:  Hold'em Limit ($3/$6 USD) - 2016/06/23 20:55:08 ET
Table 'Sabauda' 6-max Seat #3 is the button
Seat 3: Mr10P ($195.79 in chips)
Seat 5: Doom_LordII ($130.69 in chips)
Mr10P: posts small blind $1
Doom_LordII: posts big blind $3
*** HOLE CARDS ***
Mr10P: raises $3 to $6
Doom_LordII: calls $3
*** FLOP *** [5h 3s 6d]
Doom_LordII: checks
Mr10P: bets $3
Doom_LordII: raises $3 to $6
Mr10P: calls $3
*** TURN *** [5h 3s 6d] [4c]
Doom_LordII: bets $6
Mr10P: raises $6 to $12
Doom_LordII: calls $6
*** RIVER *** [5h 3s 6d 4c] [Jd]
Doom_LordII: checks
Mr10P: bets $6
Doom_LordII: calls $6
*** SHOW DOWN ***
Mr10P: shows [2s 8s] (a straight, Deuce to Six)
Doom_LordII: mucks hand
Mr10P collected $59.50 from pot
*** SUMMARY ***
Total pot $60 | Rake $0.50
Board [5h 3s 6d 4c Jd]
Seat 3: Mr10P (button) (small blind) showed [2s 8s] and won ($59.50) with a straight, Deuce to Six
Seat 5: Doom_LordII (big blind) mucked


PokerStars Hand #155122172444:  Hold'em Limit ($3/$6 USD) - 2016/06/23 20:55:56 ET
Table 'Sabauda' 6-max Seat #3 is the button
Seat 3: Mr10P ($250.79 in chips)
Seat 5: Doom_LordII ($74.69 in chips)
Mr10P: posts small blind $1
Doom_LordII: posts big blind $3
*** HOLE CARDS ***
Mr10P: raises $3 to $6
Doom_LordII: calls $3
*** FLOP *** [2h Ah 9s]
Doom_LordII: checks
Mr10P: bets $3
Doom_LordII: raises $3 to $6
Mr10P: calls $3
*** TURN *** [2h Ah 9s] [Ad]
Doom_LordII: bets $6
Mr10P: calls $6
*** RIVER *** [2h Ah 9s Ad] [7d]
Doom_LordII: bets $6
Mr10P: calls $6
*** SHOW DOWN ***
Doom_LordII: shows [Tc 3h] (a pair of Aces)
Mr10P: shows [5d 2c] (two pair, Aces and Deuces)
Mr10P collected $47.50 from pot
*** SUMMARY ***
Total pot $48 | Rake $0.50
Board [2h Ah 9s Ad 7d]
Seat 3: Mr10P (button) (small blind) showed [5d 2c] and won ($47.50) with two pair, Aces and Deuces
Seat 5: Doom_LordII (big blind) showed [Tc 3h] and lost with a pair of Aces


PokerStars Hand #155122177161:  Hold'em Limit ($3/$6 USD) - 2016/06/23 20:56:10 ET
Table 'Sabauda' 6-max Seat #5 is the button
Seat 3: Mr10P ($274.29 in chips)
Seat 5: Doom_LordII ($50.69 in chips)
Doom_LordII: posts small blind $1
Mr10P: posts big blind $3
*** HOLE CARDS ***
Doom_LordII: raises $3 to $6
Mr10P: raises $3 to $9
Doom_LordII: raises $3 to $12
Betting is capped
Mr10P: calls $3
*** FLOP *** [2c 2d Qc]
Mr10P: bets $3
Doom_LordII: raises $3 to $6
Mr10P: raises $3 to $9
Doom_LordII: calls $3
*** TURN *** [2c 2d Qc] [Kh]
Mr10P: bets $6
Doom_LordII: calls $6
*** RIVER *** [2c 2d Qc Kh] [Td]
Mr10P: bets $6
Doom_LordII: calls $6
*** SHOW DOWN ***
Mr10P: shows [Qh Ad] (two pair, Queens and Deuces)
Doom_LordII: mucks hand
Mr10P collected $65.50 from pot
*** SUMMARY ***
Total pot $66 | Rake $0.50
Board [2c 2d Qc Kh Td]
Seat 3: Mr10P (big blind) showed [Qh Ad] and won ($65.50) with two pair, Queens and Deuces
Seat 5: Doom_LordII (button) (small blind) mucked


PokerStars Hand #155122170505:  Hold'em Limit ($3/$6 USD) - 2016/06/23 20:55:50 ET
Table 'Sabauda' 6-max Seat #5 is the button
Seat 3: Mr10P ($249.79 in chips)
Seat 5: Doom_LordII ($75.69 in chips)
Doom_LordII: posts small blind $1
Mr10P: posts big blind $3
*** HOLE CARDS ***
Doom_LordII: folds
Uncalled bet ($2) returned to Mr10P
Mr10P collected $2 from pot
Mr10P: doesn't show hand
*** SUMMARY ***
Total pot $2 | Rake $0
Seat 3: Mr10P (big blind) collected ($2)
Seat 5: Doom_LordII (button) (small blind) folded before Flop


PokerStars Hand #155122182861:  Hold'em Limit ($3/$6 USD) - 2016/06/23 20:56:26 ET
Table 'Sabauda' 6-max Seat #3 is the button
Seat 3: Mr10P ($306.79 in chips)
Seat 5: Doom_LordII ($17.69 in chips)
Mr10P: posts small blind $1
Doom_LordII: posts big blind $3
*** HOLE CARDS ***
Mr10P: raises $3 to $6
Doom_LordII: calls $3
*** FLOP *** [6d 2c Ah]
Doom_LordII: checks
Mr10P: bets $3
Doom_LordII: calls $3
*** TURN *** [6d 2c Ah] [Qs]
Doom_LordII: checks
Mr10P: checks
*** RIVER *** [6d 2c Ah Qs] [4s]
Doom_LordII: bets $6
Mr10P: folds
Uncalled bet ($6) returned to Doom_LordII
Doom_LordII collected $17.64 from pot
Doom_LordII: doesn't show hand
*** SUMMARY ***
Total pot $18 | Rake $0.36
Board [6d 2c Ah Qs 4s]
Seat 3: Mr10P (button) (small blind) folded on the River
Seat 5: Doom_LordII (big blind) collected ($17.64)


PokerStars Hand #155122193244:  Hold'em Limit ($3/$6 USD) - 2016/06/23 20:56:57 ET
Table 'Sabauda' 6-max Seat #3 is the button
Seat 3: Mr10P ($323.62 in chips)
Seat 4: too2ez ($80 in chips)
Mr10P: posts small blind $1
too2ez: posts big blind $3
*** HOLE CARDS ***
Mr10P: raises $3 to $6
too2ez: calls $3
*** FLOP *** [2d As Jh]
too2ez: checks
Mr10P: bets $3
too2ez: raises $3 to $6
Mr10P: folds
Uncalled bet ($3) returned to too2ez
too2ez collected $17.64 from pot
too2ez: doesn't show hand
*** SUMMARY ***
Total pot $18 | Rake $0.36
Board [2d As Jh]
Seat 3: Mr10P (button) (small blind) folded on the Flop
Seat 4: too2ez (big blind) collected ($17.64)


PokerStars Hand #155122187382:  Hold'em Limit ($3/$6 USD) - 2016/06/23 20:56:40 ET
Table 'Sabauda' 6-max Seat #5 is the button
Seat 3: Mr10P ($297.79 in chips)
Seat 5: Doom_LordII ($26.33 in chips)
Doom_LordII: posts small blind $1
Mr10P: posts big blind $3
*** HOLE CARDS ***
Doom_LordII: raises $3 to $6
Mr10P: raises $3 to $9
Doom_LordII: raises $3 to $12
Betting is capped
Mr10P: calls $3
*** FLOP *** [8s 2d 7d]
Mr10P: bets $3
Doom_LordII: calls $3
*** TURN *** [8s 2d 7d] [Kc]
Mr10P: bets $6
Doom_LordII: raises $5.33 to $11.33 and is all-in
Mr10P: calls $5.33
*** RIVER *** [8s 2d 7d Kc] [Qd]
*** SHOW DOWN ***
Mr10P: shows [Kh As] (a pair of Kings)
Doom_LordII: shows [Qs 6s] (a pair of Queens)
Mr10P collected $52.16 from pot
too2ez joins the table at seat #4
*** SUMMARY ***
Total pot $52.66 | Rake $0.50
Board [8s 2d 7d Kc Qd]
Seat 3: Mr10P (big blind) showed [Kh As] and won ($52.16) with a pair of Kings
Seat 5: Doom_LordII (button) (small blind) showed [Qs 6s] and lost with a pair of Queens


PokerStars Hand #155123768482:  Hold'em Limit ($3/$6 USD) - 2016/06/23 22:07:18 ET
Table 'Sabauda' 6-max Seat #6 is the button
Seat 1: ABATAPP ($59.19 in chips)
Seat 6: AzureCaper ($128.43 in chips)
AzureCaper: posts small blind $1
ABATAPP: posts big blind $3
*** HOLE CARDS ***
AzureCaper: folds
Uncalled bet ($2) returned to ABATAPP
ABATAPP collected $2 from pot
ABATAPP: doesn't show hand
lb-salt-666 leaves the table
*** SUMMARY ***
Total pot $2 | Rake $0
Seat 1: ABATAPP (big blind) collected ($2)
Seat 6: AzureCaper (button) (small blind) folded before Flop


PokerStars Hand #155123766070:  Hold'em Limit ($3/$6 USD) - 2016/06/23 22:07:11 ET
Table 'Sabauda' 6-max Seat #1 is the button
Seat 1: ABATAPP ($56.19 in chips)
Seat 6: AzureCaper ($131.43 in chips)
ABATAPP: posts small blind $1
AzureCaper: posts big blind $3
*** HOLE CARDS ***
ABATAPP: raises $3 to $6
AzureCaper: folds
Uncalled bet ($3) returned to ABATAPP
ABATAPP collected $6 from pot
ABATAPP: doesn't show hand
*** SUMMARY ***
Total pot $6 | Rake $0
Seat 1: ABATAPP (button) (small blind) collected ($6)
Seat 6: AzureCaper (big blind) folded before Flop


