PokerStars Hand #151992667462:  Hold'em Limit ($3/$6 USD) - 2016/04/16 8:50:15 ET
Table 'Sabine' 6-max Seat #4 is the button
Seat 1: frazerchi ($29 in chips)
Seat 4: VolkovDmitri ($121 in chips)
VolkovDmitri: posts small blind $1
frazerchi: posts big blind $3
*** HOLE CARDS ***
VolkovDmitri: raises $3 to $6
frazerchi: calls $3
*** FLOP *** [5d Jh Qh]
dye111 joins the table at seat #2
frazerchi: checks
VolkovDmitri: bets $3
frazerchi: folds
Uncalled bet ($3) returned to VolkovDmitri
VolkovDmitri collected $11.76 from pot
VolkovDmitri: doesn't show hand
*** SUMMARY ***
Total pot $12 | Rake $0.24
Board [5d Jh Qh]
Seat 1: frazerchi (big blind) folded on the Flop
Seat 4: VolkovDmitri (button) (small blind) collected ($11.76)


PokerStars Hand #151992658592:  Hold'em Limit ($3/$6 USD) - 2016/04/16 8:50:00 ET
Table 'Sabine' 6-max Seat #1 is the button
Seat 1: frazerchi ($30 in chips)
Seat 4: VolkovDmitri ($120 in chips)
frazerchi: posts small blind $1
VolkovDmitri: posts big blind $3
*** HOLE CARDS ***
frazerchi: folds
Uncalled bet ($2) returned to VolkovDmitri
VolkovDmitri collected $2 from pot
VolkovDmitri: doesn't show hand
*** SUMMARY ***
Total pot $2 | Rake $0
Seat 1: frazerchi (button) (small blind) folded before Flop
Seat 4: VolkovDmitri (big blind) collected ($2)


PokerStars Hand #151993313303:  Hold'em Limit ($3/$6 USD) - 2016/04/16 9:08:33 ET
Table 'Sabine' 6-max Seat #5 is the button
Seat 3: Pelurile ($92.83 in chips)
Seat 5: HAL9QQQ ($129.89 in chips)
HAL9QQQ: posts small blind $1
ABATAPP: is sitting out
Pelurile: posts big blind $3
*** HOLE CARDS ***
VolkovDmitri leaves the table
HAL9QQQ: folds
Uncalled bet ($2) returned to Pelurile
Pelurile collected $2 from pot
Pelurile: doesn't show hand
*** SUMMARY ***
Total pot $2 | Rake $0
Seat 3: Pelurile (big blind) collected ($2)
Seat 5: HAL9QQQ (button) (small blind) folded before Flop


