PokerStars Hand #152242949535:  Hold'em Limit ($3/$6 USD) - 2016/04/21 13:59:37 ET
Table 'Sabine II' 6-max Seat #2 is the button
Seat 2: verde7 ($124.01 in chips)
Seat 4: belik555 ($72 in chips)
verde7: posts small blind $1
belik555: posts big blind $3
*** HOLE CARDS ***
verde7: raises $3 to $6
belik555: calls $3
*** FLOP *** [8h Ac Jh]
belik555: checks
verde7: bets $3
belik555: folds
Uncalled bet ($3) returned to verde7
verde7 collected $11.76 from pot
verde7: doesn't show hand
*** SUMMARY ***
Total pot $12 | Rake $0.24
Board [8h Ac Jh]
Seat 2: verde7 (button) (small blind) collected ($11.76)
Seat 4: belik555 (big blind) folded on the Flop


PokerStars Hand #152242929522:  Hold'em Limit ($3/$6 USD) - 2016/04/21 13:59:06 ET
Table 'Sabine II' 6-max Seat #4 is the button
Seat 2: verde7 ($100.51 in chips)
Seat 4: belik555 ($73 in chips)
belik555: posts small blind $1
verde7: posts big blind $3
*** HOLE CARDS ***
belik555: raises $3 to $6
verde7: raises $3 to $9
belik555: calls $3
*** FLOP *** [7d 2d Ts]
verde7: bets $3
belik555: calls $3
*** TURN *** [7d 2d Ts] [6c]
verde7: bets $6
belik555: calls $6
*** RIVER *** [7d 2d Ts 6c] [Kc]
verde7: bets $6
belik555: calls $6
*** SHOW DOWN ***
verde7: shows [Qh Kh] (a pair of Kings)
belik555: mucks hand
verde7 collected $47.50 from pot
*** SUMMARY ***
Total pot $48 | Rake $0.50
Board [7d 2d Ts 6c Kc]
Seat 2: verde7 (big blind) showed [Qh Kh] and won ($47.50) with a pair of Kings
Seat 4: belik555 (button) (small blind) mucked


PokerStars Hand #152242977471:  Hold'em Limit ($3/$6 USD) - 2016/04/21 14:00:20 ET
Table 'Sabine II' 6-max Seat #4 is the button
Seat 4: belik555 ($72 in chips)
Seat 6: TOBLERONE999 ($36 in chips)
belik555: posts small blind $1
TOBLERONE999: posts big blind $3
*** HOLE CARDS ***
belik555: raises $3 to $6
TOBLERONE999: calls $3
*** FLOP *** [4c As 3h]
TOBLERONE999: checks
belik555: checks
*** TURN *** [4c As 3h] [Ad]
TOBLERONE999: bets $6
belik555: calls $6
*** RIVER *** [4c As 3h Ad] [Js]
TOBLERONE999: bets $6
belik555: raises $6 to $12
TOBLERONE999: folds
Uncalled bet ($6) returned to belik555
belik555 collected $35.50 from pot
belik555: doesn't show hand
*** SUMMARY ***
Total pot $36 | Rake $0.50
Board [4c As 3h Ad Js]
Seat 4: belik555 (button) (small blind) collected ($35.50)
Seat 6: TOBLERONE999 (big blind) folded on the River


PokerStars Hand #152243007094:  Hold'em Limit ($3/$6 USD) - 2016/04/21 14:01:02 ET
Table 'Sabine II' 6-max Seat #6 is the button
Seat 4: belik555 ($89.50 in chips)
Seat 6: TOBLERONE999 ($18 in chips)
TOBLERONE999: posts small blind $1
belik555: posts big blind $3
*** HOLE CARDS ***
TOBLERONE999: raises $3 to $6
belik555: calls $3
*** FLOP *** [Qs Js 3s]
belik555: checks
TOBLERONE999: bets $3
belik555: raises $3 to $6
TOBLERONE999: raises $3 to $9
belik555: raises $3 to $12
Betting is capped
TOBLERONE999: calls $3 and is all-in
*** TURN *** [Qs Js 3s] [9d]
*** RIVER *** [Qs Js 3s 9d] [9s]
*** SHOW DOWN ***
belik555: shows [Ts 5s] (a flush, Queen high)
TOBLERONE999: shows [8s 6s] (a flush, Queen high - lower cards)
belik555 collected $35.50 from pot
*** SUMMARY ***
Total pot $36 | Rake $0.50
Board [Qs Js 3s 9d 9s]
Seat 4: belik555 (big blind) showed [Ts 5s] and won ($35.50) with a flush, Queen high
Seat 6: TOBLERONE999 (button) (small blind) showed [8s 6s] and lost with a flush, Queen high


PokerStars Hand #152243353688:  Hold'em Limit ($3/$6 USD) - 2016/04/21 14:07:53 ET
Table 'Sabine II' 6-max Seat #4 is the button
Seat 2: Premium0703 ($120 in chips)
Seat 4: belik555 ($107 in chips)
belik555: posts small blind $1
Premium0703: posts big blind $3
*** HOLE CARDS ***
Grieserix joins the table at seat #5
belik555: raises $3 to $6
Premium0703: calls $3
*** FLOP *** [3d Qc Jc]
Premium0703: checks
belik555: bets $3
Premium0703: folds
Uncalled bet ($3) returned to belik555
belik555 collected $11.76 from pot
belik555: doesn't show hand
*** SUMMARY ***
Total pot $12 | Rake $0.24
Board [3d Qc Jc]
Seat 2: Premium0703 (big blind) folded on the Flop
Seat 4: belik555 (button) (small blind) collected ($11.76)


PokerStars Hand #152243371386:  Hold'em Limit ($3/$6 USD) - 2016/04/21 14:08:14 ET
Table 'Sabine II' 6-max Seat #2 is the button
Seat 2: Premium0703 ($114 in chips)
Seat 4: belik555 ($112.76 in chips)
Premium0703: posts small blind $1
belik555: posts big blind $3
*** HOLE CARDS ***
Premium0703: calls $2
belik555: raises $3 to $6
Premium0703: calls $3
*** FLOP *** [6s Th 7c]
belik555: bets $3
Premium0703: raises $3 to $6
belik555: raises $3 to $9
Premium0703: calls $3
*** TURN *** [6s Th 7c] [3d]
belik555: bets $6
Premium0703: calls $6
*** RIVER *** [6s Th 7c 3d] [6c]
belik555: bets $6
Premium0703: calls $6
*** SHOW DOWN ***
belik555: shows [As Tc] (two pair, Tens and Sixes)
Premium0703: shows [9h 6h] (three of a kind, Sixes)
Premium0703 collected $53.50 from pot
*** SUMMARY ***
Total pot $54 | Rake $0.50
Board [6s Th 7c 3d 6c]
Seat 2: Premium0703 (button) (small blind) showed [9h 6h] and won ($53.50) with three of a kind, Sixes
Seat 4: belik555 (big blind) showed [As Tc] and lost with two pair, Tens and Sixes


PokerStars Hand #152246581431:  Hold'em Limit ($3/$6 USD) - 2016/04/21 15:11:10 ET
Table 'Sabine II' 6-max Seat #2 is the button
Seat 1: Makomar ($185.85 in chips)
Seat 2: aloven ($240.96 in chips)
aloven: posts small blind $1
DECAlpha: is sitting out
Makomar: posts big blind $3
*** HOLE CARDS ***
aloven: folds
Uncalled bet ($2) returned to Makomar
Makomar collected $2 from pot
Makomar: doesn't show hand
*** SUMMARY ***
Total pot $2 | Rake $0
Seat 1: Makomar (big blind) collected ($2)
Seat 2: aloven (button) (small blind) folded before Flop


PokerStars Hand #152246558272:  Hold'em Limit ($3/$6 USD) - 2016/04/21 15:10:44 ET
Table 'Sabine II' 6-max Seat #4 is the button
Seat 1: Makomar ($185.85 in chips)
Seat 4: DECAlpha ($103.11 in chips)
DECAlpha: posts small blind $1
Makomar: posts big blind $3
*** HOLE CARDS ***
DECAlpha: folds
Uncalled bet ($2) returned to Makomar
Makomar collected $2 from pot
Makomar: doesn't show hand
*** SUMMARY ***
Total pot $2 | Rake $0
Seat 1: Makomar (big blind) collected ($2)
Seat 4: DECAlpha (button) (small blind) folded before Flop


PokerStars Hand #152246538748:  Hold'em Limit ($3/$6 USD) - 2016/04/21 15:10:23 ET
Table 'Sabine II' 6-max Seat #1 is the button
Seat 1: Makomar ($168.35 in chips)
Seat 4: DECAlpha ($121.11 in chips)
Makomar: posts small blind $1
aloven: is sitting out
DECAlpha: posts big blind $3
*** HOLE CARDS ***
Makomar: raises $3 to $6
DECAlpha: raises $3 to $9
Makomar: calls $3
*** FLOP *** [6c Js 8s]
DECAlpha: bets $3
Makomar: calls $3
*** TURN *** [6c Js 8s] [Ah]
DECAlpha: checks
Makomar: checks
*** RIVER *** [6c Js 8s Ah] [7c]
DECAlpha: bets $6
Makomar: calls $6
*** SHOW DOWN ***
DECAlpha: shows [Kd Qs] (high card Ace)
Makomar: shows [Th 7d] (a pair of Sevens)
Makomar collected $35.50 from pot
*** SUMMARY ***
Total pot $36 | Rake $0.50
Board [6c Js 8s Ah 7c]
Seat 1: Makomar (button) (small blind) showed [Th 7d] and won ($35.50) with a pair of Sevens
Seat 4: DECAlpha (big blind) showed [Kd Qs] and lost with high card Ace


PokerStars Hand #152246626245:  Hold'em Limit ($3/$6 USD) - 2016/04/21 15:11:59 ET
Table 'Sabine II' 6-max Seat #4 is the button
Seat 1: Makomar ($162.85 in chips)
Seat 4: DECAlpha ($110.61 in chips)
DECAlpha: posts small blind $1
Makomar: posts big blind $3
*** HOLE CARDS ***
DECAlpha: folds
Uncalled bet ($2) returned to Makomar
Makomar collected $2 from pot
Makomar: doesn't show hand
*** SUMMARY ***
Total pot $2 | Rake $0
Seat 1: Makomar (big blind) collected ($2)
Seat 4: DECAlpha (button) (small blind) folded before Flop


PokerStars Hand #152246610589:  Hold'em Limit ($3/$6 USD) - 2016/04/21 15:11:42 ET
Table 'Sabine II' 6-max Seat #1 is the button
Seat 1: Makomar ($186.85 in chips)
Seat 4: DECAlpha ($87.11 in chips)
Makomar: posts small blind $1
DECAlpha: posts big blind $3
*** HOLE CARDS ***
Makomar: raises $3 to $6
DECAlpha: calls $3
*** FLOP *** [9s 7d 4s]
DECAlpha: checks
Makomar: bets $3
DECAlpha: raises $3 to $6
Makomar: calls $3
*** TURN *** [9s 7d 4s] [As]
DECAlpha: bets $6
Makomar: calls $6
*** RIVER *** [9s 7d 4s As] [Qc]
DECAlpha: bets $6
Makomar: calls $6
*** SHOW DOWN ***
DECAlpha: shows [Qs 9d] (two pair, Queens and Nines)
Makomar: mucks hand
DECAlpha collected $47.50 from pot
*** SUMMARY ***
Total pot $48 | Rake $0.50
Board [9s 7d 4s As Qc]
Seat 1: Makomar (button) (small blind) mucked
Seat 4: DECAlpha (big blind) showed [Qs 9d] and won ($47.50) with two pair, Queens and Nines


