PokerStars Hand #170878339056:  Hold'em Limit ($3/$6 USD) - 2017/05/24 21:13:41 ET
Table 'Sadachbia' 6-max Seat #3 is the button
Seat 1: Chessnok ($60 in chips)
Seat 3: sienvan ($193.28 in chips)
sienvan: posts small blind $1
Chessnok: posts big blind $3
*** HOLE CARDS ***
sienvan: folds
Uncalled bet ($2) returned to Chessnok
Chessnok collected $2 from pot
Chessnok: doesn't show hand
*** SUMMARY ***
Total pot $2 | Rake $0
Seat 1: Chessnok (big blind) collected ($2)
Seat 3: sienvan (button) (small blind) folded before Flop


PokerStars Hand #170878350229:  Hold'em Limit ($3/$6 USD) - 2017/05/24 21:14:08 ET
Table 'Sadachbia' 6-max Seat #1 is the button
Seat 1: Chessnok ($61.75 in chips)
Seat 3: sienvan ($191.03 in chips)
Chessnok: posts small blind $1
sienvan: posts big blind $3
*** HOLE CARDS ***
Chessnok: folds
Uncalled bet ($2) returned to sienvan
sienvan collected $2 from pot
sienvan: doesn't show hand
*** SUMMARY ***
Total pot $2 | Rake $0
Seat 1: Chessnok (button) (small blind) folded before Flop
Seat 3: sienvan (big blind) collected ($2)


PokerStars Hand #170878361894:  Hold'em Limit ($3/$6 USD) - 2017/05/24 21:14:35 ET
Table 'Sadachbia' 6-max Seat #1 is the button
Seat 1: Chessnok ($81.25 in chips)
Seat 3: sienvan ($171.03 in chips)
Chessnok: posts small blind $1
sienvan: posts big blind $3
*** HOLE CARDS ***
Chessnok: folds
Uncalled bet ($2) returned to sienvan
sienvan collected $2 from pot
sienvan: doesn't show hand
*** SUMMARY ***
Total pot $2 | Rake $0
Seat 1: Chessnok (button) (small blind) folded before Flop
Seat 3: sienvan (big blind) collected ($2)


PokerStars Hand #170878352710:  Hold'em Limit ($3/$6 USD) - 2017/05/24 21:14:13 ET
Table 'Sadachbia' 6-max Seat #3 is the button
Seat 1: Chessnok ($60.75 in chips)
Seat 3: sienvan ($192.03 in chips)
sienvan: posts small blind $1
Chessnok: posts big blind $3
*** HOLE CARDS ***
sienvan: raises $3 to $6
Chessnok: calls $3
*** FLOP *** [5h 4h 5s]
Chessnok: checks
sienvan: bets $3
Chessnok: calls $3
*** TURN *** [5h 4h 5s] [4s]
Chessnok: checks
sienvan: bets $6
Chessnok: calls $6
*** RIVER *** [5h 4h 5s 4s] [6c]
Chessnok: bets $6
sienvan: calls $6
*** SHOW DOWN ***
Chessnok: shows [6h Qd] (two pair, Sixes and Fives)
sienvan: mucks hand
Chessnok collected $41.50 from pot
*** SUMMARY ***
Total pot $42 | Rake $0.50
Board [5h 4h 5s 4s 6c]
Seat 1: Chessnok (big blind) showed [6h Qd] and won ($41.50) with two pair, Sixes and Fives
Seat 3: sienvan (button) (small blind) mucked


PokerStars Hand #170878365489:  Hold'em Limit ($3/$6 USD) - 2017/05/24 21:14:43 ET
Table 'Sadachbia' 6-max Seat #1 is the button
Seat 1: Chessnok ($81.25 in chips)
Seat 3: sienvan ($171.03 in chips)
Chessnok: posts small blind $1
sienvan: posts big blind $3
*** HOLE CARDS ***
Chessnok: raises $3 to $6
sienvan: calls $3
*** FLOP *** [Jh 8c 8s]
sienvan: checks
Chessnok: bets $3
sienvan: folds
Uncalled bet ($3) returned to Chessnok
Chessnok collected $11.76 from pot
Chessnok: doesn't show hand
*** SUMMARY ***
Total pot $12 | Rake $0.24
Board [Jh 8c 8s]
Seat 1: Chessnok (button) (small blind) collected ($11.76)
Seat 3: sienvan (big blind) folded on the Flop


PokerStars Hand #170878363672:  Hold'em Limit ($3/$6 USD) - 2017/05/24 21:14:39 ET
Table 'Sadachbia' 6-max Seat #3 is the button
Seat 1: Chessnok ($80.25 in chips)
Seat 3: sienvan ($172.03 in chips)
sienvan: posts small blind $1
Chessnok: posts big blind $3
*** HOLE CARDS ***
sienvan: folds
Uncalled bet ($2) returned to Chessnok
Chessnok collected $2 from pot
Chessnok: doesn't show hand
*** SUMMARY ***
Total pot $2 | Rake $0
Seat 1: Chessnok (big blind) collected ($2)
Seat 3: sienvan (button) (small blind) folded before Flop


PokerStars Hand #170878374984:  Hold'em Limit ($3/$6 USD) - 2017/05/24 21:15:06 ET
Table 'Sadachbia' 6-max Seat #1 is the button
Seat 1: Chessnok ($104.51 in chips)
Seat 3: sienvan ($147.03 in chips)
Chessnok: posts small blind $1
sienvan: posts big blind $3
*** HOLE CARDS ***
Chessnok: raises $3 to $6
sienvan: folds
Uncalled bet ($3) returned to Chessnok
Chessnok collected $6 from pot
Chessnok: doesn't show hand
*** SUMMARY ***
Total pot $6 | Rake $0
Seat 1: Chessnok (button) (small blind) collected ($6)
Seat 3: sienvan (big blind) folded before Flop


PokerStars Hand #170878369570:  Hold'em Limit ($3/$6 USD) - 2017/05/24 21:14:53 ET
Table 'Sadachbia' 6-max Seat #3 is the button
Seat 1: Chessnok ($87.01 in chips)
Seat 3: sienvan ($165.03 in chips)
sienvan: posts small blind $1
Chessnok: posts big blind $3
*** HOLE CARDS ***
sienvan: raises $3 to $6
Chessnok: raises $3 to $9
sienvan: calls $3
*** FLOP *** [5c 5h Th]
Chessnok: bets $3
sienvan: calls $3
*** TURN *** [5c 5h Th] [7h]
Chessnok: bets $6
sienvan: calls $6
*** RIVER *** [5c 5h Th 7h] [Ad]
Chessnok: bets $6
sienvan: folds
Uncalled bet ($6) returned to Chessnok
Chessnok collected $35.50 from pot
Chessnok: doesn't show hand
*** SUMMARY ***
Total pot $36 | Rake $0.50
Board [5c 5h Th 7h Ad]
Seat 1: Chessnok (big blind) collected ($35.50)
Seat 3: sienvan (button) (small blind) folded on the River


PokerStars Hand #170878385331:  Hold'em Limit ($3/$6 USD) - 2017/05/24 21:15:30 ET
Table 'Sadachbia' 6-max Seat #1 is the button
Seat 1: Chessnok ($98.51 in chips)
Seat 3: sienvan ($152.67 in chips)
Chessnok: posts small blind $1
sienvan: posts big blind $3
*** HOLE CARDS ***
Chessnok: folds
Uncalled bet ($2) returned to sienvan
sienvan collected $2 from pot
sienvan: doesn't show hand
*** SUMMARY ***
Total pot $2 | Rake $0
Seat 1: Chessnok (button) (small blind) folded before Flop
Seat 3: sienvan (big blind) collected ($2)


PokerStars Hand #170878388156:  Hold'em Limit ($3/$6 USD) - 2017/05/24 21:15:37 ET
Table 'Sadachbia' 6-max Seat #3 is the button
Seat 1: Chessnok ($97.51 in chips)
Seat 3: sienvan ($153.67 in chips)
sienvan: posts small blind $1
Chessnok: posts big blind $3
*** HOLE CARDS ***
sienvan: calls $2
Chessnok: checks
*** FLOP *** [8c Qs 9d]
Chessnok: checks
sienvan: checks
*** TURN *** [8c Qs 9d] [6c]
Chessnok: bets $6
sienvan: raises $6 to $12
Chessnok: calls $6
*** RIVER *** [8c Qs 9d 6c] [5s]
Chessnok: bets $6
sienvan: raises $6 to $12
Chessnok: calls $6
*** SHOW DOWN ***
sienvan: shows [Td 7c] (a straight, Six to Ten)
Chessnok: mucks hand
sienvan collected $53.50 from pot
*** SUMMARY ***
Total pot $54 | Rake $0.50
Board [8c Qs 9d 6c 5s]
Seat 1: Chessnok (big blind) mucked
Seat 3: sienvan (button) (small blind) showed [Td 7c] and won ($53.50) with a straight, Six to Ten


PokerStars Hand #170878417552:  Hold'em Limit ($3/$6 USD) - 2017/05/24 21:16:46 ET
Table 'Sadachbia' 6-max Seat #3 is the button
Seat 1: Chessnok ($106.51 in chips)
Seat 3: sienvan ($143.17 in chips)
sienvan: posts small blind $1
Chessnok: posts big blind $3
*** HOLE CARDS ***
sienvan: folds
Uncalled bet ($2) returned to Chessnok
Chessnok collected $2 from pot
Chessnok: doesn't show hand
*** SUMMARY ***
Total pot $2 | Rake $0
Seat 1: Chessnok (big blind) collected ($2)
Seat 3: sienvan (button) (small blind) folded before Flop


PokerStars Hand #170878409093:  Hold'em Limit ($3/$6 USD) - 2017/05/24 21:16:26 ET
Table 'Sadachbia' 6-max Seat #1 is the button
Seat 1: Chessnok ($86.01 in chips)
Seat 3: sienvan ($164.17 in chips)
Chessnok: posts small blind $1
sienvan: posts big blind $3
*** HOLE CARDS ***
Chessnok: raises $3 to $6
sienvan: calls $3
*** FLOP *** [7c Qs 2c]
sienvan: checks
Chessnok: bets $3
sienvan: calls $3
*** TURN *** [7c Qs 2c] [4h]
sienvan: checks
Chessnok: bets $6
sienvan: calls $6
*** RIVER *** [7c Qs 2c 4h] [Ac]
sienvan: checks
Chessnok: bets $6
sienvan: calls $6
*** SHOW DOWN ***
Chessnok: shows [Ts 7d] (a pair of Sevens)
sienvan: mucks hand
Chessnok collected $41.50 from pot
*** SUMMARY ***
Total pot $42 | Rake $0.50
Board [7c Qs 2c 4h Ac]
Seat 1: Chessnok (button) (small blind) showed [Ts 7d] and won ($41.50) with a pair of Sevens
Seat 3: sienvan (big blind) mucked


PokerStars Hand #170878407284:  Hold'em Limit ($3/$6 USD) - 2017/05/24 21:16:22 ET
Table 'Sadachbia' 6-max Seat #3 is the button
Seat 1: Chessnok ($85.01 in chips)
Seat 3: sienvan ($165.17 in chips)
sienvan: posts small blind $1
Chessnok: posts big blind $3
*** HOLE CARDS ***
sienvan: folds
Uncalled bet ($2) returned to Chessnok
Chessnok collected $2 from pot
Chessnok: doesn't show hand
*** SUMMARY ***
Total pot $2 | Rake $0
Seat 1: Chessnok (big blind) collected ($2)
Seat 3: sienvan (button) (small blind) folded before Flop


PokerStars Hand #170878397844:  Hold'em Limit ($3/$6 USD) - 2017/05/24 21:15:59 ET
Table 'Sadachbia' 6-max Seat #1 is the button
Seat 1: Chessnok ($70.51 in chips)
Seat 3: sienvan ($180.17 in chips)
Chessnok: posts small blind $1
sienvan: posts big blind $3
*** HOLE CARDS ***
Chessnok: raises $3 to $6
sienvan: calls $3
*** FLOP *** [2d 5d 8c]
sienvan: checks
Chessnok: bets $3
sienvan: calls $3
*** TURN *** [2d 5d 8c] [8s]
sienvan: checks
Chessnok: bets $6
sienvan: calls $6
*** RIVER *** [2d 5d 8c 8s] [5h]
sienvan: checks
Chessnok: bets $6
sienvan: folds
Uncalled bet ($6) returned to Chessnok
Chessnok collected $29.50 from pot
Chessnok: doesn't show hand
*** SUMMARY ***
Total pot $30 | Rake $0.50
Board [2d 5d 8c 8s 5h]
Seat 1: Chessnok (button) (small blind) collected ($29.50)
Seat 3: sienvan (big blind) folded on the River


PokerStars Hand #170878443298:  Hold'em Limit ($3/$6 USD) - 2017/05/24 21:17:47 ET
Table 'Sadachbia' 6-max Seat #3 is the button
Seat 1: Chessnok ($148.27 in chips)
Seat 3: sienvan ($100.17 in chips)
sienvan: posts small blind $1
Chessnok: posts big blind $3
*** HOLE CARDS ***
sienvan: folds
Uncalled bet ($2) returned to Chessnok
Chessnok collected $2 from pot
Chessnok: doesn't show hand
*** SUMMARY ***
Total pot $2 | Rake $0
Seat 1: Chessnok (big blind) collected ($2)
Seat 3: sienvan (button) (small blind) folded before Flop


PokerStars Hand #170878437722:  Hold'em Limit ($3/$6 USD) - 2017/05/24 21:17:34 ET
Table 'Sadachbia' 6-max Seat #1 is the button
Seat 1: Chessnok ($142.51 in chips)
Seat 3: sienvan ($106.17 in chips)
Chessnok: posts small blind $1
sienvan: posts big blind $3
*** HOLE CARDS ***
Chessnok: raises $3 to $6
sienvan: calls $3
*** FLOP *** [Th 4c 7s]
sienvan: checks
Chessnok: bets $3
sienvan: folds
Uncalled bet ($3) returned to Chessnok
Chessnok collected $11.76 from pot
Chessnok: doesn't show hand
*** SUMMARY ***
Total pot $12 | Rake $0.24
Board [Th 4c 7s]
Seat 1: Chessnok (button) (small blind) collected ($11.76)
Seat 3: sienvan (big blind) folded on the Flop


PokerStars Hand #170878419398:  Hold'em Limit ($3/$6 USD) - 2017/05/24 21:16:50 ET
Table 'Sadachbia' 6-max Seat #1 is the button
Seat 1: Chessnok ($107.51 in chips)
Seat 3: sienvan ($142.17 in chips)
Chessnok: posts small blind $1
sienvan: posts big blind $3
*** HOLE CARDS ***
Chessnok: raises $3 to $6
sienvan: calls $3
*** FLOP *** [8h 2s Ts]
sienvan: checks
Chessnok: bets $3
sienvan: calls $3
*** TURN *** [8h 2s Ts] [Qd]
sienvan: checks
Chessnok: bets $6
sienvan: calls $6
*** RIVER *** [8h 2s Ts Qd] [Qh]
sienvan: checks
Chessnok: bets $6
sienvan: folds
Uncalled bet ($6) returned to Chessnok
Chessnok collected $29.50 from pot
Chessnok: doesn't show hand
*** SUMMARY ***
Total pot $30 | Rake $0.50
Board [8h 2s Ts Qd Qh]
Seat 1: Chessnok (button) (small blind) collected ($29.50)
Seat 3: sienvan (big blind) folded on the River


PokerStars Hand #170878427561:  Hold'em Limit ($3/$6 USD) - 2017/05/24 21:17:10 ET
Table 'Sadachbia' 6-max Seat #3 is the button
Seat 1: Chessnok ($122.01 in chips)
Seat 3: sienvan ($127.17 in chips)
sienvan: posts small blind $1
Chessnok: posts big blind $3
*** HOLE CARDS ***
sienvan: calls $2
Chessnok: raises $3 to $6
sienvan: calls $3
*** FLOP *** [As Jd 5c]
Chessnok: bets $3
sienvan: calls $3
*** TURN *** [As Jd 5c] [3h]
Chessnok: bets $6
sienvan: calls $6
*** RIVER *** [As Jd 5c 3h] [Ts]
Chessnok: bets $6
sienvan: calls $6
*** SHOW DOWN ***
Chessnok: shows [Ac 9d] (a pair of Aces)
sienvan: mucks hand
Chessnok collected $41.50 from pot
*** SUMMARY ***
Total pot $42 | Rake $0.50
Board [As Jd 5c 3h Ts]
Seat 1: Chessnok (big blind) showed [Ac 9d] and won ($41.50) with a pair of Aces
Seat 3: sienvan (button) (small blind) mucked


PokerStars Hand #170878446885:  Hold'em Limit ($3/$6 USD) - 2017/05/24 21:17:56 ET
Table 'Sadachbia' 6-max Seat #3 is the button
Seat 1: Chessnok ($148.27 in chips)
Seat 3: sienvan ($100.17 in chips)
sienvan: posts small blind $1
Chessnok: posts big blind $3
*** HOLE CARDS ***
sienvan: folds
Uncalled bet ($2) returned to Chessnok
Chessnok collected $2 from pot
Chessnok: doesn't show hand
*** SUMMARY ***
Total pot $2 | Rake $0
Seat 1: Chessnok (big blind) collected ($2)
Seat 3: sienvan (button) (small blind) folded before Flop


PokerStars Hand #170878445147:  Hold'em Limit ($3/$6 USD) - 2017/05/24 21:17:51 ET
Table 'Sadachbia' 6-max Seat #1 is the button
Seat 1: Chessnok ($149.27 in chips)
Seat 3: sienvan ($99.17 in chips)
Chessnok: posts small blind $1
sienvan: posts big blind $3
*** HOLE CARDS ***
Chessnok: folds
Uncalled bet ($2) returned to sienvan
sienvan collected $2 from pot
sienvan: doesn't show hand
*** SUMMARY ***
Total pot $2 | Rake $0
Seat 1: Chessnok (button) (small blind) folded before Flop
Seat 3: sienvan (big blind) collected ($2)


PokerStars Hand #170878455583:  Hold'em Limit ($3/$6 USD) - 2017/05/24 21:18:16 ET
Table 'Sadachbia' 6-max Seat #3 is the button
Seat 1: Chessnok ($140.27 in chips)
Seat 3: sienvan ($107.81 in chips)
sienvan: posts small blind $1
Chessnok: posts big blind $3
*** HOLE CARDS ***
sienvan: folds
Uncalled bet ($2) returned to Chessnok
Chessnok collected $2 from pot
Chessnok: doesn't show hand
*** SUMMARY ***
Total pot $2 | Rake $0
Seat 1: Chessnok (big blind) collected ($2)
Seat 3: sienvan (button) (small blind) folded before Flop


PokerStars Hand #170878448785:  Hold'em Limit ($3/$6 USD) - 2017/05/24 21:18:00 ET
Table 'Sadachbia' 6-max Seat #1 is the button
Seat 1: Chessnok ($149.27 in chips)
Seat 3: sienvan ($99.17 in chips)
Chessnok: posts small blind $1
sienvan: posts big blind $3
*** HOLE CARDS ***
Chessnok: raises $3 to $6
sienvan: calls $3
*** FLOP *** [Td Ts 9c]
sienvan: checks
Chessnok: bets $3
sienvan: calls $3
*** TURN *** [Td Ts 9c] [Ks]
sienvan: checks
Chessnok: checks
*** RIVER *** [Td Ts 9c Ks] [8h]
sienvan: bets $6
Chessnok: folds
Uncalled bet ($6) returned to sienvan
sienvan collected $17.64 from pot
sienvan: doesn't show hand
*** SUMMARY ***
Total pot $18 | Rake $0.36
Board [Td Ts 9c Ks 8h]
Seat 1: Chessnok (button) (small blind) folded on the River
Seat 3: sienvan (big blind) collected ($17.64)


PokerStars Hand #170878457434:  Hold'em Limit ($3/$6 USD) - 2017/05/24 21:18:21 ET
Table 'Sadachbia' 6-max Seat #1 is the button
Seat 1: Chessnok ($141.27 in chips)
Seat 3: sienvan ($106.81 in chips)
Chessnok: posts small blind $1
sienvan: posts big blind $3
*** HOLE CARDS ***
Chessnok: raises $3 to $6
sienvan: calls $3
*** FLOP *** [Ad 8s Ac]
sienvan: checks
Chessnok: bets $3
sienvan: folds
Uncalled bet ($3) returned to Chessnok
Chessnok collected $11.76 from pot
Chessnok: doesn't show hand
*** SUMMARY ***
Total pot $12 | Rake $0.24
Board [Ad 8s Ac]
Seat 1: Chessnok (button) (small blind) collected ($11.76)
Seat 3: sienvan (big blind) folded on the Flop


PokerStars Hand #170878469847:  Hold'em Limit ($3/$6 USD) - 2017/05/24 21:18:50 ET
Table 'Sadachbia' 6-max Seat #1 is the button
Seat 1: Chessnok ($155.67 in chips)
Seat 3: sienvan ($91.81 in chips)
Chessnok: posts small blind $1
sienvan: posts big blind $3
*** HOLE CARDS ***
Chessnok: raises $3 to $6
sienvan: folds
Uncalled bet ($3) returned to Chessnok
Chessnok collected $6 from pot
Chessnok: doesn't show hand
*** SUMMARY ***
Total pot $6 | Rake $0
Seat 1: Chessnok (button) (small blind) collected ($6)
Seat 3: sienvan (big blind) folded before Flop


PokerStars Hand #170878493188:  Hold'em Limit ($3/$6 USD) - 2017/05/24 21:19:46 ET
Table 'Sadachbia' 6-max Seat #3 is the button
Seat 1: Chessnok ($143.43 in chips)
Seat 3: sienvan ($103.31 in chips)
sienvan: posts small blind $1
Chessnok: posts big blind $3
*** HOLE CARDS ***
sienvan: raises $3 to $6
Chessnok: folds
Uncalled bet ($3) returned to sienvan
sienvan collected $6 from pot
sienvan: doesn't show hand
*** SUMMARY ***
Total pot $6 | Rake $0
Seat 1: Chessnok (big blind) folded before Flop
Seat 3: sienvan (button) (small blind) collected ($6)


PokerStars Hand #170878472604:  Hold'em Limit ($3/$6 USD) - 2017/05/24 21:18:56 ET
Table 'Sadachbia' 6-max Seat #3 is the button
Seat 1: Chessnok ($158.67 in chips)
Seat 3: sienvan ($88.81 in chips)
sienvan: posts small blind $1
Chessnok: posts big blind $3
*** HOLE CARDS ***
sienvan: raises $3 to $6
Chessnok: calls $3
*** FLOP *** [Ks 8s 3d]
Chessnok: bets $3
sienvan: calls $3
*** TURN *** [Ks 8s 3d] [8h]
Chessnok: bets $6
sienvan: calls $6
*** RIVER *** [Ks 8s 3d 8h] [3s]
Chessnok: bets $6
sienvan: raises $6 to $12
Chessnok: folds
Uncalled bet ($6) returned to sienvan
sienvan collected $41.50 from pot
sienvan: doesn't show hand
*** SUMMARY ***
Total pot $42 | Rake $0.50
Board [Ks 8s 3d 8h 3s]
Seat 1: Chessnok (big blind) folded on the River
Seat 3: sienvan (button) (small blind) collected ($41.50)


PokerStars Hand #170878483788:  Hold'em Limit ($3/$6 USD) - 2017/05/24 21:19:23 ET
Table 'Sadachbia' 6-max Seat #3 is the button
Seat 1: Chessnok ($136.67 in chips)
Seat 3: sienvan ($110.31 in chips)
sienvan: posts small blind $1
Chessnok: posts big blind $3
*** HOLE CARDS ***
sienvan: folds
Uncalled bet ($2) returned to Chessnok
Chessnok collected $2 from pot
Chessnok: doesn't show hand
*** SUMMARY ***
Total pot $2 | Rake $0
Seat 1: Chessnok (big blind) collected ($2)
Seat 3: sienvan (button) (small blind) folded before Flop


PokerStars Hand #170878481937:  Hold'em Limit ($3/$6 USD) - 2017/05/24 21:19:19 ET
Table 'Sadachbia' 6-max Seat #1 is the button
Seat 1: Chessnok ($137.67 in chips)
Seat 3: sienvan ($109.31 in chips)
Chessnok: posts small blind $1
sienvan: posts big blind $3
*** HOLE CARDS ***
Chessnok: folds
Uncalled bet ($2) returned to sienvan
sienvan collected $2 from pot
sienvan: doesn't show hand
*** SUMMARY ***
Total pot $2 | Rake $0
Seat 1: Chessnok (button) (small blind) folded before Flop
Seat 3: sienvan (big blind) collected ($2)


PokerStars Hand #170878489143:  Hold'em Limit ($3/$6 USD) - 2017/05/24 21:19:36 ET
Table 'Sadachbia' 6-max Seat #3 is the button
Seat 1: Chessnok ($143.43 in chips)
Seat 3: sienvan ($103.31 in chips)
sienvan: posts small blind $1
Chessnok: posts big blind $3
*** HOLE CARDS ***
sienvan: folds
Uncalled bet ($2) returned to Chessnok
Chessnok collected $2 from pot
Chessnok: doesn't show hand
*** SUMMARY ***
Total pot $2 | Rake $0
Seat 1: Chessnok (big blind) collected ($2)
Seat 3: sienvan (button) (small blind) folded before Flop


PokerStars Hand #170878485706:  Hold'em Limit ($3/$6 USD) - 2017/05/24 21:19:28 ET
Table 'Sadachbia' 6-max Seat #1 is the button
Seat 1: Chessnok ($137.67 in chips)
Seat 3: sienvan ($109.31 in chips)
Chessnok: posts small blind $1
sienvan: posts big blind $3
*** HOLE CARDS ***
Chessnok: raises $3 to $6
sienvan: calls $3
*** FLOP *** [Qc Js 2c]
sienvan: checks
Chessnok: bets $3
sienvan: folds
Uncalled bet ($3) returned to Chessnok
Chessnok collected $11.76 from pot
Chessnok: doesn't show hand
*** SUMMARY ***
Total pot $12 | Rake $0.24
Board [Qc Js 2c]
Seat 1: Chessnok (button) (small blind) collected ($11.76)
Seat 3: sienvan (big blind) folded on the Flop


PokerStars Hand #170878490962:  Hold'em Limit ($3/$6 USD) - 2017/05/24 21:19:40 ET
Table 'Sadachbia' 6-max Seat #1 is the button
Seat 1: Chessnok ($144.43 in chips)
Seat 3: sienvan ($102.31 in chips)
Chessnok: posts small blind $1
sienvan: posts big blind $3
*** HOLE CARDS ***
Chessnok: folds
Uncalled bet ($2) returned to sienvan
sienvan collected $2 from pot
sienvan: doesn't show hand
*** SUMMARY ***
Total pot $2 | Rake $0
Seat 1: Chessnok (button) (small blind) folded before Flop
Seat 3: sienvan (big blind) collected ($2)


PokerStars Hand #170878516857:  Hold'em Limit ($3/$6 USD) - 2017/05/24 21:20:43 ET
Table 'Sadachbia' 6-max Seat #1 is the button
Seat 1: Chessnok ($160.47 in chips)
Seat 3: sienvan ($85.31 in chips)
Chessnok: posts small blind $1
sienvan: posts big blind $3
*** HOLE CARDS ***
Chessnok: folds
Uncalled bet ($2) returned to sienvan
sienvan collected $2 from pot
sienvan: doesn't show hand
*** SUMMARY ***
Total pot $2 | Rake $0
Seat 1: Chessnok (button) (small blind) folded before Flop
Seat 3: sienvan (big blind) collected ($2)


PokerStars Hand #170878508004:  Hold'em Limit ($3/$6 USD) - 2017/05/24 21:20:22 ET
Table 'Sadachbia' 6-max Seat #3 is the button
Seat 1: Chessnok ($151.83 in chips)
Seat 3: sienvan ($94.31 in chips)
sienvan: posts small blind $1
Chessnok: posts big blind $3
*** HOLE CARDS ***
sienvan: raises $3 to $6
Chessnok: calls $3
*** FLOP *** [9d 8s Jc]
Chessnok: checks
sienvan: bets $3
Chessnok: calls $3
*** TURN *** [9d 8s Jc] [5s]
Chessnok: checks
sienvan: checks
*** RIVER *** [9d 8s Jc 5s] [3h]
Chessnok: bets $6
sienvan: folds
Uncalled bet ($6) returned to Chessnok
Chessnok collected $17.64 from pot
Chessnok: doesn't show hand
*** SUMMARY ***
Total pot $18 | Rake $0.36
Board [9d 8s Jc 5s 3h]
Seat 1: Chessnok (big blind) collected ($17.64)
Seat 3: sienvan (button) (small blind) folded on the River


PokerStars Hand #170878500844:  Hold'em Limit ($3/$6 USD) - 2017/05/24 21:20:04 ET
Table 'Sadachbia' 6-max Seat #3 is the button
Seat 1: Chessnok ($146.19 in chips)
Seat 3: sienvan ($100.31 in chips)
sienvan: posts small blind $1
Chessnok: posts big blind $3
*** HOLE CARDS ***
sienvan: raises $3 to $6
Chessnok: folds
Uncalled bet ($3) returned to sienvan
sienvan collected $6 from pot
sienvan: doesn't show hand
*** SUMMARY ***
Total pot $6 | Rake $0
Seat 1: Chessnok (big blind) folded before Flop
Seat 3: sienvan (button) (small blind) collected ($6)


PokerStars Hand #170878496216:  Hold'em Limit ($3/$6 USD) - 2017/05/24 21:19:53 ET
Table 'Sadachbia' 6-max Seat #1 is the button
Seat 1: Chessnok ($140.43 in chips)
Seat 3: sienvan ($106.31 in chips)
Chessnok: posts small blind $1
sienvan: posts big blind $3
*** HOLE CARDS ***
Chessnok: raises $3 to $6
sienvan: calls $3
*** FLOP *** [9h As 2s]
sienvan: checks
Chessnok: bets $3
sienvan: folds
Uncalled bet ($3) returned to Chessnok
Chessnok collected $11.76 from pot
Chessnok: doesn't show hand
*** SUMMARY ***
Total pot $12 | Rake $0.24
Board [9h As 2s]
Seat 1: Chessnok (button) (small blind) collected ($11.76)
Seat 3: sienvan (big blind) folded on the Flop


PokerStars Hand #170878503317:  Hold'em Limit ($3/$6 USD) - 2017/05/24 21:20:10 ET
Table 'Sadachbia' 6-max Seat #1 is the button
Seat 1: Chessnok ($143.19 in chips)
Seat 3: sienvan ($103.31 in chips)
Chessnok: posts small blind $1
sienvan: posts big blind $3
*** HOLE CARDS ***
Chessnok: raises $3 to $6
sienvan: calls $3
*** FLOP *** [3c Qh 9s]
sienvan: checks
Chessnok: bets $3
sienvan: calls $3
*** TURN *** [3c Qh 9s] [Qc]
sienvan: checks
Chessnok: bets $6
sienvan: folds
Uncalled bet ($6) returned to Chessnok
Chessnok collected $17.64 from pot
Chessnok: doesn't show hand
*** SUMMARY ***
Total pot $18 | Rake $0.36
Board [3c Qh 9s Qc]
Seat 1: Chessnok (button) (small blind) collected ($17.64)
Seat 3: sienvan (big blind) folded on the Turn


PokerStars Hand #170878536201:  Hold'em Limit ($3/$6 USD) - 2017/05/24 21:21:17 ET
Table 'Sadachbia' 6-max Seat #1 is the button
Seat 1: Chessnok ($189.97 in chips)
Seat 3: sienvan ($55.31 in chips)
Chessnok: posts small blind $1
sienvan: posts big blind $3
*** HOLE CARDS ***
SALZHERZ joins the table at seat #4
Chessnok: folds
Uncalled bet ($2) returned to sienvan
sienvan collected $2 from pot
sienvan: doesn't show hand
*** SUMMARY ***
Total pot $2 | Rake $0
Seat 1: Chessnok (button) (small blind) folded before Flop
Seat 3: sienvan (big blind) collected ($2)


PokerStars Hand #170878534445:  Hold'em Limit ($3/$6 USD) - 2017/05/24 21:21:13 ET
Table 'Sadachbia' 6-max Seat #3 is the button
Seat 1: Chessnok ($188.97 in chips)
Seat 3: sienvan ($56.31 in chips)
sienvan: posts small blind $1
Chessnok: posts big blind $3
*** HOLE CARDS ***
sienvan: folds
Uncalled bet ($2) returned to Chessnok
Chessnok collected $2 from pot
Chessnok: doesn't show hand
*** SUMMARY ***
Total pot $2 | Rake $0
Seat 1: Chessnok (big blind) collected ($2)
Seat 3: sienvan (button) (small blind) folded before Flop


PokerStars Hand #170878530991:  Hold'em Limit ($3/$6 USD) - 2017/05/24 21:21:04 ET
Table 'Sadachbia' 6-max Seat #1 is the button
Seat 1: Chessnok ($185.97 in chips)
Seat 3: sienvan ($59.31 in chips)
Chessnok: posts small blind $1
sienvan: posts big blind $3
*** HOLE CARDS ***
Chessnok: raises $3 to $6
sienvan: folds
Uncalled bet ($3) returned to Chessnok
Chessnok collected $6 from pot
Chessnok: doesn't show hand
*** SUMMARY ***
Total pot $6 | Rake $0
Seat 1: Chessnok (button) (small blind) collected ($6)
Seat 3: sienvan (big blind) folded before Flop


PokerStars Hand #170878624817:  Hold'em Limit ($3/$6 USD) - 2017/05/24 21:24:50 ET
Table 'Sadachbia' 6-max Seat #1 is the button
Seat 1: Chessnok ($317.84 in chips)
Seat 3: sienvan ($25.56 in chips)
Chessnok: posts small blind $1
sienvan: posts big blind $3
*** HOLE CARDS ***
Chessnok: raises $3 to $6
sienvan: calls $3
*** FLOP *** [2d Kh Kd]
sienvan: checks
Chessnok: bets $3
sienvan: folds
Uncalled bet ($3) returned to Chessnok
SALZHERZ leaves the table
Chessnok collected $11.76 from pot
Chessnok: doesn't show hand
*** SUMMARY ***
Total pot $12 | Rake $0.24
Board [2d Kh Kd]
Seat 1: Chessnok (button) (small blind) collected ($11.76)
Seat 3: sienvan (big blind) folded on the Flop


PokerStars Hand #170878652346:  Hold'em Limit ($3/$6 USD) - 2017/05/24 21:25:57 ET
Table 'Sadachbia' 6-max Seat #3 is the button
Seat 1: Chessnok ($343.62 in chips)
Seat 3: sienvan ($22.32 in chips)
sienvan: posts small blind $1
Chessnok: posts big blind $3
*** HOLE CARDS ***
sienvan: raises $3 to $6
Chessnok: folds
Uncalled bet ($3) returned to sienvan
sienvan collected $6 from pot
sienvan: doesn't show hand
*** SUMMARY ***
Total pot $6 | Rake $0
Seat 1: Chessnok (big blind) folded before Flop
Seat 3: sienvan (button) (small blind) collected ($6)


PokerStars Hand #170878647865:  Hold'em Limit ($3/$6 USD) - 2017/05/24 21:25:46 ET
Table 'Sadachbia' 6-max Seat #1 is the button
Seat 1: Chessnok ($337.86 in chips)
Seat 3: sienvan ($28.32 in chips)
Chessnok: posts small blind $1
sienvan: posts big blind $3
*** HOLE CARDS ***
Chessnok: raises $3 to $6
sienvan: calls $3
*** FLOP *** [Td 6h 7c]
sienvan: checks
Chessnok: bets $3
sienvan: folds
Uncalled bet ($3) returned to Chessnok
Chessnok collected $11.76 from pot
Chessnok: doesn't show hand
*** SUMMARY ***
Total pot $12 | Rake $0.24
Board [Td 6h 7c]
Seat 1: Chessnok (button) (small blind) collected ($11.76)
Seat 3: sienvan (big blind) folded on the Flop


PokerStars Hand #170878643406:  Hold'em Limit ($3/$6 USD) - 2017/05/24 21:25:35 ET
Table 'Sadachbia' 6-max Seat #3 is the button
Seat 1: Chessnok ($332.10 in chips)
Seat 3: sienvan ($34.32 in chips)
sienvan: posts small blind $1
Chessnok: posts big blind $3
*** HOLE CARDS ***
sienvan: calls $2
Chessnok: raises $3 to $6
sienvan: calls $3
*** FLOP *** [4s Jc Kd]
Chessnok: bets $3
sienvan: folds
Uncalled bet ($3) returned to Chessnok
Chessnok collected $11.76 from pot
Chessnok: doesn't show hand
*** SUMMARY ***
Total pot $12 | Rake $0.24
Board [4s Jc Kd]
Seat 1: Chessnok (big blind) collected ($11.76)
Seat 3: sienvan (button) (small blind) folded on the Flop


PokerStars Hand #170878632591:  Hold'em Limit ($3/$6 USD) - 2017/05/24 21:25:09 ET
Table 'Sadachbia' 6-max Seat #1 is the button
Seat 1: Chessnok ($317.60 in chips)
Seat 3: sienvan ($25.32 in chips)
Chessnok: posts small blind $1
sienvan: posts big blind $3
*** HOLE CARDS ***
Chessnok: raises $3 to $6
sienvan: calls $3
*** FLOP *** [4c 5c Qh]
sienvan: checks
Chessnok: bets $3
sienvan: calls $3
*** TURN *** [4c 5c Qh] [2c]
sienvan: checks
Chessnok: bets $6
sienvan: calls $6
*** RIVER *** [4c 5c Qh 2c] [8h]
sienvan: checks
Chessnok: bets $6
sienvan: folds
Uncalled bet ($6) returned to Chessnok
Chessnok collected $29.50 from pot
Chessnok: doesn't show hand
*** SUMMARY ***
Total pot $30 | Rake $0.50
Board [4c 5c Qh 2c 8h]
Seat 1: Chessnok (button) (small blind) collected ($29.50)
Seat 3: sienvan (big blind) folded on the River


PokerStars Hand #170878628708:  Hold'em Limit ($3/$6 USD) - 2017/05/24 21:24:59 ET
Table 'Sadachbia' 6-max Seat #3 is the button
Seat 1: Chessnok ($323.60 in chips)
Seat 3: sienvan ($19.56 in chips)
sienvan: posts small blind $1
Chessnok: posts big blind $3
*** HOLE CARDS ***
sienvan: raises $3 to $6
Chessnok: calls $3
*** FLOP *** [4s 6h 7c]
Chessnok: checks
sienvan: bets $3
Chessnok: folds
Uncalled bet ($3) returned to sienvan
sienvan collected $11.76 from pot
sienvan: doesn't show hand
*** SUMMARY ***
Total pot $12 | Rake $0.24
Board [4s 6h 7c]
Seat 1: Chessnok (big blind) folded on the Flop
Seat 3: sienvan (button) (small blind) collected ($11.76)


PokerStars Hand #170878669895:  Hold'em Limit ($3/$6 USD) - 2017/05/24 21:26:39 ET
Table 'Sadachbia' 6-max Seat #1 is the button
Seat 1: Chessnok ($328.14 in chips)
Seat 3: sienvan ($36.82 in chips)
Chessnok: posts small blind $1
sienvan: posts big blind $3
*** HOLE CARDS ***
Chessnok: raises $3 to $6
sienvan: calls $3
*** FLOP *** [4s 6d Qs]
sienvan: checks
Chessnok: bets $3
sienvan: calls $3
*** TURN *** [4s 6d Qs] [9s]
sienvan: checks
Chessnok: checks
*** RIVER *** [4s 6d Qs 9s] [Ks]
sienvan: bets $6
Chessnok: calls $6
*** SHOW DOWN ***
sienvan: shows [8d Qc] (a pair of Queens)
Chessnok: mucks hand
sienvan collected $29.50 from pot
*** SUMMARY ***
Total pot $30 | Rake $0.50
Board [4s 6d Qs 9s Ks]
Seat 1: Chessnok (button) (small blind) mucked
Seat 3: sienvan (big blind) showed [8d Qc] and won ($29.50) with a pair of Queens


PokerStars Hand #170878662403:  Hold'em Limit ($3/$6 USD) - 2017/05/24 21:26:21 ET
Table 'Sadachbia' 6-max Seat #3 is the button
Seat 1: Chessnok ($316.62 in chips)
Seat 3: sienvan ($48.82 in chips)
sienvan: posts small blind $1
Chessnok: posts big blind $3
*** HOLE CARDS ***
sienvan: raises $3 to $6
Chessnok: raises $3 to $9
sienvan: calls $3
*** FLOP *** [9c 5d Qd]
Chessnok: bets $3
sienvan: calls $3
*** TURN *** [9c 5d Qd] [5h]
Chessnok: bets $6
sienvan: folds
Uncalled bet ($6) returned to Chessnok
Chessnok collected $23.52 from pot
Chessnok: doesn't show hand
*** SUMMARY ***
Total pot $24 | Rake $0.48
Board [9c 5d Qd 5h]
Seat 1: Chessnok (big blind) collected ($23.52)
Seat 3: sienvan (button) (small blind) folded on the Turn


PokerStars Hand #170878654722:  Hold'em Limit ($3/$6 USD) - 2017/05/24 21:26:02 ET
Table 'Sadachbia' 6-max Seat #1 is the button
Seat 1: Chessnok ($340.62 in chips)
Seat 3: sienvan ($25.32 in chips)
Chessnok: posts small blind $1
sienvan: posts big blind $3
*** HOLE CARDS ***
Chessnok: raises $3 to $6
sienvan: raises $3 to $9
Chessnok: calls $3
*** FLOP *** [Jd 3h Ac]
sienvan: bets $3
Chessnok: calls $3
*** TURN *** [Jd 3h Ac] [5s]
sienvan: bets $6
Chessnok: calls $6
*** RIVER *** [Jd 3h Ac 5s] [2h]
sienvan: bets $6
Chessnok: calls $6
*** SHOW DOWN ***
sienvan: shows [8h Jh] (a pair of Jacks)
Chessnok: mucks hand
sienvan collected $47.50 from pot
*** SUMMARY ***
Total pot $48 | Rake $0.50
Board [Jd 3h Ac 5s 2h]
Seat 1: Chessnok (button) (small blind) mucked
Seat 3: sienvan (big blind) showed [8h Jh] and won ($47.50) with a pair of Jacks


PokerStars Hand #170878701145:  Hold'em Limit ($3/$6 USD) - 2017/05/24 21:27:56 ET
Table 'Sadachbia' 6-max Seat #1 is the button
Seat 1: Chessnok ($321.42 in chips)
Seat 3: sienvan ($41.96 in chips)
Chessnok: posts small blind $1
sienvan: posts big blind $3
*** HOLE CARDS ***
Chessnok: folds
Uncalled bet ($2) returned to sienvan
sienvan collected $2 from pot
sienvan: doesn't show hand
*** SUMMARY ***
Total pot $2 | Rake $0
Seat 1: Chessnok (button) (small blind) folded before Flop
Seat 3: sienvan (big blind) collected ($2)


PokerStars Hand #170878696937:  Hold'em Limit ($3/$6 USD) - 2017/05/24 21:27:46 ET
Table 'Sadachbia' 6-max Seat #3 is the button
Seat 1: Chessnok ($327.42 in chips)
Seat 3: sienvan ($36.20 in chips)
sienvan: posts small blind $1
Chessnok: posts big blind $3
*** HOLE CARDS ***
sienvan: raises $3 to $6
Chessnok: calls $3
*** FLOP *** [Kh Kc 6c]
Chessnok: checks
sienvan: bets $3
Chessnok: folds
Uncalled bet ($3) returned to sienvan
sienvan collected $11.76 from pot
sienvan: doesn't show hand
*** SUMMARY ***
Total pot $12 | Rake $0.24
Board [Kh Kc 6c]
Seat 1: Chessnok (big blind) folded on the Flop
Seat 3: sienvan (button) (small blind) collected ($11.76)


PokerStars Hand #170878692762:  Hold'em Limit ($3/$6 USD) - 2017/05/24 21:27:35 ET
Table 'Sadachbia' 6-max Seat #1 is the button
Seat 1: Chessnok ($321.66 in chips)
Seat 3: sienvan ($42.20 in chips)
Chessnok: posts small blind $1
sienvan: posts big blind $3
*** HOLE CARDS ***
Chessnok: raises $3 to $6
sienvan: calls $3
*** FLOP *** [Kh Qc 7d]
sienvan: checks
Chessnok: bets $3
sienvan: folds
Uncalled bet ($3) returned to Chessnok
Chessnok collected $11.76 from pot
Chessnok: doesn't show hand
*** SUMMARY ***
Total pot $12 | Rake $0.24
Board [Kh Qc 7d]
Seat 1: Chessnok (button) (small blind) collected ($11.76)
Seat 3: sienvan (big blind) folded on the Flop


PokerStars Hand #170878687242:  Hold'em Limit ($3/$6 USD) - 2017/05/24 21:27:22 ET
Table 'Sadachbia' 6-max Seat #3 is the button
Seat 1: Chessnok ($315.90 in chips)
Seat 3: sienvan ($48.20 in chips)
sienvan: posts small blind $1
Chessnok: posts big blind $3
*** HOLE CARDS ***
sienvan: calls $2
Chessnok: raises $3 to $6
sienvan: calls $3
*** FLOP *** [8s 8c 5s]
Chessnok: bets $3
sienvan: folds
Uncalled bet ($3) returned to Chessnok
Chessnok collected $11.76 from pot
Chessnok: doesn't show hand
*** SUMMARY ***
Total pot $12 | Rake $0.24
Board [8s 8c 5s]
Seat 1: Chessnok (big blind) collected ($11.76)
Seat 3: sienvan (button) (small blind) folded on the Flop


PokerStars Hand #170878681337:  Hold'em Limit ($3/$6 USD) - 2017/05/24 21:27:07 ET
Table 'Sadachbia' 6-max Seat #1 is the button
Seat 1: Chessnok ($310.14 in chips)
Seat 3: sienvan ($54.20 in chips)
Chessnok: posts small blind $1
sienvan: posts big blind $3
*** HOLE CARDS ***
Chessnok: raises $3 to $6
sienvan: calls $3
*** FLOP *** [5s Ad Ac]
sienvan: checks
Chessnok: bets $3
sienvan: folds
Uncalled bet ($3) returned to Chessnok
Chessnok collected $11.76 from pot
Chessnok: doesn't show hand
*** SUMMARY ***
Total pot $12 | Rake $0.24
Board [5s Ad Ac]
Seat 1: Chessnok (button) (small blind) collected ($11.76)
Seat 3: sienvan (big blind) folded on the Flop


PokerStars Hand #170878675280:  Hold'em Limit ($3/$6 USD) - 2017/05/24 21:26:52 ET
Table 'Sadachbia' 6-max Seat #3 is the button
Seat 1: Chessnok ($313.14 in chips)
Seat 3: sienvan ($51.32 in chips)
sienvan: posts small blind $1
Chessnok: posts big blind $3
*** HOLE CARDS ***
sienvan: calls $2
Chessnok: checks
*** FLOP *** [Kc As Qs]
Chessnok: checks
sienvan: checks
*** TURN *** [Kc As Qs] [2s]
Chessnok: checks
sienvan: bets $6
Chessnok: folds
Uncalled bet ($6) returned to sienvan
sienvan collected $5.88 from pot
sienvan: doesn't show hand
*** SUMMARY ***
Total pot $6 | Rake $0.12
Board [Kc As Qs 2s]
Seat 1: Chessnok (big blind) folded on the Turn
Seat 3: sienvan (button) (small blind) collected ($5.88)


PokerStars Hand #170878721603:  Hold'em Limit ($3/$6 USD) - 2017/05/24 21:28:46 ET
Table 'Sadachbia' 6-max Seat #1 is the button
Seat 1: Chessnok ($337.82 in chips)
Seat 3: sienvan ($24.96 in chips)
Chessnok: posts small blind $1
sienvan: posts big blind $3
*** HOLE CARDS ***
Chessnok: raises $3 to $6
sienvan: folds
Uncalled bet ($3) returned to Chessnok
Chessnok collected $6 from pot
Chessnok: doesn't show hand
*** SUMMARY ***
Total pot $6 | Rake $0
Seat 1: Chessnok (button) (small blind) collected ($6)
Seat 3: sienvan (big blind) folded before Flop


PokerStars Hand #170878710226:  Hold'em Limit ($3/$6 USD) - 2017/05/24 21:28:18 ET
Table 'Sadachbia' 6-max Seat #3 is the button
Seat 1: Chessnok ($329.18 in chips)
Seat 3: sienvan ($33.96 in chips)
sienvan: posts small blind $1
Chessnok: posts big blind $3
*** HOLE CARDS ***
sienvan: raises $3 to $6
Chessnok: calls $3
*** FLOP *** [Kc 5h Ks]
Chessnok: checks
sienvan: bets $3
Chessnok: calls $3
*** TURN *** [Kc 5h Ks] [As]
Chessnok: checks
sienvan: checks
*** RIVER *** [Kc 5h Ks As] [4d]
Chessnok: checks
sienvan: checks
*** SHOW DOWN ***
Chessnok: shows [Qh 8c] (a pair of Kings)
sienvan: mucks hand
Chessnok collected $17.64 from pot
*** SUMMARY ***
Total pot $18 | Rake $0.36
Board [Kc 5h Ks As 4d]
Seat 1: Chessnok (big blind) showed [Qh 8c] and won ($17.64) with a pair of Kings
Seat 3: sienvan (button) (small blind) mucked


PokerStars Hand #170878707001:  Hold'em Limit ($3/$6 USD) - 2017/05/24 21:28:10 ET
Table 'Sadachbia' 6-max Seat #1 is the button
Seat 1: Chessnok ($326.18 in chips)
Seat 3: sienvan ($36.96 in chips)
Chessnok: posts small blind $1
sienvan: posts big blind $3
*** HOLE CARDS ***
Chessnok: raises $3 to $6
sienvan: folds
Uncalled bet ($3) returned to Chessnok
Chessnok collected $6 from pot
Chessnok: doesn't show hand
*** SUMMARY ***
Total pot $6 | Rake $0
Seat 1: Chessnok (button) (small blind) collected ($6)
Seat 3: sienvan (big blind) folded before Flop


PokerStars Hand #170878725453:  Hold'em Limit ($3/$6 USD) - 2017/05/24 21:28:56 ET
Table 'Sadachbia' 6-max Seat #1 is the button
Seat 1: Chessnok ($341.82 in chips)
Seat 3: sienvan ($20.96 in chips)
Chessnok: posts small blind $1
sienvan: posts big blind $3
*** HOLE CARDS ***
Chessnok: folds
Uncalled bet ($2) returned to sienvan
sienvan collected $2 from pot
sienvan: doesn't show hand
*** SUMMARY ***
Total pot $2 | Rake $0
Seat 1: Chessnok (button) (small blind) folded before Flop
Seat 3: sienvan (big blind) collected ($2)


PokerStars Hand #170878723577:  Hold'em Limit ($3/$6 USD) - 2017/05/24 21:28:51 ET
Table 'Sadachbia' 6-max Seat #3 is the button
Seat 1: Chessnok ($340.82 in chips)
Seat 3: sienvan ($21.96 in chips)
sienvan: posts small blind $1
Chessnok: posts big blind $3
*** HOLE CARDS ***
sienvan: folds
Uncalled bet ($2) returned to Chessnok
Chessnok collected $2 from pot
Chessnok: doesn't show hand
*** SUMMARY ***
Total pot $2 | Rake $0
Seat 1: Chessnok (big blind) collected ($2)
Seat 3: sienvan (button) (small blind) folded before Flop


PokerStars Hand #170878703137:  Hold'em Limit ($3/$6 USD) - 2017/05/24 21:28:01 ET
Table 'Sadachbia' 6-max Seat #3 is the button
Seat 1: Chessnok ($320.42 in chips)
Seat 3: sienvan ($42.96 in chips)
sienvan: posts small blind $1
Chessnok: posts big blind $3
*** HOLE CARDS ***
sienvan: raises $3 to $6
Chessnok: calls $3
*** FLOP *** [9s Js 2c]
Chessnok: checks
sienvan: checks
*** TURN *** [9s Js 2c] [Jh]
Chessnok: bets $6
sienvan: folds
Uncalled bet ($6) returned to Chessnok
Chessnok collected $11.76 from pot
Chessnok: doesn't show hand
*** SUMMARY ***
Total pot $12 | Rake $0.24
Board [9s Js 2c Jh]
Seat 1: Chessnok (big blind) collected ($11.76)
Seat 3: sienvan (button) (small blind) folded on the Turn


PokerStars Hand #170878730994:  Hold'em Limit ($3/$6 USD) - 2017/05/24 21:29:09 ET
Table 'Sadachbia' 6-max Seat #1 is the button
Seat 1: Chessnok ($341.82 in chips)
Seat 3: sienvan ($20.96 in chips)
Chessnok: posts small blind $1
sienvan: posts big blind $3
*** HOLE CARDS ***
Chessnok: raises $3 to $6
sienvan: raises $3 to $9
Chessnok: calls $3
*** FLOP *** [Kc 5h Qc]
sienvan: bets $3
Chessnok: calls $3
*** TURN *** [Kc 5h Qc] [2d]
sienvan: bets $6
Chessnok: calls $6
*** RIVER *** [Kc 5h Qc 2d] [4c]
sienvan: bets $2.96 and is all-in
Chessnok: calls $2.96
*** SHOW DOWN ***
sienvan: shows [Kh Ac] (a pair of Kings)
Chessnok: shows [7c 5c] (a flush, King high)
Chessnok collected $41.42 from pot
*** SUMMARY ***
Total pot $41.92 | Rake $0.50
Board [Kc 5h Qc 2d 4c]
Seat 1: Chessnok (button) (small blind) showed [7c 5c] and won ($41.42) with a flush, King high
Seat 3: sienvan (big blind) showed [Kh Ac] and lost with a pair of Kings


PokerStars Hand #170878727733:  Hold'em Limit ($3/$6 USD) - 2017/05/24 21:29:01 ET
Table 'Sadachbia' 6-max Seat #3 is the button
Seat 1: Chessnok ($340.82 in chips)
Seat 3: sienvan ($21.96 in chips)
sienvan: posts small blind $1
Chessnok: posts big blind $3
*** HOLE CARDS ***
sienvan: folds
Uncalled bet ($2) returned to Chessnok
Chessnok collected $2 from pot
Chessnok: doesn't show hand
*** SUMMARY ***
Total pot $2 | Rake $0
Seat 1: Chessnok (big blind) collected ($2)
Seat 3: sienvan (button) (small blind) folded before Flop


PokerStars Hand #170878765381:  Hold'em Limit ($3/$6 USD) - 2017/05/24 21:30:35 ET
Table 'Sadachbia' 6-max Seat #3 is the button
Seat 1: Chessnok ($403.28 in chips)
Seat 3: sienvan ($6.09 in chips)
sienvan: posts small blind $1
Chessnok: posts big blind $3
*** HOLE CARDS ***
sienvan: raises $3 to $6
Chessnok: calls $3
*** FLOP *** [6d Qd 9c]
Chessnok: checks
sienvan: bets $0.09 and is all-in
Chessnok: calls $0.09
*** TURN *** [6d Qd 9c] [2d]
*** RIVER *** [6d Qd 9c 2d] [Js]
*** SHOW DOWN ***
Chessnok: shows [8h 6s] (a pair of Sixes)
sienvan: shows [Ts 6h] (a pair of Sixes - Queen+Jack+Ten kicker)
sienvan collected $11.94 from pot
*** SUMMARY ***
Total pot $12.18 | Rake $0.24
Board [6d Qd 9c 2d Js]
Seat 1: Chessnok (big blind) showed [8h 6s] and lost with a pair of Sixes
Seat 3: sienvan (button) (small blind) showed [Ts 6h] and won ($11.94) with a pair of Sixes


PokerStars Hand #170878763165:  Hold'em Limit ($3/$6 USD) - 2017/05/24 21:30:29 ET
Table 'Sadachbia' 6-max Seat #1 is the button
Seat 1: Chessnok ($400.28 in chips)
Seat 3: sienvan ($9.09 in chips)
Chessnok: posts small blind $1
sienvan: posts big blind $3
*** HOLE CARDS ***
Chessnok: raises $3 to $6
sienvan: folds
Uncalled bet ($3) returned to Chessnok
Chessnok collected $6 from pot
Chessnok: doesn't show hand
*** SUMMARY ***
Total pot $6 | Rake $0
Seat 1: Chessnok (button) (small blind) collected ($6)
Seat 3: sienvan (big blind) folded before Flop


PokerStars Hand #170878760296:  Hold'em Limit ($3/$6 USD) - 2017/05/24 21:30:22 ET
Table 'Sadachbia' 6-max Seat #3 is the button
Seat 1: Chessnok ($403.28 in chips)
Seat 3: sienvan ($6.09 in chips)
sienvan: posts small blind $1
Chessnok: posts big blind $3
*** HOLE CARDS ***
sienvan: raises $3 to $6
Chessnok: folds
Uncalled bet ($3) returned to sienvan
sienvan collected $6 from pot
sienvan: doesn't show hand
*** SUMMARY ***
Total pot $6 | Rake $0
Seat 1: Chessnok (big blind) folded before Flop
Seat 3: sienvan (button) (small blind) collected ($6)


PokerStars Hand #170878744786:  Hold'em Limit ($3/$6 USD) - 2017/05/24 21:29:44 ET
Table 'Sadachbia' 6-max Seat #3 is the button
Seat 1: Chessnok ($362.28 in chips)
Seat 3: sienvan ($48.09 in chips)
sienvan: posts small blind $1
Chessnok: posts big blind $3
*** HOLE CARDS ***
sienvan: raises $3 to $6
Chessnok: raises $3 to $9
sienvan: calls $3
*** FLOP *** [Tc 4s Ac]
Chessnok: bets $3
sienvan: calls $3
*** TURN *** [Tc 4s Ac] [9h]
Chessnok: bets $6
sienvan: calls $6
*** RIVER *** [Tc 4s Ac 9h] [Qs]
Chessnok: bets $6
sienvan: folds
Uncalled bet ($6) returned to Chessnok
Chessnok collected $35.50 from pot
Chessnok: doesn't show hand
*** SUMMARY ***
Total pot $36 | Rake $0.50
Board [Tc 4s Ac 9h Qs]
Seat 1: Chessnok (big blind) collected ($35.50)
Seat 3: sienvan (button) (small blind) folded on the River


PokerStars Hand #170878753666:  Hold'em Limit ($3/$6 USD) - 2017/05/24 21:30:06 ET
Table 'Sadachbia' 6-max Seat #1 is the button
Seat 1: Chessnok ($379.78 in chips)
Seat 3: sienvan ($30.09 in chips)
Chessnok: posts small blind $1
sienvan: posts big blind $3
*** HOLE CARDS ***
Chessnok: raises $3 to $6
sienvan: raises $3 to $9
Chessnok: calls $3
*** FLOP *** [Qh 3s Jd]
sienvan: bets $3
Chessnok: calls $3
*** TURN *** [Qh 3s Jd] [Qd]
sienvan: bets $6
Chessnok: calls $6
*** RIVER *** [Qh 3s Jd Qd] [7h]
sienvan: bets $6
Chessnok: calls $6
*** SHOW DOWN ***
sienvan: shows [5c Ac] (a pair of Queens)
Chessnok: shows [9h 3h] (two pair, Queens and Threes)
Chessnok collected $47.50 from pot
*** SUMMARY ***
Total pot $48 | Rake $0.50
Board [Qh 3s Jd Qd 7h]
Seat 1: Chessnok (button) (small blind) showed [9h 3h] and won ($47.50) with two pair, Queens and Threes
Seat 3: sienvan (big blind) showed [5c Ac] and lost with a pair of Queens


PokerStars Hand #170878779369:  Hold'em Limit ($3/$6 USD) - 2017/05/24 21:31:09 ET
Table 'Sadachbia' 6-max Seat #3 is the button
Seat 1: Chessnok ($402.95 in chips)
Seat 3: sienvan ($5.94 in chips)
sienvan: posts small blind $1
Chessnok: posts big blind $3
*** HOLE CARDS ***
sienvan: raises $2.94 to $5.94 and is all-in
Chessnok: calls $2.94
*** FLOP *** [Ac Jh 4c]
*** TURN *** [Ac Jh 4c] [8s]
*** RIVER *** [Ac Jh 4c 8s] [3h]
*** SHOW DOWN ***
Chessnok: shows [Qc 7c] (high card Ace)
sienvan: shows [6d Kc] (high card Ace - King kicker)
sienvan collected $11.64 from pot
*** SUMMARY ***
Total pot $11.88 | Rake $0.24
Board [Ac Jh 4c 8s 3h]
Seat 1: Chessnok (big blind) showed [Qc 7c] and lost with high card Ace
Seat 3: sienvan (button) (small blind) showed [6d Kc] and won ($11.64) with high card Ace


PokerStars Hand #170878793578:  Hold'em Limit ($3/$6 USD) - 2017/05/24 21:31:44 ET
Table 'Sadachbia' 6-max Seat #1 is the button
Seat 1: Chessnok ($386.37 in chips)
Seat 3: sienvan ($65.20 in chips)
Chessnok: posts small blind $1
sienvan: posts big blind $3
*** HOLE CARDS ***
Chessnok: raises $3 to $6
sienvan: raises $3 to $9
Chessnok: calls $3
*** FLOP *** [As Jh 7h]
sienvan: bets $3
Chessnok: calls $3
*** TURN *** [As Jh 7h] [8h]
sienvan: bets $6
Chessnok: calls $6
*** RIVER *** [As Jh 7h 8h] [2s]
sienvan: bets $6
Chessnok: folds
Uncalled bet ($6) returned to sienvan
sienvan collected $35.50 from pot
sienvan: doesn't show hand
*** SUMMARY ***
Total pot $36 | Rake $0.50
Board [As Jh 7h 8h 2s]
Seat 1: Chessnok (button) (small blind) folded on the River
Seat 3: sienvan (big blind) collected ($35.50)


PokerStars Hand #170878791764:  Hold'em Limit ($3/$6 USD) - 2017/05/24 21:31:40 ET
Table 'Sadachbia' 6-max Seat #3 is the button
Seat 1: Chessnok ($385.37 in chips)
Seat 3: sienvan ($66.20 in chips)
sienvan: posts small blind $1
Chessnok: posts big blind $3
*** HOLE CARDS ***
sienvan: folds
Uncalled bet ($2) returned to Chessnok
Chessnok collected $2 from pot
Chessnok: doesn't show hand
*** SUMMARY ***
Total pot $2 | Rake $0
Seat 1: Chessnok (big blind) collected ($2)
Seat 3: sienvan (button) (small blind) folded before Flop


PokerStars Hand #170878785464:  Hold'em Limit ($3/$6 USD) - 2017/05/24 21:31:24 ET
Table 'Sadachbia' 6-max Seat #1 is the button
Seat 1: Chessnok ($397.01 in chips)
Seat 3: sienvan ($11.64 in chips)
Chessnok: posts small blind $1
sienvan: posts big blind $3
*** HOLE CARDS ***
Chessnok: raises $3 to $6
sienvan: raises $3 to $9
Chessnok: calls $3
*** FLOP *** [6c 6d 7s]
sienvan: bets $2.64 and is all-in
Chessnok: calls $2.64
*** TURN *** [6c 6d 7s] [Kc]
*** RIVER *** [6c 6d 7s Kc] [Ad]
*** SHOW DOWN ***
sienvan: shows [Ac Td] (two pair, Aces and Sixes)
Chessnok: shows [Jc 3s] (a pair of Sixes)
sienvan collected $22.81 from pot
*** SUMMARY ***
Total pot $23.28 | Rake $0.47
Board [6c 6d 7s Kc Ad]
Seat 1: Chessnok (button) (small blind) showed [Jc 3s] and lost with a pair of Sixes
Seat 3: sienvan (big blind) showed [Ac Td] and won ($22.81) with two pair, Aces and Sixes


PokerStars Hand #170878772964:  Hold'em Limit ($3/$6 USD) - 2017/05/24 21:30:54 ET
Table 'Sadachbia' 6-max Seat #1 is the button
Seat 1: Chessnok ($397.19 in chips)
Seat 3: sienvan ($11.94 in chips)
Chessnok: posts small blind $1
sienvan: posts big blind $3
*** HOLE CARDS ***
Chessnok: raises $3 to $6
sienvan: calls $3
*** FLOP *** [Ac Jh 4h]
sienvan: checks
Chessnok: bets $3
sienvan: folds
Uncalled bet ($3) returned to Chessnok
Chessnok collected $11.76 from pot
Chessnok: doesn't show hand
*** SUMMARY ***
Total pot $12 | Rake $0.24
Board [Ac Jh 4h]
Seat 1: Chessnok (button) (small blind) collected ($11.76)
Seat 3: sienvan (big blind) folded on the Flop


PokerStars Hand #170878800484:  Hold'em Limit ($3/$6 USD) - 2017/05/24 21:32:02 ET
Table 'Sadachbia' 6-max Seat #3 is the button
Seat 1: Chessnok ($368.37 in chips)
Seat 3: sienvan ($82.70 in chips)
sienvan: posts small blind $1
Chessnok: posts big blind $3
*** HOLE CARDS ***
sienvan: raises $3 to $6
Chessnok: calls $3
*** FLOP *** [Ah 6s Qh]
Chessnok: checks
sienvan: checks
*** TURN *** [Ah 6s Qh] [3h]
Chessnok: checks
sienvan: checks
*** RIVER *** [Ah 6s Qh 3h] [3s]
Chessnok: checks
sienvan: bets $6
Chessnok: folds
Uncalled bet ($6) returned to sienvan
sienvan collected $11.76 from pot
sienvan: doesn't show hand
*** SUMMARY ***
Total pot $12 | Rake $0.24
Board [Ah 6s Qh 3h 3s]
Seat 1: Chessnok (big blind) folded on the River
Seat 3: sienvan (button) (small blind) collected ($11.76)


PokerStars Hand #170878815580:  Hold'em Limit ($3/$6 USD) - 2017/05/24 21:32:39 ET
Table 'Sadachbia' 6-max Seat #3 is the button
Seat 1: Chessnok ($365.37 in chips)
Seat 3: sienvan ($85.46 in chips)
sienvan: posts small blind $1
Chessnok: posts big blind $3
*** HOLE CARDS ***
sienvan: raises $3 to $6
Chessnok: raises $3 to $9
sienvan: calls $3
*** FLOP *** [Kh 6s 4s]
Chessnok: bets $3
sienvan: calls $3
*** TURN *** [Kh 6s 4s] [Kc]
Chessnok: bets $6
sienvan: calls $6
*** RIVER *** [Kh 6s 4s Kc] [4d]
Chessnok: bets $6
sienvan: calls $6
*** SHOW DOWN ***
Chessnok: shows [Qc Ah] (two pair, Kings and Fours)
sienvan: shows [Ts Ad] (two pair, Kings and Fours)
Chessnok collected $23.75 from pot
sienvan collected $23.75 from pot
*** SUMMARY ***
Total pot $48 | Rake $0.50
Board [Kh 6s 4s Kc 4d]
Seat 1: Chessnok (big blind) showed [Qc Ah] and won ($23.75) with two pair, Kings and Fours
Seat 3: sienvan (button) (small blind) showed [Ts Ad] and won ($23.75) with two pair, Kings and Fours


PokerStars Hand #170878813304:  Hold'em Limit ($3/$6 USD) - 2017/05/24 21:32:33 ET
Table 'Sadachbia' 6-max Seat #1 is the button
Seat 1: Chessnok ($366.37 in chips)
Seat 3: sienvan ($84.46 in chips)
Chessnok: posts small blind $1
sienvan: posts big blind $3
*** HOLE CARDS ***
Chessnok: folds
Uncalled bet ($2) returned to sienvan
sienvan collected $2 from pot
sienvan: doesn't show hand
*** SUMMARY ***
Total pot $2 | Rake $0
Seat 1: Chessnok (button) (small blind) folded before Flop
Seat 3: sienvan (big blind) collected ($2)


PokerStars Hand #170878811442:  Hold'em Limit ($3/$6 USD) - 2017/05/24 21:32:29 ET
Table 'Sadachbia' 6-max Seat #3 is the button
Seat 1: Chessnok ($365.37 in chips)
Seat 3: sienvan ($85.46 in chips)
sienvan: posts small blind $1
Chessnok: posts big blind $3
*** HOLE CARDS ***
sienvan: folds
Uncalled bet ($2) returned to Chessnok
Chessnok collected $2 from pot
Chessnok: doesn't show hand
*** SUMMARY ***
Total pot $2 | Rake $0
Seat 1: Chessnok (big blind) collected ($2)
Seat 3: sienvan (button) (small blind) folded before Flop


PokerStars Hand #170878809609:  Hold'em Limit ($3/$6 USD) - 2017/05/24 21:32:24 ET
Table 'Sadachbia' 6-max Seat #1 is the button
Seat 1: Chessnok ($362.37 in chips)
Seat 3: sienvan ($88.46 in chips)
Chessnok: posts small blind $1
sienvan: posts big blind $3
*** HOLE CARDS ***
Chessnok: raises $3 to $6
sienvan: folds
Uncalled bet ($3) returned to Chessnok
Chessnok collected $6 from pot
Chessnok: doesn't show hand
*** SUMMARY ***
Total pot $6 | Rake $0
Seat 1: Chessnok (button) (small blind) collected ($6)
Seat 3: sienvan (big blind) folded before Flop


PokerStars Hand #170878842636:  Hold'em Limit ($3/$6 USD) - 2017/05/24 21:33:46 ET
Table 'Sadachbia' 6-max Seat #1 is the button
Seat 1: Chessnok ($369.62 in chips)
Seat 3: sienvan ($79.73 in chips)
Chessnok: posts small blind $1
sienvan: posts big blind $3
*** HOLE CARDS ***
Chessnok: raises $3 to $6
sienvan: calls $3
*** FLOP *** [Kd Ac 2s]
sienvan: checks
Chessnok: bets $3
sienvan: folds
Uncalled bet ($3) returned to Chessnok
Chessnok collected $11.76 from pot
Chessnok: doesn't show hand
*** SUMMARY ***
Total pot $12 | Rake $0.24
Board [Kd Ac 2s]
Seat 1: Chessnok (button) (small blind) collected ($11.76)
Seat 3: sienvan (big blind) folded on the Flop


PokerStars Hand #170878839736:  Hold'em Limit ($3/$6 USD) - 2017/05/24 21:33:39 ET
Table 'Sadachbia' 6-max Seat #3 is the button
Seat 1: Chessnok ($368.62 in chips)
Seat 3: sienvan ($80.73 in chips)
sienvan: posts small blind $1
Chessnok: posts big blind $3
*** HOLE CARDS ***
sienvan: folds
Uncalled bet ($2) returned to Chessnok
Chessnok collected $2 from pot
Chessnok: doesn't show hand
*** SUMMARY ***
Total pot $2 | Rake $0
Seat 1: Chessnok (big blind) collected ($2)
Seat 3: sienvan (button) (small blind) folded before Flop


PokerStars Hand #170878834114:  Hold'em Limit ($3/$6 USD) - 2017/05/24 21:33:25 ET
Table 'Sadachbia' 6-max Seat #1 is the button
Seat 1: Chessnok ($380.62 in chips)
Seat 3: sienvan ($69.21 in chips)
Chessnok: posts small blind $1
sienvan: posts big blind $3
*** HOLE CARDS ***
Chessnok: raises $3 to $6
sienvan: raises $3 to $9
Chessnok: calls $3
*** FLOP *** [Ks 7d 9d]
sienvan: bets $3
Chessnok: calls $3
*** TURN *** [Ks 7d 9d] [9s]
sienvan: bets $6
Chessnok: folds
Uncalled bet ($6) returned to sienvan
sienvan collected $23.52 from pot
sienvan: doesn't show hand
*** SUMMARY ***
Total pot $24 | Rake $0.48
Board [Ks 7d 9d 9s]
Seat 1: Chessnok (button) (small blind) folded on the Turn
Seat 3: sienvan (big blind) collected ($23.52)


PokerStars Hand #170878831165:  Hold'em Limit ($3/$6 USD) - 2017/05/24 21:33:18 ET
Table 'Sadachbia' 6-max Seat #3 is the button
Seat 1: Chessnok ($379.62 in chips)
Seat 3: sienvan ($70.21 in chips)
sienvan: posts small blind $1
Chessnok: posts big blind $3
*** HOLE CARDS ***
sienvan: folds
Uncalled bet ($2) returned to Chessnok
Chessnok collected $2 from pot
Chessnok: doesn't show hand
*** SUMMARY ***
Total pot $2 | Rake $0
Seat 1: Chessnok (big blind) collected ($2)
Seat 3: sienvan (button) (small blind) folded before Flop


PokerStars Hand #170878823478:  Hold'em Limit ($3/$6 USD) - 2017/05/24 21:32:59 ET
Table 'Sadachbia' 6-max Seat #1 is the button
Seat 1: Chessnok ($365.12 in chips)
Seat 3: sienvan ($85.21 in chips)
Chessnok: posts small blind $1
sienvan: posts big blind $3
*** HOLE CARDS ***
Chessnok: raises $3 to $6
sienvan: calls $3
*** FLOP *** [4h 2s 6s]
sienvan: checks
Chessnok: bets $3
sienvan: calls $3
*** TURN *** [4h 2s 6s] [9c]
sienvan: checks
Chessnok: bets $6
sienvan: calls $6
*** RIVER *** [4h 2s 6s 9c] [4d]
sienvan: checks
Chessnok: checks
*** SHOW DOWN ***
sienvan: shows [5h 8s] (a pair of Fours)
Chessnok: shows [Ks Qd] (a pair of Fours - King kicker)
Chessnok collected $29.50 from pot
*** SUMMARY ***
Total pot $30 | Rake $0.50
Board [4h 2s 6s 9c 4d]
Seat 1: Chessnok (button) (small blind) showed [Ks Qd] and won ($29.50) with a pair of Fours
Seat 3: sienvan (big blind) showed [5h 8s] and lost with a pair of Fours


PokerStars Hand #170878851850:  Hold'em Limit ($3/$6 USD) - 2017/05/24 21:34:09 ET
Table 'Sadachbia' 6-max Seat #1 is the button
Seat 1: Chessnok ($384.02 in chips)
Seat 3: sienvan ($64.73 in chips)
Chessnok: posts small blind $1
sienvan: posts big blind $3
*** HOLE CARDS ***
Chessnok: folds
Uncalled bet ($2) returned to sienvan
sienvan collected $2 from pot
sienvan: doesn't show hand
*** SUMMARY ***
Total pot $2 | Rake $0
Seat 1: Chessnok (button) (small blind) folded before Flop
Seat 3: sienvan (big blind) collected ($2)


PokerStars Hand #170878846330:  Hold'em Limit ($3/$6 USD) - 2017/05/24 21:33:55 ET
Table 'Sadachbia' 6-max Seat #3 is the button
Seat 1: Chessnok ($375.38 in chips)
Seat 3: sienvan ($73.73 in chips)
sienvan: posts small blind $1
Chessnok: posts big blind $3
*** HOLE CARDS ***
sienvan: raises $3 to $6
Chessnok: raises $3 to $9
sienvan: calls $3
*** FLOP *** [7d Jh 4s]
Chessnok: bets $3
sienvan: folds
Uncalled bet ($3) returned to Chessnok
Chessnok collected $17.64 from pot
Chessnok: doesn't show hand
*** SUMMARY ***
Total pot $18 | Rake $0.36
Board [7d Jh 4s]
Seat 1: Chessnok (big blind) collected ($17.64)
Seat 3: sienvan (button) (small blind) folded on the Flop


PokerStars Hand #170878861313:  Hold'em Limit ($3/$6 USD) - 2017/05/24 21:34:33 ET
Table 'Sadachbia' 6-max Seat #1 is the button
Seat 1: Chessnok ($400.52 in chips)
Seat 3: sienvan ($47.73 in chips)
Chessnok: posts small blind $1
sienvan: posts big blind $3
*** HOLE CARDS ***
Chessnok: raises $3 to $6
sienvan: calls $3
*** FLOP *** [Ts 5s Ad]
sienvan: checks
Chessnok: bets $3
sienvan: folds
Uncalled bet ($3) returned to Chessnok
Chessnok collected $11.76 from pot
Chessnok: doesn't show hand
*** SUMMARY ***
Total pot $12 | Rake $0.24
Board [Ts 5s Ad]
Seat 1: Chessnok (button) (small blind) collected ($11.76)
Seat 3: sienvan (big blind) folded on the Flop


PokerStars Hand #170878854043:  Hold'em Limit ($3/$6 USD) - 2017/05/24 21:34:15 ET
Table 'Sadachbia' 6-max Seat #3 is the button
Seat 1: Chessnok ($383.02 in chips)
Seat 3: sienvan ($65.73 in chips)
sienvan: posts small blind $1
Chessnok: posts big blind $3
*** HOLE CARDS ***
sienvan: raises $3 to $6
Chessnok: calls $3
*** FLOP *** [5s 8h Qs]
Chessnok: checks
sienvan: bets $3
Chessnok: raises $3 to $6
sienvan: calls $3
*** TURN *** [5s 8h Qs] [6s]
Chessnok: bets $6
sienvan: calls $6
*** RIVER *** [5s 8h Qs 6s] [Ks]
Chessnok: bets $6
sienvan: folds
Uncalled bet ($6) returned to Chessnok
Chessnok collected $35.50 from pot
Chessnok: doesn't show hand
*** SUMMARY ***
Total pot $36 | Rake $0.50
Board [5s 8h Qs 6s Ks]
Seat 1: Chessnok (big blind) collected ($35.50)
Seat 3: sienvan (button) (small blind) folded on the River


PokerStars Hand #170878874921:  Hold'em Limit ($3/$6 USD) - 2017/05/24 21:35:07 ET
Table 'Sadachbia' 6-max Seat #1 is the button
Seat 1: Chessnok ($423.78 in chips)
Seat 3: sienvan ($43.73 in chips)
Chessnok: posts small blind $1
sienvan: posts big blind $3
*** HOLE CARDS ***
Chessnok: raises $3 to $6
sienvan: raises $3 to $9
Chessnok: calls $3
*** FLOP *** [Td 4c 2c]
sienvan: bets $3
Chessnok: folds
Uncalled bet ($3) returned to sienvan
sienvan collected $17.64 from pot
sienvan: doesn't show hand
*** SUMMARY ***
Total pot $18 | Rake $0.36
Board [Td 4c 2c]
Seat 1: Chessnok (button) (small blind) folded on the Flop
Seat 3: sienvan (big blind) collected ($17.64)


PokerStars Hand #170878868463:  Hold'em Limit ($3/$6 USD) - 2017/05/24 21:34:51 ET
Table 'Sadachbia' 6-max Seat #3 is the button
Seat 1: Chessnok ($406.28 in chips)
Seat 3: sienvan ($61.73 in chips)
sienvan: posts small blind $1
Chessnok: posts big blind $3
*** HOLE CARDS ***
sienvan: raises $3 to $6
Chessnok: raises $3 to $9
sienvan: calls $3
*** FLOP *** [6c 5h 3d]
Chessnok: bets $3
sienvan: calls $3
*** TURN *** [6c 5h 3d] [Kd]
Chessnok: bets $6
sienvan: calls $6
*** RIVER *** [6c 5h 3d Kd] [4c]
Chessnok: checks
sienvan: checks
*** SHOW DOWN ***
Chessnok: shows [3c Ac] (a pair of Threes)
sienvan: mucks hand
Chessnok collected $35.50 from pot
*** SUMMARY ***
Total pot $36 | Rake $0.50
Board [6c 5h 3d Kd 4c]
Seat 1: Chessnok (big blind) showed [3c Ac] and won ($35.50) with a pair of Threes
Seat 3: sienvan (button) (small blind) mucked


PokerStars Hand #170878881152:  Hold'em Limit ($3/$6 USD) - 2017/05/24 21:35:22 ET
Table 'Sadachbia' 6-max Seat #3 is the button
Seat 1: Chessnok ($414.78 in chips)
Seat 3: sienvan ($52.37 in chips)
sienvan: posts small blind $1
Chessnok: posts big blind $3
*** HOLE CARDS ***
sienvan: raises $3 to $6
Chessnok: calls $3
*** FLOP *** [5h 8c 7h]
Chessnok: checks
sienvan: bets $3
Chessnok: calls $3
*** TURN *** [5h 8c 7h] [3h]
Chessnok: checks
sienvan: bets $6
Chessnok: calls $6
*** RIVER *** [5h 8c 7h 3h] [8s]
Chessnok: bets $6
sienvan: calls $6
*** SHOW DOWN ***
Chessnok: shows [7s Ts] (two pair, Eights and Sevens)
sienvan: mucks hand
Chessnok collected $41.50 from pot
*** SUMMARY ***
Total pot $42 | Rake $0.50
Board [5h 8c 7h 3h 8s]
Seat 1: Chessnok (big blind) showed [7s Ts] and won ($41.50) with two pair, Eights and Sevens
Seat 3: sienvan (button) (small blind) mucked


PokerStars Hand #170878890803:  Hold'em Limit ($3/$6 USD) - 2017/05/24 21:35:46 ET
Table 'Sadachbia' 6-max Seat #1 is the button
Seat 1: Chessnok ($435.28 in chips)
Seat 3: sienvan ($31.37 in chips)
Chessnok: posts small blind $1
sienvan: posts big blind $3
*** HOLE CARDS ***
Chessnok: raises $3 to $6
sienvan: raises $3 to $9
Chessnok: calls $3
*** FLOP *** [Jc 7s 2s]
sienvan: bets $3
Chessnok: calls $3
*** TURN *** [Jc 7s 2s] [Kd]
sienvan: bets $6
Chessnok: raises $6 to $12
sienvan: calls $6
*** RIVER *** [Jc 7s 2s Kd] [8s]
sienvan: checks
Chessnok: bets $6
sienvan: folds
Uncalled bet ($6) returned to Chessnok
Chessnok collected $47.50 from pot
Chessnok: doesn't show hand
*** SUMMARY ***
Total pot $48 | Rake $0.50
Board [Jc 7s 2s Kd 8s]
Seat 1: Chessnok (button) (small blind) collected ($47.50)
Seat 3: sienvan (big blind) folded on the River


PokerStars Hand #170878900619:  Hold'em Limit ($3/$6 USD) - 2017/05/24 21:36:10 ET
Table 'Sadachbia' 6-max Seat #3 is the button
Seat 1: Chessnok ($458.78 in chips)
Seat 3: sienvan ($7.37 in chips)
sienvan: posts small blind $1
Chessnok: posts big blind $3
*** HOLE CARDS ***
sienvan: raises $3 to $6
Chessnok: calls $3
*** FLOP *** [4h 9h 4c]
Chessnok: checks
sienvan: bets $1.37 and is all-in
Chessnok: calls $1.37
*** TURN *** [4h 9h 4c] [5s]
*** RIVER *** [4h 9h 4c 5s] [9s]
*** SHOW DOWN ***
Chessnok: shows [Qh 5c] (two pair, Nines and Fives)
sienvan: shows [Ac Ts] (two pair, Nines and Fours)
Chessnok collected $14.45 from pot
sienvan leaves the table
*** SUMMARY ***
Total pot $14.74 | Rake $0.29
Board [4h 9h 4c 5s 9s]
Seat 1: Chessnok (big blind) showed [Qh 5c] and won ($14.45) with two pair, Nines and Fives
Seat 3: sienvan (button) (small blind) showed [Ac Ts] and lost with two pair, Nines and Fours


