PokerStars Hand #144453534678:  Hold'em Limit ($3/$6 USD) - 2015/11/27 8:06:03 ET
Table 'Sadalmelik II' 2-max Seat #2 is the button
Seat 1: REZOLUTION84 ($60 in chips)
Seat 2: melatonin88 ($60 in chips)
melatonin88: posts small blind $1
REZOLUTION84: posts big blind $3
*** HOLE CARDS ***
melatonin88: calls $2
REZOLUTION84: raises $3 to $6
melatonin88: calls $3
*** FLOP *** [Tc 9h Ts]
REZOLUTION84: bets $3
melatonin88: calls $3
*** TURN *** [Tc 9h Ts] [Kh]
REZOLUTION84: bets $6
melatonin88: calls $6
*** RIVER *** [Tc 9h Ts Kh] [4d]
REZOLUTION84: bets $6
melatonin88: raises $6 to $12
REZOLUTION84: calls $6
*** SHOW DOWN ***
melatonin88: shows [Td 2d] (three of a kind, Tens)
REZOLUTION84: mucks hand
melatonin88 collected $53.50 from pot
*** SUMMARY ***
Total pot $54 | Rake $0.50
Board [Tc 9h Ts Kh 4d]
Seat 1: REZOLUTION84 (big blind) mucked
Seat 2: melatonin88 (button) (small blind) showed [Td 2d] and won ($53.50) with three of a kind, Tens


PokerStars Hand #144453547070:  Hold'em Limit ($3/$6 USD) - 2015/11/27 8:06:26 ET
Table 'Sadalmelik II' 2-max Seat #1 is the button
Seat 1: REZOLUTION84 ($60 in chips)
Seat 2: melatonin88 ($86.50 in chips)
REZOLUTION84: posts small blind $1
melatonin88: posts big blind $3
*** HOLE CARDS ***
REZOLUTION84: raises $3 to $6
melatonin88: calls $3
*** FLOP *** [Ac 8s 5d]
melatonin88: checks
REZOLUTION84: bets $3
melatonin88: calls $3
*** TURN *** [Ac 8s 5d] [Js]
melatonin88: checks
REZOLUTION84: checks
*** RIVER *** [Ac 8s 5d Js] [Jc]
melatonin88: checks
REZOLUTION84: checks
*** SHOW DOWN ***
melatonin88: shows [8d 9d] (two pair, Jacks and Eights)
REZOLUTION84: mucks hand
melatonin88 collected $17.64 from pot
*** SUMMARY ***
Total pot $18 | Rake $0.36
Board [Ac 8s 5d Js Jc]
Seat 1: REZOLUTION84 (button) (small blind) mucked
Seat 2: melatonin88 (big blind) showed [8d 9d] and won ($17.64) with two pair, Jacks and Eights


PokerStars Hand #144453553980:  Hold'em Limit ($3/$6 USD) - 2015/11/27 8:06:39 ET
Table 'Sadalmelik II' 2-max Seat #2 is the button
Seat 1: REZOLUTION84 ($60 in chips)
Seat 2: melatonin88 ($95.14 in chips)
melatonin88: posts small blind $1
REZOLUTION84: posts big blind $3
*** HOLE CARDS ***
melatonin88: calls $2
REZOLUTION84: raises $3 to $6
melatonin88: calls $3
*** FLOP *** [3h Kd Jd]
REZOLUTION84: bets $3
melatonin88: calls $3
*** TURN *** [3h Kd Jd] [9h]
REZOLUTION84: bets $6
melatonin88: calls $6
*** RIVER *** [3h Kd Jd 9h] [7s]
REZOLUTION84: checks
melatonin88: bets $6
REZOLUTION84: calls $6
*** SHOW DOWN ***
melatonin88: shows [Ks 6s] (a pair of Kings)
REZOLUTION84: mucks hand
melatonin88 collected $41.50 from pot
*** SUMMARY ***
Total pot $42 | Rake $0.50
Board [3h Kd Jd 9h 7s]
Seat 1: REZOLUTION84 (big blind) mucked
Seat 2: melatonin88 (button) (small blind) showed [Ks 6s] and won ($41.50) with a pair of Kings


PokerStars Hand #144453562149:  Hold'em Limit ($3/$6 USD) - 2015/11/27 8:06:54 ET
Table 'Sadalmelik II' 2-max Seat #1 is the button
Seat 1: REZOLUTION84 ($60 in chips)
Seat 2: melatonin88 ($115.64 in chips)
REZOLUTION84: posts small blind $1
melatonin88: posts big blind $3
*** HOLE CARDS ***
REZOLUTION84: raises $3 to $6
melatonin88: calls $3
*** FLOP *** [3d Ac 9d]
melatonin88: checks
REZOLUTION84: bets $3
melatonin88: calls $3
*** TURN *** [3d Ac 9d] [2s]
melatonin88: checks
REZOLUTION84: bets $6
melatonin88: calls $6
*** RIVER *** [3d Ac 9d 2s] [8h]
melatonin88: checks
REZOLUTION84: bets $6
melatonin88: calls $6
*** SHOW DOWN ***
REZOLUTION84: shows [Ah 7h] (a pair of Aces)
melatonin88: mucks hand
REZOLUTION84 collected $41.50 from pot
*** SUMMARY ***
Total pot $42 | Rake $0.50
Board [3d Ac 9d 2s 8h]
Seat 1: REZOLUTION84 (button) (small blind) showed [Ah 7h] and won ($41.50) with a pair of Aces
Seat 2: melatonin88 (big blind) mucked


PokerStars Hand #144453577994:  Hold'em Limit ($3/$6 USD) - 2015/11/27 8:07:23 ET
Table 'Sadalmelik II' 2-max Seat #1 is the button
Seat 1: REZOLUTION84 ($71.50 in chips)
Seat 2: melatonin88 ($103.28 in chips)
REZOLUTION84: posts small blind $1
melatonin88: posts big blind $3
*** HOLE CARDS ***
REZOLUTION84: folds
Uncalled bet ($2) returned to melatonin88
melatonin88 collected $2 from pot
*** SUMMARY ***
Total pot $2 | Rake $0
Seat 1: REZOLUTION84 (button) (small blind) folded before Flop
Seat 2: melatonin88 (big blind) collected ($2)


PokerStars Hand #144453571205:  Hold'em Limit ($3/$6 USD) - 2015/11/27 8:07:10 ET
Table 'Sadalmelik II' 2-max Seat #2 is the button
Seat 1: REZOLUTION84 ($80.50 in chips)
Seat 2: melatonin88 ($94.64 in chips)
melatonin88: posts small blind $1
REZOLUTION84: posts big blind $3
*** HOLE CARDS ***
melatonin88: calls $2
REZOLUTION84: raises $3 to $6
melatonin88: calls $3
*** FLOP *** [4h Js Ad]
REZOLUTION84: bets $3
melatonin88: calls $3
*** TURN *** [4h Js Ad] [5s]
REZOLUTION84: checks
melatonin88: bets $6
REZOLUTION84: folds
Uncalled bet ($6) returned to melatonin88
melatonin88 collected $17.64 from pot
*** SUMMARY ***
Total pot $18 | Rake $0.36
Board [4h Js Ad 5s]
Seat 1: REZOLUTION84 (big blind) folded on the Turn
Seat 2: melatonin88 (button) (small blind) collected ($17.64)


PokerStars Hand #144453580598:  Hold'em Limit ($3/$6 USD) - 2015/11/27 8:07:28 ET
Table 'Sadalmelik II' 2-max Seat #2 is the button
Seat 1: REZOLUTION84 ($70.50 in chips)
Seat 2: melatonin88 ($104.28 in chips)
melatonin88: posts small blind $1
REZOLUTION84: posts big blind $3
*** HOLE CARDS ***
melatonin88: folds
Uncalled bet ($2) returned to REZOLUTION84
REZOLUTION84 collected $2 from pot
REZOLUTION84: doesn't show hand
*** SUMMARY ***
Total pot $2 | Rake $0
Seat 1: REZOLUTION84 (big blind) collected ($2)
Seat 2: melatonin88 (button) (small blind) folded before Flop


PokerStars Hand #144453616237:  Hold'em Limit ($3/$6 USD) - 2015/11/27 8:08:34 ET
Table 'Sadalmelik II' 2-max Seat #2 is the button
Seat 1: REZOLUTION84 ($112.50 in chips)
Seat 2: melatonin88 ($61.04 in chips)
melatonin88: posts small blind $1
REZOLUTION84: posts big blind $3
*** HOLE CARDS ***
melatonin88: folds
Uncalled bet ($2) returned to REZOLUTION84
REZOLUTION84 collected $2 from pot
REZOLUTION84: doesn't show hand
*** SUMMARY ***
Total pot $2 | Rake $0
Seat 1: REZOLUTION84 (big blind) collected ($2)
Seat 2: melatonin88 (button) (small blind) folded before Flop


PokerStars Hand #144453599887:  Hold'em Limit ($3/$6 USD) - 2015/11/27 8:08:03 ET
Table 'Sadalmelik II' 2-max Seat #1 is the button
Seat 1: REZOLUTION84 ($80 in chips)
Seat 2: melatonin88 ($94.04 in chips)
REZOLUTION84: posts small blind $1
melatonin88: posts big blind $3
*** HOLE CARDS ***
REZOLUTION84: raises $3 to $6
melatonin88: raises $3 to $9
REZOLUTION84: raises $3 to $12
Betting is capped
melatonin88: calls $3
*** FLOP *** [Kc 2c 4c]
melatonin88: checks
REZOLUTION84: bets $3
melatonin88: calls $3
*** TURN *** [Kc 2c 4c] [8c]
melatonin88: checks
REZOLUTION84: bets $6
melatonin88: calls $6
*** RIVER *** [Kc 2c 4c 8c] [6d]
melatonin88: bets $6
REZOLUTION84: raises $6 to $12
melatonin88: calls $6
*** SHOW DOWN ***
REZOLUTION84: shows [Ac Ks] (a flush, Ace high)
melatonin88: mucks hand
REZOLUTION84 collected $65.50 from pot
*** SUMMARY ***
Total pot $66 | Rake $0.50
Board [Kc 2c 4c 8c 6d]
Seat 1: REZOLUTION84 (button) (small blind) showed [Ac Ks] and won ($65.50) with a flush, Ace high
Seat 2: melatonin88 (big blind) mucked


PokerStars Hand #144453593275:  Hold'em Limit ($3/$6 USD) - 2015/11/27 8:07:51 ET
Table 'Sadalmelik II' 2-max Seat #2 is the button
Seat 1: REZOLUTION84 ($86 in chips)
Seat 2: melatonin88 ($88.28 in chips)
melatonin88: posts small blind $1
REZOLUTION84: posts big blind $3
*** HOLE CARDS ***
melatonin88: raises $3 to $6
REZOLUTION84: calls $3
*** FLOP *** [Js Ts Qh]
REZOLUTION84: checks
melatonin88: checks
*** TURN *** [Js Ts Qh] [6h]
REZOLUTION84: checks
melatonin88: bets $6
REZOLUTION84: folds
Uncalled bet ($6) returned to melatonin88
melatonin88 collected $11.76 from pot
*** SUMMARY ***
Total pot $12 | Rake $0.24
Board [Js Ts Qh 6h]
Seat 1: REZOLUTION84 (big blind) folded on the Turn
Seat 2: melatonin88 (button) (small blind) collected ($11.76)


PokerStars Hand #144453583414:  Hold'em Limit ($3/$6 USD) - 2015/11/27 8:07:33 ET
Table 'Sadalmelik II' 2-max Seat #1 is the button
Seat 1: REZOLUTION84 ($71.50 in chips)
Seat 2: melatonin88 ($103.28 in chips)
REZOLUTION84: posts small blind $1
melatonin88: posts big blind $3
*** HOLE CARDS ***
REZOLUTION84: raises $3 to $6
melatonin88: calls $3
*** FLOP *** [9c 8c 7c]
melatonin88: bets $3
REZOLUTION84: calls $3
*** TURN *** [9c 8c 7c] [3c]
melatonin88: checks
REZOLUTION84: bets $6
melatonin88: calls $6
*** RIVER *** [9c 8c 7c 3c] [Ks]
melatonin88: checks
REZOLUTION84: bets $6
melatonin88: folds
Uncalled bet ($6) returned to REZOLUTION84
REZOLUTION84 collected $29.50 from pot
REZOLUTION84: doesn't show hand
*** SUMMARY ***
Total pot $30 | Rake $0.50
Board [9c 8c 7c 3c Ks]
Seat 1: REZOLUTION84 (button) (small blind) collected ($29.50)
Seat 2: melatonin88 (big blind) folded on the River


PokerStars Hand #144453644111:  Hold'em Limit ($3/$6 USD) - 2015/11/27 8:09:25 ET
Table 'Sadalmelik II' 2-max Seat #1 is the button
Seat 1: REZOLUTION84 ($104 in chips)
Seat 2: melatonin88 ($68.30 in chips)
REZOLUTION84: posts small blind $1
melatonin88: posts big blind $3
*** HOLE CARDS ***
REZOLUTION84: raises $3 to $6
melatonin88: calls $3
*** FLOP *** [Qc Kd As]
melatonin88: bets $3
REZOLUTION84: calls $3
*** TURN *** [Qc Kd As] [Jc]
melatonin88: checks
REZOLUTION84: bets $6
melatonin88: folds
Uncalled bet ($6) returned to REZOLUTION84
REZOLUTION84 collected $17.64 from pot
REZOLUTION84: doesn't show hand
*** SUMMARY ***
Total pot $18 | Rake $0.36
Board [Qc Kd As Jc]
Seat 1: REZOLUTION84 (button) (small blind) collected ($17.64)
Seat 2: melatonin88 (big blind) folded on the Turn


PokerStars Hand #144453640922:  Hold'em Limit ($3/$6 USD) - 2015/11/27 8:09:19 ET
Table 'Sadalmelik II' 2-max Seat #2 is the button
Seat 1: REZOLUTION84 ($107 in chips)
Seat 2: melatonin88 ($65.30 in chips)
melatonin88: posts small blind $1
REZOLUTION84: posts big blind $3
*** HOLE CARDS ***
melatonin88: raises $3 to $6
REZOLUTION84: folds
Uncalled bet ($3) returned to melatonin88
melatonin88 collected $6 from pot
*** SUMMARY ***
Total pot $6 | Rake $0
Seat 1: REZOLUTION84 (big blind) folded before Flop
Seat 2: melatonin88 (button) (small blind) collected ($6)


PokerStars Hand #144453636395:  Hold'em Limit ($3/$6 USD) - 2015/11/27 8:09:10 ET
Table 'Sadalmelik II' 2-max Seat #1 is the button
Seat 1: REZOLUTION84 ($113 in chips)
Seat 2: melatonin88 ($59.54 in chips)
REZOLUTION84: posts small blind $1
melatonin88: posts big blind $3
*** HOLE CARDS ***
REZOLUTION84: raises $3 to $6
melatonin88: calls $3
*** FLOP *** [Qc 3s Ac]
melatonin88: bets $3
REZOLUTION84: folds
Uncalled bet ($3) returned to melatonin88
melatonin88 collected $11.76 from pot
*** SUMMARY ***
Total pot $12 | Rake $0.24
Board [Qc 3s Ac]
Seat 1: REZOLUTION84 (button) (small blind) folded on the Flop
Seat 2: melatonin88 (big blind) collected ($11.76)


PokerStars Hand #144453629198:  Hold'em Limit ($3/$6 USD) - 2015/11/27 8:08:57 ET
Table 'Sadalmelik II' 2-max Seat #2 is the button
Seat 1: REZOLUTION84 ($128 in chips)
Seat 2: melatonin88 ($45.04 in chips)
melatonin88: posts small blind $1
REZOLUTION84: posts big blind $3
*** HOLE CARDS ***
melatonin88: calls $2
REZOLUTION84: checks
*** FLOP *** [Ad 8s Js]
REZOLUTION84: checks
melatonin88: checks
*** TURN *** [Ad 8s Js] [9s]
REZOLUTION84: bets $6
melatonin88: calls $6
*** RIVER *** [Ad 8s Js 9s] [Ac]
REZOLUTION84: bets $6
melatonin88: raises $6 to $12
REZOLUTION84: folds
Uncalled bet ($6) returned to melatonin88
melatonin88 collected $29.50 from pot
*** SUMMARY ***
Total pot $30 | Rake $0.50
Board [Ad 8s Js 9s Ac]
Seat 1: REZOLUTION84 (big blind) folded on the River
Seat 2: melatonin88 (button) (small blind) collected ($29.50)


PokerStars Hand #144453619202:  Hold'em Limit ($3/$6 USD) - 2015/11/27 8:08:39 ET
Table 'Sadalmelik II' 2-max Seat #1 is the button
Seat 1: REZOLUTION84 ($113.50 in chips)
Seat 2: melatonin88 ($60.04 in chips)
REZOLUTION84: posts small blind $1
melatonin88: posts big blind $3
*** HOLE CARDS ***
REZOLUTION84: raises $3 to $6
melatonin88: calls $3
*** FLOP *** [5c Jd 6c]
melatonin88: checks
REZOLUTION84: bets $3
melatonin88: calls $3
*** TURN *** [5c Jd 6c] [4d]
melatonin88: checks
REZOLUTION84: bets $6
melatonin88: calls $6
*** RIVER *** [5c Jd 6c 4d] [Ah]
melatonin88: checks
REZOLUTION84: checks
*** SHOW DOWN ***
melatonin88: shows [8c 9c] (high card Ace)
REZOLUTION84: shows [Td Tc] (a pair of Tens)
REZOLUTION84 collected $29.50 from pot
*** SUMMARY ***
Total pot $30 | Rake $0.50
Board [5c Jd 6c 4d Ah]
Seat 1: REZOLUTION84 (button) (small blind) showed [Td Tc] and won ($29.50) with a pair of Tens
Seat 2: melatonin88 (big blind) showed [8c 9c] and lost with high card Ace


PokerStars Hand #144453682391:  Hold'em Limit ($3/$6 USD) - 2015/11/27 8:10:34 ET
Table 'Sadalmelik II' 2-max Seat #2 is the button
Seat 1: REZOLUTION84 ($147.40 in chips)
Seat 2: melatonin88 ($22.94 in chips)
melatonin88: posts small blind $1
REZOLUTION84: posts big blind $3
*** HOLE CARDS ***
melatonin88: folds
Uncalled bet ($2) returned to REZOLUTION84
REZOLUTION84 collected $2 from pot
REZOLUTION84: doesn't show hand
*** SUMMARY ***
Total pot $2 | Rake $0
Seat 1: REZOLUTION84 (big blind) collected ($2)
Seat 2: melatonin88 (button) (small blind) folded before Flop


PokerStars Hand #144453676745:  Hold'em Limit ($3/$6 USD) - 2015/11/27 8:10:24 ET
Table 'Sadalmelik II' 2-max Seat #1 is the button
Seat 1: REZOLUTION84 ($141.64 in chips)
Seat 2: melatonin88 ($28.94 in chips)
REZOLUTION84: posts small blind $1
melatonin88: posts big blind $3
*** HOLE CARDS ***
REZOLUTION84: raises $3 to $6
melatonin88: calls $3
*** FLOP *** [3h 7c Tc]
melatonin88: checks
REZOLUTION84: bets $3
melatonin88: folds
Uncalled bet ($3) returned to REZOLUTION84
REZOLUTION84 collected $11.76 from pot
REZOLUTION84: doesn't show hand
*** SUMMARY ***
Total pot $12 | Rake $0.24
Board [3h 7c Tc]
Seat 1: REZOLUTION84 (button) (small blind) collected ($11.76)
Seat 2: melatonin88 (big blind) folded on the Flop


PokerStars Hand #144453667793:  Hold'em Limit ($3/$6 USD) - 2015/11/27 8:10:08 ET
Table 'Sadalmelik II' 2-max Seat #2 is the button
Seat 1: REZOLUTION84 ($124.14 in chips)
Seat 2: melatonin88 ($46.94 in chips)
melatonin88: posts small blind $1
REZOLUTION84: posts big blind $3
*** HOLE CARDS ***
melatonin88: raises $3 to $6
REZOLUTION84: calls $3
*** FLOP *** [Ks 3h Qs]
REZOLUTION84: checks
melatonin88: checks
*** TURN *** [Ks 3h Qs] [4s]
REZOLUTION84: bets $6
melatonin88: calls $6
*** RIVER *** [Ks 3h Qs 4s] [Tc]
REZOLUTION84: bets $6
melatonin88: calls $6
*** SHOW DOWN ***
REZOLUTION84: shows [Jc Ts] (a pair of Tens)
melatonin88: mucks hand
REZOLUTION84 collected $35.50 from pot
*** SUMMARY ***
Total pot $36 | Rake $0.50
Board [Ks 3h Qs 4s Tc]
Seat 1: REZOLUTION84 (big blind) showed [Jc Ts] and won ($35.50) with a pair of Tens
Seat 2: melatonin88 (button) (small blind) mucked


PokerStars Hand #144453659912:  Hold'em Limit ($3/$6 USD) - 2015/11/27 8:09:53 ET
Table 'Sadalmelik II' 2-max Seat #1 is the button
Seat 1: REZOLUTION84 ($133.14 in chips)
Seat 2: melatonin88 ($38.30 in chips)
REZOLUTION84: posts small blind $1
melatonin88: posts big blind $3
*** HOLE CARDS ***
REZOLUTION84: raises $3 to $6
melatonin88: raises $3 to $9
REZOLUTION84: calls $3
*** FLOP *** [7s 5c Ks]
melatonin88: checks
REZOLUTION84: checks
*** TURN *** [7s 5c Ks] [Ah]
melatonin88: bets $6
REZOLUTION84: folds
Uncalled bet ($6) returned to melatonin88
melatonin88 collected $17.64 from pot
*** SUMMARY ***
Total pot $18 | Rake $0.36
Board [7s 5c Ks Ah]
Seat 1: REZOLUTION84 (button) (small blind) folded on the Turn
Seat 2: melatonin88 (big blind) collected ($17.64)


PokerStars Hand #144453651812:  Hold'em Limit ($3/$6 USD) - 2015/11/27 8:09:39 ET
Table 'Sadalmelik II' 2-max Seat #2 is the button
Seat 1: REZOLUTION84 ($112.64 in chips)
Seat 2: melatonin88 ($59.30 in chips)
melatonin88: posts small blind $1
REZOLUTION84: posts big blind $3
*** HOLE CARDS ***
melatonin88: calls $2
REZOLUTION84: raises $3 to $6
melatonin88: calls $3
*** FLOP *** [8h 9h 2h]
REZOLUTION84: bets $3
melatonin88: calls $3
*** TURN *** [8h 9h 2h] [9c]
REZOLUTION84: bets $6
melatonin88: calls $6
*** RIVER *** [8h 9h 2h 9c] [Ac]
REZOLUTION84: bets $6
melatonin88: calls $6
*** SHOW DOWN ***
REZOLUTION84: shows [9d Qc] (three of a kind, Nines)
melatonin88: mucks hand
REZOLUTION84 collected $41.50 from pot
*** SUMMARY ***
Total pot $42 | Rake $0.50
Board [8h 9h 2h 9c Ac]
Seat 1: REZOLUTION84 (big blind) showed [9d Qc] and won ($41.50) with three of a kind, Nines
Seat 2: melatonin88 (button) (small blind) mucked


PokerStars Hand #144453705146:  Hold'em Limit ($3/$6 USD) - 2015/11/27 8:11:16 ET
Table 'Sadalmelik II' 2-max Seat #2 is the button
Seat 1: REZOLUTION84 ($149.04 in chips)
Seat 2: melatonin88 ($20.58 in chips)
melatonin88: posts small blind $1
REZOLUTION84: posts big blind $3
*** HOLE CARDS ***
melatonin88: calls $2
REZOLUTION84: checks
*** FLOP *** [Qs Qh 5c]
REZOLUTION84: bets $3
melatonin88: calls $3
*** TURN *** [Qs Qh 5c] [9h]
REZOLUTION84: bets $6
melatonin88: calls $6
*** RIVER *** [Qs Qh 5c 9h] [8c]
REZOLUTION84: bets $6
melatonin88: calls $6
*** SHOW DOWN ***
REZOLUTION84: shows [7s 5d] (two pair, Queens and Fives)
melatonin88: shows [9d Th] (two pair, Queens and Nines)
melatonin88 collected $35.50 from pot
*** SUMMARY ***
Total pot $36 | Rake $0.50
Board [Qs Qh 5c 9h 8c]
Seat 1: REZOLUTION84 (big blind) showed [7s 5d] and lost with two pair, Queens and Fives
Seat 2: melatonin88 (button) (small blind) showed [9d Th] and won ($35.50) with two pair, Queens and Nines


PokerStars Hand #144453695296:  Hold'em Limit ($3/$6 USD) - 2015/11/27 8:10:58 ET
Table 'Sadalmelik II' 2-max Seat #1 is the button
Seat 1: REZOLUTION84 ($140.40 in chips)
Seat 2: melatonin88 ($29.58 in chips)
REZOLUTION84: posts small blind $1
melatonin88: posts big blind $3
*** HOLE CARDS ***
REZOLUTION84: raises $3 to $6
melatonin88: calls $3
*** FLOP *** [Qd Qs Th]
melatonin88: bets $3
REZOLUTION84: calls $3
*** TURN *** [Qd Qs Th] [Jh]
melatonin88: checks
REZOLUTION84: bets $6
melatonin88: folds
Uncalled bet ($6) returned to REZOLUTION84
REZOLUTION84 collected $17.64 from pot
REZOLUTION84: doesn't show hand
*** SUMMARY ***
Total pot $18 | Rake $0.36
Board [Qd Qs Th Jh]
Seat 1: REZOLUTION84 (button) (small blind) collected ($17.64)
Seat 2: melatonin88 (big blind) folded on the Turn


PokerStars Hand #144453692695:  Hold'em Limit ($3/$6 USD) - 2015/11/27 8:10:53 ET
Table 'Sadalmelik II' 2-max Seat #2 is the button
Seat 1: REZOLUTION84 ($139.40 in chips)
Seat 2: melatonin88 ($30.58 in chips)
melatonin88: posts small blind $1
REZOLUTION84: posts big blind $3
*** HOLE CARDS ***
melatonin88: folds
Uncalled bet ($2) returned to REZOLUTION84
REZOLUTION84 collected $2 from pot
REZOLUTION84: doesn't show hand
*** SUMMARY ***
Total pot $2 | Rake $0
Seat 1: REZOLUTION84 (big blind) collected ($2)
Seat 2: melatonin88 (button) (small blind) folded before Flop


PokerStars Hand #144453685349:  Hold'em Limit ($3/$6 USD) - 2015/11/27 8:10:40 ET
Table 'Sadalmelik II' 2-max Seat #1 is the button
Seat 1: REZOLUTION84 ($148.40 in chips)
Seat 2: melatonin88 ($21.94 in chips)
REZOLUTION84: posts small blind $1
melatonin88: posts big blind $3
*** HOLE CARDS ***
REZOLUTION84: raises $3 to $6
melatonin88: calls $3
*** FLOP *** [9d Ad Kc]
melatonin88: checks
REZOLUTION84: bets $3
melatonin88: calls $3
*** TURN *** [9d Ad Kc] [9s]
melatonin88: bets $6
REZOLUTION84: folds
Uncalled bet ($6) returned to melatonin88
melatonin88 collected $17.64 from pot
*** SUMMARY ***
Total pot $18 | Rake $0.36
Board [9d Ad Kc 9s]
Seat 1: REZOLUTION84 (button) (small blind) folded on the Turn
Seat 2: melatonin88 (big blind) collected ($17.64)


PokerStars Hand #144453737062:  Hold'em Limit ($3/$6 USD) - 2015/11/27 8:12:14 ET
Table 'Sadalmelik II' 2-max Seat #1 is the button
Seat 1: REZOLUTION84 ($133.54 in chips)
Seat 2: melatonin88 ($34.34 in chips)
REZOLUTION84: posts small blind $1
melatonin88: posts big blind $3
*** HOLE CARDS ***
REZOLUTION84: raises $3 to $6
melatonin88: calls $3
*** FLOP *** [3d Td 6c]
melatonin88: checks
REZOLUTION84: bets $3
melatonin88: calls $3
*** TURN *** [3d Td 6c] [As]
melatonin88: checks
REZOLUTION84: checks
*** RIVER *** [3d Td 6c As] [9d]
melatonin88: bets $6
REZOLUTION84: calls $6
*** SHOW DOWN ***
melatonin88: shows [3h Ts] (two pair, Tens and Threes)
REZOLUTION84: mucks hand
melatonin88 collected $29.50 from pot
*** SUMMARY ***
Total pot $30 | Rake $0.50
Board [3d Td 6c As 9d]
Seat 1: REZOLUTION84 (button) (small blind) mucked
Seat 2: melatonin88 (big blind) showed [3h Ts] and won ($29.50) with two pair, Tens and Threes


PokerStars Hand #144453731267:  Hold'em Limit ($3/$6 USD) - 2015/11/27 8:12:04 ET
Table 'Sadalmelik II' 2-max Seat #2 is the button
Seat 1: REZOLUTION84 ($139.54 in chips)
Seat 2: melatonin88 ($28.58 in chips)
melatonin88: posts small blind $1
REZOLUTION84: posts big blind $3
*** HOLE CARDS ***
melatonin88: raises $3 to $6
REZOLUTION84: calls $3
*** FLOP *** [3h 2h Kh]
REZOLUTION84: checks
melatonin88: bets $3
REZOLUTION84: folds
Uncalled bet ($3) returned to melatonin88
melatonin88 collected $11.76 from pot
*** SUMMARY ***
Total pot $12 | Rake $0.24
Board [3h 2h Kh]
Seat 1: REZOLUTION84 (big blind) folded on the Flop
Seat 2: melatonin88 (button) (small blind) collected ($11.76)


PokerStars Hand #144453722196:  Hold'em Limit ($3/$6 USD) - 2015/11/27 8:11:47 ET
Table 'Sadalmelik II' 2-max Seat #1 is the button
Seat 1: REZOLUTION84 ($119.04 in chips)
Seat 2: melatonin88 ($49.58 in chips)
REZOLUTION84: posts small blind $1
melatonin88: posts big blind $3
*** HOLE CARDS ***
REZOLUTION84: raises $3 to $6
melatonin88: calls $3
*** FLOP *** [4c As 8s]
melatonin88: bets $3
REZOLUTION84: calls $3
*** TURN *** [4c As 8s] [Js]
melatonin88: bets $6
REZOLUTION84: calls $6
*** RIVER *** [4c As 8s Js] [4s]
melatonin88: bets $6
REZOLUTION84: calls $6
*** SHOW DOWN ***
melatonin88: shows [2h 6d] (a pair of Fours)
REZOLUTION84: shows [6s Ah] (a flush, Ace high)
REZOLUTION84 collected $41.50 from pot
*** SUMMARY ***
Total pot $42 | Rake $0.50
Board [4c As 8s Js 4s]
Seat 1: REZOLUTION84 (button) (small blind) showed [6s Ah] and won ($41.50) with a flush, Ace high
Seat 2: melatonin88 (big blind) showed [2h 6d] and lost with a pair of Fours


PokerStars Hand #144453714294:  Hold'em Limit ($3/$6 USD) - 2015/11/27 8:11:33 ET
Table 'Sadalmelik II' 2-max Seat #2 is the button
Seat 1: REZOLUTION84 ($134.04 in chips)
Seat 2: melatonin88 ($35.08 in chips)
melatonin88: posts small blind $1
REZOLUTION84: posts big blind $3
*** HOLE CARDS ***
melatonin88: calls $2
REZOLUTION84: raises $3 to $6
melatonin88: calls $3
*** FLOP *** [3c Tc 8c]
REZOLUTION84: bets $3
melatonin88: calls $3
*** TURN *** [3c Tc 8c] [5h]
REZOLUTION84: checks
melatonin88: checks
*** RIVER *** [3c Tc 8c 5h] [Td]
REZOLUTION84: checks
melatonin88: bets $6
REZOLUTION84: calls $6
*** SHOW DOWN ***
melatonin88: shows [3d 4d] (two pair, Tens and Threes)
REZOLUTION84: mucks hand
melatonin88 collected $29.50 from pot
*** SUMMARY ***
Total pot $30 | Rake $0.50
Board [3c Tc 8c 5h Td]
Seat 1: REZOLUTION84 (big blind) mucked
Seat 2: melatonin88 (button) (small blind) showed [3d 4d] and won ($29.50) with two pair, Tens and Threes


PokerStars Hand #144453711734:  Hold'em Limit ($3/$6 USD) - 2015/11/27 8:11:28 ET
Table 'Sadalmelik II' 2-max Seat #1 is the button
Seat 1: REZOLUTION84 ($131.04 in chips)
Seat 2: melatonin88 ($38.08 in chips)
REZOLUTION84: posts small blind $1
melatonin88: posts big blind $3
*** HOLE CARDS ***
REZOLUTION84: raises $3 to $6
melatonin88: folds
Uncalled bet ($3) returned to REZOLUTION84
REZOLUTION84 collected $6 from pot
REZOLUTION84: doesn't show hand
*** SUMMARY ***
Total pot $6 | Rake $0
Seat 1: REZOLUTION84 (button) (small blind) collected ($6)
Seat 2: melatonin88 (big blind) folded before Flop


PokerStars Hand #144453768509:  Hold'em Limit ($3/$6 USD) - 2015/11/27 8:13:12 ET
Table 'Sadalmelik II' 2-max Seat #2 is the button
Seat 1: REZOLUTION84 ($107.18 in chips)
Seat 2: melatonin88 ($59.10 in chips)
melatonin88: posts small blind $1
REZOLUTION84: posts big blind $3
*** HOLE CARDS ***
melatonin88: calls $2
REZOLUTION84: raises $3 to $6
melatonin88: calls $3
*** FLOP *** [Jc Tc Ac]
REZOLUTION84: bets $3
melatonin88: calls $3
*** TURN *** [Jc Tc Ac] [6h]
REZOLUTION84: checks
melatonin88: checks
*** RIVER *** [Jc Tc Ac 6h] [4h]
REZOLUTION84: checks
melatonin88: bets $6
REZOLUTION84: folds
Uncalled bet ($6) returned to melatonin88
melatonin88 collected $17.64 from pot
*** SUMMARY ***
Total pot $18 | Rake $0.36
Board [Jc Tc Ac 6h 4h]
Seat 1: REZOLUTION84 (big blind) folded on the River
Seat 2: melatonin88 (button) (small blind) collected ($17.64)


PokerStars Hand #144453759097:  Hold'em Limit ($3/$6 USD) - 2015/11/27 8:12:55 ET
Table 'Sadalmelik II' 2-max Seat #1 is the button
Seat 1: REZOLUTION84 ($98.54 in chips)
Seat 2: melatonin88 ($68.10 in chips)
REZOLUTION84: posts small blind $1
melatonin88: posts big blind $3
*** HOLE CARDS ***
REZOLUTION84: raises $3 to $6
melatonin88: calls $3
*** FLOP *** [6s 7h 2d]
melatonin88: bets $3
REZOLUTION84: calls $3
*** TURN *** [6s 7h 2d] [7c]
melatonin88: checks
REZOLUTION84: bets $6
melatonin88: folds
Uncalled bet ($6) returned to REZOLUTION84
REZOLUTION84 collected $17.64 from pot
REZOLUTION84: doesn't show hand
*** SUMMARY ***
Total pot $18 | Rake $0.36
Board [6s 7h 2d 7c]
Seat 1: REZOLUTION84 (button) (small blind) collected ($17.64)
Seat 2: melatonin88 (big blind) folded on the Turn


PokerStars Hand #144453752025:  Hold'em Limit ($3/$6 USD) - 2015/11/27 8:12:42 ET
Table 'Sadalmelik II' 2-max Seat #2 is the button
Seat 1: REZOLUTION84 ($113.54 in chips)
Seat 2: melatonin88 ($53.60 in chips)
melatonin88: posts small blind $1
REZOLUTION84: posts big blind $3
*** HOLE CARDS ***
melatonin88: calls $2
REZOLUTION84: checks
*** FLOP *** [4c Qc 6d]
REZOLUTION84: checks
melatonin88: checks
*** TURN *** [4c Qc 6d] [7d]
REZOLUTION84: bets $6
melatonin88: raises $6 to $12
REZOLUTION84: calls $6
*** RIVER *** [4c Qc 6d 7d] [7c]
REZOLUTION84: checks
melatonin88: bets $6
REZOLUTION84: folds
Uncalled bet ($6) returned to melatonin88
melatonin88 collected $29.50 from pot
*** SUMMARY ***
Total pot $30 | Rake $0.50
Board [4c Qc 6d 7d 7c]
Seat 1: REZOLUTION84 (big blind) folded on the River
Seat 2: melatonin88 (button) (small blind) collected ($29.50)


PokerStars Hand #144453747699:  Hold'em Limit ($3/$6 USD) - 2015/11/27 8:12:34 ET
Table 'Sadalmelik II' 2-max Seat #1 is the button
Seat 1: REZOLUTION84 ($119.54 in chips)
Seat 2: melatonin88 ($47.84 in chips)
REZOLUTION84: posts small blind $1
melatonin88: posts big blind $3
*** HOLE CARDS ***
REZOLUTION84: raises $3 to $6
melatonin88: calls $3
*** FLOP *** [3h Kd Th]
melatonin88: bets $3
REZOLUTION84: folds
Uncalled bet ($3) returned to melatonin88
melatonin88 collected $11.76 from pot
*** SUMMARY ***
Total pot $12 | Rake $0.24
Board [3h Kd Th]
Seat 1: REZOLUTION84 (button) (small blind) folded on the Flop
Seat 2: melatonin88 (big blind) collected ($11.76)


PokerStars Hand #144453744683:  Hold'em Limit ($3/$6 USD) - 2015/11/27 8:12:29 ET
Table 'Sadalmelik II' 2-max Seat #2 is the button
Seat 1: REZOLUTION84 ($118.54 in chips)
Seat 2: melatonin88 ($48.84 in chips)
melatonin88: posts small blind $1
REZOLUTION84: posts big blind $3
*** HOLE CARDS ***
melatonin88: folds
Uncalled bet ($2) returned to REZOLUTION84
REZOLUTION84 collected $2 from pot
REZOLUTION84: doesn't show hand
*** SUMMARY ***
Total pot $2 | Rake $0
Seat 1: REZOLUTION84 (big blind) collected ($2)
Seat 2: melatonin88 (button) (small blind) folded before Flop


PokerStars Hand #144453802430:  Hold'em Limit ($3/$6 USD) - 2015/11/27 8:14:14 ET
Table 'Sadalmelik II' 2-max Seat #1 is the button
Seat 1: REZOLUTION84 ($88.57 in chips)
Seat 2: melatonin88 ($75.99 in chips)
REZOLUTION84: posts small blind $1
melatonin88: posts big blind $3
*** HOLE CARDS ***
REZOLUTION84: raises $3 to $6
melatonin88: calls $3
*** FLOP *** [2h Kh 3c]
melatonin88: checks
REZOLUTION84: bets $3
melatonin88: calls $3
*** TURN *** [2h Kh 3c] [9s]
melatonin88: checks
REZOLUTION84: checks
*** RIVER *** [2h Kh 3c 9s] [7c]
melatonin88: bets $6
REZOLUTION84: calls $6
*** SHOW DOWN ***
melatonin88: shows [7h 3d] (two pair, Sevens and Threes)
REZOLUTION84: mucks hand
melatonin88 collected $29.50 from pot
*** SUMMARY ***
Total pot $30 | Rake $0.50
Board [2h Kh 3c 9s 7c]
Seat 1: REZOLUTION84 (button) (small blind) mucked
Seat 2: melatonin88 (big blind) showed [7h 3d] and won ($29.50) with two pair, Sevens and Threes


PokerStars Hand #144453799343:  Hold'em Limit ($3/$6 USD) - 2015/11/27 8:14:09 ET
Table 'Sadalmelik II' 2-max Seat #2 is the button
Seat 1: REZOLUTION84 ($91.57 in chips)
Seat 2: melatonin88 ($72.99 in chips)
melatonin88: posts small blind $1
REZOLUTION84: posts big blind $3
*** HOLE CARDS ***
melatonin88: raises $3 to $6
REZOLUTION84: folds
Uncalled bet ($3) returned to melatonin88
melatonin88 collected $6 from pot
*** SUMMARY ***
Total pot $6 | Rake $0
Seat 1: REZOLUTION84 (big blind) folded before Flop
Seat 2: melatonin88 (button) (small blind) collected ($6)


PokerStars Hand #144453792831:  Hold'em Limit ($3/$6 USD) - 2015/11/27 8:13:57 ET
Table 'Sadalmelik II' 2-max Seat #1 is the button
Seat 1: REZOLUTION84 ($106.57 in chips)
Seat 2: melatonin88 ($58.49 in chips)
REZOLUTION84: posts small blind $1
melatonin88: posts big blind $3
*** HOLE CARDS ***
REZOLUTION84: raises $3 to $6
melatonin88: calls $3
*** FLOP *** [7h 5s Ac]
melatonin88: checks
REZOLUTION84: bets $3
melatonin88: calls $3
*** TURN *** [7h 5s Ac] [5h]
melatonin88: checks
REZOLUTION84: checks
*** RIVER *** [7h 5s Ac 5h] [6h]
melatonin88: bets $6
REZOLUTION84: calls $6
*** SHOW DOWN ***
melatonin88: shows [Ah 7s] (two pair, Aces and Sevens)
REZOLUTION84: mucks hand
melatonin88 collected $29.50 from pot
*** SUMMARY ***
Total pot $30 | Rake $0.50
Board [7h 5s Ac 5h 6h]
Seat 1: REZOLUTION84 (button) (small blind) mucked
Seat 2: melatonin88 (big blind) showed [Ah 7s] and won ($29.50) with two pair, Aces and Sevens


PokerStars Hand #144453785338:  Hold'em Limit ($3/$6 USD) - 2015/11/27 8:13:43 ET
Table 'Sadalmelik II' 2-max Seat #2 is the button
Seat 1: REZOLUTION84 ($106.82 in chips)
Seat 2: melatonin88 ($58.74 in chips)
melatonin88: posts small blind $1
REZOLUTION84: posts big blind $3
*** HOLE CARDS ***
melatonin88: calls $2
REZOLUTION84: checks
*** FLOP *** [Th 7d 8h]
REZOLUTION84: checks
melatonin88: checks
*** TURN *** [Th 7d 8h] [Jd]
REZOLUTION84: checks
melatonin88: bets $6
REZOLUTION84: calls $6
*** RIVER *** [Th 7d 8h Jd] [9s]
REZOLUTION84: checks
melatonin88: bets $6
REZOLUTION84: calls $6
*** SHOW DOWN ***
melatonin88: shows [As Ac] (a straight, Seven to Jack)
REZOLUTION84: shows [2h 6h] (a straight, Seven to Jack)
REZOLUTION84 collected $14.75 from pot
melatonin88 collected $14.75 from pot
*** SUMMARY ***
Total pot $30 | Rake $0.50
Board [Th 7d 8h Jd 9s]
Seat 1: REZOLUTION84 (big blind) showed [2h 6h] and won ($14.75) with a straight, Seven to Jack
Seat 2: melatonin88 (button) (small blind) showed [As Ac] and won ($14.75) with a straight, Seven to Jack


PokerStars Hand #144453776642:  Hold'em Limit ($3/$6 USD) - 2015/11/27 8:13:27 ET
Table 'Sadalmelik II' 2-max Seat #1 is the button
Seat 1: REZOLUTION84 ($98.18 in chips)
Seat 2: melatonin88 ($67.74 in chips)
REZOLUTION84: posts small blind $1
melatonin88: posts big blind $3
*** HOLE CARDS ***
REZOLUTION84: raises $3 to $6
melatonin88: calls $3
*** FLOP *** [3h As Ad]
melatonin88: bets $3
REZOLUTION84: calls $3
*** TURN *** [3h As Ad] [2s]
melatonin88: checks
REZOLUTION84: bets $6
melatonin88: folds
Uncalled bet ($6) returned to REZOLUTION84
REZOLUTION84 collected $17.64 from pot
REZOLUTION84: doesn't show hand
*** SUMMARY ***
Total pot $18 | Rake $0.36
Board [3h As Ad 2s]
Seat 1: REZOLUTION84 (button) (small blind) collected ($17.64)
Seat 2: melatonin88 (big blind) folded on the Turn


PokerStars Hand #144453838976:  Hold'em Limit ($3/$6 USD) - 2015/11/27 8:15:21 ET
Table 'Sadalmelik II' 2-max Seat #2 is the button
Seat 1: REZOLUTION84 ($68.64 in chips)
Seat 2: melatonin88 ($107.41 in chips)
melatonin88: posts small blind $1
REZOLUTION84: posts big blind $3
*** HOLE CARDS ***
melatonin88: calls $2
REZOLUTION84: checks
*** FLOP *** [Td 3s 5h]
REZOLUTION84: checks
melatonin88: checks
*** TURN *** [Td 3s 5h] [8s]
REZOLUTION84: checks
melatonin88: bets $6
REZOLUTION84: folds
Uncalled bet ($6) returned to melatonin88
melatonin88 collected $5.88 from pot
*** SUMMARY ***
Total pot $6 | Rake $0.12
Board [Td 3s 5h 8s]
Seat 1: REZOLUTION84 (big blind) folded on the Turn
Seat 2: melatonin88 (button) (small blind) collected ($5.88)


PokerStars Hand #144453831075:  Hold'em Limit ($3/$6 USD) - 2015/11/27 8:15:07 ET
Table 'Sadalmelik II' 2-max Seat #1 is the button
Seat 1: REZOLUTION84 ($60 in chips)
Seat 2: melatonin88 ($116.41 in chips)
REZOLUTION84: posts small blind $1
melatonin88: posts big blind $3
*** HOLE CARDS ***
REZOLUTION84: raises $3 to $6
melatonin88: calls $3
*** FLOP *** [8d 9s 9h]
melatonin88: bets $3
REZOLUTION84: calls $3
*** TURN *** [8d 9s 9h] [6c]
melatonin88: checks
REZOLUTION84: bets $6
melatonin88: folds
Uncalled bet ($6) returned to REZOLUTION84
REZOLUTION84 collected $17.64 from pot
REZOLUTION84: doesn't show hand
*** SUMMARY ***
Total pot $18 | Rake $0.36
Board [8d 9s 9h 6c]
Seat 1: REZOLUTION84 (button) (small blind) collected ($17.64)
Seat 2: melatonin88 (big blind) folded on the Turn


PokerStars Hand #144453822672:  Hold'em Limit ($3/$6 USD) - 2015/11/27 8:14:51 ET
Table 'Sadalmelik II' 2-max Seat #2 is the button
Seat 1: REZOLUTION84 ($60 in chips)
Seat 2: melatonin88 ($107.77 in chips)
melatonin88: posts small blind $1
REZOLUTION84: posts big blind $3
*** HOLE CARDS ***
melatonin88: calls $2
REZOLUTION84: raises $3 to $6
melatonin88: calls $3
*** FLOP *** [3h 5d 8h]
REZOLUTION84: bets $3
melatonin88: calls $3
*** TURN *** [3h 5d 8h] [Ah]
REZOLUTION84: checks
melatonin88: checks
*** RIVER *** [3h 5d 8h Ah] [3d]
REZOLUTION84: checks
melatonin88: bets $6
REZOLUTION84: folds
Uncalled bet ($6) returned to melatonin88
melatonin88 collected $17.64 from pot
*** SUMMARY ***
Total pot $18 | Rake $0.36
Board [3h 5d 8h Ah 3d]
Seat 1: REZOLUTION84 (big blind) folded on the River
Seat 2: melatonin88 (button) (small blind) collected ($17.64)


PokerStars Hand #144453815707:  Hold'em Limit ($3/$6 USD) - 2015/11/27 8:14:39 ET
Table 'Sadalmelik II' 2-max Seat #1 is the button
Seat 1: REZOLUTION84 ($64.57 in chips)
Seat 2: melatonin88 ($99.13 in chips)
REZOLUTION84: posts small blind $1
melatonin88: posts big blind $3
*** HOLE CARDS ***
REZOLUTION84: raises $3 to $6
melatonin88: calls $3
*** FLOP *** [3s 5s 7c]
melatonin88: checks
REZOLUTION84: bets $3
melatonin88: calls $3
*** TURN *** [3s 5s 7c] [Tc]
melatonin88: checks
REZOLUTION84: checks
*** RIVER *** [3s 5s 7c Tc] [Js]
melatonin88: bets $6
REZOLUTION84: folds
Uncalled bet ($6) returned to melatonin88
melatonin88 collected $17.64 from pot
*** SUMMARY ***
Total pot $18 | Rake $0.36
Board [3s 5s 7c Tc Js]
Seat 1: REZOLUTION84 (button) (small blind) folded on the River
Seat 2: melatonin88 (big blind) collected ($17.64)


PokerStars Hand #144453810423:  Hold'em Limit ($3/$6 USD) - 2015/11/27 8:14:29 ET
Table 'Sadalmelik II' 2-max Seat #2 is the button
Seat 1: REZOLUTION84 ($73.57 in chips)
Seat 2: melatonin88 ($90.49 in chips)
melatonin88: posts small blind $1
REZOLUTION84: posts big blind $3
*** HOLE CARDS ***
melatonin88: calls $2
REZOLUTION84: raises $3 to $6
melatonin88: calls $3
*** FLOP *** [Jh 8s Th]
REZOLUTION84: bets $3
melatonin88: raises $3 to $6
REZOLUTION84: folds
Uncalled bet ($3) returned to melatonin88
melatonin88 collected $17.64 from pot
*** SUMMARY ***
Total pot $18 | Rake $0.36
Board [Jh 8s Th]
Seat 1: REZOLUTION84 (big blind) folded on the Flop
Seat 2: melatonin88 (button) (small blind) collected ($17.64)


PokerStars Hand #144453863432:  Hold'em Limit ($3/$6 USD) - 2015/11/27 8:16:06 ET
Table 'Sadalmelik II' 2-max Seat #2 is the button
Seat 1: REZOLUTION84 ($56.09 in chips)
Seat 2: melatonin88 ($138.29 in chips)
melatonin88: posts small blind $1
REZOLUTION84: posts big blind $3
*** HOLE CARDS ***
melatonin88: calls $2
REZOLUTION84: raises $3 to $6
melatonin88: calls $3
*** FLOP *** [As 2c 9s]
REZOLUTION84: bets $3
melatonin88: raises $3 to $6
REZOLUTION84: calls $3
*** TURN *** [As 2c 9s] [Qc]
REZOLUTION84: checks
melatonin88: bets $6
REZOLUTION84: folds
Uncalled bet ($6) returned to melatonin88
melatonin88 collected $23.52 from pot
*** SUMMARY ***
Total pot $24 | Rake $0.48
Board [As 2c 9s Qc]
Seat 1: REZOLUTION84 (big blind) folded on the Turn
Seat 2: melatonin88 (button) (small blind) collected ($23.52)


PokerStars Hand #144453854415:  Hold'em Limit ($3/$6 USD) - 2015/11/27 8:15:50 ET
Table 'Sadalmelik II' 2-max Seat #1 is the button
Seat 1: REZOLUTION84 ($61 in chips)
Seat 2: melatonin88 ($123.79 in chips)
REZOLUTION84: posts small blind $1
melatonin88: posts big blind $3
*** HOLE CARDS ***
REZOLUTION84: raises $3 to $6
melatonin88: calls $3
*** FLOP *** [9d Ah 3c]
melatonin88: bets $3
REZOLUTION84: calls $3
*** TURN *** [9d Ah 3c] [7d]
melatonin88: checks
REZOLUTION84: bets $6
melatonin88: calls $6
*** RIVER *** [9d Ah 3c 7d] [6d]
melatonin88: bets $6
REZOLUTION84: folds
Uncalled bet ($6) returned to melatonin88
melatonin88 collected $29.50 from pot
*** SUMMARY ***
Total pot $30 | Rake $0.50
Board [9d Ah 3c 7d 6d]
Seat 1: REZOLUTION84 (button) (small blind) folded on the River
Seat 2: melatonin88 (big blind) collected ($29.50)


PokerStars Hand #144453851602:  Hold'em Limit ($3/$6 USD) - 2015/11/27 8:15:44 ET
Table 'Sadalmelik II' 2-max Seat #2 is the button
Seat 1: REZOLUTION84 ($60 in chips)
Seat 2: melatonin88 ($124.79 in chips)
melatonin88: posts small blind $1
REZOLUTION84: posts big blind $3
*** HOLE CARDS ***
melatonin88: folds
Uncalled bet ($2) returned to REZOLUTION84
REZOLUTION84 collected $2 from pot
REZOLUTION84: doesn't show hand
*** SUMMARY ***
Total pot $2 | Rake $0
Seat 1: REZOLUTION84 (big blind) collected ($2)
Seat 2: melatonin88 (button) (small blind) folded before Flop


PokerStars Hand #144453844396:  Hold'em Limit ($3/$6 USD) - 2015/11/27 8:15:31 ET
Table 'Sadalmelik II' 2-max Seat #1 is the button
Seat 1: REZOLUTION84 ($65.64 in chips)
Seat 2: melatonin88 ($110.29 in chips)
REZOLUTION84: posts small blind $1
melatonin88: posts big blind $3
*** HOLE CARDS ***
REZOLUTION84: raises $3 to $6
melatonin88: calls $3
*** FLOP *** [4s 2d Ac]
melatonin88: checks
REZOLUTION84: bets $3
melatonin88: calls $3
*** TURN *** [4s 2d Ac] [Jd]
melatonin88: checks
REZOLUTION84: checks
*** RIVER *** [4s 2d Ac Jd] [3h]
melatonin88: bets $6
REZOLUTION84: calls $6
*** SHOW DOWN ***
melatonin88: shows [9d 9s] (a pair of Nines)
REZOLUTION84: mucks hand
melatonin88 collected $29.50 from pot
*** SUMMARY ***
Total pot $30 | Rake $0.50
Board [4s 2d Ac Jd 3h]
Seat 1: REZOLUTION84 (button) (small blind) mucked
Seat 2: melatonin88 (big blind) showed [9d 9s] and won ($29.50) with a pair of Nines


PokerStars Hand #144453902154:  Hold'em Limit ($3/$6 USD) - 2015/11/27 8:17:18 ET
Table 'Sadalmelik II' 2-max Seat #1 is the button
Seat 1: REZOLUTION84 ($88.66 in chips)
Seat 2: melatonin88 ($119.57 in chips)
REZOLUTION84: posts small blind $1
melatonin88: posts big blind $3
*** HOLE CARDS ***
REZOLUTION84: raises $3 to $6
melatonin88: calls $3
*** FLOP *** [7c Js Qd]
melatonin88: checks
REZOLUTION84: bets $3
melatonin88: calls $3
*** TURN *** [7c Js Qd] [Tc]
melatonin88: checks
REZOLUTION84: bets $6
melatonin88: raises $6 to $12
REZOLUTION84: calls $6
*** RIVER *** [7c Js Qd Tc] [3d]
melatonin88: bets $6
REZOLUTION84: folds
Uncalled bet ($6) returned to melatonin88
melatonin88 collected $41.50 from pot
*** SUMMARY ***
Total pot $42 | Rake $0.50
Board [7c Js Qd Tc 3d]
Seat 1: REZOLUTION84 (button) (small blind) folded on the River
Seat 2: melatonin88 (big blind) collected ($41.50)


PokerStars Hand #144453893415:  Hold'em Limit ($3/$6 USD) - 2015/11/27 8:17:02 ET
Table 'Sadalmelik II' 2-max Seat #2 is the button
Seat 1: REZOLUTION84 ($74.16 in chips)
Seat 2: melatonin88 ($134.57 in chips)
melatonin88: posts small blind $1
REZOLUTION84: posts big blind $3
*** HOLE CARDS ***
melatonin88: calls $2
REZOLUTION84: checks
*** FLOP *** [Ah Qs 4h]
REZOLUTION84: checks
melatonin88: checks
*** TURN *** [Ah Qs 4h] [Ts]
REZOLUTION84: bets $6
melatonin88: calls $6
*** RIVER *** [Ah Qs 4h Ts] [5c]
REZOLUTION84: bets $6
melatonin88: calls $6
*** SHOW DOWN ***
REZOLUTION84: shows [Th 5d] (two pair, Tens and Fives)
melatonin88: mucks hand
REZOLUTION84 collected $29.50 from pot
*** SUMMARY ***
Total pot $30 | Rake $0.50
Board [Ah Qs 4h Ts 5c]
Seat 1: REZOLUTION84 (big blind) showed [Th 5d] and won ($29.50) with two pair, Tens and Fives
Seat 2: melatonin88 (button) (small blind) mucked


PokerStars Hand #144453886164:  Hold'em Limit ($3/$6 USD) - 2015/11/27 8:16:48 ET
Table 'Sadalmelik II' 2-max Seat #1 is the button
Seat 1: REZOLUTION84 ($65.52 in chips)
Seat 2: melatonin88 ($143.57 in chips)
REZOLUTION84: posts small blind $1
melatonin88: posts big blind $3
*** HOLE CARDS ***
REZOLUTION84: raises $3 to $6
melatonin88: calls $3
*** FLOP *** [Qs 4s 9h]
melatonin88: bets $3
REZOLUTION84: calls $3
*** TURN *** [Qs 4s 9h] [Jd]
melatonin88: checks
REZOLUTION84: bets $6
melatonin88: folds
Uncalled bet ($6) returned to REZOLUTION84
REZOLUTION84 collected $17.64 from pot
REZOLUTION84: doesn't show hand
*** SUMMARY ***
Total pot $18 | Rake $0.36
Board [Qs 4s 9h Jd]
Seat 1: REZOLUTION84 (button) (small blind) collected ($17.64)
Seat 2: melatonin88 (big blind) folded on the Turn


PokerStars Hand #144453881556:  Hold'em Limit ($3/$6 USD) - 2015/11/27 8:16:40 ET
Table 'Sadalmelik II' 2-max Seat #2 is the button
Seat 1: REZOLUTION84 ($71.52 in chips)
Seat 2: melatonin88 ($137.81 in chips)
melatonin88: posts small blind $1
REZOLUTION84: posts big blind $3
*** HOLE CARDS ***
melatonin88: raises $3 to $6
REZOLUTION84: calls $3
*** FLOP *** [7h As 3d]
REZOLUTION84: checks
melatonin88: bets $3
REZOLUTION84: folds
Uncalled bet ($3) returned to melatonin88
melatonin88 collected $11.76 from pot
*** SUMMARY ***
Total pot $12 | Rake $0.24
Board [7h As 3d]
Seat 1: REZOLUTION84 (big blind) folded on the Flop
Seat 2: melatonin88 (button) (small blind) collected ($11.76)


PokerStars Hand #144453871636:  Hold'em Limit ($3/$6 USD) - 2015/11/27 8:16:22 ET
Table 'Sadalmelik II' 2-max Seat #1 is the button
Seat 1: REZOLUTION84 ($60 in chips)
Seat 2: melatonin88 ($149.81 in chips)
REZOLUTION84: posts small blind $1
melatonin88: posts big blind $3
*** HOLE CARDS ***
REZOLUTION84: raises $3 to $6
melatonin88: calls $3
*** FLOP *** [2s 2c Td]
melatonin88: bets $3
REZOLUTION84: raises $3 to $6
melatonin88: calls $3
*** TURN *** [2s 2c Td] [7s]
melatonin88: checks
REZOLUTION84: bets $6
melatonin88: folds
Uncalled bet ($6) returned to REZOLUTION84
REZOLUTION84 collected $23.52 from pot
REZOLUTION84: doesn't show hand
*** SUMMARY ***
Total pot $24 | Rake $0.48
Board [2s 2c Td 7s]
Seat 1: REZOLUTION84 (button) (small blind) collected ($23.52)
Seat 2: melatonin88 (big blind) folded on the Turn


PokerStars Hand #144453920323:  Hold'em Limit ($3/$6 USD) - 2015/11/27 8:17:51 ET
Table 'Sadalmelik II' 2-max Seat #2 is the button
Seat 1: REZOLUTION84 ($60 in chips)
Seat 2: melatonin88 ($147.71 in chips)
melatonin88: posts small blind $1
REZOLUTION84: posts big blind $3
*** HOLE CARDS ***
melatonin88: raises $3 to $6
REZOLUTION84: calls $3
*** FLOP *** [Jc Ac Th]
REZOLUTION84: checks
melatonin88: bets $3
REZOLUTION84: calls $3
*** TURN *** [Jc Ac Th] [7s]
REZOLUTION84: checks
melatonin88: checks
*** RIVER *** [Jc Ac Th 7s] [As]
REZOLUTION84: bets $6
melatonin88: calls $6
*** SHOW DOWN ***
REZOLUTION84: shows [9d Jh] (two pair, Aces and Jacks)
melatonin88: mucks hand
REZOLUTION84 collected $29.50 from pot
*** SUMMARY ***
Total pot $30 | Rake $0.50
Board [Jc Ac Th 7s As]
Seat 1: REZOLUTION84 (big blind) showed [9d Jh] and won ($29.50) with two pair, Aces and Jacks
Seat 2: melatonin88 (button) (small blind) mucked


PokerStars Hand #144453914370:  Hold'em Limit ($3/$6 USD) - 2015/11/27 8:17:40 ET
Table 'Sadalmelik II' 2-max Seat #1 is the button
Seat 1: REZOLUTION84 ($68.66 in chips)
Seat 2: melatonin88 ($139.07 in chips)
REZOLUTION84: posts small blind $1
melatonin88: posts big blind $3
*** HOLE CARDS ***
REZOLUTION84: raises $3 to $6
melatonin88: raises $3 to $9
REZOLUTION84: calls $3
*** FLOP *** [Ah 2d 8c]
melatonin88: checks
REZOLUTION84: checks
*** TURN *** [Ah 2d 8c] [5d]
melatonin88: bets $6
REZOLUTION84: folds
Uncalled bet ($6) returned to melatonin88
melatonin88 collected $17.64 from pot
*** SUMMARY ***
Total pot $18 | Rake $0.36
Board [Ah 2d 8c 5d]
Seat 1: REZOLUTION84 (button) (small blind) folded on the Turn
Seat 2: melatonin88 (big blind) collected ($17.64)


PokerStars Hand #144453911565:  Hold'em Limit ($3/$6 USD) - 2015/11/27 8:17:35 ET
Table 'Sadalmelik II' 2-max Seat #2 is the button
Seat 1: REZOLUTION84 ($67.66 in chips)
Seat 2: melatonin88 ($140.07 in chips)
melatonin88: posts small blind $1
REZOLUTION84: posts big blind $3
*** HOLE CARDS ***
melatonin88: folds
Uncalled bet ($2) returned to REZOLUTION84
REZOLUTION84 collected $2 from pot
REZOLUTION84: doesn't show hand
*** SUMMARY ***
Total pot $2 | Rake $0
Seat 1: REZOLUTION84 (big blind) collected ($2)
Seat 2: melatonin88 (button) (small blind) folded before Flop


PokerStars Hand #144453968509:  Hold'em Limit ($3/$6 USD) - 2015/11/27 8:19:19 ET
Table 'Sadalmelik II' 2-max Seat #2 is the button
Seat 1: REZOLUTION84 ($90.64 in chips)
Seat 2: melatonin88 ($115.09 in chips)
melatonin88: posts small blind $1
REZOLUTION84: posts big blind $3
*** HOLE CARDS ***
melatonin88: raises $3 to $6
REZOLUTION84: calls $3
*** FLOP *** [Ks 4s Jd]
REZOLUTION84: checks
melatonin88: bets $3
REZOLUTION84: folds
Uncalled bet ($3) returned to melatonin88
melatonin88 collected $11.76 from pot
*** SUMMARY ***
Total pot $12 | Rake $0.24
Board [Ks 4s Jd]
Seat 1: REZOLUTION84 (big blind) folded on the Flop
Seat 2: melatonin88 (button) (small blind) collected ($11.76)


PokerStars Hand #144453960780:  Hold'em Limit ($3/$6 USD) - 2015/11/27 8:19:05 ET
Table 'Sadalmelik II' 2-max Seat #1 is the button
Seat 1: REZOLUTION84 ($82 in chips)
Seat 2: melatonin88 ($124.09 in chips)
REZOLUTION84: posts small blind $1
melatonin88: posts big blind $3
*** HOLE CARDS ***
REZOLUTION84: raises $3 to $6
melatonin88: calls $3
*** FLOP *** [5d 3s Kc]
melatonin88: checks
REZOLUTION84: bets $3
melatonin88: calls $3
*** TURN *** [5d 3s Kc] [Tc]
melatonin88: checks
REZOLUTION84: checks
*** RIVER *** [5d 3s Kc Tc] [9h]
melatonin88: checks
REZOLUTION84: checks
*** SHOW DOWN ***
melatonin88: shows [4h 6s] (high card King)
REZOLUTION84: shows [Jd As] (high card Ace)
REZOLUTION84 collected $17.64 from pot
*** SUMMARY ***
Total pot $18 | Rake $0.36
Board [5d 3s Kc Tc 9h]
Seat 1: REZOLUTION84 (button) (small blind) showed [Jd As] and won ($17.64) with high card Ace
Seat 2: melatonin88 (big blind) showed [4h 6s] and lost with high card King


PokerStars Hand #144453955768:  Hold'em Limit ($3/$6 USD) - 2015/11/27 8:18:56 ET
Table 'Sadalmelik II' 2-max Seat #2 is the button
Seat 1: REZOLUTION84 ($85 in chips)
Seat 2: melatonin88 ($121.21 in chips)
melatonin88: posts small blind $1
REZOLUTION84: posts big blind $3
*** HOLE CARDS ***
melatonin88: calls $2
REZOLUTION84: checks
*** FLOP *** [Ah 6c 8d]
REZOLUTION84: checks
melatonin88: bets $3
REZOLUTION84: folds
Uncalled bet ($3) returned to melatonin88
melatonin88 collected $5.88 from pot
*** SUMMARY ***
Total pot $6 | Rake $0.12
Board [Ah 6c 8d]
Seat 1: REZOLUTION84 (big blind) folded on the Flop
Seat 2: melatonin88 (button) (small blind) collected ($5.88)


PokerStars Hand #144453953389:  Hold'em Limit ($3/$6 USD) - 2015/11/27 8:18:52 ET
Table 'Sadalmelik II' 2-max Seat #1 is the button
Seat 1: REZOLUTION84 ($86 in chips)
Seat 2: melatonin88 ($120.21 in chips)
REZOLUTION84: posts small blind $1
melatonin88: posts big blind $3
*** HOLE CARDS ***
REZOLUTION84: folds
Uncalled bet ($2) returned to melatonin88
melatonin88 collected $2 from pot
*** SUMMARY ***
Total pot $2 | Rake $0
Seat 1: REZOLUTION84 (button) (small blind) folded before Flop
Seat 2: melatonin88 (big blind) collected ($2)


PokerStars Hand #144453946844:  Hold'em Limit ($3/$6 USD) - 2015/11/27 8:18:39 ET
Table 'Sadalmelik II' 2-max Seat #2 is the button
Seat 1: REZOLUTION84 ($101 in chips)
Seat 2: melatonin88 ($105.71 in chips)
melatonin88: posts small blind $1
REZOLUTION84: posts big blind $3
*** HOLE CARDS ***
melatonin88: calls $2
REZOLUTION84: raises $3 to $6
melatonin88: calls $3
*** FLOP *** [2h 6c Kd]
REZOLUTION84: bets $3
melatonin88: calls $3
*** TURN *** [2h 6c Kd] [Kc]
REZOLUTION84: checks
melatonin88: checks
*** RIVER *** [2h 6c Kd Kc] [Ad]
REZOLUTION84: bets $6
melatonin88: calls $6
*** SHOW DOWN ***
REZOLUTION84: shows [9c Tc] (a pair of Kings)
melatonin88: shows [Th Ac] (two pair, Aces and Kings)
melatonin88 collected $29.50 from pot
*** SUMMARY ***
Total pot $30 | Rake $0.50
Board [2h 6c Kd Kc Ad]
Seat 1: REZOLUTION84 (big blind) showed [9c Tc] and lost with a pair of Kings
Seat 2: melatonin88 (button) (small blind) showed [Th Ac] and won ($29.50) with two pair, Aces and Kings


PokerStars Hand #144453928972:  Hold'em Limit ($3/$6 USD) - 2015/11/27 8:18:07 ET
Table 'Sadalmelik II' 2-max Seat #1 is the button
Seat 1: REZOLUTION84 ($74.50 in chips)
Seat 2: melatonin88 ($132.71 in chips)
REZOLUTION84: posts small blind $1
melatonin88: posts big blind $3
*** HOLE CARDS ***
REZOLUTION84: raises $3 to $6
melatonin88: calls $3
*** FLOP *** [3d As 5s]
melatonin88: checks
REZOLUTION84: bets $3
melatonin88: calls $3
*** TURN *** [3d As 5s] [3s]
melatonin88: checks
REZOLUTION84: bets $6
melatonin88: calls $6
*** RIVER *** [3d As 5s 3s] [9d]
melatonin88: bets $6
REZOLUTION84: raises $6 to $12
melatonin88: calls $6
*** SHOW DOWN ***
REZOLUTION84: shows [9s 3c] (a full house, Threes full of Nines)
melatonin88: mucks hand
REZOLUTION84 collected $53.50 from pot
*** SUMMARY ***
Total pot $54 | Rake $0.50
Board [3d As 5s 3s 9d]
Seat 1: REZOLUTION84 (button) (small blind) showed [9s 3c] and won ($53.50) with a full house, Threes full of Nines
Seat 2: melatonin88 (big blind) mucked


PokerStars Hand #144454000308:  Hold'em Limit ($3/$6 USD) - 2015/11/27 8:20:17 ET
Table 'Sadalmelik II' 2-max Seat #1 is the button
Seat 1: REZOLUTION84 ($99.92 in chips)
Seat 2: melatonin88 ($104.73 in chips)
REZOLUTION84: posts small blind $1
melatonin88: posts big blind $3
*** HOLE CARDS ***
REZOLUTION84: raises $3 to $6
melatonin88: calls $3
*** FLOP *** [3c 7h Ks]
melatonin88: bets $3
REZOLUTION84: calls $3
*** TURN *** [3c 7h Ks] [9d]
melatonin88: bets $6
REZOLUTION84: raises $6 to $12
melatonin88: folds
Uncalled bet ($6) returned to REZOLUTION84
REZOLUTION84 collected $29.50 from pot
REZOLUTION84: doesn't show hand
*** SUMMARY ***
Total pot $30 | Rake $0.50
Board [3c 7h Ks 9d]
Seat 1: REZOLUTION84 (button) (small blind) collected ($29.50)
Seat 2: melatonin88 (big blind) folded on the Turn


PokerStars Hand #144453994817:  Hold'em Limit ($3/$6 USD) - 2015/11/27 8:20:07 ET
Table 'Sadalmelik II' 2-max Seat #2 is the button
Seat 1: REZOLUTION84 ($102.92 in chips)
Seat 2: melatonin88 ($101.85 in chips)
melatonin88: posts small blind $1
REZOLUTION84: posts big blind $3
*** HOLE CARDS ***
melatonin88: calls $2
REZOLUTION84: checks
*** FLOP *** [8s Js 2c]
REZOLUTION84: checks
melatonin88: checks
*** TURN *** [8s Js 2c] [Ts]
REZOLUTION84: checks
melatonin88: bets $6
REZOLUTION84: folds
Uncalled bet ($6) returned to melatonin88
melatonin88 collected $5.88 from pot
*** SUMMARY ***
Total pot $6 | Rake $0.12
Board [8s Js 2c Ts]
Seat 1: REZOLUTION84 (big blind) folded on the Turn
Seat 2: melatonin88 (button) (small blind) collected ($5.88)


PokerStars Hand #144453987691:  Hold'em Limit ($3/$6 USD) - 2015/11/27 8:19:54 ET
Table 'Sadalmelik II' 2-max Seat #1 is the button
Seat 1: REZOLUTION84 ($94.28 in chips)
Seat 2: melatonin88 ($110.85 in chips)
REZOLUTION84: posts small blind $1
melatonin88: posts big blind $3
*** HOLE CARDS ***
REZOLUTION84: raises $3 to $6
melatonin88: calls $3
*** FLOP *** [8h 7s 2h]
melatonin88: bets $3
REZOLUTION84: calls $3
*** TURN *** [8h 7s 2h] [5h]
melatonin88: checks
REZOLUTION84: bets $6
melatonin88: folds
Uncalled bet ($6) returned to REZOLUTION84
REZOLUTION84 collected $17.64 from pot
REZOLUTION84: doesn't show hand
*** SUMMARY ***
Total pot $18 | Rake $0.36
Board [8h 7s 2h 5h]
Seat 1: REZOLUTION84 (button) (small blind) collected ($17.64)
Seat 2: melatonin88 (big blind) folded on the Turn


PokerStars Hand #144453984710:  Hold'em Limit ($3/$6 USD) - 2015/11/27 8:19:49 ET
Table 'Sadalmelik II' 2-max Seat #2 is the button
Seat 1: REZOLUTION84 ($93.28 in chips)
Seat 2: melatonin88 ($111.85 in chips)
melatonin88: posts small blind $1
REZOLUTION84: posts big blind $3
*** HOLE CARDS ***
melatonin88: folds
Uncalled bet ($2) returned to REZOLUTION84
REZOLUTION84 collected $2 from pot
REZOLUTION84: doesn't show hand
*** SUMMARY ***
Total pot $2 | Rake $0
Seat 1: REZOLUTION84 (big blind) collected ($2)
Seat 2: melatonin88 (button) (small blind) folded before Flop


PokerStars Hand #144453973469:  Hold'em Limit ($3/$6 USD) - 2015/11/27 8:19:28 ET
Table 'Sadalmelik II' 2-max Seat #1 is the button
Seat 1: REZOLUTION84 ($84.64 in chips)
Seat 2: melatonin88 ($120.85 in chips)
REZOLUTION84: posts small blind $1
melatonin88: posts big blind $3
*** HOLE CARDS ***
REZOLUTION84: raises $3 to $6
melatonin88: calls $3
*** FLOP *** [2c 6h 9h]
melatonin88: checks
REZOLUTION84: bets $3
melatonin88: calls $3
*** TURN *** [2c 6h 9h] [8c]
melatonin88: checks
REZOLUTION84: checks
*** RIVER *** [2c 6h 9h 8c] [3d]
melatonin88: checks
REZOLUTION84: bets $6
melatonin88: folds
Uncalled bet ($6) returned to REZOLUTION84
REZOLUTION84 collected $17.64 from pot
REZOLUTION84: doesn't show hand
*** SUMMARY ***
Total pot $18 | Rake $0.36
Board [2c 6h 9h 8c 3d]
Seat 1: REZOLUTION84 (button) (small blind) collected ($17.64)
Seat 2: melatonin88 (big blind) folded on the River


PokerStars Hand #144454037664:  Hold'em Limit ($3/$6 USD) - 2015/11/27 8:21:26 ET
Table 'Sadalmelik II' 2-max Seat #2 is the button
Seat 1: REZOLUTION84 ($149.18 in chips)
Seat 2: melatonin88 ($53.25 in chips)
melatonin88: posts small blind $1
REZOLUTION84: posts big blind $3
*** HOLE CARDS ***
melatonin88: calls $2
REZOLUTION84: raises $3 to $6
melatonin88: calls $3
*** FLOP *** [Ah Tc 5d]
REZOLUTION84: bets $3
melatonin88: raises $3 to $6
REZOLUTION84: folds
Uncalled bet ($3) returned to melatonin88
melatonin88 collected $17.64 from pot
*** SUMMARY ***
Total pot $18 | Rake $0.36
Board [Ah Tc 5d]
Seat 1: REZOLUTION84 (big blind) folded on the Flop
Seat 2: melatonin88 (button) (small blind) collected ($17.64)


PokerStars Hand #144454028544:  Hold'em Limit ($3/$6 USD) - 2015/11/27 8:21:09 ET
Table 'Sadalmelik II' 2-max Seat #1 is the button
Seat 1: REZOLUTION84 ($128.68 in chips)
Seat 2: melatonin88 ($74.25 in chips)
REZOLUTION84: posts small blind $1
melatonin88: posts big blind $3
*** HOLE CARDS ***
REZOLUTION84: raises $3 to $6
melatonin88: calls $3
*** FLOP *** [7d Kc Tc]
melatonin88: bets $3
REZOLUTION84: calls $3
*** TURN *** [7d Kc Tc] [8h]
melatonin88: bets $6
REZOLUTION84: calls $6
*** RIVER *** [7d Kc Tc 8h] [As]
melatonin88: checks
REZOLUTION84: bets $6
melatonin88: calls $6
*** SHOW DOWN ***
REZOLUTION84: shows [Kh 6d] (a pair of Kings)
melatonin88: mucks hand
REZOLUTION84 collected $41.50 from pot
*** SUMMARY ***
Total pot $42 | Rake $0.50
Board [7d Kc Tc 8h As]
Seat 1: REZOLUTION84 (button) (small blind) showed [Kh 6d] and won ($41.50) with a pair of Kings
Seat 2: melatonin88 (big blind) mucked


PokerStars Hand #144454021089:  Hold'em Limit ($3/$6 USD) - 2015/11/27 8:20:55 ET
Table 'Sadalmelik II' 2-max Seat #2 is the button
Seat 1: REZOLUTION84 ($140.68 in chips)
Seat 2: melatonin88 ($62.73 in chips)
melatonin88: posts small blind $1
REZOLUTION84: posts big blind $3
*** HOLE CARDS ***
melatonin88: calls $2
REZOLUTION84: raises $3 to $6
melatonin88: raises $3 to $9
REZOLUTION84: calls $3
*** FLOP *** [Td Ts 6c]
REZOLUTION84: checks
melatonin88: bets $3
REZOLUTION84: calls $3
*** TURN *** [Td Ts 6c] [8s]
REZOLUTION84: checks
melatonin88: bets $6
REZOLUTION84: folds
Uncalled bet ($6) returned to melatonin88
melatonin88 collected $23.52 from pot
*** SUMMARY ***
Total pot $24 | Rake $0.48
Board [Td Ts 6c 8s]
Seat 1: REZOLUTION84 (big blind) folded on the Turn
Seat 2: melatonin88 (button) (small blind) collected ($23.52)


PokerStars Hand #144454073018:  Hold'em Limit ($3/$6 USD) - 2015/11/27 8:22:30 ET
Table 'Sadalmelik II' 2-max Seat #1 is the button
Seat 1: REZOLUTION84 ($183.18 in chips)
Seat 2: melatonin88 ($17.41 in chips)
REZOLUTION84: posts small blind $1
melatonin88: posts big blind $3
*** HOLE CARDS ***
REZOLUTION84: folds
Uncalled bet ($2) returned to melatonin88
melatonin88 collected $2 from pot
*** SUMMARY ***
Total pot $2 | Rake $0
Seat 1: REZOLUTION84 (button) (small blind) folded before Flop
Seat 2: melatonin88 (big blind) collected ($2)


PokerStars Hand #144454061665:  Hold'em Limit ($3/$6 USD) - 2015/11/27 8:22:10 ET
Table 'Sadalmelik II' 2-max Seat #2 is the button
Seat 1: REZOLUTION84 ($147.68 in chips)
Seat 2: melatonin88 ($53.41 in chips)
melatonin88: posts small blind $1
REZOLUTION84: posts big blind $3
*** HOLE CARDS ***
melatonin88: raises $3 to $6
REZOLUTION84: calls $3
*** FLOP *** [Kd 4s 5c]
REZOLUTION84: checks
melatonin88: checks
*** TURN *** [Kd 4s 5c] [4d]
REZOLUTION84: checks
melatonin88: bets $6
REZOLUTION84: raises $6 to $12
melatonin88: raises $6 to $18
REZOLUTION84: raises $6 to $24
Betting is capped
melatonin88: calls $6
*** RIVER *** [Kd 4s 5c 4d] [Tc]
REZOLUTION84: bets $6
melatonin88: calls $6
*** SHOW DOWN ***
REZOLUTION84: shows [4c Js] (three of a kind, Fours)
melatonin88: mucks hand
REZOLUTION84 collected $71.50 from pot
*** SUMMARY ***
Total pot $72 | Rake $0.50
Board [Kd 4s 5c 4d Tc]
Seat 1: REZOLUTION84 (big blind) showed [4c Js] and won ($71.50) with three of a kind, Fours
Seat 2: melatonin88 (button) (small blind) mucked


PokerStars Hand #144454056042:  Hold'em Limit ($3/$6 USD) - 2015/11/27 8:21:59 ET
Table 'Sadalmelik II' 2-max Seat #1 is the button
Seat 1: REZOLUTION84 ($159.68 in chips)
Seat 2: melatonin88 ($41.89 in chips)
REZOLUTION84: posts small blind $1
melatonin88: posts big blind $3
*** HOLE CARDS ***
REZOLUTION84: raises $3 to $6
melatonin88: raises $3 to $9
REZOLUTION84: calls $3
*** FLOP *** [9h 5h 9d]
melatonin88: checks
REZOLUTION84: bets $3
melatonin88: raises $3 to $6
REZOLUTION84: folds
Uncalled bet ($3) returned to melatonin88
melatonin88 collected $23.52 from pot
*** SUMMARY ***
Total pot $24 | Rake $0.48
Board [9h 5h 9d]
Seat 1: REZOLUTION84 (button) (small blind) folded on the Flop
Seat 2: melatonin88 (big blind) collected ($23.52)


PokerStars Hand #144454046053:  Hold'em Limit ($3/$6 USD) - 2015/11/27 8:21:41 ET
Table 'Sadalmelik II' 2-max Seat #2 is the button
Seat 1: REZOLUTION84 ($139.18 in chips)
Seat 2: melatonin88 ($62.89 in chips)
melatonin88: posts small blind $1
REZOLUTION84: posts big blind $3
*** HOLE CARDS ***
melatonin88: calls $2
REZOLUTION84: raises $3 to $6
melatonin88: calls $3
*** FLOP *** [8h 5h 4h]
REZOLUTION84: bets $3
melatonin88: calls $3
*** TURN *** [8h 5h 4h] [Ac]
REZOLUTION84: bets $6
melatonin88: calls $6
*** RIVER *** [8h 5h 4h Ac] [5d]
REZOLUTION84: bets $6
melatonin88: calls $6
*** SHOW DOWN ***
REZOLUTION84: shows [Ah Qh] (a flush, Ace high)
melatonin88: mucks hand
REZOLUTION84 collected $41.50 from pot
*** SUMMARY ***
Total pot $42 | Rake $0.50
Board [8h 5h 4h Ac 5d]
Seat 1: REZOLUTION84 (big blind) showed [Ah Qh] and won ($41.50) with a flush, Ace high
Seat 2: melatonin88 (button) (small blind) mucked


PokerStars Hand #144454043433:  Hold'em Limit ($3/$6 USD) - 2015/11/27 8:21:36 ET
Table 'Sadalmelik II' 2-max Seat #1 is the button
Seat 1: REZOLUTION84 ($140.18 in chips)
Seat 2: melatonin88 ($61.89 in chips)
REZOLUTION84: posts small blind $1
melatonin88: posts big blind $3
*** HOLE CARDS ***
REZOLUTION84: folds
Uncalled bet ($2) returned to melatonin88
melatonin88 collected $2 from pot
*** SUMMARY ***
Total pot $2 | Rake $0
Seat 1: REZOLUTION84 (button) (small blind) folded before Flop
Seat 2: melatonin88 (big blind) collected ($2)


PokerStars Hand #144454075646:  Hold'em Limit ($3/$6 USD) - 2015/11/27 8:22:35 ET
Table 'Sadalmelik II' 2-max Seat #2 is the button
Seat 1: REZOLUTION84 ($182.18 in chips)
Seat 2: melatonin88 ($18.41 in chips)
melatonin88: posts small blind $1
REZOLUTION84: posts big blind $3
*** HOLE CARDS ***
melatonin88: raises $3 to $6
REZOLUTION84: calls $3
*** FLOP *** [Ts Qs 3s]
REZOLUTION84: checks
melatonin88: bets $3
REZOLUTION84: folds
Uncalled bet ($3) returned to melatonin88
melatonin88 collected $11.76 from pot
*** SUMMARY ***
Total pot $12 | Rake $0.24
Board [Ts Qs 3s]
Seat 1: REZOLUTION84 (big blind) folded on the Flop
Seat 2: melatonin88 (button) (small blind) collected ($11.76)


PokerStars Hand #144454080544:  Hold'em Limit ($3/$6 USD) - 2015/11/27 8:22:44 ET
Table 'Sadalmelik II' 2-max Seat #1 is the button
Seat 1: REZOLUTION84 ($176.18 in chips)
Seat 2: melatonin88 ($24.17 in chips)
REZOLUTION84: posts small blind $1
melatonin88: posts big blind $3
*** HOLE CARDS ***
REZOLUTION84: raises $3 to $6
melatonin88: calls $3
*** FLOP *** [Ah 5c Ts]
melatonin88: checks
REZOLUTION84: bets $3
melatonin88: calls $3
*** TURN *** [Ah 5c Ts] [8s]
melatonin88: checks
REZOLUTION84: checks
*** RIVER *** [Ah 5c Ts 8s] [Ac]
melatonin88: bets $6
REZOLUTION84: calls $6
*** SHOW DOWN ***
melatonin88: shows [3d Th] (two pair, Aces and Tens)
REZOLUTION84: mucks hand
melatonin88 collected $29.50 from pot
*** SUMMARY ***
Total pot $30 | Rake $0.50
Board [Ah 5c Ts 8s Ac]
Seat 1: REZOLUTION84 (button) (small blind) mucked
Seat 2: melatonin88 (big blind) showed [3d Th] and won ($29.50) with two pair, Aces and Tens


PokerStars Hand #144454089187:  Hold'em Limit ($3/$6 USD) - 2015/11/27 8:23:00 ET
Table 'Sadalmelik II' 2-max Seat #2 is the button
Seat 1: REZOLUTION84 ($161.18 in chips)
Seat 2: melatonin88 ($38.67 in chips)
melatonin88: posts small blind $1
REZOLUTION84: posts big blind $3
*** HOLE CARDS ***
melatonin88: raises $3 to $6
REZOLUTION84: calls $3
*** FLOP *** [9s 3s 2c]
REZOLUTION84: checks
melatonin88: bets $3
REZOLUTION84: folds
Uncalled bet ($3) returned to melatonin88
melatonin88 collected $11.76 from pot
*** SUMMARY ***
Total pot $12 | Rake $0.24
Board [9s 3s 2c]
Seat 1: REZOLUTION84 (big blind) folded on the Flop
Seat 2: melatonin88 (button) (small blind) collected ($11.76)


PokerStars Hand #144454101300:  Hold'em Limit ($3/$6 USD) - 2015/11/27 8:23:22 ET
Table 'Sadalmelik II' 2-max Seat #2 is the button
Seat 1: REZOLUTION84 ($140.18 in chips)
Seat 2: melatonin88 ($58.93 in chips)
melatonin88: posts small blind $1
REZOLUTION84: posts big blind $3
*** HOLE CARDS ***
melatonin88: folds
Uncalled bet ($2) returned to REZOLUTION84
REZOLUTION84 collected $2 from pot
REZOLUTION84: doesn't show hand
*** SUMMARY ***
Total pot $2 | Rake $0
Seat 1: REZOLUTION84 (big blind) collected ($2)
Seat 2: melatonin88 (button) (small blind) folded before Flop


PokerStars Hand #144454093683:  Hold'em Limit ($3/$6 USD) - 2015/11/27 8:23:08 ET
Table 'Sadalmelik II' 2-max Seat #1 is the button
Seat 1: REZOLUTION84 ($155.18 in chips)
Seat 2: melatonin88 ($44.43 in chips)
REZOLUTION84: posts small blind $1
melatonin88: posts big blind $3
*** HOLE CARDS ***
REZOLUTION84: raises $3 to $6
melatonin88: calls $3
*** FLOP *** [8c Qh 5s]
melatonin88: checks
REZOLUTION84: bets $3
melatonin88: calls $3
*** TURN *** [8c Qh 5s] [9c]
melatonin88: checks
REZOLUTION84: checks
*** RIVER *** [8c Qh 5s 9c] [2d]
melatonin88: checks
REZOLUTION84: bets $6
melatonin88: calls $6
*** SHOW DOWN ***
REZOLUTION84: shows [6c 4h] (high card Queen)
melatonin88: shows [5c 3d] (a pair of Fives)
melatonin88 collected $29.50 from pot
*** SUMMARY ***
Total pot $30 | Rake $0.50
Board [8c Qh 5s 9c 2d]
Seat 1: REZOLUTION84 (button) (small blind) showed [6c 4h] and lost with high card Queen
Seat 2: melatonin88 (big blind) showed [5c 3d] and won ($29.50) with a pair of Fives


PokerStars Hand #144454116270:  Hold'em Limit ($3/$6 USD) - 2015/11/27 8:23:49 ET
Table 'Sadalmelik II' 2-max Seat #1 is the button
Seat 1: REZOLUTION84 ($156.68 in chips)
Seat 2: melatonin88 ($41.93 in chips)
REZOLUTION84: posts small blind $1
melatonin88: posts big blind $3
*** HOLE CARDS ***
REZOLUTION84: folds
Uncalled bet ($2) returned to melatonin88
melatonin88 collected $2 from pot
*** SUMMARY ***
Total pot $2 | Rake $0
Seat 1: REZOLUTION84 (button) (small blind) folded before Flop
Seat 2: melatonin88 (big blind) collected ($2)


PokerStars Hand #144454113511:  Hold'em Limit ($3/$6 USD) - 2015/11/27 8:23:44 ET
Table 'Sadalmelik II' 2-max Seat #2 is the button
Seat 1: REZOLUTION84 ($155.68 in chips)
Seat 2: melatonin88 ($42.93 in chips)
melatonin88: posts small blind $1
REZOLUTION84: posts big blind $3
*** HOLE CARDS ***
melatonin88: folds
Uncalled bet ($2) returned to REZOLUTION84
REZOLUTION84 collected $2 from pot
REZOLUTION84: doesn't show hand
*** SUMMARY ***
Total pot $2 | Rake $0
Seat 1: REZOLUTION84 (big blind) collected ($2)
Seat 2: melatonin88 (button) (small blind) folded before Flop


PokerStars Hand #144454118896:  Hold'em Limit ($3/$6 USD) - 2015/11/27 8:23:54 ET
Table 'Sadalmelik II' 2-max Seat #2 is the button
Seat 1: REZOLUTION84 ($155.68 in chips)
Seat 2: melatonin88 ($42.93 in chips)
melatonin88: posts small blind $1
REZOLUTION84: posts big blind $3
*** HOLE CARDS ***
melatonin88: calls $2
REZOLUTION84: checks
*** FLOP *** [Tc Jd 2d]
REZOLUTION84: checks
melatonin88: checks
*** TURN *** [Tc Jd 2d] [8d]
REZOLUTION84: checks
melatonin88: checks
*** RIVER *** [Tc Jd 2d 8d] [6h]
REZOLUTION84: checks
melatonin88: bets $6
REZOLUTION84: calls $6
*** SHOW DOWN ***
melatonin88: shows [Td 5d] (a flush, Jack high)
REZOLUTION84: mucks hand
melatonin88 collected $17.64 from pot
*** SUMMARY ***
Total pot $18 | Rake $0.36
Board [Tc Jd 2d 8d 6h]
Seat 1: REZOLUTION84 (big blind) mucked
Seat 2: melatonin88 (button) (small blind) showed [Td 5d] and won ($17.64) with a flush, Jack high


PokerStars Hand #144454133954:  Hold'em Limit ($3/$6 USD) - 2015/11/27 8:24:22 ET
Table 'Sadalmelik II' 2-max Seat #2 is the button
Seat 1: REZOLUTION84 ($137.68 in chips)
Seat 2: melatonin88 ($60.21 in chips)
melatonin88: posts small blind $1
REZOLUTION84: posts big blind $3
*** HOLE CARDS ***
melatonin88: calls $2
REZOLUTION84: checks
*** FLOP *** [Qc Ac Ah]
REZOLUTION84: checks
melatonin88: checks
*** TURN *** [Qc Ac Ah] [Kd]
REZOLUTION84: checks
melatonin88: checks
*** RIVER *** [Qc Ac Ah Kd] [3h]
REZOLUTION84: checks
melatonin88: bets $6
REZOLUTION84: folds
Uncalled bet ($6) returned to melatonin88
melatonin88 collected $5.88 from pot
*** SUMMARY ***
Total pot $6 | Rake $0.12
Board [Qc Ac Ah Kd 3h]
Seat 1: REZOLUTION84 (big blind) folded on the River
Seat 2: melatonin88 (button) (small blind) collected ($5.88)


PokerStars Hand #144454140270:  Hold'em Limit ($3/$6 USD) - 2015/11/27 8:24:33 ET
Table 'Sadalmelik II' 2-max Seat #1 is the button
Seat 1: REZOLUTION84 ($134.68 in chips)
Seat 2: melatonin88 ($63.09 in chips)
REZOLUTION84: posts small blind $1
melatonin88: posts big blind $3
*** HOLE CARDS ***
REZOLUTION84: raises $3 to $6
melatonin88: calls $3
*** FLOP *** [Qs 8h 6d]
melatonin88: checks
REZOLUTION84: bets $3
melatonin88: calls $3
*** TURN *** [Qs 8h 6d] [2s]
melatonin88: checks
REZOLUTION84: checks
*** RIVER *** [Qs 8h 6d 2s] [4h]
melatonin88: checks
REZOLUTION84: bets $6
melatonin88: calls $6
*** SHOW DOWN ***
REZOLUTION84: shows [5h 7c] (a straight, Four to Eight)
melatonin88: mucks hand
REZOLUTION84 collected $29.50 from pot
*** SUMMARY ***
Total pot $30 | Rake $0.50
Board [Qs 8h 6d 2s 4h]
Seat 1: REZOLUTION84 (button) (small blind) showed [5h 7c] and won ($29.50) with a straight, Four to Eight
Seat 2: melatonin88 (big blind) mucked


PokerStars Hand #144454148836:  Hold'em Limit ($3/$6 USD) - 2015/11/27 8:24:48 ET
Table 'Sadalmelik II' 2-max Seat #2 is the button
Seat 1: REZOLUTION84 ($149.18 in chips)
Seat 2: melatonin88 ($48.09 in chips)
melatonin88: posts small blind $1
REZOLUTION84: posts big blind $3
*** HOLE CARDS ***
melatonin88: calls $2
REZOLUTION84: checks
*** FLOP *** [7s 4s Jc]
REZOLUTION84: checks
melatonin88: checks
*** TURN *** [7s 4s Jc] [Kh]
REZOLUTION84: checks
melatonin88: checks
*** RIVER *** [7s 4s Jc Kh] [8h]
REZOLUTION84: bets $6
melatonin88: folds
Uncalled bet ($6) returned to REZOLUTION84
REZOLUTION84 collected $5.88 from pot
REZOLUTION84: doesn't show hand
*** SUMMARY ***
Total pot $6 | Rake $0.12
Board [7s 4s Jc Kh 8h]
Seat 1: REZOLUTION84 (big blind) collected ($5.88)
Seat 2: melatonin88 (button) (small blind) folded on the River


PokerStars Hand #144454157006:  Hold'em Limit ($3/$6 USD) - 2015/11/27 8:25:03 ET
Table 'Sadalmelik II' 2-max Seat #1 is the button
Seat 1: REZOLUTION84 ($152.06 in chips)
Seat 2: melatonin88 ($45.09 in chips)
REZOLUTION84: posts small blind $1
melatonin88: posts big blind $3
*** HOLE CARDS ***
REZOLUTION84: raises $3 to $6
melatonin88: calls $3
*** FLOP *** [6c Ah 7c]
melatonin88: bets $3
REZOLUTION84: calls $3
*** TURN *** [6c Ah 7c] [8c]
melatonin88: bets $6
REZOLUTION84: calls $6
*** RIVER *** [6c Ah 7c 8c] [9h]
melatonin88: checks
REZOLUTION84: bets $6
melatonin88: calls $6
*** SHOW DOWN ***
REZOLUTION84: shows [Qs 9c] (a pair of Nines)
melatonin88: mucks hand
REZOLUTION84 collected $41.50 from pot
*** SUMMARY ***
Total pot $42 | Rake $0.50
Board [6c Ah 7c 8c 9h]
Seat 1: REZOLUTION84 (button) (small blind) showed [Qs 9c] and won ($41.50) with a pair of Nines
Seat 2: melatonin88 (big blind) mucked


PokerStars Hand #144454166698:  Hold'em Limit ($3/$6 USD) - 2015/11/27 8:25:21 ET
Table 'Sadalmelik II' 2-max Seat #2 is the button
Seat 1: REZOLUTION84 ($172.56 in chips)
Seat 2: melatonin88 ($24.09 in chips)
melatonin88: posts small blind $1
REZOLUTION84: posts big blind $3
*** HOLE CARDS ***
melatonin88: raises $3 to $6
REZOLUTION84: raises $3 to $9
melatonin88: calls $3
*** FLOP *** [Ks 5s 8s]
REZOLUTION84: bets $3
melatonin88: calls $3
*** TURN *** [Ks 5s 8s] [3s]
REZOLUTION84: bets $6
melatonin88: calls $6
*** RIVER *** [Ks 5s 8s 3s] [2d]
REZOLUTION84: bets $6
melatonin88: raises $0.09 to $6.09 and is all-in
REZOLUTION84: calls $0.09
*** SHOW DOWN ***
melatonin88: shows [Ah 6s] (a flush, King high)
REZOLUTION84: shows [Kh Qd] (a pair of Kings)
melatonin88 collected $47.68 from pot
*** SUMMARY ***
Total pot $48.18 | Rake $0.50
Board [Ks 5s 8s 3s 2d]
Seat 1: REZOLUTION84 (big blind) showed [Kh Qd] and lost with a pair of Kings
Seat 2: melatonin88 (button) (small blind) showed [Ah 6s] and won ($47.68) with a flush, King high


PokerStars Hand #144454205208:  Hold'em Limit ($3/$6 USD) - 2015/11/27 8:26:30 ET
Table 'Sadalmelik II' 2-max Seat #1 is the button
Seat 1: REZOLUTION84 ($107.47 in chips)
Seat 2: melatonin88 ($87.34 in chips)
REZOLUTION84: posts small blind $1
melatonin88: posts big blind $3
*** HOLE CARDS ***
REZOLUTION84: raises $3 to $6
melatonin88: calls $3
*** FLOP *** [5h Qd Ac]
melatonin88: checks
REZOLUTION84: bets $3
melatonin88: calls $3
*** TURN *** [5h Qd Ac] [Kd]
melatonin88: checks
REZOLUTION84: bets $6
melatonin88: calls $6
*** RIVER *** [5h Qd Ac Kd] [Th]
melatonin88: bets $6
REZOLUTION84: calls $6
*** SHOW DOWN ***
melatonin88: shows [Jh Qc] (a straight, Ten to Ace)
REZOLUTION84: mucks hand
melatonin88 collected $41.50 from pot
*** SUMMARY ***
Total pot $42 | Rake $0.50
Board [5h Qd Ac Kd Th]
Seat 1: REZOLUTION84 (button) (small blind) mucked
Seat 2: melatonin88 (big blind) showed [Jh Qc] and won ($41.50) with a straight, Ten to Ace


PokerStars Hand #144454192791:  Hold'em Limit ($3/$6 USD) - 2015/11/27 8:26:08 ET
Table 'Sadalmelik II' 2-max Seat #2 is the button
Seat 1: REZOLUTION84 ($119.47 in chips)
Seat 2: melatonin88 ($75.82 in chips)
melatonin88: posts small blind $1
REZOLUTION84: posts big blind $3
*** HOLE CARDS ***
melatonin88: calls $2
REZOLUTION84: checks
*** FLOP *** [9d 2s 5s]
REZOLUTION84: checks
melatonin88: bets $3
REZOLUTION84: calls $3
*** TURN *** [9d 2s 5s] [7d]
REZOLUTION84: checks
melatonin88: bets $6
REZOLUTION84: calls $6
*** RIVER *** [9d 2s 5s 7d] [Th]
REZOLUTION84: checks
melatonin88: bets $6
REZOLUTION84: folds
Uncalled bet ($6) returned to melatonin88
melatonin88 collected $23.52 from pot
*** SUMMARY ***
Total pot $24 | Rake $0.48
Board [9d 2s 5s 7d Th]
Seat 1: REZOLUTION84 (big blind) folded on the River
Seat 2: melatonin88 (button) (small blind) collected ($23.52)


PokerStars Hand #144454181759:  Hold'em Limit ($3/$6 USD) - 2015/11/27 8:25:48 ET
Table 'Sadalmelik II' 2-max Seat #2 is the button
Seat 1: REZOLUTION84 ($139.47 in chips)
Seat 2: melatonin88 ($56.32 in chips)
melatonin88: posts small blind $1
REZOLUTION84: posts big blind $3
*** HOLE CARDS ***
melatonin88: folds
Uncalled bet ($2) returned to REZOLUTION84
REZOLUTION84 collected $2 from pot
REZOLUTION84: doesn't show hand
*** SUMMARY ***
Total pot $2 | Rake $0
Seat 1: REZOLUTION84 (big blind) collected ($2)
Seat 2: melatonin88 (button) (small blind) folded before Flop


PokerStars Hand #144454184550:  Hold'em Limit ($3/$6 USD) - 2015/11/27 8:25:53 ET
Table 'Sadalmelik II' 2-max Seat #1 is the button
Seat 1: REZOLUTION84 ($140.47 in chips)
Seat 2: melatonin88 ($55.32 in chips)
REZOLUTION84: posts small blind $1
melatonin88: posts big blind $3
*** HOLE CARDS ***
REZOLUTION84: raises $3 to $6
melatonin88: calls $3
*** FLOP *** [5h 8d 2d]
melatonin88: bets $3
REZOLUTION84: calls $3
*** TURN *** [5h 8d 2d] [Kh]
melatonin88: bets $6
REZOLUTION84: calls $6
*** RIVER *** [5h 8d 2d Kh] [Jc]
melatonin88: bets $6
REZOLUTION84: calls $6
*** SHOW DOWN ***
melatonin88: shows [Kc 8c] (two pair, Kings and Eights)
REZOLUTION84: mucks hand
melatonin88 collected $41.50 from pot
*** SUMMARY ***
Total pot $42 | Rake $0.50
Board [5h 8d 2d Kh Jc]
Seat 1: REZOLUTION84 (button) (small blind) mucked
Seat 2: melatonin88 (big blind) showed [Kc 8c] and won ($41.50) with two pair, Kings and Eights


PokerStars Hand #144454174812:  Hold'em Limit ($3/$6 USD) - 2015/11/27 8:25:35 ET
Table 'Sadalmelik II' 2-max Seat #1 is the button
Seat 1: REZOLUTION84 ($148.47 in chips)
Seat 2: melatonin88 ($47.68 in chips)
REZOLUTION84: posts small blind $1
melatonin88: posts big blind $3
*** HOLE CARDS ***
REZOLUTION84: raises $3 to $6
melatonin88: calls $3
*** FLOP *** [Qs Kc Kd]
melatonin88: checks
REZOLUTION84: bets $3
melatonin88: calls $3
*** TURN *** [Qs Kc Kd] [9d]
melatonin88: checks
REZOLUTION84: checks
*** RIVER *** [Qs Kc Kd 9d] [5d]
melatonin88: bets $6
REZOLUTION84: folds
Uncalled bet ($6) returned to melatonin88
melatonin88 collected $17.64 from pot
*** SUMMARY ***
Total pot $18 | Rake $0.36
Board [Qs Kc Kd 9d 5d]
Seat 1: REZOLUTION84 (button) (small blind) folded on the River
Seat 2: melatonin88 (big blind) collected ($17.64)


PokerStars Hand #144454234355:  Hold'em Limit ($3/$6 USD) - 2015/11/27 8:27:22 ET
Table 'Sadalmelik II' 2-max Seat #1 is the button
Seat 1: REZOLUTION84 ($79.47 in chips)
Seat 2: melatonin88 ($114.48 in chips)
REZOLUTION84: posts small blind $1
melatonin88: posts big blind $3
*** HOLE CARDS ***
REZOLUTION84: raises $3 to $6
melatonin88: calls $3
*** FLOP *** [Jc 9h Th]
melatonin88: checks
REZOLUTION84: bets $3
melatonin88: calls $3
*** TURN *** [Jc 9h Th] [4c]
melatonin88: checks
REZOLUTION84: checks
*** RIVER *** [Jc 9h Th 4c] [8d]
melatonin88: bets $6
REZOLUTION84: folds
Uncalled bet ($6) returned to melatonin88
melatonin88 collected $17.64 from pot
*** SUMMARY ***
Total pot $18 | Rake $0.36
Board [Jc 9h Th 4c 8d]
Seat 1: REZOLUTION84 (button) (small blind) folded on the River
Seat 2: melatonin88 (big blind) collected ($17.64)


PokerStars Hand #144454225388:  Hold'em Limit ($3/$6 USD) - 2015/11/27 8:27:06 ET
Table 'Sadalmelik II' 2-max Seat #2 is the button
Seat 1: REZOLUTION84 ($78.47 in chips)
Seat 2: melatonin88 ($115.48 in chips)
melatonin88: posts small blind $1
REZOLUTION84: posts big blind $3
*** HOLE CARDS ***
melatonin88: folds
Uncalled bet ($2) returned to REZOLUTION84
REZOLUTION84 collected $2 from pot
REZOLUTION84: doesn't show hand
*** SUMMARY ***
Total pot $2 | Rake $0
Seat 1: REZOLUTION84 (big blind) collected ($2)
Seat 2: melatonin88 (button) (small blind) folded before Flop


PokerStars Hand #144454217278:  Hold'em Limit ($3/$6 USD) - 2015/11/27 8:26:51 ET
Table 'Sadalmelik II' 2-max Seat #1 is the button
Seat 1: REZOLUTION84 ($87.47 in chips)
Seat 2: melatonin88 ($106.84 in chips)
REZOLUTION84: posts small blind $1
melatonin88: posts big blind $3
*** HOLE CARDS ***
REZOLUTION84: raises $3 to $6
melatonin88: calls $3
*** FLOP *** [Jd 6c 6h]
melatonin88: checks
REZOLUTION84: bets $3
melatonin88: calls $3
*** TURN *** [Jd 6c 6h] [9c]
melatonin88: checks
REZOLUTION84: checks
*** RIVER *** [Jd 6c 6h 9c] [4c]
melatonin88: bets $6
REZOLUTION84: folds
Uncalled bet ($6) returned to melatonin88
melatonin88 collected $17.64 from pot
*** SUMMARY ***
Total pot $18 | Rake $0.36
Board [Jd 6c 6h 9c 4c]
Seat 1: REZOLUTION84 (button) (small blind) folded on the River
Seat 2: melatonin88 (big blind) collected ($17.64)


PokerStars Hand #144454214460:  Hold'em Limit ($3/$6 USD) - 2015/11/27 8:26:46 ET
Table 'Sadalmelik II' 2-max Seat #2 is the button
Seat 1: REZOLUTION84 ($86.47 in chips)
Seat 2: melatonin88 ($107.84 in chips)
melatonin88: posts small blind $1
REZOLUTION84: posts big blind $3
*** HOLE CARDS ***
melatonin88: folds
Uncalled bet ($2) returned to REZOLUTION84
REZOLUTION84 collected $2 from pot
REZOLUTION84: doesn't show hand
*** SUMMARY ***
Total pot $2 | Rake $0
Seat 1: REZOLUTION84 (big blind) collected ($2)
Seat 2: melatonin88 (button) (small blind) folded before Flop


PokerStars Hand #144454275902:  Hold'em Limit ($3/$6 USD) - 2015/11/27 8:28:36 ET
Table 'Sadalmelik II' 2-max Seat #2 is the button
Seat 1: REZOLUTION84 ($60.75 in chips)
Seat 2: melatonin88 ($131.38 in chips)
melatonin88: posts small blind $1
REZOLUTION84: posts big blind $3
*** HOLE CARDS ***
melatonin88: folds
Uncalled bet ($2) returned to REZOLUTION84
REZOLUTION84 collected $2 from pot
REZOLUTION84: doesn't show hand
*** SUMMARY ***
Total pot $2 | Rake $0
Seat 1: REZOLUTION84 (big blind) collected ($2)
Seat 2: melatonin88 (button) (small blind) folded before Flop


PokerStars Hand #144454268202:  Hold'em Limit ($3/$6 USD) - 2015/11/27 8:28:22 ET
Table 'Sadalmelik II' 2-max Seat #1 is the button
Seat 1: REZOLUTION84 ($81.75 in chips)
Seat 2: melatonin88 ($110.88 in chips)
REZOLUTION84: posts small blind $1
melatonin88: posts big blind $3
*** HOLE CARDS ***
REZOLUTION84: raises $3 to $6
melatonin88: raises $3 to $9
REZOLUTION84: calls $3
*** FLOP *** [Js 3s Jh]
melatonin88: checks
REZOLUTION84: checks
*** TURN *** [Js 3s Jh] [3d]
melatonin88: bets $6
REZOLUTION84: calls $6
*** RIVER *** [Js 3s Jh 3d] [4d]
melatonin88: bets $6
REZOLUTION84: calls $6
*** SHOW DOWN ***
melatonin88: shows [Kd Ks] (two pair, Kings and Jacks)
REZOLUTION84: mucks hand
melatonin88 collected $41.50 from pot
*** SUMMARY ***
Total pot $42 | Rake $0.50
Board [Js 3s Jh 3d 4d]
Seat 1: REZOLUTION84 (button) (small blind) mucked
Seat 2: melatonin88 (big blind) showed [Kd Ks] and won ($41.50) with two pair, Kings and Jacks


PokerStars Hand #144454263051:  Hold'em Limit ($3/$6 USD) - 2015/11/27 8:28:13 ET
Table 'Sadalmelik II' 2-max Seat #2 is the button
Seat 1: REZOLUTION84 ($87.75 in chips)
Seat 2: melatonin88 ($105.12 in chips)
melatonin88: posts small blind $1
REZOLUTION84: posts big blind $3
*** HOLE CARDS ***
melatonin88: raises $3 to $6
REZOLUTION84: calls $3
*** FLOP *** [Qs Ts 4c]
REZOLUTION84: checks
melatonin88: bets $3
REZOLUTION84: folds
Uncalled bet ($3) returned to melatonin88
melatonin88 collected $11.76 from pot
*** SUMMARY ***
Total pot $12 | Rake $0.24
Board [Qs Ts 4c]
Seat 1: REZOLUTION84 (big blind) folded on the Flop
Seat 2: melatonin88 (button) (small blind) collected ($11.76)


PokerStars Hand #144454257067:  Hold'em Limit ($3/$6 USD) - 2015/11/27 8:28:02 ET
Table 'Sadalmelik II' 2-max Seat #1 is the button
Seat 1: REZOLUTION84 ($79.11 in chips)
Seat 2: melatonin88 ($114.12 in chips)
REZOLUTION84: posts small blind $1
melatonin88: posts big blind $3
*** HOLE CARDS ***
REZOLUTION84: raises $3 to $6
melatonin88: calls $3
*** FLOP *** [Th 3h Ts]
melatonin88: bets $3
REZOLUTION84: raises $3 to $6
melatonin88: folds
Uncalled bet ($3) returned to REZOLUTION84
REZOLUTION84 collected $17.64 from pot
REZOLUTION84: doesn't show hand
*** SUMMARY ***
Total pot $18 | Rake $0.36
Board [Th 3h Ts]
Seat 1: REZOLUTION84 (button) (small blind) collected ($17.64)
Seat 2: melatonin88 (big blind) folded on the Flop


PokerStars Hand #144454241610:  Hold'em Limit ($3/$6 USD) - 2015/11/27 8:27:35 ET
Table 'Sadalmelik II' 2-max Seat #2 is the button
Seat 1: REZOLUTION84 ($70.47 in chips)
Seat 2: melatonin88 ($123.12 in chips)
melatonin88: posts small blind $1
REZOLUTION84: posts big blind $3
*** HOLE CARDS ***
melatonin88: calls $2
REZOLUTION84: raises $3 to $6
melatonin88: calls $3
*** FLOP *** [7s Jd Td]
REZOLUTION84: bets $3
melatonin88: calls $3
*** TURN *** [7s Jd Td] [Kd]
REZOLUTION84: bets $6
melatonin88: folds
Uncalled bet ($6) returned to REZOLUTION84
REZOLUTION84 collected $17.64 from pot
REZOLUTION84: doesn't show hand
*** SUMMARY ***
Total pot $18 | Rake $0.36
Board [7s Jd Td Kd]
Seat 1: REZOLUTION84 (big blind) collected ($17.64)
Seat 2: melatonin88 (button) (small blind) folded on the Turn


PokerStars Hand #144454305494:  Hold'em Limit ($3/$6 USD) - 2015/11/27 8:29:29 ET
Table 'Sadalmelik II' 2-max Seat #2 is the button
Seat 1: REZOLUTION84 ($84.75 in chips)
Seat 2: melatonin88 ($106.02 in chips)
melatonin88: posts small blind $1
REZOLUTION84: posts big blind $3
*** HOLE CARDS ***
melatonin88: raises $3 to $6
REZOLUTION84: calls $3
*** FLOP *** [9c 6s 7s]
REZOLUTION84: checks
melatonin88: bets $3
REZOLUTION84: calls $3
*** TURN *** [9c 6s 7s] [5h]
REZOLUTION84: checks
melatonin88: bets $6
REZOLUTION84: calls $6
*** RIVER *** [9c 6s 7s 5h] [4d]
REZOLUTION84: checks
melatonin88: bets $6
REZOLUTION84: folds
Uncalled bet ($6) returned to melatonin88
melatonin88 collected $29.50 from pot
*** SUMMARY ***
Total pot $30 | Rake $0.50
Board [9c 6s 7s 5h 4d]
Seat 1: REZOLUTION84 (big blind) folded on the River
Seat 2: melatonin88 (button) (small blind) collected ($29.50)


PokerStars Hand #144454298382:  Hold'em Limit ($3/$6 USD) - 2015/11/27 8:29:16 ET
Table 'Sadalmelik II' 2-max Seat #1 is the button
Seat 1: REZOLUTION84 ($93.75 in chips)
Seat 2: melatonin88 ($97.38 in chips)
REZOLUTION84: posts small blind $1
melatonin88: posts big blind $3
*** HOLE CARDS ***
REZOLUTION84: raises $3 to $6
melatonin88: calls $3
*** FLOP *** [3h 4d Tc]
melatonin88: checks
REZOLUTION84: bets $3
melatonin88: calls $3
*** TURN *** [3h 4d Tc] [5d]
melatonin88: checks
REZOLUTION84: checks
*** RIVER *** [3h 4d Tc 5d] [9d]
melatonin88: checks
REZOLUTION84: checks
*** SHOW DOWN ***
melatonin88: shows [3d Kh] (a pair of Threes)
REZOLUTION84: mucks hand
melatonin88 collected $17.64 from pot
*** SUMMARY ***
Total pot $18 | Rake $0.36
Board [3h 4d Tc 5d 9d]
Seat 1: REZOLUTION84 (button) (small blind) mucked
Seat 2: melatonin88 (big blind) showed [3d Kh] and won ($17.64) with a pair of Threes


PokerStars Hand #144454290061:  Hold'em Limit ($3/$6 USD) - 2015/11/27 8:29:02 ET
Table 'Sadalmelik II' 2-max Seat #2 is the button
Seat 1: REZOLUTION84 ($76.25 in chips)
Seat 2: melatonin88 ($115.38 in chips)
melatonin88: posts small blind $1
REZOLUTION84: posts big blind $3
*** HOLE CARDS ***
melatonin88: calls $2
REZOLUTION84: checks
*** FLOP *** [3d 3c 5c]
REZOLUTION84: checks
melatonin88: bets $3
REZOLUTION84: calls $3
*** TURN *** [3d 3c 5c] [Qc]
REZOLUTION84: checks
melatonin88: bets $6
REZOLUTION84: calls $6
*** RIVER *** [3d 3c 5c Qc] [5d]
REZOLUTION84: checks
melatonin88: bets $6
REZOLUTION84: calls $6
*** SHOW DOWN ***
melatonin88: shows [7d 8d] (two pair, Fives and Threes)
REZOLUTION84: shows [Ad 7c] (two pair, Fives and Threes - Ace kicker)
REZOLUTION84 collected $35.50 from pot
*** SUMMARY ***
Total pot $36 | Rake $0.50
Board [3d 3c 5c Qc 5d]
Seat 1: REZOLUTION84 (big blind) showed [Ad 7c] and won ($35.50) with two pair, Fives and Threes
Seat 2: melatonin88 (button) (small blind) showed [7d 8d] and lost with two pair, Fives and Threes


PokerStars Hand #144454279258:  Hold'em Limit ($3/$6 USD) - 2015/11/27 8:28:42 ET
Table 'Sadalmelik II' 2-max Seat #1 is the button
Seat 1: REZOLUTION84 ($61.75 in chips)
Seat 2: melatonin88 ($130.38 in chips)
REZOLUTION84: posts small blind $1
melatonin88: posts big blind $3
*** HOLE CARDS ***
REZOLUTION84: raises $3 to $6
melatonin88: calls $3
*** FLOP *** [Kh Ts 9c]
melatonin88: bets $3
REZOLUTION84: calls $3
*** TURN *** [Kh Ts 9c] [Ah]
melatonin88: bets $6
REZOLUTION84: calls $6
*** RIVER *** [Kh Ts 9c Ah] [2s]
melatonin88: checks
REZOLUTION84: bets $6
melatonin88: folds
Uncalled bet ($6) returned to REZOLUTION84
REZOLUTION84 collected $29.50 from pot
REZOLUTION84: doesn't show hand
*** SUMMARY ***
Total pot $30 | Rake $0.50
Board [Kh Ts 9c Ah 2s]
Seat 1: REZOLUTION84 (button) (small blind) collected ($29.50)
Seat 2: melatonin88 (big blind) folded on the River


PokerStars Hand #144454339623:  Hold'em Limit ($3/$6 USD) - 2015/11/27 8:30:28 ET
Table 'Sadalmelik II' 2-max Seat #2 is the button
Seat 1: REZOLUTION84 ($72.25 in chips)
Seat 2: melatonin88 ($116.90 in chips)
melatonin88: posts small blind $1
REZOLUTION84: posts big blind $3
*** HOLE CARDS ***
melatonin88: calls $2
REZOLUTION84: raises $3 to $6
melatonin88: calls $3
*** FLOP *** [3h 9c 8s]
REZOLUTION84: bets $3
melatonin88: calls $3
*** TURN *** [3h 9c 8s] [6h]
REZOLUTION84: bets $6
melatonin88: calls $6
*** RIVER *** [3h 9c 8s 6h] [5d]
REZOLUTION84: bets $6
melatonin88: calls $6
*** SHOW DOWN ***
REZOLUTION84: shows [As 9h] (a pair of Nines)
melatonin88: mucks hand
REZOLUTION84 collected $41.50 from pot
*** SUMMARY ***
Total pot $42 | Rake $0.50
Board [3h 9c 8s 6h 5d]
Seat 1: REZOLUTION84 (big blind) showed [As 9h] and won ($41.50) with a pair of Nines
Seat 2: melatonin88 (button) (small blind) mucked


PokerStars Hand #144454330286:  Hold'em Limit ($3/$6 USD) - 2015/11/27 8:30:12 ET
Table 'Sadalmelik II' 2-max Seat #1 is the button
Seat 1: REZOLUTION84 ($87.25 in chips)
Seat 2: melatonin88 ($102.40 in chips)
REZOLUTION84: posts small blind $1
melatonin88: posts big blind $3
*** HOLE CARDS ***
REZOLUTION84: raises $3 to $6
melatonin88: raises $3 to $9
REZOLUTION84: calls $3
*** FLOP *** [2h Jh 5s]
melatonin88: checks
REZOLUTION84: checks
*** TURN *** [2h Jh 5s] [7d]
melatonin88: checks
REZOLUTION84: bets $6
melatonin88: raises $6 to $12
REZOLUTION84: folds
Uncalled bet ($6) returned to melatonin88
melatonin88 collected $29.50 from pot
*** SUMMARY ***
Total pot $30 | Rake $0.50
Board [2h Jh 5s 7d]
Seat 1: REZOLUTION84 (button) (small blind) folded on the Turn
Seat 2: melatonin88 (big blind) collected ($29.50)


PokerStars Hand #144454323386:  Hold'em Limit ($3/$6 USD) - 2015/11/27 8:30:02 ET
Table 'Sadalmelik II' 2-max Seat #2 is the button
Seat 1: REZOLUTION84 ($90.25 in chips)
Seat 2: melatonin88 ($99.52 in chips)
melatonin88: posts small blind $1
REZOLUTION84: posts big blind $3
*** HOLE CARDS ***
melatonin88: calls $2
REZOLUTION84: checks
*** FLOP *** [Kc Ac 9c]
REZOLUTION84: checks
melatonin88: checks
*** TURN *** [Kc Ac 9c] [9h]
REZOLUTION84: checks
melatonin88: bets $6
REZOLUTION84: folds
Uncalled bet ($6) returned to melatonin88
melatonin88 collected $5.88 from pot
*** SUMMARY ***
Total pot $6 | Rake $0.12
Board [Kc Ac 9c 9h]
Seat 1: REZOLUTION84 (big blind) folded on the Turn
Seat 2: melatonin88 (button) (small blind) collected ($5.88)


PokerStars Hand #144454313663:  Hold'em Limit ($3/$6 USD) - 2015/11/27 8:29:44 ET
Table 'Sadalmelik II' 2-max Seat #1 is the button
Seat 1: REZOLUTION84 ($69.75 in chips)
Seat 2: melatonin88 ($120.52 in chips)
REZOLUTION84: posts small blind $1
melatonin88: posts big blind $3
*** HOLE CARDS ***
REZOLUTION84: raises $3 to $6
melatonin88: calls $3
*** FLOP *** [7h 7c 3c]
melatonin88: checks
REZOLUTION84: bets $3
melatonin88: calls $3
*** TURN *** [7h 7c 3c] [4h]
melatonin88: checks
REZOLUTION84: bets $6
melatonin88: calls $6
*** RIVER *** [7h 7c 3c 4h] [9d]
melatonin88: checks
REZOLUTION84: bets $6
melatonin88: calls $6
*** SHOW DOWN ***
REZOLUTION84: shows [4s 7d] (a full house, Sevens full of Fours)
melatonin88: mucks hand
REZOLUTION84 collected $41.50 from pot
*** SUMMARY ***
Total pot $42 | Rake $0.50
Board [7h 7c 3c 4h 9d]
Seat 1: REZOLUTION84 (button) (small blind) showed [4s 7d] and won ($41.50) with a full house, Sevens full of Fours
Seat 2: melatonin88 (big blind) mucked


PokerStars Hand #144454373739:  Hold'em Limit ($3/$6 USD) - 2015/11/27 8:31:28 ET
Table 'Sadalmelik II' 2-max Seat #1 is the button
Seat 1: REZOLUTION84 ($114.13 in chips)
Seat 2: melatonin88 ($73.90 in chips)
REZOLUTION84: posts small blind $1
melatonin88: posts big blind $3
*** HOLE CARDS ***
REZOLUTION84: raises $3 to $6
melatonin88: calls $3
*** FLOP *** [Th Kc 4h]
melatonin88: checks
REZOLUTION84: bets $3
melatonin88: calls $3
*** TURN *** [Th Kc 4h] [Td]
melatonin88: checks
REZOLUTION84: bets $6
melatonin88: calls $6
*** RIVER *** [Th Kc 4h Td] [8h]
melatonin88: bets $6
REZOLUTION84: calls $6
*** SHOW DOWN ***
melatonin88: shows [5h Tc] (three of a kind, Tens)
REZOLUTION84: mucks hand
melatonin88 collected $41.50 from pot
*** SUMMARY ***
Total pot $42 | Rake $0.50
Board [Th Kc 4h Td 8h]
Seat 1: REZOLUTION84 (button) (small blind) mucked
Seat 2: melatonin88 (big blind) showed [5h Tc] and won ($41.50) with three of a kind, Tens


PokerStars Hand #144454366502:  Hold'em Limit ($3/$6 USD) - 2015/11/27 8:31:15 ET
Table 'Sadalmelik II' 2-max Seat #2 is the button
Seat 1: REZOLUTION84 ($111.25 in chips)
Seat 2: melatonin88 ($76.90 in chips)
melatonin88: posts small blind $1
REZOLUTION84: posts big blind $3
*** HOLE CARDS ***
melatonin88: calls $2
REZOLUTION84: checks
*** FLOP *** [As Qs 7s]
REZOLUTION84: checks
melatonin88: checks
*** TURN *** [As Qs 7s] [8c]
REZOLUTION84: checks
melatonin88: checks
*** RIVER *** [As Qs 7s 8c] [Tc]
REZOLUTION84: checks
melatonin88: checks
*** SHOW DOWN ***
REZOLUTION84: shows [5d Qc] (a pair of Queens)
melatonin88: mucks hand
REZOLUTION84 collected $5.88 from pot
*** SUMMARY ***
Total pot $6 | Rake $0.12
Board [As Qs 7s 8c Tc]
Seat 1: REZOLUTION84 (big blind) showed [5d Qc] and won ($5.88) with a pair of Queens
Seat 2: melatonin88 (button) (small blind) mucked


PokerStars Hand #144454363126:  Hold'em Limit ($3/$6 USD) - 2015/11/27 8:31:09 ET
Table 'Sadalmelik II' 2-max Seat #1 is the button
Seat 1: REZOLUTION84 ($108.25 in chips)
Seat 2: melatonin88 ($79.90 in chips)
REZOLUTION84: posts small blind $1
melatonin88: posts big blind $3
*** HOLE CARDS ***
REZOLUTION84: raises $3 to $6
melatonin88: folds
Uncalled bet ($3) returned to REZOLUTION84
REZOLUTION84 collected $6 from pot
REZOLUTION84: doesn't show hand
*** SUMMARY ***
Total pot $6 | Rake $0
Seat 1: REZOLUTION84 (button) (small blind) collected ($6)
Seat 2: melatonin88 (big blind) folded before Flop


PokerStars Hand #144454359670:  Hold'em Limit ($3/$6 USD) - 2015/11/27 8:31:03 ET
Table 'Sadalmelik II' 2-max Seat #2 is the button
Seat 1: REZOLUTION84 ($107.25 in chips)
Seat 2: melatonin88 ($80.90 in chips)
melatonin88: posts small blind $1
REZOLUTION84: posts big blind $3
*** HOLE CARDS ***
melatonin88: folds
Uncalled bet ($2) returned to REZOLUTION84
REZOLUTION84 collected $2 from pot
REZOLUTION84: doesn't show hand
*** SUMMARY ***
Total pot $2 | Rake $0
Seat 1: REZOLUTION84 (big blind) collected ($2)
Seat 2: melatonin88 (button) (small blind) folded before Flop


PokerStars Hand #144454348086:  Hold'em Limit ($3/$6 USD) - 2015/11/27 8:30:43 ET
Table 'Sadalmelik II' 2-max Seat #1 is the button
Seat 1: REZOLUTION84 ($92.75 in chips)
Seat 2: melatonin88 ($95.90 in chips)
REZOLUTION84: posts small blind $1
melatonin88: posts big blind $3
*** HOLE CARDS ***
REZOLUTION84: raises $3 to $6
melatonin88: calls $3
*** FLOP *** [Jd 5d Jc]
melatonin88: bets $3
REZOLUTION84: calls $3
*** TURN *** [Jd 5d Jc] [7d]
melatonin88: checks
REZOLUTION84: bets $6
melatonin88: calls $6
*** RIVER *** [Jd 5d Jc 7d] [Ah]
melatonin88: checks
REZOLUTION84: checks
*** SHOW DOWN ***
melatonin88: shows [8d 6s] (a pair of Jacks)
REZOLUTION84: shows [Ks 9s] (a pair of Jacks - Ace+King kicker)
REZOLUTION84 collected $29.50 from pot
*** SUMMARY ***
Total pot $30 | Rake $0.50
Board [Jd 5d Jc 7d Ah]
Seat 1: REZOLUTION84 (button) (small blind) showed [Ks 9s] and won ($29.50) with a pair of Jacks
Seat 2: melatonin88 (big blind) showed [8d 6s] and lost with a pair of Jacks


PokerStars Hand #144454405923:  Hold'em Limit ($3/$6 USD) - 2015/11/27 8:32:22 ET
Table 'Sadalmelik II' 2-max Seat #1 is the button
Seat 1: REZOLUTION84 ($63.07 in chips)
Seat 2: melatonin88 ($123.48 in chips)
REZOLUTION84: posts small blind $1
melatonin88: posts big blind $3
*** HOLE CARDS ***
REZOLUTION84: raises $3 to $6
melatonin88: raises $3 to $9
REZOLUTION84: calls $3
*** FLOP *** [3c 4s Ac]
melatonin88: checks
REZOLUTION84: checks
*** TURN *** [3c 4s Ac] [Td]
melatonin88: checks
REZOLUTION84: checks
*** RIVER *** [3c 4s Ac Td] [Jc]
melatonin88: bets $6
REZOLUTION84: raises $6 to $12
melatonin88: raises $6 to $18
REZOLUTION84: raises $6 to $24
Betting is capped
melatonin88: calls $6
*** SHOW DOWN ***
REZOLUTION84: shows [Tc 5c] (a flush, Ace high)
melatonin88: mucks hand
REZOLUTION84 collected $65.50 from pot
*** SUMMARY ***
Total pot $66 | Rake $0.50
Board [3c 4s Ac Td Jc]
Seat 1: REZOLUTION84 (button) (small blind) showed [Tc 5c] and won ($65.50) with a flush, Ace high
Seat 2: melatonin88 (big blind) mucked


PokerStars Hand #144454399944:  Hold'em Limit ($3/$6 USD) - 2015/11/27 8:32:12 ET
Table 'Sadalmelik II' 2-max Seat #2 is the button
Seat 1: REZOLUTION84 ($63.13 in chips)
Seat 2: melatonin88 ($123.54 in chips)
melatonin88: posts small blind $1
REZOLUTION84: posts big blind $3
*** HOLE CARDS ***
melatonin88: calls $2
REZOLUTION84: checks
*** FLOP *** [Jd 6d 6h]
REZOLUTION84: checks
melatonin88: checks
*** TURN *** [Jd 6d 6h] [9h]
REZOLUTION84: checks
melatonin88: checks
*** RIVER *** [Jd 6d 6h 9h] [Tc]
REZOLUTION84: checks
melatonin88: checks
*** SHOW DOWN ***
REZOLUTION84: shows [Kh 4s] (a pair of Sixes)
melatonin88: shows [Kc 7h] (a pair of Sixes)
REZOLUTION84 collected $2.94 from pot
melatonin88 collected $2.94 from pot
*** SUMMARY ***
Total pot $6 | Rake $0.12
Board [Jd 6d 6h 9h Tc]
Seat 1: REZOLUTION84 (big blind) showed [Kh 4s] and won ($2.94) with a pair of Sixes
Seat 2: melatonin88 (button) (small blind) showed [Kc 7h] and won ($2.94) with a pair of Sixes


PokerStars Hand #144454391718:  Hold'em Limit ($3/$6 USD) - 2015/11/27 8:31:58 ET
Table 'Sadalmelik II' 2-max Seat #1 is the button
Seat 1: REZOLUTION84 ($72.13 in chips)
Seat 2: melatonin88 ($114.90 in chips)
REZOLUTION84: posts small blind $1
melatonin88: posts big blind $3
*** HOLE CARDS ***
REZOLUTION84: raises $3 to $6
melatonin88: calls $3
*** FLOP *** [8d 4h 6c]
melatonin88: checks
REZOLUTION84: bets $3
melatonin88: calls $3
*** TURN *** [8d 4h 6c] [8c]
melatonin88: checks
REZOLUTION84: checks
*** RIVER *** [8d 4h 6c 8c] [Th]
melatonin88: bets $6
REZOLUTION84: folds
Uncalled bet ($6) returned to melatonin88
melatonin88 collected $17.64 from pot
*** SUMMARY ***
Total pot $18 | Rake $0.36
Board [8d 4h 6c 8c Th]
Seat 1: REZOLUTION84 (button) (small blind) folded on the River
Seat 2: melatonin88 (big blind) collected ($17.64)


PokerStars Hand #144454382566:  Hold'em Limit ($3/$6 USD) - 2015/11/27 8:31:43 ET
Table 'Sadalmelik II' 2-max Seat #2 is the button
Seat 1: REZOLUTION84 ($93.13 in chips)
Seat 2: melatonin88 ($94.40 in chips)
melatonin88: posts small blind $1
REZOLUTION84: posts big blind $3
*** HOLE CARDS ***
melatonin88: raises $3 to $6
REZOLUTION84: calls $3
*** FLOP *** [2c 8c 8s]
REZOLUTION84: checks
melatonin88: bets $3
REZOLUTION84: calls $3
*** TURN *** [2c 8c 8s] [2d]
REZOLUTION84: checks
melatonin88: bets $6
REZOLUTION84: calls $6
*** RIVER *** [2c 8c 8s 2d] [Js]
REZOLUTION84: checks
melatonin88: bets $6
REZOLUTION84: calls $6
*** SHOW DOWN ***
melatonin88: shows [7s Ad] (two pair, Eights and Deuces)
REZOLUTION84: mucks hand
melatonin88 collected $41.50 from pot
*** SUMMARY ***
Total pot $42 | Rake $0.50
Board [2c 8c 8s 2d Js]
Seat 1: REZOLUTION84 (big blind) mucked
Seat 2: melatonin88 (button) (small blind) showed [7s Ad] and won ($41.50) with two pair, Eights and Deuces


PokerStars Hand #144454449766:  Hold'em Limit ($3/$6 USD) - 2015/11/27 8:33:37 ET
Table 'Sadalmelik II' 2-max Seat #1 is the button
Seat 1: REZOLUTION84 ($60.57 in chips)
Seat 2: melatonin88 ($124.26 in chips)
REZOLUTION84: posts small blind $1
melatonin88: posts big blind $3
*** HOLE CARDS ***
REZOLUTION84: folds
Uncalled bet ($2) returned to melatonin88
melatonin88 collected $2 from pot
*** SUMMARY ***
Total pot $2 | Rake $0
Seat 1: REZOLUTION84 (button) (small blind) folded before Flop
Seat 2: melatonin88 (big blind) collected ($2)


PokerStars Hand #144454446191:  Hold'em Limit ($3/$6 USD) - 2015/11/27 8:33:31 ET
Table 'Sadalmelik II' 2-max Seat #2 is the button
Seat 1: REZOLUTION84 ($63.57 in chips)
Seat 2: melatonin88 ($121.26 in chips)
melatonin88: posts small blind $1
REZOLUTION84: posts big blind $3
*** HOLE CARDS ***
melatonin88: raises $3 to $6
REZOLUTION84: folds
Uncalled bet ($3) returned to melatonin88
melatonin88 collected $6 from pot
*** SUMMARY ***
Total pot $6 | Rake $0
Seat 1: REZOLUTION84 (big blind) folded before Flop
Seat 2: melatonin88 (button) (small blind) collected ($6)


PokerStars Hand #144454437734:  Hold'em Limit ($3/$6 USD) - 2015/11/27 8:33:17 ET
Table 'Sadalmelik II' 2-max Seat #1 is the button
Seat 1: REZOLUTION84 ($72.57 in chips)
Seat 2: melatonin88 ($112.62 in chips)
REZOLUTION84: posts small blind $1
melatonin88: posts big blind $3
*** HOLE CARDS ***
REZOLUTION84: raises $3 to $6
melatonin88: raises $3 to $9
REZOLUTION84: calls $3
*** FLOP *** [5c 9c 9d]
melatonin88: checks
REZOLUTION84: checks
*** TURN *** [5c 9c 9d] [2s]
melatonin88: bets $6
REZOLUTION84: folds
Uncalled bet ($6) returned to melatonin88
melatonin88 collected $17.64 from pot
*** SUMMARY ***
Total pot $18 | Rake $0.36
Board [5c 9c 9d 2s]
Seat 1: REZOLUTION84 (button) (small blind) folded on the Turn
Seat 2: melatonin88 (big blind) collected ($17.64)


PokerStars Hand #144454434417:  Hold'em Limit ($3/$6 USD) - 2015/11/27 8:33:11 ET
Table 'Sadalmelik II' 2-max Seat #2 is the button
Seat 1: REZOLUTION84 ($71.57 in chips)
Seat 2: melatonin88 ($113.62 in chips)
melatonin88: posts small blind $1
REZOLUTION84: posts big blind $3
*** HOLE CARDS ***
melatonin88: folds
Uncalled bet ($2) returned to REZOLUTION84
REZOLUTION84 collected $2 from pot
REZOLUTION84: doesn't show hand
*** SUMMARY ***
Total pot $2 | Rake $0
Seat 1: REZOLUTION84 (big blind) collected ($2)
Seat 2: melatonin88 (button) (small blind) folded before Flop


PokerStars Hand #144454426671:  Hold'em Limit ($3/$6 USD) - 2015/11/27 8:32:58 ET
Table 'Sadalmelik II' 2-max Seat #1 is the button
Seat 1: REZOLUTION84 ($80.57 in chips)
Seat 2: melatonin88 ($104.98 in chips)
REZOLUTION84: posts small blind $1
melatonin88: posts big blind $3
*** HOLE CARDS ***
REZOLUTION84: raises $3 to $6
melatonin88: calls $3
*** FLOP *** [9c Qd 5d]
melatonin88: checks
REZOLUTION84: bets $3
melatonin88: calls $3
*** TURN *** [9c Qd 5d] [Ts]
melatonin88: checks
REZOLUTION84: checks
*** RIVER *** [9c Qd 5d Ts] [Th]
melatonin88: bets $6
REZOLUTION84: folds
Uncalled bet ($6) returned to melatonin88
melatonin88 collected $17.64 from pot
*** SUMMARY ***
Total pot $18 | Rake $0.36
Board [9c Qd 5d Ts Th]
Seat 1: REZOLUTION84 (button) (small blind) folded on the River
Seat 2: melatonin88 (big blind) collected ($17.64)


PokerStars Hand #144454417334:  Hold'em Limit ($3/$6 USD) - 2015/11/27 8:32:42 ET
Table 'Sadalmelik II' 2-max Seat #2 is the button
Seat 1: REZOLUTION84 ($95.57 in chips)
Seat 2: melatonin88 ($90.48 in chips)
melatonin88: posts small blind $1
REZOLUTION84: posts big blind $3
*** HOLE CARDS ***
melatonin88: calls $2
REZOLUTION84: raises $3 to $6
melatonin88: calls $3
*** FLOP *** [Ah 3c 5c]
REZOLUTION84: bets $3
melatonin88: calls $3
*** TURN *** [Ah 3c 5c] [7c]
REZOLUTION84: checks
melatonin88: checks
*** RIVER *** [Ah 3c 5c 7c] [3d]
REZOLUTION84: checks
melatonin88: bets $6
REZOLUTION84: calls $6
*** SHOW DOWN ***
melatonin88: shows [Js 5s] (two pair, Fives and Threes)
REZOLUTION84: mucks hand
melatonin88 collected $29.50 from pot
*** SUMMARY ***
Total pot $30 | Rake $0.50
Board [Ah 3c 5c 7c 3d]
Seat 1: REZOLUTION84 (big blind) mucked
Seat 2: melatonin88 (button) (small blind) showed [Js 5s] and won ($29.50) with two pair, Fives and Threes


PokerStars Hand #144454475507:  Hold'em Limit ($3/$6 USD) - 2015/11/27 8:34:21 ET
Table 'Sadalmelik II' 2-max Seat #1 is the button
Seat 1: REZOLUTION84 ($65.76 in chips)
Seat 2: melatonin88 ($126.02 in chips)
REZOLUTION84: posts small blind $1
melatonin88: posts big blind $3
*** HOLE CARDS ***
REZOLUTION84: raises $3 to $6
melatonin88: calls $3
*** FLOP *** [9h 4h 8h]
melatonin88: checks
REZOLUTION84: bets $3
melatonin88: calls $3
*** TURN *** [9h 4h 8h] [7h]
melatonin88: checks
REZOLUTION84: checks
*** RIVER *** [9h 4h 8h 7h] [6d]
melatonin88: bets $6
REZOLUTION84: folds
Uncalled bet ($6) returned to melatonin88
melatonin88 collected $17.64 from pot
*** SUMMARY ***
Total pot $18 | Rake $0.36
Board [9h 4h 8h 7h 6d]
Seat 1: REZOLUTION84 (button) (small blind) folded on the River
Seat 2: melatonin88 (big blind) collected ($17.64)


PokerStars Hand #144454463542:  Hold'em Limit ($3/$6 USD) - 2015/11/27 8:34:01 ET
Table 'Sadalmelik II' 2-max Seat #2 is the button
Seat 1: REZOLUTION84 ($60 in chips)
Seat 2: melatonin88 ($132.02 in chips)
melatonin88: posts small blind $1
REZOLUTION84: posts big blind $3
*** HOLE CARDS ***
melatonin88: calls $2
REZOLUTION84: checks
*** FLOP *** [9s 8h 3c]
REZOLUTION84: bets $3
melatonin88: calls $3
*** TURN *** [9s 8h 3c] [5d]
REZOLUTION84: bets $6
melatonin88: folds
Uncalled bet ($6) returned to REZOLUTION84
REZOLUTION84 collected $11.76 from pot
REZOLUTION84: doesn't show hand
*** SUMMARY ***
Total pot $12 | Rake $0.24
Board [9s 8h 3c 5d]
Seat 1: REZOLUTION84 (big blind) collected ($11.76)
Seat 2: melatonin88 (button) (small blind) folded on the Turn


PokerStars Hand #144454460723:  Hold'em Limit ($3/$6 USD) - 2015/11/27 8:33:56 ET
Table 'Sadalmelik II' 2-max Seat #1 is the button
Seat 1: REZOLUTION84 ($60 in chips)
Seat 2: melatonin88 ($131.02 in chips)
REZOLUTION84: posts small blind $1
melatonin88: posts big blind $3
*** HOLE CARDS ***
REZOLUTION84: folds
Uncalled bet ($2) returned to melatonin88
melatonin88 collected $2 from pot
*** SUMMARY ***
Total pot $2 | Rake $0
Seat 1: REZOLUTION84 (button) (small blind) folded before Flop
Seat 2: melatonin88 (big blind) collected ($2)


PokerStars Hand #144454452499:  Hold'em Limit ($3/$6 USD) - 2015/11/27 8:33:42 ET
Table 'Sadalmelik II' 2-max Seat #2 is the button
Seat 1: REZOLUTION84 ($60 in chips)
Seat 2: melatonin88 ($125.26 in chips)
melatonin88: posts small blind $1
REZOLUTION84: posts big blind $3
*** HOLE CARDS ***
melatonin88: calls $2
REZOLUTION84: checks
*** FLOP *** [8c 7s 5s]
REZOLUTION84: checks
melatonin88: bets $3
REZOLUTION84: calls $3
*** TURN *** [8c 7s 5s] [9d]
REZOLUTION84: checks
melatonin88: bets $6
REZOLUTION84: folds
Uncalled bet ($6) returned to melatonin88
melatonin88 collected $11.76 from pot
*** SUMMARY ***
Total pot $12 | Rake $0.24
Board [8c 7s 5s 9d]
Seat 1: REZOLUTION84 (big blind) folded on the Turn
Seat 2: melatonin88 (button) (small blind) collected ($11.76)


PokerStars Hand #144454523056:  Hold'em Limit ($3/$6 USD) - 2015/11/27 8:35:43 ET
Table 'Sadalmelik II' 2-max Seat #2 is the button
Seat 1: REZOLUTION84 ($76.50 in chips)
Seat 2: melatonin88 ($120.16 in chips)
melatonin88: posts small blind $1
REZOLUTION84: posts big blind $3
*** HOLE CARDS ***
melatonin88: calls $2
REZOLUTION84: checks
*** FLOP *** [Kc 3c 3d]
REZOLUTION84: checks
melatonin88: bets $3
REZOLUTION84: folds
Uncalled bet ($3) returned to melatonin88
melatonin88 collected $5.88 from pot
*** SUMMARY ***
Total pot $6 | Rake $0.12
Board [Kc 3c 3d]
Seat 1: REZOLUTION84 (big blind) folded on the Flop
Seat 2: melatonin88 (button) (small blind) collected ($5.88)


PokerStars Hand #144454520356:  Hold'em Limit ($3/$6 USD) - 2015/11/27 8:35:38 ET
Table 'Sadalmelik II' 2-max Seat #1 is the button
Seat 1: REZOLUTION84 ($77.50 in chips)
Seat 2: melatonin88 ($119.16 in chips)
REZOLUTION84: posts small blind $1
melatonin88: posts big blind $3
*** HOLE CARDS ***
REZOLUTION84: folds
Uncalled bet ($2) returned to melatonin88
melatonin88 collected $2 from pot
*** SUMMARY ***
Total pot $2 | Rake $0
Seat 1: REZOLUTION84 (button) (small blind) folded before Flop
Seat 2: melatonin88 (big blind) collected ($2)


PokerStars Hand #144454510909:  Hold'em Limit ($3/$6 USD) - 2015/11/27 8:35:22 ET
Table 'Sadalmelik II' 2-max Seat #2 is the button
Seat 1: REZOLUTION84 ($60 in chips)
Seat 2: melatonin88 ($137.16 in chips)
melatonin88: posts small blind $1
REZOLUTION84: posts big blind $3
*** HOLE CARDS ***
melatonin88: calls $2
REZOLUTION84: checks
*** FLOP *** [9c Jc Th]
REZOLUTION84: bets $3
melatonin88: calls $3
*** TURN *** [9c Jc Th] [3c]
REZOLUTION84: bets $6
melatonin88: calls $6
*** RIVER *** [9c Jc Th 3c] [7h]
REZOLUTION84: bets $6
melatonin88: calls $6
*** SHOW DOWN ***
REZOLUTION84: shows [8d Ts] (a straight, Seven to Jack)
melatonin88: mucks hand
REZOLUTION84 collected $35.50 from pot
*** SUMMARY ***
Total pot $36 | Rake $0.50
Board [9c Jc Th 3c 7h]
Seat 1: REZOLUTION84 (big blind) showed [8d Ts] and won ($35.50) with a straight, Seven to Jack
Seat 2: melatonin88 (button) (small blind) mucked


PokerStars Hand #144454498916:  Hold'em Limit ($3/$6 USD) - 2015/11/27 8:35:01 ET
Table 'Sadalmelik II' 2-max Seat #1 is the button
Seat 1: REZOLUTION84 ($71.52 in chips)
Seat 2: melatonin88 ($122.66 in chips)
REZOLUTION84: posts small blind $1
melatonin88: posts big blind $3
*** HOLE CARDS ***
REZOLUTION84: raises $3 to $6
melatonin88: calls $3
*** FLOP *** [3s Td 9c]
melatonin88: checks
REZOLUTION84: bets $3
melatonin88: calls $3
*** TURN *** [3s Td 9c] [6h]
melatonin88: checks
REZOLUTION84: checks
*** RIVER *** [3s Td 9c 6h] [7h]
melatonin88: checks
REZOLUTION84: bets $6
melatonin88: calls $6
*** SHOW DOWN ***
REZOLUTION84: shows [Js 5c] (high card Jack)
melatonin88: shows [Qc Jd] (high card Queen)
melatonin88 collected $29.50 from pot
*** SUMMARY ***
Total pot $30 | Rake $0.50
Board [3s Td 9c 6h 7h]
Seat 1: REZOLUTION84 (button) (small blind) showed [Js 5c] and lost with high card Jack
Seat 2: melatonin88 (big blind) showed [Qc Jd] and won ($29.50) with high card Queen


PokerStars Hand #144454487796:  Hold'em Limit ($3/$6 USD) - 2015/11/27 8:34:42 ET
Table 'Sadalmelik II' 2-max Seat #2 is the button
Seat 1: REZOLUTION84 ($60 in chips)
Seat 2: melatonin88 ($134.66 in chips)
melatonin88: posts small blind $1
REZOLUTION84: posts big blind $3
*** HOLE CARDS ***
melatonin88: calls $2
REZOLUTION84: checks
*** FLOP *** [Jc 6s 8s]
REZOLUTION84: checks
melatonin88: bets $3
REZOLUTION84: calls $3
*** TURN *** [Jc 6s 8s] [Qh]
REZOLUTION84: checks
melatonin88: bets $6
REZOLUTION84: raises $6 to $12
melatonin88: folds
Uncalled bet ($6) returned to REZOLUTION84
REZOLUTION84 collected $23.52 from pot
REZOLUTION84: doesn't show hand
*** SUMMARY ***
Total pot $24 | Rake $0.48
Board [Jc 6s 8s Qh]
Seat 1: REZOLUTION84 (big blind) collected ($23.52)
Seat 2: melatonin88 (button) (small blind) folded on the Turn


PokerStars Hand #144454553838:  Hold'em Limit ($3/$6 USD) - 2015/11/27 8:36:36 ET
Table 'Sadalmelik II' 2-max Seat #1 is the button
Seat 1: REZOLUTION84 ($61 in chips)
Seat 2: melatonin88 ($148.30 in chips)
REZOLUTION84: posts small blind $1
melatonin88: posts big blind $3
*** HOLE CARDS ***
REZOLUTION84: raises $3 to $6
melatonin88: calls $3
*** FLOP *** [7c Qd Ah]
melatonin88: bets $3
REZOLUTION84: calls $3
*** TURN *** [7c Qd Ah] [8h]
melatonin88: bets $6
REZOLUTION84: raises $6 to $12
melatonin88: folds
Uncalled bet ($6) returned to REZOLUTION84
REZOLUTION84 collected $29.50 from pot
REZOLUTION84: doesn't show hand
*** SUMMARY ***
Total pot $30 | Rake $0.50
Board [7c Qd Ah 8h]
Seat 1: REZOLUTION84 (button) (small blind) collected ($29.50)
Seat 2: melatonin88 (big blind) folded on the Turn


PokerStars Hand #144454550648:  Hold'em Limit ($3/$6 USD) - 2015/11/27 8:36:30 ET
Table 'Sadalmelik II' 2-max Seat #2 is the button
Seat 1: REZOLUTION84 ($60 in chips)
Seat 2: melatonin88 ($149.30 in chips)
melatonin88: posts small blind $1
REZOLUTION84: posts big blind $3
*** HOLE CARDS ***
melatonin88: folds
Uncalled bet ($2) returned to REZOLUTION84
REZOLUTION84 collected $2 from pot
REZOLUTION84: doesn't show hand
*** SUMMARY ***
Total pot $2 | Rake $0
Seat 1: REZOLUTION84 (big blind) collected ($2)
Seat 2: melatonin88 (button) (small blind) folded before Flop


PokerStars Hand #144454539626:  Hold'em Limit ($3/$6 USD) - 2015/11/27 8:36:12 ET
Table 'Sadalmelik II' 2-max Seat #1 is the button
Seat 1: REZOLUTION84 ($73.26 in chips)
Seat 2: melatonin88 ($122.80 in chips)
REZOLUTION84: posts small blind $1
melatonin88: posts big blind $3
*** HOLE CARDS ***
REZOLUTION84: raises $3 to $6
melatonin88: calls $3
*** FLOP *** [5c Ac 6h]
melatonin88: checks
REZOLUTION84: bets $3
melatonin88: calls $3
*** TURN *** [5c Ac 6h] [7c]
melatonin88: bets $6
REZOLUTION84: calls $6
*** RIVER *** [5c Ac 6h 7c] [7h]
melatonin88: bets $6
REZOLUTION84: raises $6 to $12
melatonin88: raises $6 to $18
REZOLUTION84: folds
Uncalled bet ($6) returned to melatonin88
melatonin88 collected $53.50 from pot
*** SUMMARY ***
Total pot $54 | Rake $0.50
Board [5c Ac 6h 7c 7h]
Seat 1: REZOLUTION84 (button) (small blind) folded on the River
Seat 2: melatonin88 (big blind) collected ($53.50)


PokerStars Hand #144454533244:  Hold'em Limit ($3/$6 USD) - 2015/11/27 8:36:00 ET
Table 'Sadalmelik II' 2-max Seat #2 is the button
Seat 1: REZOLUTION84 ($67.50 in chips)
Seat 2: melatonin88 ($128.80 in chips)
melatonin88: posts small blind $1
REZOLUTION84: posts big blind $3
*** HOLE CARDS ***
melatonin88: calls $2
REZOLUTION84: raises $3 to $6
melatonin88: calls $3
*** FLOP *** [9c 6c Kh]
REZOLUTION84: bets $3
melatonin88: folds
Uncalled bet ($3) returned to REZOLUTION84
REZOLUTION84 collected $11.76 from pot
REZOLUTION84: doesn't show hand
*** SUMMARY ***
Total pot $12 | Rake $0.24
Board [9c 6c Kh]
Seat 1: REZOLUTION84 (big blind) collected ($11.76)
Seat 2: melatonin88 (button) (small blind) folded on the Flop


PokerStars Hand #144454528015:  Hold'em Limit ($3/$6 USD) - 2015/11/27 8:35:51 ET
Table 'Sadalmelik II' 2-max Seat #1 is the button
Seat 1: REZOLUTION84 ($73.50 in chips)
Seat 2: melatonin88 ($123.04 in chips)
REZOLUTION84: posts small blind $1
melatonin88: posts big blind $3
*** HOLE CARDS ***
REZOLUTION84: raises $3 to $6
melatonin88: calls $3
*** FLOP *** [Qd Ac 2d]
melatonin88: bets $3
REZOLUTION84: folds
Uncalled bet ($3) returned to melatonin88
melatonin88 collected $11.76 from pot
*** SUMMARY ***
Total pot $12 | Rake $0.24
Board [Qd Ac 2d]
Seat 1: REZOLUTION84 (button) (small blind) folded on the Flop
Seat 2: melatonin88 (big blind) collected ($11.76)


PokerStars Hand #144454583780:  Hold'em Limit ($3/$6 USD) - 2015/11/27 8:37:27 ET
Table 'Sadalmelik II' 2-max Seat #2 is the button
Seat 1: REZOLUTION84 ($81.14 in chips)
Seat 2: melatonin88 ($127.18 in chips)
melatonin88: posts small blind $1
REZOLUTION84: posts big blind $3
*** HOLE CARDS ***
melatonin88: calls $2
REZOLUTION84: checks
*** FLOP *** [7c Qc Kc]
REZOLUTION84: checks
melatonin88: checks
*** TURN *** [7c Qc Kc] [9h]
REZOLUTION84: checks
melatonin88: bets $6
REZOLUTION84: folds
Uncalled bet ($6) returned to melatonin88
melatonin88 collected $5.88 from pot
*** SUMMARY ***
Total pot $6 | Rake $0.12
Board [7c Qc Kc 9h]
Seat 1: REZOLUTION84 (big blind) folded on the Turn
Seat 2: melatonin88 (button) (small blind) collected ($5.88)


PokerStars Hand #144454566490:  Hold'em Limit ($3/$6 USD) - 2015/11/27 8:36:57 ET
Table 'Sadalmelik II' 2-max Seat #1 is the button
Seat 1: REZOLUTION84 ($72.50 in chips)
Seat 2: melatonin88 ($136.18 in chips)
REZOLUTION84: posts small blind $1
melatonin88: posts big blind $3
*** HOLE CARDS ***
REZOLUTION84: raises $3 to $6
melatonin88: calls $3
*** FLOP *** [Tc 3c 7s]
melatonin88: checks
REZOLUTION84: bets $3
melatonin88: calls $3
*** TURN *** [Tc 3c 7s] [9d]
melatonin88: checks
REZOLUTION84: checks
*** RIVER *** [Tc 3c 7s 9d] [6s]
melatonin88: checks
REZOLUTION84: bets $6
melatonin88: folds
Uncalled bet ($6) returned to REZOLUTION84
REZOLUTION84 collected $17.64 from pot
REZOLUTION84: doesn't show hand
*** SUMMARY ***
Total pot $18 | Rake $0.36
Board [Tc 3c 7s 9d 6s]
Seat 1: REZOLUTION84 (button) (small blind) collected ($17.64)
Seat 2: melatonin88 (big blind) folded on the River


PokerStars Hand #144454561235:  Hold'em Limit ($3/$6 USD) - 2015/11/27 8:36:49 ET
Table 'Sadalmelik II' 2-max Seat #2 is the button
Seat 1: REZOLUTION84 ($75.50 in chips)
Seat 2: melatonin88 ($133.30 in chips)
melatonin88: posts small blind $1
REZOLUTION84: posts big blind $3
*** HOLE CARDS ***
melatonin88: calls $2
REZOLUTION84: checks
*** FLOP *** [3h Jc 9d]
REZOLUTION84: checks
melatonin88: bets $3
REZOLUTION84: folds
Uncalled bet ($3) returned to melatonin88
melatonin88 collected $5.88 from pot
*** SUMMARY ***
Total pot $6 | Rake $0.12
Board [3h Jc 9d]
Seat 1: REZOLUTION84 (big blind) folded on the Flop
Seat 2: melatonin88 (button) (small blind) collected ($5.88)


PokerStars Hand #144454630201:  Hold'em Limit ($3/$6 USD) - 2015/11/27 8:38:47 ET
Table 'Sadalmelik II' 2-max Seat #1 is the button
Seat 1: REZOLUTION84 ($60 in chips)
Seat 2: melatonin88 ($146.84 in chips)
REZOLUTION84: posts small blind $1
melatonin88: posts big blind $3
*** HOLE CARDS ***
REZOLUTION84: folds
Uncalled bet ($2) returned to melatonin88
melatonin88 collected $2 from pot
*** SUMMARY ***
Total pot $2 | Rake $0
Seat 1: REZOLUTION84 (button) (small blind) folded before Flop
Seat 2: melatonin88 (big blind) collected ($2)


PokerStars Hand #144454620881:  Hold'em Limit ($3/$6 USD) - 2015/11/27 8:38:31 ET
Table 'Sadalmelik II' 2-max Seat #2 is the button
Seat 1: REZOLUTION84 ($74.64 in chips)
Seat 2: melatonin88 ($132.34 in chips)
melatonin88: posts small blind $1
REZOLUTION84: posts big blind $3
*** HOLE CARDS ***
melatonin88: raises $3 to $6
REZOLUTION84: calls $3
*** FLOP *** [6d 3c 8d]
REZOLUTION84: checks
melatonin88: bets $3
REZOLUTION84: calls $3
*** TURN *** [6d 3c 8d] [9h]
REZOLUTION84: checks
melatonin88: bets $6
REZOLUTION84: calls $6
*** RIVER *** [6d 3c 8d 9h] [3h]
REZOLUTION84: checks
melatonin88: bets $6
REZOLUTION84: folds
Uncalled bet ($6) returned to melatonin88
melatonin88 collected $29.50 from pot
*** SUMMARY ***
Total pot $30 | Rake $0.50
Board [6d 3c 8d 9h 3h]
Seat 1: REZOLUTION84 (big blind) folded on the River
Seat 2: melatonin88 (button) (small blind) collected ($29.50)


PokerStars Hand #144454613928:  Hold'em Limit ($3/$6 USD) - 2015/11/27 8:38:19 ET
Table 'Sadalmelik II' 2-max Seat #1 is the button
Seat 1: REZOLUTION84 ($83.64 in chips)
Seat 2: melatonin88 ($123.70 in chips)
REZOLUTION84: posts small blind $1
melatonin88: posts big blind $3
*** HOLE CARDS ***
REZOLUTION84: raises $3 to $6
melatonin88: calls $3
*** FLOP *** [3s 8s 4h]
melatonin88: bets $3
REZOLUTION84: calls $3
*** TURN *** [3s 8s 4h] [Ad]
melatonin88: bets $6
REZOLUTION84: folds
Uncalled bet ($6) returned to melatonin88
melatonin88 collected $17.64 from pot
*** SUMMARY ***
Total pot $18 | Rake $0.36
Board [3s 8s 4h Ad]
Seat 1: REZOLUTION84 (button) (small blind) folded on the Turn
Seat 2: melatonin88 (big blind) collected ($17.64)


PokerStars Hand #144454606387:  Hold'em Limit ($3/$6 USD) - 2015/11/27 8:38:06 ET
Table 'Sadalmelik II' 2-max Seat #2 is the button
Seat 1: REZOLUTION84 ($92.64 in chips)
Seat 2: melatonin88 ($115.06 in chips)
melatonin88: posts small blind $1
REZOLUTION84: posts big blind $3
*** HOLE CARDS ***
melatonin88: calls $2
REZOLUTION84: raises $3 to $6
melatonin88: calls $3
*** FLOP *** [5c Jh Td]
REZOLUTION84: bets $3
melatonin88: calls $3
*** TURN *** [5c Jh Td] [3h]
REZOLUTION84: checks
melatonin88: checks
*** RIVER *** [5c Jh Td 3h] [8d]
REZOLUTION84: checks
melatonin88: checks
*** SHOW DOWN ***
REZOLUTION84: shows [Qd 6s] (high card Queen)
melatonin88: shows [9c Ac] (high card Ace)
melatonin88 collected $17.64 from pot
*** SUMMARY ***
Total pot $18 | Rake $0.36
Board [5c Jh Td 3h 8d]
Seat 1: REZOLUTION84 (big blind) showed [Qd 6s] and lost with high card Queen
Seat 2: melatonin88 (button) (small blind) showed [9c Ac] and won ($17.64) with high card Ace


PokerStars Hand #144454592854:  Hold'em Limit ($3/$6 USD) - 2015/11/27 8:37:43 ET
Table 'Sadalmelik II' 2-max Seat #1 is the button
Seat 1: REZOLUTION84 ($78.14 in chips)
Seat 2: melatonin88 ($130.06 in chips)
REZOLUTION84: posts small blind $1
melatonin88: posts big blind $3
*** HOLE CARDS ***
REZOLUTION84: raises $3 to $6
melatonin88: calls $3
*** FLOP *** [Qc 7s Jd]
melatonin88: bets $3
REZOLUTION84: calls $3
*** TURN *** [Qc 7s Jd] [Ts]
melatonin88: checks
REZOLUTION84: checks
*** RIVER *** [Qc 7s Jd Ts] [6h]
melatonin88: checks
REZOLUTION84: bets $6
melatonin88: calls $6
*** SHOW DOWN ***
REZOLUTION84: shows [Qd 4d] (a pair of Queens)
melatonin88: mucks hand
REZOLUTION84 collected $29.50 from pot
*** SUMMARY ***
Total pot $30 | Rake $0.50
Board [Qc 7s Jd Ts 6h]
Seat 1: REZOLUTION84 (button) (small blind) showed [Qd 4d] and won ($29.50) with a pair of Queens
Seat 2: melatonin88 (big blind) mucked


PokerStars Hand #144454655713:  Hold'em Limit ($3/$6 USD) - 2015/11/27 8:39:31 ET
Table 'Sadalmelik II' 2-max Seat #2 is the button
Seat 1: REZOLUTION84 ($80.50 in chips)
Seat 2: melatonin88 ($132.60 in chips)
melatonin88: posts small blind $1
REZOLUTION84: posts big blind $3
*** HOLE CARDS ***
melatonin88: folds
Uncalled bet ($2) returned to REZOLUTION84
REZOLUTION84 collected $2 from pot
REZOLUTION84: doesn't show hand
*** SUMMARY ***
Total pot $2 | Rake $0
Seat 1: REZOLUTION84 (big blind) collected ($2)
Seat 2: melatonin88 (button) (small blind) folded before Flop


PokerStars Hand #144454641776:  Hold'em Limit ($3/$6 USD) - 2015/11/27 8:39:07 ET
Table 'Sadalmelik II' 2-max Seat #1 is the button
Seat 1: REZOLUTION84 ($60 in chips)
Seat 2: melatonin88 ($153.60 in chips)
REZOLUTION84: posts small blind $1
melatonin88: posts big blind $3
*** HOLE CARDS ***
REZOLUTION84: raises $3 to $6
melatonin88: calls $3
*** FLOP *** [7h 9d 8d]
melatonin88: checks
REZOLUTION84: bets $3
melatonin88: calls $3
*** TURN *** [7h 9d 8d] [5s]
melatonin88: checks
REZOLUTION84: bets $6
melatonin88: calls $6
*** RIVER *** [7h 9d 8d 5s] [7d]
melatonin88: checks
REZOLUTION84: bets $6
melatonin88: calls $6
*** SHOW DOWN ***
REZOLUTION84: shows [Qs 6h] (a straight, Five to Nine)
melatonin88: mucks hand
REZOLUTION84 collected $41.50 from pot
*** SUMMARY ***
Total pot $42 | Rake $0.50
Board [7h 9d 8d 5s 7d]
Seat 1: REZOLUTION84 (button) (small blind) showed [Qs 6h] and won ($41.50) with a straight, Five to Nine
Seat 2: melatonin88 (big blind) mucked


PokerStars Hand #144454633042:  Hold'em Limit ($3/$6 USD) - 2015/11/27 8:38:52 ET
Table 'Sadalmelik II' 2-max Seat #2 is the button
Seat 1: REZOLUTION84 ($60 in chips)
Seat 2: melatonin88 ($147.84 in chips)
melatonin88: posts small blind $1
REZOLUTION84: posts big blind $3
*** HOLE CARDS ***
melatonin88: calls $2
REZOLUTION84: checks
*** FLOP *** [6c 4h 7s]
REZOLUTION84: checks
melatonin88: bets $3
REZOLUTION84: calls $3
*** TURN *** [6c 4h 7s] [2s]
REZOLUTION84: checks
melatonin88: bets $6
REZOLUTION84: folds
Uncalled bet ($6) returned to melatonin88
melatonin88 collected $11.76 from pot
*** SUMMARY ***
Total pot $12 | Rake $0.24
Board [6c 4h 7s 2s]
Seat 1: REZOLUTION84 (big blind) folded on the Turn
Seat 2: melatonin88 (button) (small blind) collected ($11.76)


PokerStars Hand #144454684973:  Hold'em Limit ($3/$6 USD) - 2015/11/27 8:40:21 ET
Table 'Sadalmelik II' 2-max Seat #2 is the button
Seat 1: REZOLUTION84 ($60 in chips)
Seat 2: melatonin88 ($157.62 in chips)
melatonin88: posts small blind $1
REZOLUTION84: posts big blind $3
*** HOLE CARDS ***
melatonin88: calls $2
REZOLUTION84: raises $3 to $6
melatonin88: calls $3
*** FLOP *** [Tc Ks 4d]
REZOLUTION84: bets $3
melatonin88: raises $3 to $6
REZOLUTION84: raises $3 to $9
melatonin88: calls $3
*** TURN *** [Tc Ks 4d] [2s]
REZOLUTION84: bets $6
melatonin88: folds
Uncalled bet ($6) returned to REZOLUTION84
REZOLUTION84 collected $29.50 from pot
REZOLUTION84: doesn't show hand
*** SUMMARY ***
Total pot $30 | Rake $0.50
Board [Tc Ks 4d 2s]
Seat 1: REZOLUTION84 (big blind) collected ($29.50)
Seat 2: melatonin88 (button) (small blind) folded on the Turn


PokerStars Hand #144454675993:  Hold'em Limit ($3/$6 USD) - 2015/11/27 8:40:06 ET
Table 'Sadalmelik II' 2-max Seat #1 is the button
Seat 1: REZOLUTION84 ($69.50 in chips)
Seat 2: melatonin88 ($143.12 in chips)
REZOLUTION84: posts small blind $1
melatonin88: posts big blind $3
*** HOLE CARDS ***
REZOLUTION84: raises $3 to $6
melatonin88: calls $3
*** FLOP *** [3s 4d 7h]
melatonin88: checks
REZOLUTION84: bets $3
melatonin88: calls $3
*** TURN *** [3s 4d 7h] [Ts]
melatonin88: checks
REZOLUTION84: checks
*** RIVER *** [3s 4d 7h Ts] [6h]
melatonin88: bets $6
REZOLUTION84: calls $6
*** SHOW DOWN ***
melatonin88: shows [7s Ks] (a pair of Sevens)
REZOLUTION84: mucks hand
melatonin88 collected $29.50 from pot
*** SUMMARY ***
Total pot $30 | Rake $0.50
Board [3s 4d 7h Ts 6h]
Seat 1: REZOLUTION84 (button) (small blind) mucked
Seat 2: melatonin88 (big blind) showed [7s Ks] and won ($29.50) with a pair of Sevens


PokerStars Hand #144454669630:  Hold'em Limit ($3/$6 USD) - 2015/11/27 8:39:55 ET
Table 'Sadalmelik II' 2-max Seat #2 is the button
Seat 1: REZOLUTION84 ($72.50 in chips)
Seat 2: melatonin88 ($140.24 in chips)
melatonin88: posts small blind $1
REZOLUTION84: posts big blind $3
*** HOLE CARDS ***
melatonin88: calls $2
REZOLUTION84: checks
*** FLOP *** [7s 9d 9h]
REZOLUTION84: checks
melatonin88: bets $3
REZOLUTION84: folds
Uncalled bet ($3) returned to melatonin88
melatonin88 collected $5.88 from pot
*** SUMMARY ***
Total pot $6 | Rake $0.12
Board [7s 9d 9h]
Seat 1: REZOLUTION84 (big blind) folded on the Flop
Seat 2: melatonin88 (button) (small blind) collected ($5.88)


PokerStars Hand #144454658763:  Hold'em Limit ($3/$6 USD) - 2015/11/27 8:39:36 ET
Table 'Sadalmelik II' 2-max Seat #1 is the button
Seat 1: REZOLUTION84 ($81.50 in chips)
Seat 2: melatonin88 ($131.60 in chips)
REZOLUTION84: posts small blind $1
melatonin88: posts big blind $3
*** HOLE CARDS ***
REZOLUTION84: raises $3 to $6
melatonin88: calls $3
*** FLOP *** [Tc 9h 8c]
melatonin88: checks
REZOLUTION84: bets $3
melatonin88: calls $3
*** TURN *** [Tc 9h 8c] [3s]
melatonin88: checks
REZOLUTION84: checks
*** RIVER *** [Tc 9h 8c 3s] [2s]
melatonin88: bets $6
REZOLUTION84: folds
Uncalled bet ($6) returned to melatonin88
melatonin88 collected $17.64 from pot
*** SUMMARY ***
Total pot $18 | Rake $0.36
Board [Tc 9h 8c 3s 2s]
Seat 1: REZOLUTION84 (button) (small blind) folded on the River
Seat 2: melatonin88 (big blind) collected ($17.64)


PokerStars Hand #144454716533:  Hold'em Limit ($3/$6 USD) - 2015/11/27 8:41:15 ET
Table 'Sadalmelik II' 2-max Seat #2 is the button
Seat 1: REZOLUTION84 ($84 in chips)
Seat 2: melatonin88 ($132.26 in chips)
melatonin88: posts small blind $1
REZOLUTION84: posts big blind $3
*** HOLE CARDS ***
melatonin88: raises $3 to $6
REZOLUTION84: raises $3 to $9
melatonin88: raises $3 to $12
Betting is capped
REZOLUTION84: calls $3
*** FLOP *** [Ac 3s Tc]
REZOLUTION84: bets $3
melatonin88: raises $3 to $6
REZOLUTION84: calls $3
*** TURN *** [Ac 3s Tc] [6d]
REZOLUTION84: checks
melatonin88: bets $6
REZOLUTION84: calls $6
*** RIVER *** [Ac 3s Tc 6d] [6s]
REZOLUTION84: checks
melatonin88: bets $6
REZOLUTION84: calls $6
*** SHOW DOWN ***
melatonin88: shows [7h 7d] (two pair, Sevens and Sixes)
REZOLUTION84: shows [4h Ad] (two pair, Aces and Sixes)
REZOLUTION84 collected $59.50 from pot
*** SUMMARY ***
Total pot $60 | Rake $0.50
Board [Ac 3s Tc 6d 6s]
Seat 1: REZOLUTION84 (big blind) showed [4h Ad] and won ($59.50) with two pair, Aces and Sixes
Seat 2: melatonin88 (button) (small blind) showed [7h 7d] and lost with two pair, Sevens and Sixes


PokerStars Hand #144454706450:  Hold'em Limit ($3/$6 USD) - 2015/11/27 8:40:58 ET
Table 'Sadalmelik II' 2-max Seat #2 is the button
Seat 1: REZOLUTION84 ($92 in chips)
Seat 2: melatonin88 ($124.62 in chips)
melatonin88: posts small blind $1
REZOLUTION84: posts big blind $3
*** HOLE CARDS ***
melatonin88: folds
Uncalled bet ($2) returned to REZOLUTION84
REZOLUTION84 collected $2 from pot
REZOLUTION84: doesn't show hand
*** SUMMARY ***
Total pot $2 | Rake $0
Seat 1: REZOLUTION84 (big blind) collected ($2)
Seat 2: melatonin88 (button) (small blind) folded before Flop


PokerStars Hand #144454696599:  Hold'em Limit ($3/$6 USD) - 2015/11/27 8:40:41 ET
Table 'Sadalmelik II' 2-max Seat #1 is the button
Seat 1: REZOLUTION84 ($74.50 in chips)
Seat 2: melatonin88 ($142.62 in chips)
REZOLUTION84: posts small blind $1
melatonin88: posts big blind $3
*** HOLE CARDS ***
REZOLUTION84: raises $3 to $6
melatonin88: calls $3
*** FLOP *** [Ad As 2d]
melatonin88: checks
REZOLUTION84: bets $3
melatonin88: raises $3 to $6
REZOLUTION84: calls $3
*** TURN *** [Ad As 2d] [3h]
melatonin88: bets $6
REZOLUTION84: raises $6 to $12
melatonin88: folds
Uncalled bet ($6) returned to REZOLUTION84
REZOLUTION84 collected $35.50 from pot
REZOLUTION84: doesn't show hand
*** SUMMARY ***
Total pot $36 | Rake $0.50
Board [Ad As 2d 3h]
Seat 1: REZOLUTION84 (button) (small blind) collected ($35.50)
Seat 2: melatonin88 (big blind) folded on the Turn


PokerStars Hand #144454709595:  Hold'em Limit ($3/$6 USD) - 2015/11/27 8:41:03 ET
Table 'Sadalmelik II' 2-max Seat #1 is the button
Seat 1: REZOLUTION84 ($93 in chips)
Seat 2: melatonin88 ($123.62 in chips)
REZOLUTION84: posts small blind $1
melatonin88: posts big blind $3
*** HOLE CARDS ***
REZOLUTION84: raises $3 to $6
melatonin88: raises $3 to $9
REZOLUTION84: calls $3
*** FLOP *** [Js 5s 8h]
melatonin88: checks
REZOLUTION84: checks
*** TURN *** [Js 5s 8h] [3h]
melatonin88: bets $6
REZOLUTION84: folds
Uncalled bet ($6) returned to melatonin88
melatonin88 collected $17.64 from pot
*** SUMMARY ***
Total pot $18 | Rake $0.36
Board [Js 5s 8h 3h]
Seat 1: REZOLUTION84 (button) (small blind) folded on the Turn
Seat 2: melatonin88 (big blind) collected ($17.64)


PokerStars Hand #144454729427:  Hold'em Limit ($3/$6 USD) - 2015/11/27 8:41:37 ET
Table 'Sadalmelik II' 2-max Seat #1 is the button
Seat 1: REZOLUTION84 ($113.50 in chips)
Seat 2: melatonin88 ($102.26 in chips)
REZOLUTION84: posts small blind $1
melatonin88: posts big blind $3
*** HOLE CARDS ***
REZOLUTION84: raises $3 to $6
melatonin88: calls $3
*** FLOP *** [Kc 9d 4h]
melatonin88: checks
REZOLUTION84: bets $3
melatonin88: calls $3
*** TURN *** [Kc 9d 4h] [3c]
melatonin88: checks
REZOLUTION84: bets $6
melatonin88: calls $6
*** RIVER *** [Kc 9d 4h 3c] [7s]
melatonin88: checks
REZOLUTION84: bets $6
melatonin88: calls $6
*** SHOW DOWN ***
REZOLUTION84: shows [Kd 5s] (a pair of Kings)
melatonin88: mucks hand
REZOLUTION84 collected $41.50 from pot
*** SUMMARY ***
Total pot $42 | Rake $0.50
Board [Kc 9d 4h 3c 7s]
Seat 1: REZOLUTION84 (button) (small blind) showed [Kd 5s] and won ($41.50) with a pair of Kings
Seat 2: melatonin88 (big blind) mucked


PokerStars Hand #144454740424:  Hold'em Limit ($3/$6 USD) - 2015/11/27 8:41:56 ET
Table 'Sadalmelik II' 2-max Seat #2 is the button
Seat 1: REZOLUTION84 ($134 in chips)
Seat 2: melatonin88 ($81.26 in chips)
melatonin88: posts small blind $1
REZOLUTION84: posts big blind $3
*** HOLE CARDS ***
melatonin88: calls $2
REZOLUTION84: raises $3 to $6
melatonin88: calls $3
*** FLOP *** [Js Tc 9d]
REZOLUTION84: bets $3
melatonin88: calls $3
*** TURN *** [Js Tc 9d] [5c]
REZOLUTION84: bets $6
melatonin88: raises $6 to $12
REZOLUTION84: raises $6 to $18
melatonin88: calls $6
*** RIVER *** [Js Tc 9d 5c] [9c]
REZOLUTION84: bets $6
melatonin88: calls $6
*** SHOW DOWN ***
REZOLUTION84: shows [Kh Qh] (a straight, Nine to King)
melatonin88: mucks hand
REZOLUTION84 collected $65.50 from pot
*** SUMMARY ***
Total pot $66 | Rake $0.50
Board [Js Tc 9d 5c 9c]
Seat 1: REZOLUTION84 (big blind) showed [Kh Qh] and won ($65.50) with a straight, Nine to King
Seat 2: melatonin88 (button) (small blind) mucked


PokerStars Hand #144454756925:  Hold'em Limit ($3/$6 USD) - 2015/11/27 8:42:22 ET
Table 'Sadalmelik II' 2-max Seat #1 is the button
Seat 1: REZOLUTION84 ($166.50 in chips)
Seat 2: melatonin88 ($48.26 in chips)
REZOLUTION84: posts small blind $1
melatonin88: posts big blind $3
*** HOLE CARDS ***
REZOLUTION84: raises $3 to $6
melatonin88: folds
Uncalled bet ($3) returned to REZOLUTION84
REZOLUTION84 collected $6 from pot
REZOLUTION84: doesn't show hand
*** SUMMARY ***
Total pot $6 | Rake $0
Seat 1: REZOLUTION84 (button) (small blind) collected ($6)
Seat 2: melatonin88 (big blind) folded before Flop


PokerStars Hand #144454778375:  Hold'em Limit ($3/$6 USD) - 2015/11/27 8:42:57 ET
Table 'Sadalmelik II' 2-max Seat #1 is the button
Seat 1: REZOLUTION84 ($193 in chips)
Seat 2: melatonin88 ($21.26 in chips)
REZOLUTION84: posts small blind $1
melatonin88: posts big blind $3
*** HOLE CARDS ***
REZOLUTION84: folds
Uncalled bet ($2) returned to melatonin88
melatonin88 collected $2 from pot
*** SUMMARY ***
Total pot $2 | Rake $0
Seat 1: REZOLUTION84 (button) (small blind) folded before Flop
Seat 2: melatonin88 (big blind) collected ($2)


PokerStars Hand #144454766772:  Hold'em Limit ($3/$6 USD) - 2015/11/27 8:42:38 ET
Table 'Sadalmelik II' 2-max Seat #2 is the button
Seat 1: REZOLUTION84 ($169.50 in chips)
Seat 2: melatonin88 ($45.26 in chips)
melatonin88: posts small blind $1
REZOLUTION84: posts big blind $3
*** HOLE CARDS ***
melatonin88: calls $2
REZOLUTION84: raises $3 to $6
melatonin88: calls $3
*** FLOP *** [5d 5h Td]
REZOLUTION84: bets $3
melatonin88: raises $3 to $6
REZOLUTION84: calls $3
*** TURN *** [5d 5h Td] [5c]
REZOLUTION84: checks
melatonin88: bets $6
REZOLUTION84: calls $6
*** RIVER *** [5d 5h Td 5c] [8s]
REZOLUTION84: checks
melatonin88: bets $6
REZOLUTION84: calls $6
*** SHOW DOWN ***
melatonin88: shows [Jd 4s] (three of a kind, Fives)
REZOLUTION84: shows [Kc 9h] (three of a kind, Fives - King kicker)
REZOLUTION84 collected $47.50 from pot
*** SUMMARY ***
Total pot $48 | Rake $0.50
Board [5d 5h Td 5c 8s]
Seat 1: REZOLUTION84 (big blind) showed [Kc 9h] and won ($47.50) with three of a kind, Fives
Seat 2: melatonin88 (button) (small blind) showed [Jd 4s] and lost with three of a kind, Fives


PokerStars Hand #144454782396:  Hold'em Limit ($3/$6 USD) - 2015/11/27 8:43:04 ET
Table 'Sadalmelik II' 2-max Seat #2 is the button
Seat 1: REZOLUTION84 ($192 in chips)
Seat 2: melatonin88 ($22.26 in chips)
melatonin88: posts small blind $1
REZOLUTION84: posts big blind $3
*** HOLE CARDS ***
melatonin88: folds
Uncalled bet ($2) returned to REZOLUTION84
REZOLUTION84 collected $2 from pot
REZOLUTION84: doesn't show hand
*** SUMMARY ***
Total pot $2 | Rake $0
Seat 1: REZOLUTION84 (big blind) collected ($2)
Seat 2: melatonin88 (button) (small blind) folded before Flop


PokerStars Hand #144454785511:  Hold'em Limit ($3/$6 USD) - 2015/11/27 8:43:09 ET
Table 'Sadalmelik II' 2-max Seat #1 is the button
Seat 1: REZOLUTION84 ($193 in chips)
Seat 2: melatonin88 ($21.26 in chips)
REZOLUTION84: posts small blind $1
melatonin88: posts big blind $3
*** HOLE CARDS ***
REZOLUTION84: raises $3 to $6
melatonin88: calls $3
*** FLOP *** [5c Ad 8s]
melatonin88: checks
REZOLUTION84: bets $3
melatonin88: folds
Uncalled bet ($3) returned to REZOLUTION84
REZOLUTION84 collected $11.76 from pot
REZOLUTION84: doesn't show hand
*** SUMMARY ***
Total pot $12 | Rake $0.24
Board [5c Ad 8s]
Seat 1: REZOLUTION84 (button) (small blind) collected ($11.76)
Seat 2: melatonin88 (big blind) folded on the Flop


PokerStars Hand #144454793072:  Hold'em Limit ($3/$6 USD) - 2015/11/27 8:43:21 ET
Table 'Sadalmelik II' 2-max Seat #2 is the button
Seat 1: REZOLUTION84 ($198.76 in chips)
Seat 2: melatonin88 ($15.26 in chips)
melatonin88: posts small blind $1
REZOLUTION84: posts big blind $3
*** HOLE CARDS ***
melatonin88: folds
Uncalled bet ($2) returned to REZOLUTION84
REZOLUTION84 collected $2 from pot
REZOLUTION84: doesn't show hand
*** SUMMARY ***
Total pot $2 | Rake $0
Seat 1: REZOLUTION84 (big blind) collected ($2)
Seat 2: melatonin88 (button) (small blind) folded before Flop


PokerStars Hand #144454796563:  Hold'em Limit ($3/$6 USD) - 2015/11/27 8:43:27 ET
Table 'Sadalmelik II' 2-max Seat #1 is the button
Seat 1: REZOLUTION84 ($199.76 in chips)
Seat 2: melatonin88 ($14.26 in chips)
REZOLUTION84: posts small blind $1
melatonin88: posts big blind $3
*** HOLE CARDS ***
REZOLUTION84: raises $3 to $6
melatonin88: calls $3
*** FLOP *** [Ks Qd 2c]
melatonin88: checks
REZOLUTION84: bets $3
melatonin88: calls $3
*** TURN *** [Ks Qd 2c] [8h]
melatonin88: bets $5.26 and is all-in
REZOLUTION84: calls $5.26
*** RIVER *** [Ks Qd 2c 8h] [7c]
*** SHOW DOWN ***
melatonin88: shows [2s Kh] (two pair, Kings and Deuces)
REZOLUTION84: shows [Ah 3c] (high card Ace)
melatonin88 collected $28.02 from pot
*** SUMMARY ***
Total pot $28.52 | Rake $0.50
Board [Ks Qd 2c 8h 7c]
Seat 1: REZOLUTION84 (button) (small blind) showed [Ah 3c] and lost with high card Ace
Seat 2: melatonin88 (big blind) showed [2s Kh] and won ($28.02) with two pair, Kings and Deuces


PokerStars Hand #144454807365:  Hold'em Limit ($3/$6 USD) - 2015/11/27 8:43:44 ET
Table 'Sadalmelik II' 2-max Seat #2 is the button
Seat 1: REZOLUTION84 ($185.50 in chips)
Seat 2: melatonin88 ($28.02 in chips)
melatonin88: posts small blind $1
REZOLUTION84: posts big blind $3
*** HOLE CARDS ***
melatonin88: calls $2
REZOLUTION84: raises $3 to $6
melatonin88: calls $3
*** FLOP *** [4h 9h 8s]
REZOLUTION84: bets $3
melatonin88: calls $3
*** TURN *** [4h 9h 8s] [4s]
REZOLUTION84: bets $6
melatonin88: calls $6
*** RIVER *** [4h 9h 8s 4s] [4c]
REZOLUTION84: bets $6
melatonin88: calls $6
*** SHOW DOWN ***
REZOLUTION84: shows [Qs 9c] (a full house, Fours full of Nines)
melatonin88: mucks hand
REZOLUTION84 collected $41.50 from pot
*** SUMMARY ***
Total pot $42 | Rake $0.50
Board [4h 9h 8s 4s 4c]
Seat 1: REZOLUTION84 (big blind) showed [Qs 9c] and won ($41.50) with a full house, Fours full of Nines
Seat 2: melatonin88 (button) (small blind) mucked


PokerStars Hand #144454816291:  Hold'em Limit ($3/$6 USD) - 2015/11/27 8:43:59 ET
Table 'Sadalmelik II' 2-max Seat #1 is the button
Seat 1: REZOLUTION84 ($206 in chips)
Seat 2: melatonin88 ($7.02 in chips)
REZOLUTION84: posts small blind $1
melatonin88: posts big blind $3
*** HOLE CARDS ***
REZOLUTION84: raises $3 to $6
melatonin88: raises $1.02 to $7.02 and is all-in
REZOLUTION84: calls $1.02
*** FLOP *** [Jc Ac Qc]
*** TURN *** [Jc Ac Qc] [Jd]
*** RIVER *** [Jc Ac Qc Jd] [As]
*** SHOW DOWN ***
melatonin88: shows [4h Js] (a full house, Jacks full of Aces)
REZOLUTION84: shows [9h Ad] (a full house, Aces full of Jacks)
REZOLUTION84 collected $13.76 from pot
*** SUMMARY ***
Total pot $14.04 | Rake $0.28
Board [Jc Ac Qc Jd As]
Seat 1: REZOLUTION84 (button) (small blind) showed [9h Ad] and won ($13.76) with a full house, Aces full of Jacks
Seat 2: melatonin88 (big blind) showed [4h Js] and lost with a full house, Jacks full of Aces


