PokerStars Hand #147935607915:  Hold'em Limit ($3/$6 USD) - 2016/01/30 10:53:44 ET
Table 'Sadalmelik II' 2-max Seat #1 is the button
Seat 1: AllanClausen ($140.50 in chips)
Seat 2: mdif ($120 in chips)
AllanClausen: posts small blind $1
mdif: posts big blind $3
*** HOLE CARDS ***
AllanClausen: calls $2
mdif: checks
*** FLOP *** [2d 7h Kh]
mdif: bets $3
AllanClausen: folds
Uncalled bet ($3) returned to mdif
mdif collected $5.88 from pot
mdif: doesn't show hand
*** SUMMARY ***
Total pot $6 | Rake $0.12
Board [2d 7h Kh]
Seat 1: AllanClausen (button) (small blind) folded on the Flop
Seat 2: mdif (big blind) collected ($5.88)


PokerStars Hand #147935620160:  Hold'em Limit ($3/$6 USD) - 2016/01/30 10:53:57 ET
Table 'Sadalmelik II' 2-max Seat #2 is the button
Seat 1: AllanClausen ($137.50 in chips)
Seat 2: mdif ($122.88 in chips)
mdif: posts small blind $1
AllanClausen: posts big blind $3
*** HOLE CARDS ***
mdif: raises $3 to $6
AllanClausen: raises $3 to $9
mdif: calls $3
*** FLOP *** [2c Kh Ad]
AllanClausen: bets $3
mdif: calls $3
*** TURN *** [2c Kh Ad] [8c]
AllanClausen: bets $6
mdif: raises $6 to $12
AllanClausen: calls $6
*** RIVER *** [2c Kh Ad 8c] [6s]
AllanClausen: bets $6
mdif: raises $6 to $12
AllanClausen: calls $6
*** SHOW DOWN ***
mdif: shows [8s Ac] (two pair, Aces and Eights)
AllanClausen: mucks hand
mdif collected $71.50 from pot
*** SUMMARY ***
Total pot $72 | Rake $0.50
Board [2c Kh Ad 8c 6s]
Seat 1: AllanClausen (big blind) mucked
Seat 2: mdif (button) (small blind) showed [8s Ac] and won ($71.50) with two pair, Aces and Eights


PokerStars Hand #147935642569:  Hold'em Limit ($3/$6 USD) - 2016/01/30 10:54:22 ET
Table 'Sadalmelik II' 2-max Seat #1 is the button
Seat 1: AllanClausen ($101.50 in chips)
Seat 2: mdif ($158.38 in chips)
AllanClausen: posts small blind $1
mdif: posts big blind $3
*** HOLE CARDS ***
AllanClausen: folds
Uncalled bet ($2) returned to mdif
AllanClausen leaves the table
mdif collected $2 from pot
mdif: doesn't show hand
*** SUMMARY ***
Total pot $2 | Rake $0
Seat 1: AllanClausen (button) (small blind) folded before Flop
Seat 2: mdif (big blind) collected ($2)


PokerStars Hand #147937587799:  Hold'em Limit ($3/$6 USD) - 2016/01/30 11:29:25 ET
Table 'Sadalmelik II' 2-max Seat #2 is the button
Seat 1: lonie1975 ($3 in chips)
Seat 2: mdif ($185.52 in chips)
mdif: posts small blind $1
lonie1975: posts big blind $3 and is all-in
*** HOLE CARDS ***
mdif: calls $2
*** FLOP *** [Th Qd 2d]
*** TURN *** [Th Qd 2d] [9d]
*** RIVER *** [Th Qd 2d 9d] [Qh]
*** SHOW DOWN ***
lonie1975: shows [Qc Ts] (a full house, Queens full of Tens)
mdif: shows [3h 5d] (a pair of Queens)
lonie1975 collected $5.88 from pot
*** SUMMARY ***
Total pot $6 | Rake $0.12
Board [Th Qd 2d 9d Qh]
Seat 1: lonie1975 (big blind) showed [Qc Ts] and won ($5.88) with a full house, Queens full of Tens
Seat 2: mdif (button) (small blind) showed [3h 5d] and lost with a pair of Queens


PokerStars Hand #147937569998:  Hold'em Limit ($3/$6 USD) - 2016/01/30 11:29:07 ET
Table 'Sadalmelik II' 2-max Seat #1 is the button
Seat 1: lonie1975 ($21 in chips)
Seat 2: mdif ($168.02 in chips)
lonie1975: posts small blind $1
mdif: posts big blind $3
*** HOLE CARDS ***
lonie1975: calls $2
mdif: checks
*** FLOP *** [6d 3d Ad]
mdif: bets $3
lonie1975: calls $3
*** TURN *** [6d 3d Ad] [5c]
mdif: bets $6
lonie1975: calls $6
*** RIVER *** [6d 3d Ad 5c] [6c]
mdif: bets $6
lonie1975: calls $6
*** SHOW DOWN ***
mdif: shows [9c 6h] (three of a kind, Sixes)
lonie1975: mucks hand
mdif collected $35.50 from pot
*** SUMMARY ***
Total pot $36 | Rake $0.50
Board [6d 3d Ad 5c 6c]
Seat 1: lonie1975 (button) (small blind) mucked
Seat 2: mdif (big blind) showed [9c 6h] and won ($35.50) with three of a kind, Sixes


PokerStars Hand #147937599625:  Hold'em Limit ($3/$6 USD) - 2016/01/30 11:29:38 ET
Table 'Sadalmelik II' 2-max Seat #1 is the button
Seat 1: lonie1975 ($5.88 in chips)
Seat 2: mdif ($182.52 in chips)
lonie1975: posts small blind $1
mdif: posts big blind $3
*** HOLE CARDS ***
lonie1975: raises $2.88 to $5.88 and is all-in
mdif: calls $2.88
*** FLOP *** [3c 5s Td]
*** TURN *** [3c 5s Td] [9s]
*** RIVER *** [3c 5s Td 9s] [Jh]
*** SHOW DOWN ***
mdif: shows [2d Qs] (high card Queen)
lonie1975: shows [Qh 2h] (high card Queen)
mdif collected $5.76 from pot
lonie1975 collected $5.76 from pot
*** SUMMARY ***
Total pot $11.76 | Rake $0.24
Board [3c 5s Td 9s Jh]
Seat 1: lonie1975 (button) (small blind) showed [Qh 2h] and won ($5.76) with high card Queen
Seat 2: mdif (big blind) showed [2d Qs] and won ($5.76) with high card Queen


PokerStars Hand #147937611978:  Hold'em Limit ($3/$6 USD) - 2016/01/30 11:29:51 ET
Table 'Sadalmelik II' 2-max Seat #2 is the button
Seat 1: lonie1975 ($5.76 in chips)
Seat 2: mdif ($182.40 in chips)
mdif: posts small blind $1
lonie1975: posts big blind $3
*** HOLE CARDS ***
mdif: raises $3 to $6
lonie1975: calls $2.76 and is all-in
Uncalled bet ($0.24) returned to mdif
*** FLOP *** [Qd Ad Kh]
*** TURN *** [Qd Ad Kh] [5c]
*** RIVER *** [Qd Ad Kh 5c] [Kc]
*** SHOW DOWN ***
lonie1975: shows [3s 2s] (a pair of Kings)
mdif: shows [5h Ah] (two pair, Aces and Kings)
mdif collected $11.29 from pot
*** SUMMARY ***
Total pot $11.52 | Rake $0.23
Board [Qd Ad Kh 5c Kc]
Seat 1: lonie1975 (big blind) showed [3s 2s] and lost with a pair of Kings
Seat 2: mdif (button) (small blind) showed [5h Ah] and won ($11.29) with two pair, Aces and Kings


