PokerStars Hand #147616890264:  Hold'em Limit ($3/$6 USD) - 2016/01/24 16:01:42 ET
Table 'Sadalmelik IV' 2-max Seat #2 is the button
Seat 1: ChicagoBull4 ($183.90 in chips)
Seat 2: ZinZar ($72 in chips)
ZinZar: posts small blind $1
ChicagoBull4: posts big blind $3
*** HOLE CARDS ***
ZinZar: raises $3 to $6
ChicagoBull4: calls $3
*** FLOP *** [5s 3h 2d]
ChicagoBull4: checks
ZinZar: bets $3
ChicagoBull4: calls $3
*** TURN *** [5s 3h 2d] [Qd]
ChicagoBull4: checks
ZinZar: checks
*** RIVER *** [5s 3h 2d Qd] [9c]
ChicagoBull4: bets $6
ZinZar: calls $6
*** SHOW DOWN ***
ChicagoBull4: shows [8d 7s] (high card Queen)
ZinZar: shows [Kd 9s] (a pair of Nines)
ZinZar collected $29.50 from pot
*** SUMMARY ***
Total pot $30 | Rake $0.50
Board [5s 3h 2d Qd 9c]
Seat 1: ChicagoBull4 (big blind) showed [8d 7s] and lost with high card Queen
Seat 2: ZinZar (button) (small blind) showed [Kd 9s] and won ($29.50) with a pair of Nines


PokerStars Hand #147616879396:  Hold'em Limit ($3/$6 USD) - 2016/01/24 16:01:32 ET
Table 'Sadalmelik IV' 2-max Seat #1 is the button
Seat 1: ChicagoBull4 ($180.90 in chips)
Seat 2: ZinZar ($72 in chips)
ChicagoBull4: posts small blind $1
ZinZar: posts big blind $3
*** HOLE CARDS ***
ChicagoBull4: raises $3 to $6
ZinZar: folds
Uncalled bet ($3) returned to ChicagoBull4
ChicagoBull4 collected $6 from pot
ChicagoBull4: doesn't show hand
*** SUMMARY ***
Total pot $6 | Rake $0
Seat 1: ChicagoBull4 (button) (small blind) collected ($6)
Seat 2: ZinZar (big blind) folded before Flop


PokerStars Hand #147616852595:  Hold'em Limit ($3/$6 USD) - 2016/01/24 16:01:04 ET
Table 'Sadalmelik IV' 2-max Seat #2 is the button
Seat 1: ChicagoBull4 ($163.40 in chips)
Seat 2: ZinZar ($72 in chips)
ZinZar: posts small blind $1
ChicagoBull4: posts big blind $3
*** HOLE CARDS ***
ZinZar: raises $3 to $6
ChicagoBull4: raises $3 to $9
ZinZar: calls $3
*** FLOP *** [4c Kc Qc]
ChicagoBull4: bets $3
ZinZar: calls $3
*** TURN *** [4c Kc Qc] [Qh]
ChicagoBull4: bets $6
ZinZar: calls $6
*** RIVER *** [4c Kc Qc Qh] [Js]
ChicagoBull4: checks
ZinZar: checks
*** SHOW DOWN ***
ChicagoBull4: shows [6c 6d] (two pair, Queens and Sixes)
ZinZar: mucks hand
ChicagoBull4 collected $35.50 from pot
*** SUMMARY ***
Total pot $36 | Rake $0.50
Board [4c Kc Qc Qh Js]
Seat 1: ChicagoBull4 (big blind) showed [6c 6d] and won ($35.50) with two pair, Queens and Sixes
Seat 2: ZinZar (button) (small blind) mucked


PokerStars Hand #147616931325:  Hold'em Limit ($3/$6 USD) - 2016/01/24 16:02:20 ET
Table 'Sadalmelik IV' 2-max Seat #1 is the button
Seat 1: ChicagoBull4 ($168.90 in chips)
Seat 2: ZinZar ($86.50 in chips)
ChicagoBull4: posts small blind $1
ZinZar: posts big blind $3
*** HOLE CARDS ***
ChicagoBull4: raises $3 to $6
ZinZar: calls $3
*** FLOP *** [2h As Th]
ZinZar: checks
ChicagoBull4: bets $3
ZinZar: folds
Uncalled bet ($3) returned to ChicagoBull4
ChicagoBull4 collected $11.76 from pot
*** SUMMARY ***
Total pot $12 | Rake $0.24
Board [2h As Th]
Seat 1: ChicagoBull4 (button) (small blind) collected ($11.76)
Seat 2: ZinZar (big blind) folded on the Flop


