PokerStars Hand #152388743218:  Hold'em Limit ($3/$6 USD) - 2016/04/24 14:45:56 ET
Table 'Sadalsuud II' 6-max Seat #2 is the button
Seat 1: Makomar ($119 in chips)
Seat 2: sawel888 ($459.02 in chips)
sawel888: posts small blind $1
Airbag999: is sitting out
Makomar: posts big blind $3
*** HOLE CARDS ***
sawel888: raises $3 to $6
Makomar: raises $3 to $9
sawel888: calls $3
*** FLOP *** [3c Tc Js]
aloven joins the table at seat #6
Makomar: bets $3
bongo65 joins the table at seat #5
sawel888: calls $3
*** TURN *** [3c Tc Js] [2d]
Makomar: bets $6
sawel888: raises $6 to $12
Makomar: calls $6
*** RIVER *** [3c Tc Js 2d] [Ac]
Makomar: bets $6
sawel888: raises $6 to $12
Makomar: raises $6 to $18
sawel888: calls $6
*** SHOW DOWN ***
Makomar: shows [Jc 9c] (a flush, Ace high)
sawel888: mucks hand
Makomar collected $83.50 from pot
*** SUMMARY ***
Total pot $84 | Rake $0.50
Board [3c Tc Js 2d Ac]
Seat 1: Makomar (big blind) showed [Jc 9c] and won ($83.50) with a flush, Ace high
Seat 2: sawel888 (button) (small blind) mucked


PokerStars Hand #152388784564:  Hold'em Limit ($3/$6 USD) - 2016/04/24 14:46:36 ET
Table 'Sadalsuud II' 6-max Seat #1 is the button
Seat 1: Makomar ($160.50 in chips)
Seat 2: sawel888 ($417.02 in chips)
Makomar: posts small blind $1
sawel888: posts big blind $3
*** HOLE CARDS ***
Makomar: raises $3 to $6
sawel888: calls $3
*** FLOP *** [5c Ad Ts]
sawel888: checks
Makomar: bets $3
sawel888: calls $3
*** TURN *** [5c Ad Ts] [Qc]
sawel888: checks
Makomar: bets $6
sawel888: folds
Uncalled bet ($6) returned to Makomar
Makomar collected $17.64 from pot
Makomar: doesn't show hand
*** SUMMARY ***
Total pot $18 | Rake $0.36
Board [5c Ad Ts Qc]
Seat 1: Makomar (button) (small blind) collected ($17.64)
Seat 2: sawel888 (big blind) folded on the Turn


PokerStars Hand #152404117644:  Hold'em Limit ($3/$6 USD) - 2016/04/24 19:46:12 ET
Table 'Sadalsuud II' 6-max Seat #6 is the button
Seat 1: zoolyyy ($136.47 in chips)
Seat 6: aloven ($52.91 in chips)
aloven: posts small blind $1
zoolyyy: posts big blind $3
*** HOLE CARDS ***
aloven: raises $3 to $6
zoolyyy: calls $3
*** FLOP *** [Kd Jh As]
zoolyyy: checks
aloven: bets $3
zoolyyy: folds
Uncalled bet ($3) returned to aloven
aloven collected $11.76 from pot
aloven: doesn't show hand
*** SUMMARY ***
Total pot $12 | Rake $0.24
Board [Kd Jh As]
Seat 1: zoolyyy (big blind) folded on the Flop
Seat 6: aloven (button) (small blind) collected ($11.76)


PokerStars Hand #152404123624:  Hold'em Limit ($3/$6 USD) - 2016/04/24 19:46:22 ET
Table 'Sadalsuud II' 6-max Seat #1 is the button
Seat 1: zoolyyy ($130.47 in chips)
Seat 6: aloven ($58.67 in chips)
zoolyyy: posts small blind $1
aloven: posts big blind $3
*** HOLE CARDS ***
zoolyyy: folds
Uncalled bet ($2) returned to aloven
aloven collected $2 from pot
aloven: doesn't show hand
*** SUMMARY ***
Total pot $2 | Rake $0
Seat 1: zoolyyy (button) (small blind) folded before Flop
Seat 6: aloven (big blind) collected ($2)


PokerStars Hand #152404126114:  Hold'em Limit ($3/$6 USD) - 2016/04/24 19:46:27 ET
Table 'Sadalsuud II' 6-max Seat #6 is the button
Seat 1: zoolyyy ($129.47 in chips)
Seat 6: aloven ($59.67 in chips)
aloven: posts small blind $1
zoolyyy: posts big blind $3
*** HOLE CARDS ***
aloven: calls $2
zoolyyy: raises $3 to $6
aloven: calls $3
*** FLOP *** [4c 8h Th]
zoolyyy: bets $3
aloven: calls $3
*** TURN *** [4c 8h Th] [Kd]
zoolyyy: bets $6
aloven: calls $6
*** RIVER *** [4c 8h Th Kd] [Jh]
zoolyyy: bets $6
aloven: calls $6
*** SHOW DOWN ***
zoolyyy: shows [3c 7c] (high card King)
aloven: shows [Ks 5s] (a pair of Kings)
aloven collected $41.50 from pot
*** SUMMARY ***
Total pot $42 | Rake $0.50
Board [4c 8h Th Kd Jh]
Seat 1: zoolyyy (big blind) showed [3c 7c] and lost with high card King
Seat 6: aloven (button) (small blind) showed [Ks 5s] and won ($41.50) with a pair of Kings


PokerStars Hand #152404143323:  Hold'em Limit ($3/$6 USD) - 2016/04/24 19:46:58 ET
Table 'Sadalsuud II' 6-max Seat #6 is the button
Seat 1: zoolyyy ($90.47 in chips)
Seat 6: aloven ($97.67 in chips)
aloven: posts small blind $1
zoolyyy: posts big blind $3
*** HOLE CARDS ***
aloven: folds
Uncalled bet ($2) returned to zoolyyy
zoolyyy collected $2 from pot
zoolyyy: doesn't show hand
*** SUMMARY ***
Total pot $2 | Rake $0
Seat 1: zoolyyy (big blind) collected ($2)
Seat 6: aloven (button) (small blind) folded before Flop


PokerStars Hand #152404135864:  Hold'em Limit ($3/$6 USD) - 2016/04/24 19:46:45 ET
Table 'Sadalsuud II' 6-max Seat #1 is the button
Seat 1: zoolyyy ($108.47 in chips)
Seat 6: aloven ($80.17 in chips)
zoolyyy: posts small blind $1
aloven: posts big blind $3
*** HOLE CARDS ***
zoolyyy: raises $3 to $6
aloven: calls $3
*** FLOP *** [8c 3h As]
aloven: checks
zoolyyy: checks
*** TURN *** [8c 3h As] [8h]
aloven: bets $6
zoolyyy: calls $6
*** RIVER *** [8c 3h As 8h] [Jh]
aloven: bets $6
zoolyyy: calls $6
*** SHOW DOWN ***
aloven: shows [6h 6s] (two pair, Eights and Sixes)
zoolyyy: mucks hand
aloven collected $35.50 from pot
*** SUMMARY ***
Total pot $36 | Rake $0.50
Board [8c 3h As 8h Jh]
Seat 1: zoolyyy (button) (small blind) mucked
Seat 6: aloven (big blind) showed [6h 6s] and won ($35.50) with two pair, Eights and Sixes


PokerStars Hand #152404115022:  Hold'em Limit ($3/$6 USD) - 2016/04/24 19:46:07 ET
Table 'Sadalsuud II' 6-max Seat #1 is the button
Seat 1: zoolyyy ($137.47 in chips)
Seat 6: aloven ($51.91 in chips)
zoolyyy: posts small blind $1
ABATAPP: is sitting out
aloven: posts big blind $3
*** HOLE CARDS ***
ABATAPP leaves the table
zoolyyy: folds
Uncalled bet ($2) returned to aloven
aloven collected $2 from pot
aloven: doesn't show hand
*** SUMMARY ***
Total pot $2 | Rake $0
Seat 1: zoolyyy (button) (small blind) folded before Flop
Seat 6: aloven (big blind) collected ($2)


PokerStars Hand #152404148777:  Hold'em Limit ($3/$6 USD) - 2016/04/24 19:47:08 ET
Table 'Sadalsuud II' 6-max Seat #6 is the button
Seat 1: zoolyyy ($94.47 in chips)
Seat 6: aloven ($93.67 in chips)
aloven: posts small blind $1
zoolyyy: posts big blind $3
*** HOLE CARDS ***
aloven: calls $2
zoolyyy: checks
*** FLOP *** [5s Ts As]
zoolyyy: checks
aloven: bets $3
zoolyyy: folds
Uncalled bet ($3) returned to aloven
aloven collected $5.88 from pot
aloven: doesn't show hand
*** SUMMARY ***
Total pot $6 | Rake $0.12
Board [5s Ts As]
Seat 1: zoolyyy (big blind) folded on the Flop
Seat 6: aloven (button) (small blind) collected ($5.88)


PokerStars Hand #152404154977:  Hold'em Limit ($3/$6 USD) - 2016/04/24 19:47:19 ET
Table 'Sadalsuud II' 6-max Seat #1 is the button
Seat 1: zoolyyy ($91.47 in chips)
Seat 6: aloven ($96.55 in chips)
zoolyyy: posts small blind $1
aloven: posts big blind $3
*** HOLE CARDS ***
zoolyyy: calls $2
aloven: checks
*** FLOP *** [3h Ks Kh]
aloven: checks
zoolyyy: checks
*** TURN *** [3h Ks Kh] [Jc]
aloven: checks
zoolyyy: checks
*** RIVER *** [3h Ks Kh Jc] [Kd]
aloven: checks
zoolyyy: bets $6
aloven: folds
Uncalled bet ($6) returned to zoolyyy
zoolyyy collected $5.88 from pot
zoolyyy: doesn't show hand
*** SUMMARY ***
Total pot $6 | Rake $0.12
Board [3h Ks Kh Jc Kd]
Seat 1: zoolyyy (button) (small blind) collected ($5.88)
Seat 6: aloven (big blind) folded on the River


PokerStars Hand #152404169238:  Hold'em Limit ($3/$6 USD) - 2016/04/24 19:47:45 ET
Table 'Sadalsuud II' 6-max Seat #6 is the button
Seat 1: zoolyyy ($94.35 in chips)
Seat 6: aloven ($93.55 in chips)
aloven: posts small blind $1
zoolyyy: posts big blind $3
*** HOLE CARDS ***
aloven: raises $3 to $6
zoolyyy: calls $3
*** FLOP *** [5s 6h Jh]
zoolyyy: checks
aloven: checks
*** TURN *** [5s 6h Jh] [3h]
zoolyyy: checks
aloven: bets $6
zoolyyy: calls $6
*** RIVER *** [5s 6h Jh 3h] [6s]
zoolyyy: checks
aloven: checks
*** SHOW DOWN ***
zoolyyy: shows [8d 7h] (a pair of Sixes)
aloven: shows [Qd 9h] (a pair of Sixes - Queen kicker)
aloven collected $23.52 from pot
*** SUMMARY ***
Total pot $24 | Rake $0.48
Board [5s 6h Jh 3h 6s]
Seat 1: zoolyyy (big blind) showed [8d 7h] and lost with a pair of Sixes
Seat 6: aloven (button) (small blind) showed [Qd 9h] and won ($23.52) with a pair of Sixes


PokerStars Hand #152404145891:  Hold'em Limit ($3/$6 USD) - 2016/04/24 19:47:03 ET
Table 'Sadalsuud II' 6-max Seat #1 is the button
Seat 1: zoolyyy ($91.47 in chips)
Seat 6: aloven ($96.67 in chips)
zoolyyy: posts small blind $1
aloven: posts big blind $3
*** HOLE CARDS ***
zoolyyy: raises $3 to $6
aloven: folds
Uncalled bet ($3) returned to zoolyyy
zoolyyy collected $6 from pot
zoolyyy: doesn't show hand
*** SUMMARY ***
Total pot $6 | Rake $0
Seat 1: zoolyyy (button) (small blind) collected ($6)
Seat 6: aloven (big blind) folded before Flop


PokerStars Hand #152404186844:  Hold'em Limit ($3/$6 USD) - 2016/04/24 19:48:17 ET
Table 'Sadalsuud II' 6-max Seat #6 is the button
Seat 1: zoolyyy ($73.35 in chips)
Seat 6: aloven ($113.71 in chips)
aloven: posts small blind $1
zoolyyy: posts big blind $3
*** HOLE CARDS ***
aloven: folds
Uncalled bet ($2) returned to zoolyyy
zoolyyy collected $2 from pot
zoolyyy: doesn't show hand
*** SUMMARY ***
Total pot $2 | Rake $0
Seat 1: zoolyyy (big blind) collected ($2)
Seat 6: aloven (button) (small blind) folded before Flop


PokerStars Hand #152404178627:  Hold'em Limit ($3/$6 USD) - 2016/04/24 19:48:02 ET
Table 'Sadalsuud II' 6-max Seat #1 is the button
Seat 1: zoolyyy ($82.35 in chips)
Seat 6: aloven ($105.07 in chips)
zoolyyy: posts small blind $1
aloven: posts big blind $3
*** HOLE CARDS ***
zoolyyy: raises $3 to $6
aloven: calls $3
*** FLOP *** [As Ks 7d]
aloven: checks
zoolyyy: bets $3
aloven: calls $3
*** TURN *** [As Ks 7d] [Qd]
aloven: checks
zoolyyy: checks
*** RIVER *** [As Ks 7d Qd] [Qs]
aloven: bets $6
zoolyyy: folds
Uncalled bet ($6) returned to aloven
aloven collected $17.64 from pot
aloven: doesn't show hand
*** SUMMARY ***
Total pot $18 | Rake $0.36
Board [As Ks 7d Qd Qs]
Seat 1: zoolyyy (button) (small blind) folded on the River
Seat 6: aloven (big blind) collected ($17.64)


PokerStars Hand #152404192838:  Hold'em Limit ($3/$6 USD) - 2016/04/24 19:48:28 ET
Table 'Sadalsuud II' 6-max Seat #6 is the button
Seat 1: zoolyyy ($73.35 in chips)
Seat 6: aloven ($113.71 in chips)
aloven: posts small blind $1
zoolyyy: posts big blind $3
*** HOLE CARDS ***
aloven: folds
Uncalled bet ($2) returned to zoolyyy
zoolyyy collected $2 from pot
zoolyyy: doesn't show hand
*** SUMMARY ***
Total pot $2 | Rake $0
Seat 1: zoolyyy (big blind) collected ($2)
Seat 6: aloven (button) (small blind) folded before Flop


PokerStars Hand #152404189575:  Hold'em Limit ($3/$6 USD) - 2016/04/24 19:48:22 ET
Table 'Sadalsuud II' 6-max Seat #1 is the button
Seat 1: zoolyyy ($74.35 in chips)
Seat 6: aloven ($112.71 in chips)
zoolyyy: posts small blind $1
aloven: posts big blind $3
*** HOLE CARDS ***
zoolyyy: folds
Uncalled bet ($2) returned to aloven
aloven collected $2 from pot
aloven: doesn't show hand
*** SUMMARY ***
Total pot $2 | Rake $0
Seat 1: zoolyyy (button) (small blind) folded before Flop
Seat 6: aloven (big blind) collected ($2)


PokerStars Hand #152404196249:  Hold'em Limit ($3/$6 USD) - 2016/04/24 19:48:34 ET
Table 'Sadalsuud II' 6-max Seat #1 is the button
Seat 1: zoolyyy ($74.35 in chips)
Seat 6: aloven ($112.71 in chips)
zoolyyy: posts small blind $1
aloven: posts big blind $3
*** HOLE CARDS ***
zoolyyy: raises $3 to $6
aloven: folds
Uncalled bet ($3) returned to zoolyyy
zoolyyy collected $6 from pot
zoolyyy: doesn't show hand
*** SUMMARY ***
Total pot $6 | Rake $0
Seat 1: zoolyyy (button) (small blind) collected ($6)
Seat 6: aloven (big blind) folded before Flop


PokerStars Hand #152404199872:  Hold'em Limit ($3/$6 USD) - 2016/04/24 19:48:41 ET
Table 'Sadalsuud II' 6-max Seat #6 is the button
Seat 1: zoolyyy ($77.35 in chips)
Seat 6: aloven ($109.71 in chips)
aloven: posts small blind $1
zoolyyy: posts big blind $3
*** HOLE CARDS ***
aloven: raises $3 to $6
zoolyyy: folds
Uncalled bet ($3) returned to aloven
aloven collected $6 from pot
aloven: doesn't show hand
*** SUMMARY ***
Total pot $6 | Rake $0
Seat 1: zoolyyy (big blind) folded before Flop
Seat 6: aloven (button) (small blind) collected ($6)


PokerStars Hand #152404203195:  Hold'em Limit ($3/$6 USD) - 2016/04/24 19:48:47 ET
Table 'Sadalsuud II' 6-max Seat #1 is the button
Seat 1: zoolyyy ($74.35 in chips)
Seat 6: aloven ($112.71 in chips)
zoolyyy: posts small blind $1
aloven: posts big blind $3
*** HOLE CARDS ***
zoolyyy: raises $3 to $6
aloven: calls $3
*** FLOP *** [8d 2s As]
aloven: checks
zoolyyy: bets $3
aloven: folds
Uncalled bet ($3) returned to zoolyyy
zoolyyy collected $11.76 from pot
zoolyyy: doesn't show hand
*** SUMMARY ***
Total pot $12 | Rake $0.24
Board [8d 2s As]
Seat 1: zoolyyy (button) (small blind) collected ($11.76)
Seat 6: aloven (big blind) folded on the Flop


PokerStars Hand #152404241453:  Hold'em Limit ($3/$6 USD) - 2016/04/24 19:49:58 ET
Table 'Sadalsuud II' 6-max Seat #1 is the button
Seat 1: zoolyyy ($33.11 in chips)
Seat 6: aloven ($152.35 in chips)
zoolyyy: posts small blind $1
aloven: posts big blind $3
*** HOLE CARDS ***
zoolyyy: raises $3 to $6
aloven: folds
Uncalled bet ($3) returned to zoolyyy
zoolyyy collected $6 from pot
zoolyyy: doesn't show hand
*** SUMMARY ***
Total pot $6 | Rake $0
Seat 1: zoolyyy (button) (small blind) collected ($6)
Seat 6: aloven (big blind) folded before Flop


PokerStars Hand #152404232522:  Hold'em Limit ($3/$6 USD) - 2016/04/24 19:49:41 ET
Table 'Sadalsuud II' 6-max Seat #6 is the button
Seat 1: zoolyyy ($54.11 in chips)
Seat 6: aloven ($131.85 in chips)
aloven: posts small blind $1
zoolyyy: posts big blind $3
*** HOLE CARDS ***
aloven: raises $3 to $6
zoolyyy: calls $3
*** FLOP *** [5s Ac Qc]
zoolyyy: checks
aloven: bets $3
zoolyyy: calls $3
*** TURN *** [5s Ac Qc] [6c]
zoolyyy: checks
aloven: bets $6
zoolyyy: calls $6
*** RIVER *** [5s Ac Qc 6c] [6s]
zoolyyy: checks
aloven: bets $6
zoolyyy: calls $6
*** SHOW DOWN ***
aloven: shows [Kc 6d] (three of a kind, Sixes)
zoolyyy: mucks hand
aloven collected $41.50 from pot
*** SUMMARY ***
Total pot $42 | Rake $0.50
Board [5s Ac Qc 6c 6s]
Seat 1: zoolyyy (big blind) mucked
Seat 6: aloven (button) (small blind) showed [Kc 6d] and won ($41.50) with three of a kind, Sixes


PokerStars Hand #152404210697:  Hold'em Limit ($3/$6 USD) - 2016/04/24 19:49:01 ET
Table 'Sadalsuud II' 6-max Seat #6 is the button
Seat 1: zoolyyy ($80.11 in chips)
Seat 6: aloven ($106.71 in chips)
aloven: posts small blind $1
zoolyyy: posts big blind $3
*** HOLE CARDS ***
aloven: folds
Uncalled bet ($2) returned to zoolyyy
zoolyyy collected $2 from pot
zoolyyy: doesn't show hand
*** SUMMARY ***
Total pot $2 | Rake $0
Seat 1: zoolyyy (big blind) collected ($2)
Seat 6: aloven (button) (small blind) folded before Flop


PokerStars Hand #152404213276:  Hold'em Limit ($3/$6 USD) - 2016/04/24 19:49:06 ET
Table 'Sadalsuud II' 6-max Seat #1 is the button
Seat 1: zoolyyy ($81.11 in chips)
Seat 6: aloven ($105.71 in chips)
zoolyyy: posts small blind $1
aloven: posts big blind $3
*** HOLE CARDS ***
zoolyyy: raises $3 to $6
aloven: calls $3
*** FLOP *** [5h 4h As]
aloven: checks
zoolyyy: bets $3
aloven: calls $3
*** TURN *** [5h 4h As] [8c]
aloven: checks
zoolyyy: checks
*** RIVER *** [5h 4h As 8c] [Js]
aloven: bets $6
zoolyyy: folds
Uncalled bet ($6) returned to aloven
aloven collected $17.64 from pot
aloven: doesn't show hand
*** SUMMARY ***
Total pot $18 | Rake $0.36
Board [5h 4h As 8c Js]
Seat 1: zoolyyy (button) (small blind) folded on the River
Seat 6: aloven (big blind) collected ($17.64)


PokerStars Hand #152404229591:  Hold'em Limit ($3/$6 USD) - 2016/04/24 19:49:36 ET
Table 'Sadalsuud II' 6-max Seat #1 is the button
Seat 1: zoolyyy ($51.11 in chips)
Seat 6: aloven ($134.85 in chips)
zoolyyy: posts small blind $1
aloven: posts big blind $3
*** HOLE CARDS ***
zoolyyy: raises $3 to $6
aloven: folds
Uncalled bet ($3) returned to zoolyyy
zoolyyy collected $6 from pot
zoolyyy: doesn't show hand
*** SUMMARY ***
Total pot $6 | Rake $0
Seat 1: zoolyyy (button) (small blind) collected ($6)
Seat 6: aloven (big blind) folded before Flop


PokerStars Hand #152404219976:  Hold'em Limit ($3/$6 USD) - 2016/04/24 19:49:18 ET
Table 'Sadalsuud II' 6-max Seat #6 is the button
Seat 1: zoolyyy ($72.11 in chips)
Seat 6: aloven ($114.35 in chips)
aloven: posts small blind $1
zoolyyy: posts big blind $3
*** HOLE CARDS ***
aloven: raises $3 to $6
zoolyyy: calls $3
*** FLOP *** [Kh 7s Ts]
zoolyyy: checks
aloven: bets $3
zoolyyy: calls $3
*** TURN *** [Kh 7s Ts] [4d]
zoolyyy: checks
aloven: bets $6
zoolyyy: calls $6
*** RIVER *** [Kh 7s Ts 4d] [8s]
zoolyyy: checks
aloven: bets $6
zoolyyy: calls $6
*** SHOW DOWN ***
aloven: shows [Ks 5c] (a pair of Kings)
zoolyyy: mucks hand
aloven collected $41.50 from pot
*** SUMMARY ***
Total pot $42 | Rake $0.50
Board [Kh 7s Ts 4d 8s]
Seat 1: zoolyyy (big blind) mucked
Seat 6: aloven (button) (small blind) showed [Ks 5c] and won ($41.50) with a pair of Kings


PokerStars Hand #152404247797:  Hold'em Limit ($3/$6 USD) - 2016/04/24 19:50:09 ET
Table 'Sadalsuud II' 6-max Seat #1 is the button
Seat 1: zoolyyy ($37.11 in chips)
Seat 6: aloven ($148.35 in chips)
zoolyyy: posts small blind $1
aloven: posts big blind $3
*** HOLE CARDS ***
zoolyyy: folds
Uncalled bet ($2) returned to aloven
zoolyyy leaves the table
aloven collected $2 from pot
aloven: doesn't show hand
*** SUMMARY ***
Total pot $2 | Rake $0
Seat 1: zoolyyy (button) (small blind) folded before Flop
Seat 6: aloven (big blind) collected ($2)


PokerStars Hand #152404244589:  Hold'em Limit ($3/$6 USD) - 2016/04/24 19:50:03 ET
Table 'Sadalsuud II' 6-max Seat #6 is the button
Seat 1: zoolyyy ($36.11 in chips)
Seat 6: aloven ($149.35 in chips)
aloven: posts small blind $1
zoolyyy: posts big blind $3
*** HOLE CARDS ***
aloven: folds
Uncalled bet ($2) returned to zoolyyy
zoolyyy collected $2 from pot
zoolyyy: doesn't show hand
*** SUMMARY ***
Total pot $2 | Rake $0
Seat 1: zoolyyy (big blind) collected ($2)
Seat 6: aloven (button) (small blind) folded before Flop


