PokerStars Hand #144279521085:  Hold'em Limit ($3/$6 USD) - 2015/11/23 15:33:55 ET
Table 'Sadalmelik II' 6-max Seat #5 is the button
Seat 3: benyeiantal ($78.55 in chips)
Seat 5: vestimokrec ($120 in chips)
vestimokrec: posts small blind $1
ValeryRon: is sitting out
benyeiantal: posts big blind $3
*** HOLE CARDS ***
vestimokrec: raises $3 to $6
bugsbubble leaves the table
ValeryRon leaves the table
benyeiantal: calls $3
*** FLOP *** [Tc 8c 8h]
benyeiantal: checks
SashaYuvelir joins the table at seat #6
vestimokrec: bets $3
SashaYuvelir leaves the table
benyeiantal: calls $3
*** TURN *** [Tc 8c 8h] [5c]
benyeiantal: checks
vestimokrec: checks
*** RIVER *** [Tc 8c 8h 5c] [Qs]
benyeiantal: checks
vestimokrec: checks
*** SHOW DOWN ***
benyeiantal: shows [Ac 6s] (a pair of Eights)
vestimokrec: mucks hand
benyeiantal collected $17.64 from pot
*** SUMMARY ***
Total pot $18 | Rake $0.36
Board [Tc 8c 8h 5c Qs]
Seat 3: benyeiantal (big blind) showed [Ac 6s] and won ($17.64) with a pair of Eights
Seat 5: vestimokrec (button) (small blind) mucked


PokerStars Hand #144279585295:  Hold'em Limit ($3/$6 USD) - 2015/11/23 15:34:59 ET
Table 'Sadalmelik II' 6-max Seat #4 is the button
Seat 4: oregordog ($120 in chips)
Seat 6: bugsbubble ($180 in chips)
apache11155 joins the table at seat #3
ValeryRon has timed out
ValeryRon: is sitting out
oregordog: posts small blind $1
bugsbubble: posts big blind $3
*** HOLE CARDS ***
oregordog: raises $3 to $6
vestimokrec joins the table at seat #2
bugsbubble: calls $3
*** FLOP *** [5h 8d 9c]
bugsbubble: checks
oregordog: bets $3
bugsbubble: raises $3 to $6
oregordog: calls $3
*** TURN *** [5h 8d 9c] [4c]
bugsbubble: bets $6
oregordog: calls $6
*** RIVER *** [5h 8d 9c 4c] [Ac]
bugsbubble: checks
oregordog: checks
*** SHOW DOWN ***
bugsbubble: shows [8c Js] (a pair of Eights)
oregordog: mucks hand
bugsbubble collected $35.50 from pot
*** SUMMARY ***
Total pot $36 | Rake $0.50
Board [5h 8d 9c 4c Ac]
Seat 4: oregordog (button) (small blind) mucked
Seat 6: bugsbubble (big blind) showed [8c Js] and won ($35.50) with a pair of Eights


PokerStars Hand #144280230266:  Hold'em Limit ($3/$6 USD) - 2015/11/23 15:45:47 ET
Table 'Sadalmelik II' 6-max Seat #5 is the button
Seat 2: vestimokrec ($227.94 in chips)
Seat 5: ValeryRon ($96 in chips)
craaa will be allowed to play after the button
ValeryRon: posts small blind $1
bugsbubble: is sitting out
Zubasa07: is sitting out
vestimokrec: posts big blind $3
*** HOLE CARDS ***
ValeryRon: folds
Uncalled bet ($2) returned to vestimokrec
vestimokrec collected $2 from pot
vestimokrec: doesn't show hand
*** SUMMARY ***
Total pot $2 | Rake $0
Seat 2: vestimokrec (big blind) collected ($2)
Seat 5: ValeryRon (button) (small blind) folded before Flop


