PokerStars Hand #145032946654:  Hold'em Limit ($3/$6 USD) - 2015/12/08 13:57:16 ET
Table 'Sadachbia II' 2-max Seat #1 is the button
Seat 1: TheU10 ($114 in chips)
Seat 2: piet735 ($125.76 in chips)
TheU10: posts small blind $1
piet735: posts big blind $3
*** HOLE CARDS ***
TheU10: raises $3 to $6
piet735: calls $3
*** FLOP *** [4s Td 9s]
piet735: checks
TheU10: bets $3
piet735: calls $3
*** TURN *** [4s Td 9s] [Js]
piet735: checks
TheU10: checks
*** RIVER *** [4s Td 9s Js] [Th]
piet735: checks
TheU10: checks
*** SHOW DOWN ***
piet735: shows [5c Ah] (a pair of Tens)
TheU10: shows [Ac Kh] (a pair of Tens - Ace+King kicker)
TheU10 collected $17.64 from pot
*** SUMMARY ***
Total pot $18 | Rake $0.36
Board [4s Td 9s Js Th]
Seat 1: TheU10 (button) (small blind) showed [Ac Kh] and won ($17.64) with a pair of Tens
Seat 2: piet735 (big blind) showed [5c Ah] and lost with a pair of Tens


PokerStars Hand #145032961761:  Hold'em Limit ($3/$6 USD) - 2015/12/08 13:57:36 ET
Table 'Sadachbia II' 2-max Seat #2 is the button
Seat 1: TheU10 ($122.64 in chips)
Seat 2: piet735 ($116.76 in chips)
piet735: posts small blind $1
TheU10: posts big blind $3
*** HOLE CARDS ***
piet735: raises $3 to $6
TheU10: calls $3
*** FLOP *** [Tc 2s Jh]
TheU10: checks
piet735: checks
*** TURN *** [Tc 2s Jh] [Kc]
TheU10: checks
piet735: checks
*** RIVER *** [Tc 2s Jh Kc] [7d]
TheU10: checks
piet735: checks
*** SHOW DOWN ***
TheU10: shows [Td 3s] (a pair of Tens)
piet735: mucks hand
TheU10 collected $11.76 from pot
*** SUMMARY ***
Total pot $12 | Rake $0.24
Board [Tc 2s Jh Kc 7d]
Seat 1: TheU10 (big blind) showed [Td 3s] and won ($11.76) with a pair of Tens
Seat 2: piet735 (button) (small blind) mucked


PokerStars Hand #145032977884:  Hold'em Limit ($3/$6 USD) - 2015/12/08 13:57:57 ET
Table 'Sadachbia II' 2-max Seat #2 is the button
Seat 1: TheU10 ($131.40 in chips)
Seat 2: piet735 ($107.76 in chips)
piet735: posts small blind $1
TheU10: posts big blind $3
*** HOLE CARDS ***
piet735: folds
Uncalled bet ($2) returned to TheU10
TheU10 collected $2 from pot
TheU10: doesn't show hand
*** SUMMARY ***
Total pot $2 | Rake $0
Seat 1: TheU10 (big blind) collected ($2)
Seat 2: piet735 (button) (small blind) folded before Flop


PokerStars Hand #145032986547:  Hold'em Limit ($3/$6 USD) - 2015/12/08 13:58:08 ET
Table 'Sadachbia II' 2-max Seat #2 is the button
Seat 1: TheU10 ($135.40 in chips)
Seat 2: piet735 ($103.76 in chips)
piet735: posts small blind $1
TheU10: posts big blind $3
*** HOLE CARDS ***
piet735: folds
Uncalled bet ($2) returned to TheU10
TheU10 collected $2 from pot
TheU10: doesn't show hand
*** SUMMARY ***
Total pot $2 | Rake $0
Seat 1: TheU10 (big blind) collected ($2)
Seat 2: piet735 (button) (small blind) folded before Flop


PokerStars Hand #145032993326:  Hold'em Limit ($3/$6 USD) - 2015/12/08 13:58:17 ET
Table 'Sadachbia II' 2-max Seat #2 is the button
Seat 1: TheU10 ($139.40 in chips)
Seat 2: piet735 ($99.76 in chips)
piet735: posts small blind $1
TheU10: posts big blind $3
*** HOLE CARDS ***
piet735: raises $3 to $6
TheU10: raises $3 to $9
piet735: raises $3 to $12
Betting is capped
TheU10: calls $3
*** FLOP *** [2c 5s Qs]
TheU10: checks
piet735: bets $3
TheU10: calls $3
*** TURN *** [2c 5s Qs] [Ac]
TheU10: checks
piet735: bets $6
TheU10: calls $6
*** RIVER *** [2c 5s Qs Ac] [Ts]
TheU10: checks
piet735: bets $6
TheU10: folds
Uncalled bet ($6) returned to piet735
piet735 collected $41.50 from pot
*** SUMMARY ***
Total pot $42 | Rake $0.50
Board [2c 5s Qs Ac Ts]
Seat 1: TheU10 (big blind) folded on the River
Seat 2: piet735 (button) (small blind) collected ($41.50)


PokerStars Hand #145033004989:  Hold'em Limit ($3/$6 USD) - 2015/12/08 13:58:32 ET
Table 'Sadachbia II' 2-max Seat #1 is the button
Seat 1: TheU10 ($118.40 in chips)
Seat 2: piet735 ($120.26 in chips)
TheU10: posts small blind $1
piet735: posts big blind $3
*** HOLE CARDS ***
TheU10: raises $3 to $6
piet735: calls $3
*** FLOP *** [6c 6h Ac]
piet735: checks
TheU10: checks
*** TURN *** [6c 6h Ac] [2h]
piet735: checks
TheU10: checks
*** RIVER *** [6c 6h Ac 2h] [4h]
piet735: checks
TheU10: bets $6
piet735: folds
Uncalled bet ($6) returned to TheU10
TheU10 collected $11.76 from pot
TheU10: doesn't show hand
*** SUMMARY ***
Total pot $12 | Rake $0.24
Board [6c 6h Ac 2h 4h]
Seat 1: TheU10 (button) (small blind) collected ($11.76)
Seat 2: piet735 (big blind) folded on the River


PokerStars Hand #145033017700:  Hold'em Limit ($3/$6 USD) - 2015/12/08 13:58:48 ET
Table 'Sadachbia II' 2-max Seat #1 is the button
Seat 1: TheU10 ($125.16 in chips)
Seat 2: piet735 ($113.26 in chips)
TheU10: posts small blind $1
piet735: posts big blind $3
*** HOLE CARDS ***
TheU10: raises $3 to $6
piet735: calls $3
*** FLOP *** [2h 6s Qd]
piet735: checks
TheU10: bets $3
piet735: folds
Uncalled bet ($3) returned to TheU10
TheU10 collected $11.76 from pot
TheU10: doesn't show hand
*** SUMMARY ***
Total pot $12 | Rake $0.24
Board [2h 6s Qd]
Seat 1: TheU10 (button) (small blind) collected ($11.76)
Seat 2: piet735 (big blind) folded on the Flop


PokerStars Hand #145033014249:  Hold'em Limit ($3/$6 USD) - 2015/12/08 13:58:44 ET
Table 'Sadachbia II' 2-max Seat #2 is the button
Seat 1: TheU10 ($124.16 in chips)
Seat 2: piet735 ($114.26 in chips)
piet735: posts small blind $1
TheU10: posts big blind $3
*** HOLE CARDS ***
piet735: folds
Uncalled bet ($2) returned to TheU10
TheU10 collected $2 from pot
TheU10: doesn't show hand
*** SUMMARY ***
Total pot $2 | Rake $0
Seat 1: TheU10 (big blind) collected ($2)
Seat 2: piet735 (button) (small blind) folded before Flop


PokerStars Hand #145033026721:  Hold'em Limit ($3/$6 USD) - 2015/12/08 13:59:00 ET
Table 'Sadachbia II' 2-max Seat #1 is the button
Seat 1: TheU10 ($131.92 in chips)
Seat 2: piet735 ($106.26 in chips)
TheU10: posts small blind $1
piet735: posts big blind $3
*** HOLE CARDS ***
TheU10: folds
Uncalled bet ($2) returned to piet735
piet735 collected $2 from pot
*** SUMMARY ***
Total pot $2 | Rake $0
Seat 1: TheU10 (button) (small blind) folded before Flop
Seat 2: piet735 (big blind) collected ($2)


PokerStars Hand #145033029473:  Hold'em Limit ($3/$6 USD) - 2015/12/08 13:59:04 ET
Table 'Sadachbia II' 2-max Seat #2 is the button
Seat 1: TheU10 ($130.92 in chips)
Seat 2: piet735 ($107.26 in chips)
piet735: posts small blind $1
TheU10: posts big blind $3
*** HOLE CARDS ***
piet735: raises $3 to $6
TheU10: calls $3
*** FLOP *** [6d 6h 2c]
TheU10: checks
piet735: bets $3
TheU10: folds
Uncalled bet ($3) returned to piet735
piet735 collected $11.76 from pot
*** SUMMARY ***
Total pot $12 | Rake $0.24
Board [6d 6h 2c]
Seat 1: TheU10 (big blind) folded on the Flop
Seat 2: piet735 (button) (small blind) collected ($11.76)


PokerStars Hand #145032989594:  Hold'em Limit ($3/$6 USD) - 2015/12/08 13:58:12 ET
Table 'Sadachbia II' 2-max Seat #1 is the button
Seat 1: TheU10 ($136.40 in chips)
Seat 2: piet735 ($102.76 in chips)
TheU10: posts small blind $1
piet735: posts big blind $3
*** HOLE CARDS ***
TheU10: raises $3 to $6
piet735: folds
Uncalled bet ($3) returned to TheU10
TheU10 collected $6 from pot
TheU10: doesn't show hand
*** SUMMARY ***
Total pot $6 | Rake $0
Seat 1: TheU10 (button) (small blind) collected ($6)
Seat 2: piet735 (big blind) folded before Flop


PokerStars Hand #145033047033:  Hold'em Limit ($3/$6 USD) - 2015/12/08 13:59:27 ET
Table 'Sadachbia II' 2-max Seat #2 is the button
Seat 1: TheU10 ($123.92 in chips)
Seat 2: piet735 ($114.02 in chips)
piet735: posts small blind $1
TheU10: posts big blind $3
*** HOLE CARDS ***
piet735: folds
Uncalled bet ($2) returned to TheU10
TheU10 collected $2 from pot
TheU10: doesn't show hand
*** SUMMARY ***
Total pot $2 | Rake $0
Seat 1: TheU10 (big blind) collected ($2)
Seat 2: piet735 (button) (small blind) folded before Flop


PokerStars Hand #145033044238:  Hold'em Limit ($3/$6 USD) - 2015/12/08 13:59:23 ET
Table 'Sadachbia II' 2-max Seat #1 is the button
Seat 1: TheU10 ($124.92 in chips)
Seat 2: piet735 ($113.02 in chips)
TheU10: posts small blind $1
piet735: posts big blind $3
*** HOLE CARDS ***
TheU10: folds
Uncalled bet ($2) returned to piet735
piet735 collected $2 from pot
*** SUMMARY ***
Total pot $2 | Rake $0
Seat 1: TheU10 (button) (small blind) folded before Flop
Seat 2: piet735 (big blind) collected ($2)


PokerStars Hand #145033050765:  Hold'em Limit ($3/$6 USD) - 2015/12/08 13:59:32 ET
Table 'Sadachbia II' 2-max Seat #1 is the button
Seat 1: TheU10 ($124.92 in chips)
Seat 2: piet735 ($113.02 in chips)
TheU10: posts small blind $1
piet735: posts big blind $3
*** HOLE CARDS ***
TheU10: raises $3 to $6
piet735: calls $3
*** FLOP *** [Jh 8d Th]
piet735: checks
TheU10: bets $3
piet735: calls $3
*** TURN *** [Jh 8d Th] [7s]
piet735: checks
TheU10: bets $6
piet735: calls $6
*** RIVER *** [Jh 8d Th 7s] [8s]
piet735: checks
TheU10: bets $6
piet735: folds
Uncalled bet ($6) returned to TheU10
TheU10 collected $29.50 from pot
TheU10: doesn't show hand
*** SUMMARY ***
Total pot $30 | Rake $0.50
Board [Jh 8d Th 7s 8s]
Seat 1: TheU10 (button) (small blind) collected ($29.50)
Seat 2: piet735 (big blind) folded on the River


PokerStars Hand #145033062526:  Hold'em Limit ($3/$6 USD) - 2015/12/08 13:59:47 ET
Table 'Sadachbia II' 2-max Seat #2 is the button
Seat 1: TheU10 ($139.42 in chips)
Seat 2: piet735 ($98.02 in chips)
piet735: posts small blind $1
TheU10: posts big blind $3
*** HOLE CARDS ***
piet735: raises $3 to $6
TheU10: calls $3
*** FLOP *** [4c As 2c]
TheU10: checks
piet735: bets $3
TheU10: raises $3 to $6
piet735: raises $3 to $9
TheU10: raises $3 to $12
Betting is capped
piet735: calls $3
*** TURN *** [4c As 2c] [Qc]
TheU10: bets $6
piet735: raises $6 to $12
TheU10: calls $6
*** RIVER *** [4c As 2c Qc] [2h]
TheU10: checks
piet735: bets $6
TheU10: raises $6 to $12
piet735: calls $6
*** SHOW DOWN ***
TheU10: shows [Ah 2d] (a full house, Deuces full of Aces)
piet735: mucks hand
TheU10 collected $83.50 from pot
*** SUMMARY ***
Total pot $84 | Rake $0.50
Board [4c As 2c Qc 2h]
Seat 1: TheU10 (big blind) showed [Ah 2d] and won ($83.50) with a full house, Deuces full of Aces
Seat 2: piet735 (button) (small blind) mucked


PokerStars Hand #145033040791:  Hold'em Limit ($3/$6 USD) - 2015/12/08 13:59:19 ET
Table 'Sadachbia II' 2-max Seat #2 is the button
Seat 1: TheU10 ($123.92 in chips)
Seat 2: piet735 ($114.02 in chips)
piet735: posts small blind $1
TheU10: posts big blind $3
*** HOLE CARDS ***
piet735: folds
Uncalled bet ($2) returned to TheU10
TheU10 collected $2 from pot
TheU10: doesn't show hand
*** SUMMARY ***
Total pot $2 | Rake $0
Seat 1: TheU10 (big blind) collected ($2)
Seat 2: piet735 (button) (small blind) folded before Flop


PokerStars Hand #145033087135:  Hold'em Limit ($3/$6 USD) - 2015/12/08 14:00:17 ET
Table 'Sadachbia II' 2-max Seat #2 is the button
Seat 1: TheU10 ($183.92 in chips)
Seat 2: piet735 ($53.02 in chips)
piet735: posts small blind $1
TheU10: posts big blind $3
*** HOLE CARDS ***
piet735: raises $3 to $6
TheU10: raises $3 to $9
piet735: calls $3
*** FLOP *** [8s 4h Qs]
TheU10: bets $3
piet735: calls $3
*** TURN *** [8s 4h Qs] [3c]
TheU10: bets $6
piet735: calls $6
*** RIVER *** [8s 4h Qs 3c] [8h]
TheU10: checks
piet735: checks
*** SHOW DOWN ***
TheU10: shows [Ks Kh] (two pair, Kings and Eights)
piet735: mucks hand
TheU10 collected $35.50 from pot
*** SUMMARY ***
Total pot $36 | Rake $0.50
Board [8s 4h Qs 3c 8h]
Seat 1: TheU10 (big blind) showed [Ks Kh] and won ($35.50) with two pair, Kings and Eights
Seat 2: piet735 (button) (small blind) mucked


PokerStars Hand #145033099086:  Hold'em Limit ($3/$6 USD) - 2015/12/08 14:00:32 ET
Table 'Sadachbia II' 2-max Seat #1 is the button
Seat 1: TheU10 ($201.42 in chips)
Seat 2: piet735 ($35.02 in chips)
TheU10: posts small blind $1
piet735: posts big blind $3
*** HOLE CARDS ***
TheU10: raises $3 to $6
piet735: calls $3
*** FLOP *** [4c 3c 2d]
piet735: checks
TheU10: bets $3
piet735: calls $3
*** TURN *** [4c 3c 2d] [6d]
piet735: checks
TheU10: checks
*** RIVER *** [4c 3c 2d 6d] [9s]
piet735: checks
TheU10: bets $6
piet735: folds
Uncalled bet ($6) returned to TheU10
TheU10 collected $17.64 from pot
TheU10: doesn't show hand
*** SUMMARY ***
Total pot $18 | Rake $0.36
Board [4c 3c 2d 6d 9s]
Seat 1: TheU10 (button) (small blind) collected ($17.64)
Seat 2: piet735 (big blind) folded on the River


PokerStars Hand #145033110231:  Hold'em Limit ($3/$6 USD) - 2015/12/08 14:00:45 ET
Table 'Sadachbia II' 2-max Seat #2 is the button
Seat 1: TheU10 ($210.06 in chips)
Seat 2: piet735 ($26.02 in chips)
piet735: posts small blind $1
TheU10: posts big blind $3
*** HOLE CARDS ***
piet735: folds
Uncalled bet ($2) returned to TheU10
TheU10 collected $2 from pot
TheU10: doesn't show hand
*** SUMMARY ***
Total pot $2 | Rake $0
Seat 1: TheU10 (big blind) collected ($2)
Seat 2: piet735 (button) (small blind) folded before Flop


PokerStars Hand #145033123711:  Hold'em Limit ($3/$6 USD) - 2015/12/08 14:01:01 ET
Table 'Sadachbia II' 2-max Seat #2 is the button
Seat 1: TheU10 ($214.06 in chips)
Seat 2: piet735 ($82.02 in chips)
piet735: posts small blind $1
TheU10: posts big blind $3
*** HOLE CARDS ***
piet735: raises $3 to $6
TheU10: folds
Uncalled bet ($3) returned to piet735
piet735 collected $6 from pot
*** SUMMARY ***
Total pot $6 | Rake $0
Seat 1: TheU10 (big blind) folded before Flop
Seat 2: piet735 (button) (small blind) collected ($6)


PokerStars Hand #145033119512:  Hold'em Limit ($3/$6 USD) - 2015/12/08 14:00:56 ET
Table 'Sadachbia II' 2-max Seat #1 is the button
Seat 1: TheU10 ($211.06 in chips)
Seat 2: piet735 ($85.02 in chips)
TheU10: posts small blind $1
piet735: posts big blind $3
*** HOLE CARDS ***
TheU10: raises $3 to $6
piet735: folds
Uncalled bet ($3) returned to TheU10
TheU10 collected $6 from pot
TheU10: doesn't show hand
*** SUMMARY ***
Total pot $6 | Rake $0
Seat 1: TheU10 (button) (small blind) collected ($6)
Seat 2: piet735 (big blind) folded before Flop


PokerStars Hand #145033127872:  Hold'em Limit ($3/$6 USD) - 2015/12/08 14:01:06 ET
Table 'Sadachbia II' 2-max Seat #1 is the button
Seat 1: TheU10 ($211.06 in chips)
Seat 2: piet735 ($85.02 in chips)
TheU10: posts small blind $1
piet735: posts big blind $3
*** HOLE CARDS ***
TheU10: raises $3 to $6
piet735: calls $3
*** FLOP *** [Ah 9d Tc]
piet735: checks
TheU10: bets $3
piet735: folds
Uncalled bet ($3) returned to TheU10
TheU10 collected $11.76 from pot
TheU10: doesn't show hand
*** SUMMARY ***
Total pot $12 | Rake $0.24
Board [Ah 9d Tc]
Seat 1: TheU10 (button) (small blind) collected ($11.76)
Seat 2: piet735 (big blind) folded on the Flop


PokerStars Hand #145033082008:  Hold'em Limit ($3/$6 USD) - 2015/12/08 14:00:11 ET
Table 'Sadachbia II' 2-max Seat #1 is the button
Seat 1: TheU10 ($180.92 in chips)
Seat 2: piet735 ($56.02 in chips)
TheU10: posts small blind $1
piet735: posts big blind $3
*** HOLE CARDS ***
TheU10: raises $3 to $6
piet735: folds
Uncalled bet ($3) returned to TheU10
TheU10 collected $6 from pot
TheU10: doesn't show hand
*** SUMMARY ***
Total pot $6 | Rake $0
Seat 1: TheU10 (button) (small blind) collected ($6)
Seat 2: piet735 (big blind) folded before Flop


PokerStars Hand #145033143698:  Hold'em Limit ($3/$6 USD) - 2015/12/08 14:01:24 ET
Table 'Sadachbia II' 2-max Seat #2 is the button
Seat 1: TheU10 ($212.82 in chips)
Seat 2: piet735 ($83.02 in chips)
piet735: posts small blind $1
TheU10: posts big blind $3
*** HOLE CARDS ***
piet735: raises $3 to $6
TheU10: calls $3
*** FLOP *** [8s Jh Qc]
TheU10: checks
piet735: bets $3
TheU10: calls $3
*** TURN *** [8s Jh Qc] [Ac]
TheU10: checks
piet735: bets $6
TheU10: calls $6
*** RIVER *** [8s Jh Qc Ac] [2c]
TheU10: bets $6
piet735: calls $6
*** SHOW DOWN ***
TheU10: shows [Ad 9s] (a pair of Aces)
piet735: mucks hand
TheU10 collected $41.50 from pot
*** SUMMARY ***
Total pot $42 | Rake $0.50
Board [8s Jh Qc Ac 2c]
Seat 1: TheU10 (big blind) showed [Ad 9s] and won ($41.50) with a pair of Aces
Seat 2: piet735 (button) (small blind) mucked


PokerStars Hand #145033160487:  Hold'em Limit ($3/$6 USD) - 2015/12/08 14:01:43 ET
Table 'Sadachbia II' 2-max Seat #1 is the button
Seat 1: TheU10 ($233.32 in chips)
Seat 2: piet735 ($62.02 in chips)
TheU10: posts small blind $1
piet735: posts big blind $3
*** HOLE CARDS ***
TheU10: raises $3 to $6
piet735: calls $3
*** FLOP *** [3s 5s 7s]
piet735: checks
TheU10: bets $3
piet735: folds
Uncalled bet ($3) returned to TheU10
TheU10 collected $11.76 from pot
TheU10: doesn't show hand
*** SUMMARY ***
Total pot $12 | Rake $0.24
Board [3s 5s 7s]
Seat 1: TheU10 (button) (small blind) collected ($11.76)
Seat 2: piet735 (big blind) folded on the Flop


PokerStars Hand #145033167953:  Hold'em Limit ($3/$6 USD) - 2015/12/08 14:01:50 ET
Table 'Sadachbia II' 2-max Seat #2 is the button
Seat 1: TheU10 ($239.08 in chips)
Seat 2: piet735 ($56.02 in chips)
piet735: posts small blind $1
TheU10: posts big blind $3
*** HOLE CARDS ***
piet735: raises $3 to $6
TheU10: calls $3
*** FLOP *** [Jd 5h Kh]
TheU10: checks
piet735: bets $3
TheU10: calls $3
*** TURN *** [Jd 5h Kh] [2d]
TheU10: checks
piet735: bets $6
TheU10: calls $6
*** RIVER *** [Jd 5h Kh 2d] [8c]
TheU10: checks
piet735: bets $6
TheU10: folds
Uncalled bet ($6) returned to piet735
piet735 collected $29.50 from pot
*** SUMMARY ***
Total pot $30 | Rake $0.50
Board [Jd 5h Kh 2d 8c]
Seat 1: TheU10 (big blind) folded on the River
Seat 2: piet735 (button) (small blind) collected ($29.50)


PokerStars Hand #145033185604:  Hold'em Limit ($3/$6 USD) - 2015/12/08 14:02:09 ET
Table 'Sadachbia II' 2-max Seat #2 is the button
Seat 1: TheU10 ($229.84 in chips)
Seat 2: piet735 ($64.52 in chips)
piet735: posts small blind $1
TheU10: posts big blind $3
*** HOLE CARDS ***
piet735: folds
Uncalled bet ($2) returned to TheU10
TheU10 collected $2 from pot
TheU10: doesn't show hand
*** SUMMARY ***
Total pot $2 | Rake $0
Seat 1: TheU10 (big blind) collected ($2)
Seat 2: piet735 (button) (small blind) folded before Flop


PokerStars Hand #145033178924:  Hold'em Limit ($3/$6 USD) - 2015/12/08 14:02:02 ET
Table 'Sadachbia II' 2-max Seat #1 is the button
Seat 1: TheU10 ($224.08 in chips)
Seat 2: piet735 ($70.52 in chips)
TheU10: posts small blind $1
piet735: posts big blind $3
*** HOLE CARDS ***
TheU10: raises $3 to $6
piet735: calls $3
*** FLOP *** [2h 3c 4c]
piet735: checks
TheU10: bets $3
piet735: folds
Uncalled bet ($3) returned to TheU10
TheU10 collected $11.76 from pot
TheU10: doesn't show hand
*** SUMMARY ***
Total pot $12 | Rake $0.24
Board [2h 3c 4c]
Seat 1: TheU10 (button) (small blind) collected ($11.76)
Seat 2: piet735 (big blind) folded on the Flop


PokerStars Hand #145033140040:  Hold'em Limit ($3/$6 USD) - 2015/12/08 14:01:20 ET
Table 'Sadachbia II' 2-max Seat #1 is the button
Seat 1: TheU10 ($213.82 in chips)
Seat 2: piet735 ($82.02 in chips)
TheU10: posts small blind $1
piet735: posts big blind $3
*** HOLE CARDS ***
TheU10: folds
Uncalled bet ($2) returned to piet735
piet735 collected $2 from pot
*** SUMMARY ***
Total pot $2 | Rake $0
Seat 1: TheU10 (button) (small blind) folded before Flop
Seat 2: piet735 (big blind) collected ($2)


PokerStars Hand #145033135554:  Hold'em Limit ($3/$6 USD) - 2015/12/08 14:01:15 ET
Table 'Sadachbia II' 2-max Seat #2 is the button
Seat 1: TheU10 ($216.82 in chips)
Seat 2: piet735 ($79.02 in chips)
piet735: posts small blind $1
TheU10: posts big blind $3
*** HOLE CARDS ***
piet735: raises $3 to $6
TheU10: folds
Uncalled bet ($3) returned to piet735
piet735 collected $6 from pot
*** SUMMARY ***
Total pot $6 | Rake $0
Seat 1: TheU10 (big blind) folded before Flop
Seat 2: piet735 (button) (small blind) collected ($6)


PokerStars Hand #145033199853:  Hold'em Limit ($3/$6 USD) - 2015/12/08 14:02:23 ET
Table 'Sadachbia II' 2-max Seat #1 is the button
Seat 1: TheU10 ($234.84 in chips)
Seat 2: piet735 ($59.52 in chips)
TheU10: posts small blind $1
piet735: posts big blind $3
*** HOLE CARDS ***
TheU10: raises $3 to $6
piet735: folds
Uncalled bet ($3) returned to TheU10
TheU10 collected $6 from pot
TheU10: doesn't show hand
*** SUMMARY ***
Total pot $6 | Rake $0
Seat 1: TheU10 (button) (small blind) collected ($6)
Seat 2: piet735 (big blind) folded before Flop


PokerStars Hand #145033214201:  Hold'em Limit ($3/$6 USD) - 2015/12/08 14:02:38 ET
Table 'Sadachbia II' 2-max Seat #1 is the button
Seat 1: TheU10 ($238.84 in chips)
Seat 2: piet735 ($115.52 in chips)
TheU10: posts small blind $1
piet735: posts big blind $3
*** HOLE CARDS ***
TheU10: folds
Uncalled bet ($2) returned to piet735
piet735 collected $2 from pot
*** SUMMARY ***
Total pot $2 | Rake $0
Seat 1: TheU10 (button) (small blind) folded before Flop
Seat 2: piet735 (big blind) collected ($2)


PokerStars Hand #145033204188:  Hold'em Limit ($3/$6 USD) - 2015/12/08 14:02:28 ET
Table 'Sadachbia II' 2-max Seat #2 is the button
Seat 1: TheU10 ($237.84 in chips)
Seat 2: piet735 ($56.52 in chips)
piet735: posts small blind $1
TheU10: posts big blind $3
*** HOLE CARDS ***
piet735: folds
Uncalled bet ($2) returned to TheU10
TheU10 collected $2 from pot
TheU10: doesn't show hand
*** SUMMARY ***
Total pot $2 | Rake $0
Seat 1: TheU10 (big blind) collected ($2)
Seat 2: piet735 (button) (small blind) folded before Flop


PokerStars Hand #145033217750:  Hold'em Limit ($3/$6 USD) - 2015/12/08 14:02:42 ET
Table 'Sadachbia II' 2-max Seat #2 is the button
Seat 1: TheU10 ($237.84 in chips)
Seat 2: piet735 ($116.52 in chips)
piet735: posts small blind $1
TheU10: posts big blind $3
*** HOLE CARDS ***
piet735: raises $3 to $6
TheU10: calls $3
*** FLOP *** [Th Ks 4h]
TheU10: checks
piet735: bets $3
TheU10: calls $3
*** TURN *** [Th Ks 4h] [Ts]
TheU10: checks
piet735: checks
*** RIVER *** [Th Ks 4h Ts] [Qh]
TheU10: bets $6
piet735: calls $6
*** SHOW DOWN ***
TheU10: shows [9h Tc] (three of a kind, Tens)
piet735: mucks hand
TheU10 collected $29.50 from pot
*** SUMMARY ***
Total pot $30 | Rake $0.50
Board [Th Ks 4h Ts Qh]
Seat 1: TheU10 (big blind) showed [9h Tc] and won ($29.50) with three of a kind, Tens
Seat 2: piet735 (button) (small blind) mucked


PokerStars Hand #145033232836:  Hold'em Limit ($3/$6 USD) - 2015/12/08 14:02:56 ET
Table 'Sadachbia II' 2-max Seat #1 is the button
Seat 1: TheU10 ($252.34 in chips)
Seat 2: piet735 ($101.52 in chips)
TheU10: posts small blind $1
piet735: posts big blind $3
*** HOLE CARDS ***
TheU10: raises $3 to $6
piet735: calls $3
*** FLOP *** [2s 9s 3d]
piet735: checks
TheU10: checks
*** TURN *** [2s 9s 3d] [Kd]
piet735: checks
TheU10: checks
*** RIVER *** [2s 9s 3d Kd] [7h]
piet735: checks
TheU10: checks
*** SHOW DOWN ***
piet735: shows [Ad 2d] (a pair of Deuces)
TheU10: mucks hand
piet735 collected $11.76 from pot
*** SUMMARY ***
Total pot $12 | Rake $0.24
Board [2s 9s 3d Kd 7h]
Seat 1: TheU10 (button) (small blind) mucked
Seat 2: piet735 (big blind) showed [Ad 2d] and won ($11.76) with a pair of Deuces


PokerStars Hand #145033195285:  Hold'em Limit ($3/$6 USD) - 2015/12/08 14:02:18 ET
Table 'Sadachbia II' 2-max Seat #2 is the button
Seat 1: TheU10 ($233.84 in chips)
Seat 2: piet735 ($60.52 in chips)
piet735: posts small blind $1
TheU10: posts big blind $3
*** HOLE CARDS ***
piet735: folds
Uncalled bet ($2) returned to TheU10
TheU10 collected $2 from pot
TheU10: doesn't show hand
*** SUMMARY ***
Total pot $2 | Rake $0
Seat 1: TheU10 (big blind) collected ($2)
Seat 2: piet735 (button) (small blind) folded before Flop


PokerStars Hand #145033190536:  Hold'em Limit ($3/$6 USD) - 2015/12/08 14:02:14 ET
Table 'Sadachbia II' 2-max Seat #1 is the button
Seat 1: TheU10 ($230.84 in chips)
Seat 2: piet735 ($63.52 in chips)
TheU10: posts small blind $1
piet735: posts big blind $3
*** HOLE CARDS ***
TheU10: raises $3 to $6
piet735: folds
Uncalled bet ($3) returned to TheU10
TheU10 collected $6 from pot
TheU10: doesn't show hand
*** SUMMARY ***
Total pot $6 | Rake $0
Seat 1: TheU10 (button) (small blind) collected ($6)
Seat 2: piet735 (big blind) folded before Flop


PokerStars Hand #145033256977:  Hold'em Limit ($3/$6 USD) - 2015/12/08 14:03:22 ET
Table 'Sadachbia II' 2-max Seat #2 is the button
Seat 1: TheU10 ($236.34 in chips)
Seat 2: piet735 ($116.92 in chips)
piet735: posts small blind $1
TheU10: posts big blind $3
*** HOLE CARDS ***
piet735: raises $3 to $6
TheU10: calls $3
*** FLOP *** [3s Th Jh]
TheU10: checks
piet735: bets $3
TheU10: calls $3
*** TURN *** [3s Th Jh] [6s]
TheU10: checks
piet735: bets $6
TheU10: folds
Uncalled bet ($6) returned to piet735
piet735 collected $17.64 from pot
*** SUMMARY ***
Total pot $18 | Rake $0.36
Board [3s Th Jh 6s]
Seat 1: TheU10 (big blind) folded on the Turn
Seat 2: piet735 (button) (small blind) collected ($17.64)


PokerStars Hand #145033267605:  Hold'em Limit ($3/$6 USD) - 2015/12/08 14:03:33 ET
Table 'Sadachbia II' 2-max Seat #1 is the button
Seat 1: TheU10 ($227.34 in chips)
Seat 2: piet735 ($125.56 in chips)
TheU10: posts small blind $1
piet735: posts big blind $3
*** HOLE CARDS ***
TheU10: raises $3 to $6
piet735: calls $3
*** FLOP *** [3c 6c 7d]
piet735: checks
TheU10: bets $3
piet735: raises $3 to $6
TheU10: calls $3
*** TURN *** [3c 6c 7d] [Ad]
piet735: bets $6
TheU10: folds
Uncalled bet ($6) returned to piet735
piet735 collected $23.52 from pot
*** SUMMARY ***
Total pot $24 | Rake $0.48
Board [3c 6c 7d Ad]
Seat 1: TheU10 (button) (small blind) folded on the Turn
Seat 2: piet735 (big blind) collected ($23.52)


PokerStars Hand #145033284619:  Hold'em Limit ($3/$6 USD) - 2015/12/08 14:03:50 ET
Table 'Sadachbia II' 2-max Seat #1 is the button
Seat 1: TheU10 ($216.34 in chips)
Seat 2: piet735 ($136.08 in chips)
TheU10: posts small blind $1
piet735: posts big blind $3
*** HOLE CARDS ***
TheU10: raises $3 to $6
piet735: calls $3
*** FLOP *** [8h 2h 8d]
piet735: checks
TheU10: bets $3
piet735: folds
Uncalled bet ($3) returned to TheU10
TheU10 collected $11.76 from pot
TheU10: doesn't show hand
*** SUMMARY ***
Total pot $12 | Rake $0.24
Board [8h 2h 8d]
Seat 1: TheU10 (button) (small blind) collected ($11.76)
Seat 2: piet735 (big blind) folded on the Flop


PokerStars Hand #145033292158:  Hold'em Limit ($3/$6 USD) - 2015/12/08 14:03:57 ET
Table 'Sadachbia II' 2-max Seat #2 is the button
Seat 1: TheU10 ($222.10 in chips)
Seat 2: piet735 ($130.08 in chips)
piet735: posts small blind $1
TheU10: posts big blind $3
*** HOLE CARDS ***
piet735: raises $3 to $6
TheU10: calls $3
*** FLOP *** [8c Jh 6d]
TheU10: checks
piet735: checks
*** TURN *** [8c Jh 6d] [Qc]
TheU10: bets $6
piet735: folds
Uncalled bet ($6) returned to TheU10
TheU10 collected $11.76 from pot
TheU10: doesn't show hand
*** SUMMARY ***
Total pot $12 | Rake $0.24
Board [8c Jh 6d Qc]
Seat 1: TheU10 (big blind) collected ($11.76)
Seat 2: piet735 (button) (small blind) folded on the Turn


PokerStars Hand #145033301676:  Hold'em Limit ($3/$6 USD) - 2015/12/08 14:04:07 ET
Table 'Sadachbia II' 2-max Seat #1 is the button
Seat 1: TheU10 ($227.86 in chips)
Seat 2: piet735 ($124.08 in chips)
TheU10: posts small blind $1
piet735: posts big blind $3
*** HOLE CARDS ***
TheU10: raises $3 to $6
piet735: raises $3 to $9
TheU10: calls $3
*** FLOP *** [3s Qc Ad]
piet735: bets $3
TheU10: folds
Uncalled bet ($3) returned to piet735
piet735 collected $17.64 from pot
*** SUMMARY ***
Total pot $18 | Rake $0.36
Board [3s Qc Ad]
Seat 1: TheU10 (button) (small blind) folded on the Flop
Seat 2: piet735 (big blind) collected ($17.64)


PokerStars Hand #145033253208:  Hold'em Limit ($3/$6 USD) - 2015/12/08 14:03:18 ET
Table 'Sadachbia II' 2-max Seat #1 is the button
Seat 1: TheU10 ($237.34 in chips)
Seat 2: piet735 ($115.92 in chips)
TheU10: posts small blind $1
piet735: posts big blind $3
*** HOLE CARDS ***
TheU10: folds
Uncalled bet ($2) returned to piet735
piet735 collected $2 from pot
*** SUMMARY ***
Total pot $2 | Rake $0
Seat 1: TheU10 (button) (small blind) folded before Flop
Seat 2: piet735 (big blind) collected ($2)


PokerStars Hand #145033243931:  Hold'em Limit ($3/$6 USD) - 2015/12/08 14:03:08 ET
Table 'Sadachbia II' 2-max Seat #2 is the button
Seat 1: TheU10 ($246.34 in chips)
Seat 2: piet735 ($107.28 in chips)
piet735: posts small blind $1
TheU10: posts big blind $3
*** HOLE CARDS ***
piet735: raises $3 to $6
TheU10: calls $3
*** FLOP *** [Tc Ad 2h]
TheU10: checks
piet735: bets $3
TheU10: calls $3
*** TURN *** [Tc Ad 2h] [4h]
TheU10: checks
piet735: bets $6
TheU10: folds
Uncalled bet ($6) returned to piet735
piet735 collected $17.64 from pot
*** SUMMARY ***
Total pot $18 | Rake $0.36
Board [Tc Ad 2h 4h]
Seat 1: TheU10 (big blind) folded on the Turn
Seat 2: piet735 (button) (small blind) collected ($17.64)


PokerStars Hand #145033316306:  Hold'em Limit ($3/$6 USD) - 2015/12/08 14:04:21 ET
Table 'Sadachbia II' 2-max Seat #1 is the button
Seat 1: TheU10 ($212.86 in chips)
Seat 2: piet735 ($138.48 in chips)
TheU10: posts small blind $1
piet735: posts big blind $3
*** HOLE CARDS ***
TheU10: raises $3 to $6
piet735: calls $3
*** FLOP *** [Jc 3s As]
piet735: checks
TheU10: bets $3
piet735: calls $3
*** TURN *** [Jc 3s As] [9d]
piet735: checks
TheU10: checks
*** RIVER *** [Jc 3s As 9d] [Jd]
piet735: checks
TheU10: checks
*** SHOW DOWN ***
piet735: shows [Qc 3h] (two pair, Jacks and Threes)
TheU10: mucks hand
piet735 collected $17.64 from pot
*** SUMMARY ***
Total pot $18 | Rake $0.36
Board [Jc 3s As 9d Jd]
Seat 1: TheU10 (button) (small blind) mucked
Seat 2: piet735 (big blind) showed [Qc 3h] and won ($17.64) with two pair, Jacks and Threes


PokerStars Hand #145033328969:  Hold'em Limit ($3/$6 USD) - 2015/12/08 14:04:34 ET
Table 'Sadachbia II' 2-max Seat #2 is the button
Seat 1: TheU10 ($203.86 in chips)
Seat 2: piet735 ($147.12 in chips)
piet735: posts small blind $1
TheU10: posts big blind $3
*** HOLE CARDS ***
piet735: raises $3 to $6
TheU10: calls $3
*** FLOP *** [7s 3h 5s]
TheU10: checks
piet735: bets $3
TheU10: raises $3 to $6
piet735: calls $3
*** TURN *** [7s 3h 5s] [4h]
TheU10: bets $6
piet735: folds
Uncalled bet ($6) returned to TheU10
TheU10 collected $23.52 from pot
TheU10: doesn't show hand
*** SUMMARY ***
Total pot $24 | Rake $0.48
Board [7s 3h 5s 4h]
Seat 1: TheU10 (big blind) collected ($23.52)
Seat 2: piet735 (button) (small blind) folded on the Turn


PokerStars Hand #145033339858:  Hold'em Limit ($3/$6 USD) - 2015/12/08 14:04:45 ET
Table 'Sadachbia II' 2-max Seat #1 is the button
Seat 1: TheU10 ($215.38 in chips)
Seat 2: piet735 ($135.12 in chips)
TheU10: posts small blind $1
piet735: posts big blind $3
*** HOLE CARDS ***
TheU10: raises $3 to $6
piet735: calls $3
*** FLOP *** [2d 4h 6d]
piet735: checks
TheU10: checks
*** TURN *** [2d 4h 6d] [Jc]
piet735: checks
TheU10: checks
*** RIVER *** [2d 4h 6d Jc] [4c]
piet735: checks
TheU10: bets $6
piet735: folds
Uncalled bet ($6) returned to TheU10
TheU10 collected $11.76 from pot
TheU10: doesn't show hand
*** SUMMARY ***
Total pot $12 | Rake $0.24
Board [2d 4h 6d Jc 4c]
Seat 1: TheU10 (button) (small blind) collected ($11.76)
Seat 2: piet735 (big blind) folded on the River


PokerStars Hand #145033365515:  Hold'em Limit ($3/$6 USD) - 2015/12/08 14:05:10 ET
Table 'Sadachbia II' 2-max Seat #1 is the button
Seat 1: TheU10 ($232.66 in chips)
Seat 2: piet735 ($117.12 in chips)
TheU10: posts small blind $1
piet735: posts big blind $3
*** HOLE CARDS ***
TheU10: raises $3 to $6
piet735: folds
Uncalled bet ($3) returned to TheU10
TheU10 collected $6 from pot
TheU10: doesn't show hand
*** SUMMARY ***
Total pot $6 | Rake $0
Seat 1: TheU10 (button) (small blind) collected ($6)
Seat 2: piet735 (big blind) folded before Flop


PokerStars Hand #145033353967:  Hold'em Limit ($3/$6 USD) - 2015/12/08 14:04:59 ET
Table 'Sadachbia II' 2-max Seat #2 is the button
Seat 1: TheU10 ($221.14 in chips)
Seat 2: piet735 ($129.12 in chips)
piet735: posts small blind $1
TheU10: posts big blind $3
*** HOLE CARDS ***
piet735: raises $3 to $6
TheU10: calls $3
*** FLOP *** [Jd Th 2d]
TheU10: checks
piet735: bets $3
TheU10: raises $3 to $6
piet735: calls $3
*** TURN *** [Jd Th 2d] [3s]
TheU10: bets $6
piet735: folds
Uncalled bet ($6) returned to TheU10
TheU10 collected $23.52 from pot
TheU10: doesn't show hand
*** SUMMARY ***
Total pot $24 | Rake $0.48
Board [Jd Th 2d 3s]
Seat 1: TheU10 (big blind) collected ($23.52)
Seat 2: piet735 (button) (small blind) folded on the Turn


PokerStars Hand #145033308888:  Hold'em Limit ($3/$6 USD) - 2015/12/08 14:04:14 ET
Table 'Sadachbia II' 2-max Seat #2 is the button
Seat 1: TheU10 ($218.86 in chips)
Seat 2: piet735 ($132.72 in chips)
piet735: posts small blind $1
TheU10: posts big blind $3
*** HOLE CARDS ***
piet735: raises $3 to $6
TheU10: calls $3
*** FLOP *** [As 7h 8s]
TheU10: checks
piet735: bets $3
TheU10: folds
Uncalled bet ($3) returned to piet735
piet735 collected $11.76 from pot
*** SUMMARY ***
Total pot $12 | Rake $0.24
Board [As 7h 8s]
Seat 1: TheU10 (big blind) folded on the Flop
Seat 2: piet735 (button) (small blind) collected ($11.76)


PokerStars Hand #145033382628:  Hold'em Limit ($3/$6 USD) - 2015/12/08 14:05:27 ET
Table 'Sadachbia II' 2-max Seat #1 is the button
Seat 1: TheU10 ($220.66 in chips)
Seat 2: piet735 ($128.62 in chips)
TheU10: posts small blind $1
piet735: posts big blind $3
*** HOLE CARDS ***
TheU10: folds
Uncalled bet ($2) returned to piet735
piet735 collected $2 from pot
*** SUMMARY ***
Total pot $2 | Rake $0
Seat 1: TheU10 (button) (small blind) folded before Flop
Seat 2: piet735 (big blind) collected ($2)


PokerStars Hand #145033403591:  Hold'em Limit ($3/$6 USD) - 2015/12/08 14:05:48 ET
Table 'Sadachbia II' 2-max Seat #2 is the button
Seat 1: TheU10 ($235.16 in chips)
Seat 2: piet735 ($113.62 in chips)
piet735: posts small blind $1
TheU10: posts big blind $3
*** HOLE CARDS ***
piet735: raises $3 to $6
TheU10: folds
Uncalled bet ($3) returned to piet735
piet735 collected $6 from pot
*** SUMMARY ***
Total pot $6 | Rake $0
Seat 1: TheU10 (big blind) folded before Flop
Seat 2: piet735 (button) (small blind) collected ($6)


PokerStars Hand #145033391503:  Hold'em Limit ($3/$6 USD) - 2015/12/08 14:05:36 ET
Table 'Sadachbia II' 2-max Seat #1 is the button
Seat 1: TheU10 ($220.66 in chips)
Seat 2: piet735 ($128.62 in chips)
TheU10: posts small blind $1
piet735: posts big blind $3
*** HOLE CARDS ***
TheU10: raises $3 to $6
piet735: calls $3
*** FLOP *** [Ts 6s 3h]
piet735: bets $3
TheU10: calls $3
*** TURN *** [Ts 6s 3h] [8h]
piet735: bets $6
TheU10: raises $6 to $12
piet735: folds
Uncalled bet ($6) returned to TheU10
TheU10 collected $29.50 from pot
TheU10: doesn't show hand
*** SUMMARY ***
Total pot $30 | Rake $0.50
Board [Ts 6s 3h 8h]
Seat 1: TheU10 (button) (small blind) collected ($29.50)
Seat 2: piet735 (big blind) folded on the Turn


PokerStars Hand #145033408168:  Hold'em Limit ($3/$6 USD) - 2015/12/08 14:05:53 ET
Table 'Sadachbia II' 2-max Seat #1 is the button
Seat 1: TheU10 ($232.16 in chips)
Seat 2: piet735 ($116.62 in chips)
TheU10: posts small blind $1
piet735: posts big blind $3
*** HOLE CARDS ***
TheU10: raises $3 to $6
piet735: calls $3
*** FLOP *** [4d Jd As]
piet735: checks
TheU10: bets $3
piet735: calls $3
*** TURN *** [4d Jd As] [5h]
piet735: checks
TheU10: checks
*** RIVER *** [4d Jd As 5h] [4c]
piet735: checks
TheU10: checks
*** SHOW DOWN ***
piet735: shows [Qc Ts] (a pair of Fours)
TheU10: mucks hand
piet735 collected $17.64 from pot
*** SUMMARY ***
Total pot $18 | Rake $0.36
Board [4d Jd As 5h 4c]
Seat 1: TheU10 (button) (small blind) mucked
Seat 2: piet735 (big blind) showed [Qc Ts] and won ($17.64) with a pair of Fours


PokerStars Hand #145033421181:  Hold'em Limit ($3/$6 USD) - 2015/12/08 14:06:06 ET
Table 'Sadachbia II' 2-max Seat #2 is the button
Seat 1: TheU10 ($223.16 in chips)
Seat 2: piet735 ($125.26 in chips)
piet735: posts small blind $1
TheU10: posts big blind $3
*** HOLE CARDS ***
piet735: raises $3 to $6
TheU10: calls $3
*** FLOP *** [9c 2c 6h]
TheU10: checks
piet735: checks
*** TURN *** [9c 2c 6h] [Jh]
TheU10: checks
piet735: checks
*** RIVER *** [9c 2c 6h Jh] [7d]
TheU10: bets $6
piet735: folds
Uncalled bet ($6) returned to TheU10
TheU10 collected $11.76 from pot
TheU10: doesn't show hand
*** SUMMARY ***
Total pot $12 | Rake $0.24
Board [9c 2c 6h Jh 7d]
Seat 1: TheU10 (big blind) collected ($11.76)
Seat 2: piet735 (button) (small blind) folded on the River


PokerStars Hand #145033369721:  Hold'em Limit ($3/$6 USD) - 2015/12/08 14:05:15 ET
Table 'Sadachbia II' 2-max Seat #2 is the button
Seat 1: TheU10 ($235.66 in chips)
Seat 2: piet735 ($114.12 in chips)
piet735: posts small blind $1
TheU10: posts big blind $3
*** HOLE CARDS ***
piet735: raises $3 to $6
TheU10: calls $3
*** FLOP *** [Ah 8s 5s]
TheU10: checks
piet735: bets $3
TheU10: calls $3
*** TURN *** [Ah 8s 5s] [Kh]
TheU10: checks
piet735: bets $6
TheU10: calls $6
*** RIVER *** [Ah 8s 5s Kh] [Jc]
TheU10: checks
piet735: checks
*** SHOW DOWN ***
TheU10: shows [5d 9h] (a pair of Fives)
piet735: shows [Js 4s] (a pair of Jacks)
piet735 collected $29.50 from pot
*** SUMMARY ***
Total pot $30 | Rake $0.50
Board [Ah 8s 5s Kh Jc]
Seat 1: TheU10 (big blind) showed [5d 9h] and lost with a pair of Fives
Seat 2: piet735 (button) (small blind) showed [Js 4s] and won ($29.50) with a pair of Jacks


PokerStars Hand #145033438595:  Hold'em Limit ($3/$6 USD) - 2015/12/08 14:06:23 ET
Table 'Sadachbia II' 2-max Seat #2 is the button
Seat 1: TheU10 ($231.92 in chips)
Seat 2: piet735 ($116.26 in chips)
piet735: posts small blind $1
TheU10: posts big blind $3
*** HOLE CARDS ***
piet735: raises $3 to $6
TheU10 said, "have to leave in 5min"
TheU10: calls $3
*** FLOP *** [Qs 6h 3h]
TheU10: checks
piet735: bets $3
TheU10: raises $3 to $6
piet735: calls $3
*** TURN *** [Qs 6h 3h] [Ac]
TheU10: bets $6
piet735: calls $6
*** RIVER *** [Qs 6h 3h Ac] [As]
TheU10: checks
piet735: bets $6
TheU10: calls $6
*** SHOW DOWN ***
piet735: shows [Ah Ts] (three of a kind, Aces)
TheU10: mucks hand
piet735 collected $47.50 from pot
*** SUMMARY ***
Total pot $48 | Rake $0.50
Board [Qs 6h 3h Ac As]
Seat 1: TheU10 (big blind) mucked
Seat 2: piet735 (button) (small blind) showed [Ah Ts] and won ($47.50) with three of a kind, Aces


PokerStars Hand #145033469425:  Hold'em Limit ($3/$6 USD) - 2015/12/08 14:06:54 ET
Table 'Sadachbia II' 2-max Seat #1 is the button
Seat 1: TheU10 ($207.92 in chips)
Seat 2: piet735 ($139.76 in chips)
TheU10: posts small blind $1
piet735: posts big blind $3
*** HOLE CARDS ***
TheU10: raises $3 to $6
piet735: folds
Uncalled bet ($3) returned to TheU10
TheU10 collected $6 from pot
TheU10: doesn't show hand
*** SUMMARY ***
Total pot $6 | Rake $0
Seat 1: TheU10 (button) (small blind) collected ($6)
Seat 2: piet735 (big blind) folded before Flop


PokerStars Hand #145033460574:  Hold'em Limit ($3/$6 USD) - 2015/12/08 14:06:45 ET
Table 'Sadachbia II' 2-max Seat #1 is the button
Seat 1: TheU10 ($207.92 in chips)
Seat 2: piet735 ($139.76 in chips)
TheU10: posts small blind $1
piet735: posts big blind $3
*** HOLE CARDS ***
TheU10: folds
Uncalled bet ($2) returned to piet735
piet735 collected $2 from pot
*** SUMMARY ***
Total pot $2 | Rake $0
Seat 1: TheU10 (button) (small blind) folded before Flop
Seat 2: piet735 (big blind) collected ($2)


PokerStars Hand #145033473819:  Hold'em Limit ($3/$6 USD) - 2015/12/08 14:06:58 ET
Table 'Sadachbia II' 2-max Seat #2 is the button
Seat 1: TheU10 ($210.92 in chips)
Seat 2: piet735 ($136.76 in chips)
piet735: posts small blind $1
TheU10: posts big blind $3
*** HOLE CARDS ***
piet735: raises $3 to $6
TheU10: calls $3
*** FLOP *** [6c 9h 3d]
TheU10: checks
piet735: bets $3
TheU10: raises $3 to $6
piet735: calls $3
*** TURN *** [6c 9h 3d] [3h]
TheU10: bets $6
piet735: folds
Uncalled bet ($6) returned to TheU10
TheU10 collected $23.52 from pot
TheU10: doesn't show hand
*** SUMMARY ***
Total pot $24 | Rake $0.48
Board [6c 9h 3d 3h]
Seat 1: TheU10 (big blind) collected ($23.52)
Seat 2: piet735 (button) (small blind) folded on the Turn


PokerStars Hand #145033433465:  Hold'em Limit ($3/$6 USD) - 2015/12/08 14:06:18 ET
Table 'Sadachbia II' 2-max Seat #1 is the button
Seat 1: TheU10 ($228.92 in chips)
Seat 2: piet735 ($119.26 in chips)
TheU10: posts small blind $1
piet735: posts big blind $3
*** HOLE CARDS ***
TheU10: raises $3 to $6
piet735: folds
Uncalled bet ($3) returned to TheU10
TheU10 collected $6 from pot
TheU10: doesn't show hand
*** SUMMARY ***
Total pot $6 | Rake $0
Seat 1: TheU10 (button) (small blind) collected ($6)
Seat 2: piet735 (big blind) folded before Flop


PokerStars Hand #145033540237:  Hold'em Limit ($3/$6 USD) - 2015/12/08 14:08:04 ET
Table 'Sadachbia II' 2-max Seat #1 is the button
Seat 1: TheU10 ($264.70 in chips)
Seat 2: piet735 ($81.52 in chips)
TheU10: posts small blind $1
piet735: posts big blind $3
*** HOLE CARDS ***
TheU10: raises $3 to $6
piet735: calls $3
*** FLOP *** [Ad Ts 9h]
piet735: checks
TheU10: bets $3
piet735: folds
Uncalled bet ($3) returned to TheU10
TheU10 collected $11.76 from pot
TheU10: doesn't show hand
*** SUMMARY ***
Total pot $12 | Rake $0.24
Board [Ad Ts 9h]
Seat 1: TheU10 (button) (small blind) collected ($11.76)
Seat 2: piet735 (big blind) folded on the Flop


PokerStars Hand #145033486783:  Hold'em Limit ($3/$6 USD) - 2015/12/08 14:07:11 ET
Table 'Sadachbia II' 2-max Seat #1 is the button
Seat 1: TheU10 ($222.44 in chips)
Seat 2: piet735 ($124.76 in chips)
TheU10: posts small blind $1
piet735: posts big blind $3
*** HOLE CARDS ***
TheU10: raises $3 to $6
piet735: calls $3
*** FLOP *** [6h As 8c]
piet735: checks
TheU10: bets $3
piet735: folds
Uncalled bet ($3) returned to TheU10
TheU10 collected $11.76 from pot
TheU10: doesn't show hand
*** SUMMARY ***
Total pot $12 | Rake $0.24
Board [6h As 8c]
Seat 1: TheU10 (button) (small blind) collected ($11.76)
Seat 2: piet735 (big blind) folded on the Flop


PokerStars Hand #145033495020:  Hold'em Limit ($3/$6 USD) - 2015/12/08 14:07:19 ET
Table 'Sadachbia II' 2-max Seat #2 is the button
Seat 1: TheU10 ($228.20 in chips)
Seat 2: piet735 ($118.76 in chips)
piet735: posts small blind $1
TheU10: posts big blind $3
*** HOLE CARDS ***
piet735: raises $3 to $6
TheU10: raises $3 to $9
piet735: calls $3
*** FLOP *** [2h 3d 9h]
TheU10: bets $3
piet735: calls $3
*** TURN *** [2h 3d 9h] [8s]
TheU10: bets $6
piet735: calls $6
*** RIVER *** [2h 3d 9h 8s] [3h]
TheU10: checks
piet735: bets $6
TheU10: raises $6 to $12
piet735: raises $6 to $18
TheU10: raises $6 to $24
Betting is capped
piet735: calls $6
*** SHOW DOWN ***
TheU10: shows [8h Qh] (a flush, Queen high)
piet735: mucks hand
TheU10 collected $83.50 from pot
*** SUMMARY ***
Total pot $84 | Rake $0.50
Board [2h 3d 9h 8s 3h]
Seat 1: TheU10 (big blind) showed [8h Qh] and won ($83.50) with a flush, Queen high
Seat 2: piet735 (button) (small blind) mucked


PokerStars Hand #145033523338:  Hold'em Limit ($3/$6 USD) - 2015/12/08 14:07:47 ET
Table 'Sadachbia II' 2-max Seat #2 is the button
Seat 1: TheU10 ($268.70 in chips)
Seat 2: piet735 ($77.76 in chips)
piet735: posts small blind $1
TheU10: posts big blind $3
*** HOLE CARDS ***
piet735: folds
Uncalled bet ($2) returned to TheU10
TheU10 collected $2 from pot
TheU10: doesn't show hand
*** SUMMARY ***
Total pot $2 | Rake $0
Seat 1: TheU10 (big blind) collected ($2)
Seat 2: piet735 (button) (small blind) folded before Flop


PokerStars Hand #145033535228:  Hold'em Limit ($3/$6 USD) - 2015/12/08 14:07:59 ET
Table 'Sadachbia II' 2-max Seat #2 is the button
Seat 1: TheU10 ($263.70 in chips)
Seat 2: piet735 ($82.52 in chips)
piet735: posts small blind $1
TheU10: posts big blind $3
*** HOLE CARDS ***
piet735: folds
Uncalled bet ($2) returned to TheU10
TheU10 collected $2 from pot
TheU10: doesn't show hand
*** SUMMARY ***
Total pot $2 | Rake $0
Seat 1: TheU10 (big blind) collected ($2)
Seat 2: piet735 (button) (small blind) folded before Flop


PokerStars Hand #145033527672:  Hold'em Limit ($3/$6 USD) - 2015/12/08 14:07:52 ET
Table 'Sadachbia II' 2-max Seat #1 is the button
Seat 1: TheU10 ($269.70 in chips)
Seat 2: piet735 ($76.76 in chips)
TheU10: posts small blind $1
piet735: posts big blind $3
*** HOLE CARDS ***
TheU10: calls $2
piet735: raises $3 to $6
TheU10: calls $3
*** FLOP *** [4d 8c 4h]
piet735: bets $3
TheU10: folds
Uncalled bet ($3) returned to piet735
piet735 collected $11.76 from pot
*** SUMMARY ***
Total pot $12 | Rake $0.24
Board [4d 8c 4h]
Seat 1: TheU10 (button) (small blind) folded on the Flop
Seat 2: piet735 (big blind) collected ($11.76)


PokerStars Hand #145033556162:  Hold'em Limit ($3/$6 USD) - 2015/12/08 14:08:20 ET
Table 'Sadachbia II' 2-max Seat #2 is the button
Seat 1: TheU10 ($270.46 in chips)
Seat 2: piet735 ($75.52 in chips)
piet735: posts small blind $1
TheU10: posts big blind $3
*** HOLE CARDS ***
piet735: raises $3 to $6
TheU10: calls $3
*** FLOP *** [2s 5h Qd]
TheU10: checks
piet735: bets $3
TheU10: calls $3
*** TURN *** [2s 5h Qd] [Jh]
TheU10: checks
piet735: checks
*** RIVER *** [2s 5h Qd Jh] [6h]
TheU10: checks
piet735: checks
*** SHOW DOWN ***
TheU10: shows [3s 2h] (a pair of Deuces)
piet735: mucks hand
TheU10 collected $17.64 from pot
*** SUMMARY ***
Total pot $18 | Rake $0.36
Board [2s 5h Qd Jh 6h]
Seat 1: TheU10 (big blind) showed [3s 2h] and won ($17.64) with a pair of Deuces
Seat 2: piet735 (button) (small blind) mucked


PokerStars Hand #145033571502:  Hold'em Limit ($3/$6 USD) - 2015/12/08 14:08:35 ET
Table 'Sadachbia II' 2-max Seat #1 is the button
Seat 1: TheU10 ($279.10 in chips)
Seat 2: piet735 ($66.52 in chips)
TheU10: posts small blind $1
piet735: posts big blind $3
*** HOLE CARDS ***
TheU10: raises $3 to $6
piet735: calls $3
*** FLOP *** [8d 5d 3c]
piet735: checks
TheU10: bets $3
piet735: calls $3
*** TURN *** [8d 5d 3c] [4s]
piet735: checks
TheU10: checks
*** RIVER *** [8d 5d 3c 4s] [Ah]
piet735: checks
TheU10: bets $6
piet735: calls $6
*** SHOW DOWN ***
TheU10: shows [Ac 7h] (a pair of Aces)
piet735: mucks hand
TheU10 collected $29.50 from pot
*** SUMMARY ***
Total pot $30 | Rake $0.50
Board [8d 5d 3c 4s Ah]
Seat 1: TheU10 (button) (small blind) showed [Ac 7h] and won ($29.50) with a pair of Aces
Seat 2: piet735 (big blind) mucked


PokerStars Hand #145033588568:  Hold'em Limit ($3/$6 USD) - 2015/12/08 14:08:52 ET
Table 'Sadachbia II' 2-max Seat #2 is the button
Seat 1: TheU10 ($293.60 in chips)
Seat 2: piet735 ($51.52 in chips)
piet735: posts small blind $1
TheU10: posts big blind $3
*** HOLE CARDS ***
piet735: raises $3 to $6
TheU10: raises $3 to $9
piet735: raises $3 to $12
Betting is capped
TheU10: calls $3
*** FLOP *** [Jc 3d As]
TheU10: checks
piet735: bets $3
TheU10: calls $3
*** TURN *** [Jc 3d As] [8s]
TheU10: checks
piet735: bets $6
TheU10: calls $6
*** RIVER *** [Jc 3d As 8s] [Kh]
TheU10: checks
piet735: bets $6
TheU10: calls $6
*** SHOW DOWN ***
piet735: shows [Td Th] (a pair of Tens)
TheU10: shows [8c Kc] (two pair, Kings and Eights)
TheU10 collected $53.50 from pot
*** SUMMARY ***
Total pot $54 | Rake $0.50
Board [Jc 3d As 8s Kh]
Seat 1: TheU10 (big blind) showed [8c Kc] and won ($53.50) with two pair, Kings and Eights
Seat 2: piet735 (button) (small blind) showed [Td Th] and lost with a pair of Tens


PokerStars Hand #145033604871:  Hold'em Limit ($3/$6 USD) - 2015/12/08 14:09:08 ET
Table 'Sadachbia II' 2-max Seat #1 is the button
Seat 1: TheU10 ($320.10 in chips)
Seat 2: piet735 ($24.52 in chips)
TheU10: posts small blind $1
piet735: posts big blind $3
*** HOLE CARDS ***
TheU10: raises $3 to $6
piet735: raises $3 to $9
TheU10: raises $3 to $12
Betting is capped
piet735: calls $3
*** FLOP *** [Kd Ac Td]
piet735: bets $3
TheU10: calls $3
*** TURN *** [Kd Ac Td] [9c]
piet735: bets $6
TheU10: raises $6 to $12
piet735: calls $3.52 and is all-in
Uncalled bet ($2.48) returned to TheU10
*** RIVER *** [Kd Ac Td 9c] [2s]
*** SHOW DOWN ***
piet735: shows [7s Kc] (a pair of Kings)
TheU10: shows [4s As] (a pair of Aces)
TheU10 said, "nh g"
TheU10 collected $48.54 from pot
TheU10 said, "gg"
*** SUMMARY ***
Total pot $49.04 | Rake $0.50
Board [Kd Ac Td 9c 2s]
Seat 1: TheU10 (button) (small blind) showed [4s As] and won ($48.54) with a pair of Aces
Seat 2: piet735 (big blind) showed [7s Kc] and lost with a pair of Kings


