PokerStars Hand #150345240032:  Hold'em Limit ($3/$6 USD) - 2016/03/14 13:08:17 ET
Table 'Sadachbia' 6-max Seat #3 is the button
Seat 3: Machete448 ($108.24 in chips)
Seat 5: Great_Kang ($120 in chips)
Mordnilap joins the table at seat #6
whats money joins the table at seat #2
Chessnok joins the table at seat #1
AzureCaper has timed out
AzureCaper: is sitting out
Machete448: posts small blind $1
Great_Kang: posts big blind $3
*** HOLE CARDS ***
Machete448: calls $2
Great_Kang: raises $3 to $6
Machete448: calls $3
*** FLOP *** [Kh 8d Ks]
Great_Kang: bets $3
Machete448: folds
Uncalled bet ($3) returned to Great_Kang
Great_Kang collected $11.76 from pot
Great_Kang: doesn't show hand
*** SUMMARY ***
Total pot $12 | Rake $0.24
Board [Kh 8d Ks]
Seat 3: Machete448 (button) (small blind) folded on the Flop
Seat 5: Great_Kang (big blind) collected ($11.76)


PokerStars Hand #150347611874:  Hold'em Limit ($3/$6 USD) - 2016/03/14 13:53:48 ET
Table 'Sadachbia' 6-max Seat #5 is the button
Seat 4: bentinck113 ($66 in chips)
Seat 5: Great_Kang ($126.70 in chips)
Great_Kang: posts small blind $1
krytalex was removed from the table for failing to post
bentinck113: posts big blind $3
*** HOLE CARDS ***
RockKillerTY leaves the table
Great_Kang: raises $3 to $6
bentinck113: calls $3
*** FLOP *** [3h Th 8c]
bentinck113: checks
Great_Kang: bets $3
bentinck113: folds
Uncalled bet ($3) returned to Great_Kang
Great_Kang collected $11.76 from pot
Great_Kang: doesn't show hand
*** SUMMARY ***
Total pot $12 | Rake $0.24
Board [3h Th 8c]
Seat 4: bentinck113 (big blind) folded on the Flop
Seat 5: Great_Kang (button) (small blind) collected ($11.76)


PokerStars Hand #150347632894:  Hold'em Limit ($3/$6 USD) - 2016/03/14 13:54:12 ET
Table 'Sadachbia' 6-max Seat #4 is the button
Seat 4: bentinck113 ($60 in chips)
Seat 5: Great_Kang ($132.46 in chips)
bentinck113: posts small blind $1
Great_Kang: posts big blind $3
*** HOLE CARDS ***
bentinck113: raises $3 to $6
Great_Kang: calls $3
*** FLOP *** [Jd Td Ts]
Great_Kang: checks
bentinck113: bets $3
Great_Kang: folds
Uncalled bet ($3) returned to bentinck113
bentinck113 collected $11.76 from pot
bentinck113: doesn't show hand
*** SUMMARY ***
Total pot $12 | Rake $0.24
Board [Jd Td Ts]
Seat 4: bentinck113 (button) (small blind) collected ($11.76)
Seat 5: Great_Kang (big blind) folded on the Flop


PokerStars Hand #150347645181:  Hold'em Limit ($3/$6 USD) - 2016/03/14 13:54:25 ET
Table 'Sadachbia' 6-max Seat #5 is the button
Seat 4: bentinck113 ($65.76 in chips)
Seat 5: Great_Kang ($126.46 in chips)
Great_Kang: posts small blind $1
bentinck113: posts big blind $3
*** HOLE CARDS ***
Great_Kang: raises $3 to $6
bentinck113: calls $3
*** FLOP *** [8h 2c Ah]
bentinck113: checks
Great_Kang: bets $3
bentinck113: calls $3
*** TURN *** [8h 2c Ah] [Qs]
bentinck113: checks
Great_Kang: bets $6
bentinck113: calls $6
*** RIVER *** [8h 2c Ah Qs] [5d]
bentinck113: checks
Great_Kang: bets $6
bentinck113: calls $6
*** SHOW DOWN ***
Great_Kang: shows [9h 3h] (high card Ace)
bentinck113: shows [8c 6d] (a pair of Eights)
bentinck113 collected $41.50 from pot
*** SUMMARY ***
Total pot $42 | Rake $0.50
Board [8h 2c Ah Qs 5d]
Seat 4: bentinck113 (big blind) showed [8c 6d] and won ($41.50) with a pair of Eights
Seat 5: Great_Kang (button) (small blind) showed [9h 3h] and lost with high card Ace


PokerStars Hand #150347678664:  Hold'em Limit ($3/$6 USD) - 2016/03/14 13:55:03 ET
Table 'Sadachbia' 6-max Seat #4 is the button
Seat 4: bentinck113 ($86.26 in chips)
Seat 5: Great_Kang ($120 in chips)
bentinck113: posts small blind $1
Great_Kang: posts big blind $3
*** HOLE CARDS ***
bentinck113: calls $2
Great_Kang: checks
*** FLOP *** [2d 4c 5c]
Great_Kang: checks
bentinck113: checks
*** TURN *** [2d 4c 5c] [Jd]
Great_Kang: checks
bentinck113: checks
*** RIVER *** [2d 4c 5c Jd] [Ad]
Great_Kang: checks
bentinck113: checks
*** SHOW DOWN ***
Great_Kang: shows [Qh 4d] (a pair of Fours)
bentinck113: mucks hand
Great_Kang collected $5.88 from pot
*** SUMMARY ***
Total pot $6 | Rake $0.12
Board [2d 4c 5c Jd Ad]
Seat 4: bentinck113 (button) (small blind) mucked
Seat 5: Great_Kang (big blind) showed [Qh 4d] and won ($5.88) with a pair of Fours


PokerStars Hand #150347699612:  Hold'em Limit ($3/$6 USD) - 2016/03/14 13:55:30 ET
Table 'Sadachbia' 6-max Seat #5 is the button
Seat 4: bentinck113 ($83.26 in chips)
Seat 5: Great_Kang ($122.88 in chips)
Great_Kang: posts small blind $1
bentinck113: posts big blind $3
*** HOLE CARDS ***
Great_Kang: raises $3 to $6
bentinck113: calls $3
*** FLOP *** [3s 3h Qc]
bentinck113: checks
Great_Kang: bets $3
bentinck113: calls $3
*** TURN *** [3s 3h Qc] [9c]
bentinck113: checks
Great_Kang: bets $6
bentinck113: calls $6
*** RIVER *** [3s 3h Qc 9c] [5d]
bentinck113: checks
Great_Kang: bets $6
bentinck113: calls $6
*** SHOW DOWN ***
Great_Kang: shows [Kd 9h] (two pair, Nines and Threes)
bentinck113: shows [Qh 5s] (two pair, Queens and Fives)
bentinck113 collected $41.50 from pot
*** SUMMARY ***
Total pot $42 | Rake $0.50
Board [3s 3h Qc 9c 5d]
Seat 4: bentinck113 (big blind) showed [Qh 5s] and won ($41.50) with two pair, Queens and Fives
Seat 5: Great_Kang (button) (small blind) showed [Kd 9h] and lost with two pair, Nines and Threes


PokerStars Hand #150347744607:  Hold'em Limit ($3/$6 USD) - 2016/03/14 13:56:32 ET
Table 'Sadachbia' 6-max Seat #5 is the button
Seat 4: bentinck113 ($106.76 in chips)
Seat 5: Great_Kang ($120 in chips)
Great_Kang: posts small blind $1
bentinck113: posts big blind $3
*** HOLE CARDS ***
Great_Kang: raises $3 to $6
bentinck113: folds
Uncalled bet ($3) returned to Great_Kang
Great_Kang collected $6 from pot
Great_Kang: doesn't show hand
*** SUMMARY ***
Total pot $6 | Rake $0
Seat 4: bentinck113 (big blind) folded before Flop
Seat 5: Great_Kang (button) (small blind) collected ($6)


PokerStars Hand #150347729012:  Hold'em Limit ($3/$6 USD) - 2016/03/14 13:56:11 ET
Table 'Sadachbia' 6-max Seat #4 is the button
Seat 4: bentinck113 ($103.76 in chips)
Seat 5: Great_Kang ($120 in chips)
bentinck113: posts small blind $1
Great_Kang: posts big blind $3
*** HOLE CARDS ***
bentinck113: raises $3 to $6
Great_Kang: folds
Uncalled bet ($3) returned to bentinck113
bentinck113 collected $6 from pot
bentinck113: doesn't show hand
*** SUMMARY ***
Total pot $6 | Rake $0
Seat 4: bentinck113 (button) (small blind) collected ($6)
Seat 5: Great_Kang (big blind) folded before Flop


PokerStars Hand #150347749340:  Hold'em Limit ($3/$6 USD) - 2016/03/14 13:56:39 ET
Table 'Sadachbia' 6-max Seat #4 is the button
Seat 4: bentinck113 ($103.76 in chips)
Seat 5: Great_Kang ($123 in chips)
bentinck113: posts small blind $1
Great_Kang: posts big blind $3
*** HOLE CARDS ***
bentinck113: raises $3 to $6
Great_Kang: raises $3 to $9
bentinck113: calls $3
*** FLOP *** [7s Kd As]
Great_Kang: bets $3
bentinck113: calls $3
*** TURN *** [7s Kd As] [5c]
Great_Kang: checks
bentinck113: checks
*** RIVER *** [7s Kd As 5c] [Jh]
Great_Kang: checks
bentinck113: bets $6
Great_Kang: folds
Uncalled bet ($6) returned to bentinck113
bentinck113 collected $23.52 from pot
bentinck113: doesn't show hand
*** SUMMARY ***
Total pot $24 | Rake $0.48
Board [7s Kd As 5c Jh]
Seat 4: bentinck113 (button) (small blind) collected ($23.52)
Seat 5: Great_Kang (big blind) folded on the River


PokerStars Hand #150347782902:  Hold'em Limit ($3/$6 USD) - 2016/03/14 13:57:25 ET
Table 'Sadachbia' 6-max Seat #4 is the button
Seat 4: bentinck113 ($109.28 in chips)
Seat 5: Great_Kang ($125.76 in chips)
bentinck113: posts small blind $1
Great_Kang: posts big blind $3
*** HOLE CARDS ***
bentinck113: folds
Uncalled bet ($2) returned to Great_Kang
ValeryRon joins the table at seat #6
Great_Kang collected $2 from pot
Great_Kang: doesn't show hand
*** SUMMARY ***
Total pot $2 | Rake $0
Seat 4: bentinck113 (button) (small blind) folded before Flop
Seat 5: Great_Kang (big blind) collected ($2)


PokerStars Hand #150347770082:  Hold'em Limit ($3/$6 USD) - 2016/03/14 13:57:07 ET
Table 'Sadachbia' 6-max Seat #5 is the button
Seat 4: bentinck113 ($115.28 in chips)
Seat 5: Great_Kang ($120 in chips)
Great_Kang: posts small blind $1
bentinck113: posts big blind $3
*** HOLE CARDS ***
NEST201300 joins the table at seat #3
Great_Kang: raises $3 to $6
bentinck113: calls $3
*** FLOP *** [5s 2d Jh]
bentinck113: checks
Great_Kang: bets $3
bentinck113: folds
Uncalled bet ($3) returned to Great_Kang
Great_Kang collected $11.76 from pot
Great_Kang: doesn't show hand
*** SUMMARY ***
Total pot $12 | Rake $0.24
Board [5s 2d Jh]
Seat 4: bentinck113 (big blind) folded on the Flop
Seat 5: Great_Kang (button) (small blind) collected ($11.76)


PokerStars Hand #150352097577:  Hold'em Limit ($3/$6 USD) - 2016/03/14 15:16:28 ET
Table 'Sadachbia' 6-max Seat #1 is the button
Seat 1: aless284 ($110.96 in chips)
Seat 4: veterankwu ($33.52 in chips)
aless284: posts small blind $1
BuzovaPro: is sitting out
veterankwu: posts big blind $3
*** HOLE CARDS ***
aless284: raises $3 to $6
$i1ver joins the table at seat #2
veterankwu: calls $3
*** FLOP *** [6h Qh Ad]
veterankwu: checks
aless284: bets $3
veterankwu: folds
Uncalled bet ($3) returned to aless284
ValeryRon joins the table at seat #5
aless284 collected $11.76 from pot
aless284: doesn't show hand
*** SUMMARY ***
Total pot $12 | Rake $0.24
Board [6h Qh Ad]
Seat 1: aless284 (button) (small blind) collected ($11.76)
Seat 4: veterankwu (big blind) folded on the Flop


PokerStars Hand #150355367296:  Hold'em Limit ($3/$6 USD) - 2016/03/14 16:12:22 ET
Table 'Sadachbia' 6-max Seat #5 is the button
Seat 1: aless284 ($187.08 in chips)
Seat 5: Great_Kang ($175.32 in chips)
Warner13 will be allowed to play after the button
Great_Kang: posts small blind $1
aless284: posts big blind $3
*** HOLE CARDS ***
Great_Kang: raises $3 to $6
aless284: calls $3
*** FLOP *** [Ah 2h 5h]
aless284: checks
playergains leaves the table
Great_Kang: bets $3
aless284: folds
Uncalled bet ($3) returned to Great_Kang
Great_Kang collected $11.76 from pot
Great_Kang: doesn't show hand
*** SUMMARY ***
Total pot $12 | Rake $0.24
Board [Ah 2h 5h]
Seat 1: aless284 (big blind) folded on the Flop
Seat 5: Great_Kang (button) (small blind) collected ($11.76)


PokerStars Hand #150355485096:  Hold'em Limit ($3/$6 USD) - 2016/03/14 16:14:17 ET
Table 'Sadachbia' 6-max Seat #1 is the button
Seat 1: aless284 ($181.08 in chips)
Seat 5: Great_Kang ($180.09 in chips)
aless284: posts small blind $1
Warner13: is sitting out
Great_Kang: posts big blind $3
*** HOLE CARDS ***
aless284: raises $3 to $6
Warner13 leaves the table
Great_Kang: raises $3 to $9
aless284: calls $3
*** FLOP *** [4c 8h 8c]
Great_Kang: bets $3
aless284: calls $3
*** TURN *** [4c 8h 8c] [Ks]
Great_Kang: checks
aless284: bets $6
Great_Kang: calls $6
*** RIVER *** [4c 8h 8c Ks] [6d]
Great_Kang: checks
aless284: checks
*** SHOW DOWN ***
Great_Kang: shows [4d As] (two pair, Eights and Fours)
aless284: shows [6c Qc] (two pair, Eights and Sixes)
aless284 collected $35.50 from pot
*** SUMMARY ***
Total pot $36 | Rake $0.50
Board [4c 8h 8c Ks 6d]
Seat 1: aless284 (button) (small blind) showed [6c Qc] and won ($35.50) with two pair, Eights and Sixes
Seat 5: Great_Kang (big blind) showed [4d As] and lost with two pair, Eights and Fours


PokerStars Hand #150355600107:  Hold'em Limit ($3/$6 USD) - 2016/03/14 16:16:08 ET
Table 'Sadachbia' 6-max Seat #2 is the button
Seat 2: kvernavik ($58.64 in chips)
Seat 5: Great_Kang ($153.09 in chips)
kvernavik: posts small blind $1
Great_Kang: posts big blind $3
*** HOLE CARDS ***
kvernavik: folds
Uncalled bet ($2) returned to Great_Kang
Great_Kang collected $2 from pot
Great_Kang: doesn't show hand
*** SUMMARY ***
Total pot $2 | Rake $0
Seat 2: kvernavik (button) (small blind) folded before Flop
Seat 5: Great_Kang (big blind) collected ($2)


PokerStars Hand #150355593331:  Hold'em Limit ($3/$6 USD) - 2016/03/14 16:16:02 ET
Table 'Sadachbia' 6-max Seat #5 is the button
Seat 2: kvernavik ($57.64 in chips)
Seat 5: Great_Kang ($154.09 in chips)
Great_Kang: posts small blind $1
kvernavik: posts big blind $3
*** HOLE CARDS ***
Great_Kang: folds
Uncalled bet ($2) returned to kvernavik
kvernavik collected $2 from pot
*** SUMMARY ***
Total pot $2 | Rake $0
Seat 2: kvernavik (big blind) collected ($2)
Seat 5: Great_Kang (button) (small blind) folded before Flop


PokerStars Hand #150355581565:  Hold'em Limit ($3/$6 USD) - 2016/03/14 16:15:50 ET
Table 'Sadachbia' 6-max Seat #2 is the button
Seat 2: kvernavik ($58.64 in chips)
Seat 5: Great_Kang ($153.09 in chips)
kvernavik: posts small blind $1
Great_Kang: posts big blind $3
*** HOLE CARDS ***
kvernavik: folds
Uncalled bet ($2) returned to Great_Kang
Great_Kang collected $2 from pot
Great_Kang: doesn't show hand
*** SUMMARY ***
Total pot $2 | Rake $0
Seat 2: kvernavik (button) (small blind) folded before Flop
Seat 5: Great_Kang (big blind) collected ($2)


PokerStars Hand #150355664472:  Hold'em Limit ($3/$6 USD) - 2016/03/14 16:17:10 ET
Table 'Sadachbia' 6-max Seat #5 is the button
Seat 2: kvernavik ($77.90 in chips)
Seat 5: Great_Kang ($133.09 in chips)
Great_Kang: posts small blind $1
kvernavik: posts big blind $3
*** HOLE CARDS ***
Great_Kang: raises $3 to $6
kvernavik: calls $3
*** FLOP *** [9h Ac 3h]
kvernavik: checks
Great_Kang: bets $3
kvernavik: folds
Uncalled bet ($3) returned to Great_Kang
Great_Kang collected $11.76 from pot
Great_Kang: doesn't show hand
*** SUMMARY ***
Total pot $12 | Rake $0.24
Board [9h Ac 3h]
Seat 2: kvernavik (big blind) folded on the Flop
Seat 5: Great_Kang (button) (small blind) collected ($11.76)


PokerStars Hand #150355642320:  Hold'em Limit ($3/$6 USD) - 2016/03/14 16:16:49 ET
Table 'Sadachbia' 6-max Seat #2 is the button
Seat 2: kvernavik ($72.14 in chips)
Seat 5: Great_Kang ($139.09 in chips)
kvernavik: posts small blind $1
Great_Kang: posts big blind $3
*** HOLE CARDS ***
kvernavik: raises $3 to $6
Great_Kang: calls $3
*** FLOP *** [Qh 4h 6h]
Great_Kang: checks
kvernavik: checks
*** TURN *** [Qh 4h 6h] [9d]
Great_Kang: checks
kvernavik: bets $6
Great_Kang: folds
Uncalled bet ($6) returned to kvernavik
kvernavik collected $11.76 from pot
*** SUMMARY ***
Total pot $12 | Rake $0.24
Board [Qh 4h 6h 9d]
Seat 2: kvernavik (button) (small blind) collected ($11.76)
Seat 5: Great_Kang (big blind) folded on the Turn


PokerStars Hand #150355607838:  Hold'em Limit ($3/$6 USD) - 2016/03/14 16:16:16 ET
Table 'Sadachbia' 6-max Seat #5 is the button
Seat 2: kvernavik ($57.64 in chips)
Seat 5: Great_Kang ($154.09 in chips)
Great_Kang: posts small blind $1
kvernavik: posts big blind $3
*** HOLE CARDS ***
Great_Kang: raises $3 to $6
kvernavik: calls $3
*** FLOP *** [Jh 3s 6s]
kvernavik: checks
Great_Kang: bets $3
kvernavik: calls $3
*** TURN *** [Jh 3s 6s] [2c]
kvernavik: checks
Great_Kang: bets $6
kvernavik: raises $6 to $12
Great_Kang: folds
Uncalled bet ($6) returned to kvernavik
kvernavik collected $29.50 from pot
*** SUMMARY ***
Total pot $30 | Rake $0.50
Board [Jh 3s 6s 2c]
Seat 2: kvernavik (big blind) collected ($29.50)
Seat 5: Great_Kang (button) (small blind) folded on the Turn


PokerStars Hand #150355682861:  Hold'em Limit ($3/$6 USD) - 2016/03/14 16:17:28 ET
Table 'Sadachbia' 6-max Seat #2 is the button
Seat 2: kvernavik ($71.90 in chips)
Seat 5: Great_Kang ($138.85 in chips)
kvernavik: posts small blind $1
Great_Kang: posts big blind $3
*** HOLE CARDS ***
kvernavik: raises $3 to $6
Great_Kang: raises $3 to $9
kvernavik: calls $3
*** FLOP *** [6c 3h Qd]
Great_Kang: bets $3
kvernavik: calls $3
*** TURN *** [6c 3h Qd] [8c]
Great_Kang: bets $6
kvernavik: calls $6
*** RIVER *** [6c 3h Qd 8c] [5h]
Great_Kang: bets $6
kvernavik: calls $6
*** SHOW DOWN ***
Great_Kang: shows [8d 8h] (three of a kind, Eights)
kvernavik: mucks hand
Great_Kang collected $47.50 from pot
*** SUMMARY ***
Total pot $48 | Rake $0.50
Board [6c 3h Qd 8c 5h]
Seat 2: kvernavik (button) (small blind) mucked
Seat 5: Great_Kang (big blind) showed [8d 8h] and won ($47.50) with three of a kind, Eights


PokerStars Hand #150355724599:  Hold'em Limit ($3/$6 USD) - 2016/03/14 16:18:08 ET
Table 'Sadachbia' 6-max Seat #5 is the button
Seat 2: kvernavik ($47.90 in chips)
Seat 5: Great_Kang ($162.35 in chips)
Great_Kang: posts small blind $1
kvernavik: posts big blind $3
*** HOLE CARDS ***
Great_Kang: raises $3 to $6
kvernavik: calls $3
*** FLOP *** [Ac 5h Td]
kvernavik: checks
Great_Kang: bets $3
kvernavik: calls $3
*** TURN *** [Ac 5h Td] [6s]
kvernavik: checks
Great_Kang: bets $6
kvernavik: calls $6
*** RIVER *** [Ac 5h Td 6s] [As]
kvernavik: bets $6
Great_Kang: calls $6
*** SHOW DOWN ***
kvernavik: shows [4s 5c] (two pair, Aces and Fives)
Great_Kang: shows [Jc Th] (two pair, Aces and Tens)
Great_Kang collected $41.50 from pot
kolaz03 joins the table at seat #3
*** SUMMARY ***
Total pot $42 | Rake $0.50
Board [Ac 5h Td 6s As]
Seat 2: kvernavik (big blind) showed [4s 5c] and lost with two pair, Aces and Fives
Seat 5: Great_Kang (button) (small blind) showed [Jc Th] and won ($41.50) with two pair, Aces and Tens


PokerStars Hand #150355894316:  Hold'em Limit ($3/$6 USD) - 2016/03/14 16:20:51 ET
Table 'Sadachbia' 6-max Seat #4 is the button
Seat 3: kolaz03 ($79.19 in chips)
Seat 4: PrayFTR ($46.34 in chips)
PrayFTR: posts small blind $1
kolaz03: posts big blind $3
*** HOLE CARDS ***
PrayFTR: raises $3 to $6
kolaz03: calls $3
*** FLOP *** [6h Jh Qc]
kolaz03: checks
PrayFTR: bets $3
kolaz03: folds
Uncalled bet ($3) returned to PrayFTR
PrayFTR collected $11.76 from pot
PrayFTR: doesn't show hand
*** SUMMARY ***
Total pot $12 | Rake $0.24
Board [6h Jh Qc]
Seat 3: kolaz03 (big blind) folded on the Flop
Seat 4: PrayFTR (button) (small blind) collected ($11.76)


PokerStars Hand #150355903820:  Hold'em Limit ($3/$6 USD) - 2016/03/14 16:21:00 ET
Table 'Sadachbia' 6-max Seat #3 is the button
Seat 3: kolaz03 ($73.19 in chips)
Seat 4: PrayFTR ($52.10 in chips)
kolaz03: posts small blind $1
PrayFTR: posts big blind $3
*** HOLE CARDS ***
kolaz03: raises $3 to $6
PrayFTR: calls $3
*** FLOP *** [Jc 5c Ks]
PrayFTR: checks
kolaz03: bets $3
PrayFTR: calls $3
*** TURN *** [Jc 5c Ks] [2d]
PrayFTR: checks
kolaz03: checks
*** RIVER *** [Jc 5c Ks 2d] [7h]
PrayFTR: checks
kolaz03: checks
*** SHOW DOWN ***
PrayFTR: shows [Jd 8c] (a pair of Jacks)
aless284 joins the table at seat #5
kolaz03: mucks hand
PrayFTR collected $17.64 from pot
*** SUMMARY ***
Total pot $18 | Rake $0.36
Board [Jc 5c Ks 2d 7h]
Seat 3: kolaz03 (button) (small blind) mucked
Seat 4: PrayFTR (big blind) showed [Jd 8c] and won ($17.64) with a pair of Jacks


PokerStars Hand #150357096027:  Hold'em Limit ($3/$6 USD) - 2016/03/14 16:40:15 ET
Table 'Sadachbia' 6-max Seat #5 is the button
Seat 5: aless284 ($166.85 in chips)
Seat 6: kaosgiff37 ($106.41 in chips)
aless284: posts small blind $1
kaosgiff37: posts big blind $3
*** HOLE CARDS ***
aless284: raises $3 to $6
kaosgiff37: calls $3
*** FLOP *** [Kh Ts 4h]
kaosgiff37: checks
aless284: bets $3
kaosgiff37: folds
Uncalled bet ($3) returned to aless284
aless284 collected $11.76 from pot
aless284: doesn't show hand
*** SUMMARY ***
Total pot $12 | Rake $0.24
Board [Kh Ts 4h]
Seat 5: aless284 (button) (small blind) collected ($11.76)
Seat 6: kaosgiff37 (big blind) folded on the Flop


PokerStars Hand #150357074527:  Hold'em Limit ($3/$6 USD) - 2016/03/14 16:39:54 ET
Table 'Sadachbia' 6-max Seat #6 is the button
Seat 5: aless284 ($155.33 in chips)
Seat 6: kaosgiff37 ($118.41 in chips)
kaosgiff37: posts small blind $1
aless284: posts big blind $3
*** HOLE CARDS ***
kaosgiff37: raises $3 to $6
aless284: calls $3
*** FLOP *** [8c 3c 9h]
aless284: checks
kaosgiff37: checks
*** TURN *** [8c 3c 9h] [7h]
aless284: bets $6
kaosgiff37: calls $6
*** RIVER *** [8c 3c 9h 7h] [Jh]
aless284: bets $6
kaosgiff37: folds
Uncalled bet ($6) returned to aless284
aless284 collected $23.52 from pot
aless284: doesn't show hand
*** SUMMARY ***
Total pot $24 | Rake $0.48
Board [8c 3c 9h 7h Jh]
Seat 5: aless284 (big blind) collected ($23.52)
Seat 6: kaosgiff37 (button) (small blind) folded on the River


PokerStars Hand #150357069741:  Hold'em Limit ($3/$6 USD) - 2016/03/14 16:39:50 ET
Table 'Sadachbia' 6-max Seat #5 is the button
Seat 5: aless284 ($156.33 in chips)
Seat 6: kaosgiff37 ($117.41 in chips)
aless284: posts small blind $1
kaosgiff37: posts big blind $3
*** HOLE CARDS ***
Grieserix leaves the table
aless284: folds
Uncalled bet ($2) returned to kaosgiff37
kaosgiff37 collected $2 from pot
kaosgiff37: doesn't show hand
*** SUMMARY ***
Total pot $2 | Rake $0
Seat 5: aless284 (button) (small blind) folded before Flop
Seat 6: kaosgiff37 (big blind) collected ($2)


PokerStars Hand #150357117270:  Hold'em Limit ($3/$6 USD) - 2016/03/14 16:40:36 ET
Table 'Sadachbia' 6-max Seat #5 is the button
Seat 5: aless284 ($166.61 in chips)
Seat 6: kaosgiff37 ($106.17 in chips)
aless284: posts small blind $1
kaosgiff37: posts big blind $3
*** HOLE CARDS ***
aless284: raises $3 to $6
kaosgiff37: folds
Uncalled bet ($3) returned to aless284
aless284 collected $6 from pot
aless284: doesn't show hand
*** SUMMARY ***
Total pot $6 | Rake $0
Seat 5: aless284 (button) (small blind) collected ($6)
Seat 6: kaosgiff37 (big blind) folded before Flop


PokerStars Hand #150357106963:  Hold'em Limit ($3/$6 USD) - 2016/03/14 16:40:26 ET
Table 'Sadachbia' 6-max Seat #6 is the button
Seat 5: aless284 ($172.61 in chips)
Seat 6: kaosgiff37 ($100.41 in chips)
kaosgiff37: posts small blind $1
aless284: posts big blind $3
*** HOLE CARDS ***
kaosgiff37: raises $3 to $6
aless284: calls $3
*** FLOP *** [3h Th Ts]
aless284: checks
kaosgiff37: bets $3
aless284: folds
Uncalled bet ($3) returned to kaosgiff37
kaosgiff37 collected $11.76 from pot
vestimokrec joins the table at seat #1
kaosgiff37: doesn't show hand
*** SUMMARY ***
Total pot $12 | Rake $0.24
Board [3h Th Ts]
Seat 5: aless284 (big blind) folded on the Flop
Seat 6: kaosgiff37 (button) (small blind) collected ($11.76)


PokerStars Hand #150357214538:  Hold'em Limit ($3/$6 USD) - 2016/03/14 16:42:11 ET
Table 'Sadachbia' 6-max Seat #5 is the button
Seat 1: vestimokrec ($142.56 in chips)
Seat 5: aless284 ($151.25 in chips)
aless284: posts small blind $1
vestimokrec: posts big blind $3
*** HOLE CARDS ***
aless284: raises $3 to $6
vestimokrec: calls $3
*** FLOP *** [Ks 6c 9h]
vestimokrec: checks
aless284: bets $3
vestimokrec: calls $3
*** TURN *** [Ks 6c 9h] [Ad]
vestimokrec: checks
aless284: bets $6
vestimokrec: calls $6
*** RIVER *** [Ks 6c 9h Ad] [4s]
vestimokrec: checks
aless284: bets $6
vestimokrec: calls $6
*** SHOW DOWN ***
aless284: shows [4c 3c] (a pair of Fours)
vestimokrec: shows [2s 6s] (a pair of Sixes)
vestimokrec collected $41.50 from pot
*** SUMMARY ***
Total pot $42 | Rake $0.50
Board [Ks 6c 9h Ad 4s]
Seat 1: vestimokrec (big blind) showed [2s 6s] and won ($41.50) with a pair of Sixes
Seat 5: aless284 (button) (small blind) showed [4c 3c] and lost with a pair of Fours


