PokerStars Hand #167410966812:  Hold'em Limit ($3/$6 USD) - 2017/03/10 20:32:48 ET
Table 'Sadachbia' 6-max Seat #4 is the button
Seat 4: Actionni13 ($216.78 in chips)
Seat 5: Paavo_Nurmi ($120 in chips)
Actionni13: posts small blind $1
Paavo_Nurmi: posts big blind $3
*** HOLE CARDS ***
Actionni13: raises $3 to $6
Paavo_Nurmi: folds
Uncalled bet ($3) returned to Actionni13
Actionni13 collected $6 from pot
Actionni13: doesn't show hand
*** SUMMARY ***
Total pot $6 | Rake $0
Seat 4: Actionni13 (button) (small blind) collected ($6)
Seat 5: Paavo_Nurmi (big blind) folded before Flop


PokerStars Hand #167410962630:  Hold'em Limit ($3/$6 USD) - 2017/03/10 20:32:40 ET
Table 'Sadachbia' 6-max Seat #5 is the button
Seat 4: Actionni13 ($215.78 in chips)
Seat 5: Paavo_Nurmi ($121 in chips)
Paavo_Nurmi: posts small blind $1
Actionni13: posts big blind $3
*** HOLE CARDS ***
Paavo_Nurmi: folds
Uncalled bet ($2) returned to Actionni13
Actionni13 collected $2 from pot
Actionni13: doesn't show hand
*** SUMMARY ***
Total pot $2 | Rake $0
Seat 4: Actionni13 (big blind) collected ($2)
Seat 5: Paavo_Nurmi (button) (small blind) folded before Flop


PokerStars Hand #167410987941:  Hold'em Limit ($3/$6 USD) - 2017/03/10 20:33:30 ET
Table 'Sadachbia' 6-max Seat #5 is the button
Seat 4: Actionni13 ($246.28 in chips)
Seat 5: Paavo_Nurmi ($90 in chips)
Paavo_Nurmi: posts small blind $1
Actionni13: posts big blind $3
*** HOLE CARDS ***
Paavo_Nurmi: raises $3 to $6
Actionni13: raises $3 to $9
Paavo_Nurmi: calls $3
*** FLOP *** [3s Kc 7h]
Actionni13: bets $3
Paavo_Nurmi: calls $3
*** TURN *** [3s Kc 7h] [6c]
Actionni13: checks
Paavo_Nurmi: checks
*** RIVER *** [3s Kc 7h 6c] [4s]
Actionni13: checks
Paavo_Nurmi: bets $6
Actionni13: folds
Uncalled bet ($6) returned to Paavo_Nurmi
Paavo_Nurmi collected $23.52 from pot
Paavo_Nurmi: doesn't show hand
*** SUMMARY ***
Total pot $24 | Rake $0.48
Board [3s Kc 7h 6c 4s]
Seat 4: Actionni13 (big blind) folded on the River
Seat 5: Paavo_Nurmi (button) (small blind) collected ($23.52)


PokerStars Hand #167410973297:  Hold'em Limit ($3/$6 USD) - 2017/03/10 20:33:01 ET
Table 'Sadachbia' 6-max Seat #4 is the button
Seat 4: Actionni13 ($216.78 in chips)
Seat 5: Paavo_Nurmi ($120 in chips)
Actionni13: posts small blind $1
Paavo_Nurmi: posts big blind $3
*** HOLE CARDS ***
Actionni13: raises $3 to $6
Paavo_Nurmi: raises $3 to $9
Actionni13: calls $3
*** FLOP *** [2d 4d Qs]
Paavo_Nurmi: bets $3
Actionni13: calls $3
*** TURN *** [2d 4d Qs] [6c]
Paavo_Nurmi: bets $6
Actionni13: raises $6 to $12
Paavo_Nurmi: calls $6
*** RIVER *** [2d 4d Qs 6c] [3h]
Paavo_Nurmi: checks
Actionni13: bets $6
Paavo_Nurmi: calls $6
*** SHOW DOWN ***
Actionni13: shows [Kc Qh] (a pair of Queens)
Paavo_Nurmi: mucks hand
Actionni13 collected $59.50 from pot
*** SUMMARY ***
Total pot $60 | Rake $0.50
Board [2d 4d Qs 6c 3h]
Seat 4: Actionni13 (button) (small blind) showed [Kc Qh] and won ($59.50) with a pair of Queens
Seat 5: Paavo_Nurmi (big blind) mucked


PokerStars Hand #167410969782:  Hold'em Limit ($3/$6 USD) - 2017/03/10 20:32:54 ET
Table 'Sadachbia' 6-max Seat #5 is the button
Seat 4: Actionni13 ($219.78 in chips)
Seat 5: Paavo_Nurmi ($117 in chips)
Paavo_Nurmi: posts small blind $1
Actionni13: posts big blind $3
*** HOLE CARDS ***
Paavo_Nurmi: raises $3 to $6
Actionni13: folds
Uncalled bet ($3) returned to Paavo_Nurmi
Paavo_Nurmi collected $6 from pot
Paavo_Nurmi: doesn't show hand
*** SUMMARY ***
Total pot $6 | Rake $0
Seat 4: Actionni13 (big blind) folded before Flop
Seat 5: Paavo_Nurmi (button) (small blind) collected ($6)


PokerStars Hand #167411000789:  Hold'em Limit ($3/$6 USD) - 2017/03/10 20:33:55 ET
Table 'Sadachbia' 6-max Seat #4 is the button
Seat 4: Actionni13 ($234.28 in chips)
Seat 5: Paavo_Nurmi ($101.52 in chips)
Actionni13: posts small blind $1
Paavo_Nurmi: posts big blind $3
*** HOLE CARDS ***
Actionni13: folds
Uncalled bet ($2) returned to Paavo_Nurmi
Paavo_Nurmi collected $2 from pot
Paavo_Nurmi: doesn't show hand
*** SUMMARY ***
Total pot $2 | Rake $0
Seat 4: Actionni13 (button) (small blind) folded before Flop
Seat 5: Paavo_Nurmi (big blind) collected ($2)


PokerStars Hand #167411014317:  Hold'em Limit ($3/$6 USD) - 2017/03/10 20:34:21 ET
Table 'Sadachbia' 6-max Seat #4 is the button
Seat 4: Actionni13 ($256.78 in chips)
Seat 5: Paavo_Nurmi ($78.52 in chips)
Actionni13: posts small blind $1
Paavo_Nurmi: posts big blind $3
*** HOLE CARDS ***
Actionni13: folds
Uncalled bet ($2) returned to Paavo_Nurmi
Paavo_Nurmi collected $2 from pot
Paavo_Nurmi: doesn't show hand
*** SUMMARY ***
Total pot $2 | Rake $0
Seat 4: Actionni13 (button) (small blind) folded before Flop
Seat 5: Paavo_Nurmi (big blind) collected ($2)


PokerStars Hand #167411005138:  Hold'em Limit ($3/$6 USD) - 2017/03/10 20:34:03 ET
Table 'Sadachbia' 6-max Seat #5 is the button
Seat 4: Actionni13 ($233.28 in chips)
Seat 5: Paavo_Nurmi ($102.52 in chips)
Paavo_Nurmi: posts small blind $1
Actionni13: posts big blind $3
*** HOLE CARDS ***
Paavo_Nurmi: raises $3 to $6
Actionni13: raises $3 to $9
Paavo_Nurmi: calls $3
*** FLOP *** [5s 2c 5c]
Actionni13: bets $3
Paavo_Nurmi: calls $3
*** TURN *** [5s 2c 5c] [7c]
Actionni13: bets $6
Paavo_Nurmi: calls $6
*** RIVER *** [5s 2c 5c 7c] [4s]
Actionni13: bets $6
Paavo_Nurmi: calls $6
*** SHOW DOWN ***
Actionni13: shows [Jc Jd] (two pair, Jacks and Fives)
Paavo_Nurmi: mucks hand
Actionni13 collected $47.50 from pot
*** SUMMARY ***
Total pot $48 | Rake $0.50
Board [5s 2c 5c 7c 4s]
Seat 4: Actionni13 (big blind) showed [Jc Jd] and won ($47.50) with two pair, Jacks and Fives
Seat 5: Paavo_Nurmi (button) (small blind) mucked


PokerStars Hand #167411045124:  Hold'em Limit ($3/$6 USD) - 2017/03/10 20:35:14 ET
Table 'Sadachbia' 6-max Seat #5 is the button
Seat 4: Actionni13 ($242.78 in chips)
Seat 5: Paavo_Nurmi ($92.04 in chips)
Paavo_Nurmi: posts small blind $1
Actionni13: posts big blind $3
*** HOLE CARDS ***
Paavo_Nurmi: raises $3 to $6
Actionni13: calls $3
*** FLOP *** [Qs 3h Js]
Actionni13: checks
Paavo_Nurmi: bets $3
Actionni13: raises $3 to $6
Paavo_Nurmi: calls $3
*** TURN *** [Qs 3h Js] [As]
Actionni13: bets $6
Paavo_Nurmi: folds
Uncalled bet ($6) returned to Actionni13
Actionni13 collected $23.52 from pot
Actionni13: doesn't show hand
*** SUMMARY ***
Total pot $24 | Rake $0.48
Board [Qs 3h Js As]
Seat 4: Actionni13 (big blind) collected ($23.52)
Seat 5: Paavo_Nurmi (button) (small blind) folded on the Turn


PokerStars Hand #167411017875:  Hold'em Limit ($3/$6 USD) - 2017/03/10 20:34:28 ET
Table 'Sadachbia' 6-max Seat #5 is the button
Seat 4: Actionni13 ($255.78 in chips)
Seat 5: Paavo_Nurmi ($79.52 in chips)
Paavo_Nurmi: posts small blind $1
Actionni13: posts big blind $3
*** HOLE CARDS ***
Paavo_Nurmi: raises $3 to $6
Actionni13: raises $3 to $9
Paavo_Nurmi: calls $3
*** FLOP *** [9h 5c 8h]
Actionni13: bets $3
Paavo_Nurmi: calls $3
*** TURN *** [9h 5c 8h] [7d]
Actionni13: checks
Paavo_Nurmi: checks
*** RIVER *** [9h 5c 8h 7d] [Kh]
Actionni13: checks
Paavo_Nurmi: bets $6
Actionni13: folds
Uncalled bet ($6) returned to Paavo_Nurmi
Paavo_Nurmi collected $23.52 from pot
Paavo_Nurmi: doesn't show hand
*** SUMMARY ***
Total pot $24 | Rake $0.48
Board [9h 5c 8h 7d Kh]
Seat 4: Actionni13 (big blind) folded on the River
Seat 5: Paavo_Nurmi (button) (small blind) collected ($23.52)


PokerStars Hand #167411058048:  Hold'em Limit ($3/$6 USD) - 2017/03/10 20:35:40 ET
Table 'Sadachbia' 6-max Seat #4 is the button
Seat 4: Actionni13 ($254.30 in chips)
Seat 5: Paavo_Nurmi ($80.04 in chips)
Actionni13: posts small blind $1
Paavo_Nurmi: posts big blind $3
*** HOLE CARDS ***
Actionni13: raises $3 to $6
Paavo_Nurmi: folds
Uncalled bet ($3) returned to Actionni13
Actionni13 collected $6 from pot
Actionni13: doesn't show hand
*** SUMMARY ***
Total pot $6 | Rake $0
Seat 4: Actionni13 (button) (small blind) collected ($6)
Seat 5: Paavo_Nurmi (big blind) folded before Flop


PokerStars Hand #167411035891:  Hold'em Limit ($3/$6 USD) - 2017/03/10 20:35:03 ET
Table 'Sadachbia' 6-max Seat #4 is the button
Seat 4: Actionni13 ($243.78 in chips)
Seat 5: Paavo_Nurmi ($91.04 in chips)
Actionni13: posts small blind $1
Paavo_Nurmi: posts big blind $3
*** HOLE CARDS ***
Actionni13: folds
Uncalled bet ($2) returned to Paavo_Nurmi
Paavo_Nurmi collected $2 from pot
Paavo_Nurmi: doesn't show hand
*** SUMMARY ***
Total pot $2 | Rake $0
Seat 4: Actionni13 (button) (small blind) folded before Flop
Seat 5: Paavo_Nurmi (big blind) collected ($2)


PokerStars Hand #167411061120:  Hold'em Limit ($3/$6 USD) - 2017/03/10 20:35:46 ET
Table 'Sadachbia' 6-max Seat #5 is the button
Seat 4: Actionni13 ($257.30 in chips)
Seat 5: Paavo_Nurmi ($77.04 in chips)
Paavo_Nurmi: posts small blind $1
Actionni13: posts big blind $3
*** HOLE CARDS ***
Paavo_Nurmi: raises $3 to $6
Actionni13: raises $3 to $9
Paavo_Nurmi: calls $3
*** FLOP *** [3c Qd 7s]
Actionni13: bets $3
Paavo_Nurmi: calls $3
*** TURN *** [3c Qd 7s] [As]
Actionni13: checks
Paavo_Nurmi: checks
*** RIVER *** [3c Qd 7s As] [Ks]
Actionni13: checks
Paavo_Nurmi: checks
*** SHOW DOWN ***
Actionni13: shows [Th Ts] (a pair of Tens)
Paavo_Nurmi: mucks hand
Actionni13 collected $23.52 from pot
*** SUMMARY ***
Total pot $24 | Rake $0.48
Board [3c Qd 7s As Ks]
Seat 4: Actionni13 (big blind) showed [Th Ts] and won ($23.52) with a pair of Tens
Seat 5: Paavo_Nurmi (button) (small blind) mucked


PokerStars Hand #167411081171:  Hold'em Limit ($3/$6 USD) - 2017/03/10 20:36:25 ET
Table 'Sadachbia' 6-max Seat #4 is the button
Seat 4: Actionni13 ($268.82 in chips)
Seat 5: Paavo_Nurmi ($65.04 in chips)
Actionni13: posts small blind $1
Paavo_Nurmi: posts big blind $3
*** HOLE CARDS ***
Actionni13: raises $3 to $6
Paavo_Nurmi: calls $3
*** FLOP *** [3s 5s 9h]
Paavo_Nurmi: checks
Actionni13: checks
*** TURN *** [3s 5s 9h] [2d]
Paavo_Nurmi: bets $6
Actionni13: calls $6
*** RIVER *** [3s 5s 9h 2d] [8h]
Paavo_Nurmi: bets $6
Actionni13: folds
Uncalled bet ($6) returned to Paavo_Nurmi
Paavo_Nurmi collected $23.52 from pot
Paavo_Nurmi: doesn't show hand
*** SUMMARY ***
Total pot $24 | Rake $0.48
Board [3s 5s 9h 2d 8h]
Seat 4: Actionni13 (button) (small blind) folded on the River
Seat 5: Paavo_Nurmi (big blind) collected ($23.52)


PokerStars Hand #167411096348:  Hold'em Limit ($3/$6 USD) - 2017/03/10 20:36:55 ET
Table 'Sadachbia' 6-max Seat #5 is the button
Seat 4: Actionni13 ($256.82 in chips)
Seat 5: Paavo_Nurmi ($76.56 in chips)
Paavo_Nurmi: posts small blind $1
Actionni13: posts big blind $3
*** HOLE CARDS ***
Paavo_Nurmi: raises $3 to $6
Actionni13: calls $3
*** FLOP *** [8h 2c 5h]
Actionni13: checks
Paavo_Nurmi: bets $3
Actionni13: folds
Uncalled bet ($3) returned to Paavo_Nurmi
Paavo_Nurmi collected $11.76 from pot
Paavo_Nurmi: doesn't show hand
*** SUMMARY ***
Total pot $12 | Rake $0.24
Board [8h 2c 5h]
Seat 4: Actionni13 (big blind) folded on the Flop
Seat 5: Paavo_Nurmi (button) (small blind) collected ($11.76)


PokerStars Hand #167411106974:  Hold'em Limit ($3/$6 USD) - 2017/03/10 20:37:17 ET
Table 'Sadachbia' 6-max Seat #4 is the button
Seat 4: Actionni13 ($250.82 in chips)
Seat 5: Paavo_Nurmi ($82.32 in chips)
Actionni13: posts small blind $1
Paavo_Nurmi: posts big blind $3
*** HOLE CARDS ***
Actionni13: raises $3 to $6
Paavo_Nurmi: calls $3
*** FLOP *** [Jd 8d 8c]
Paavo_Nurmi: checks
Actionni13: bets $3
Paavo_Nurmi: raises $3 to $6
Actionni13: calls $3
*** TURN *** [Jd 8d 8c] [Qd]
sda.80.16 joins the table at seat #6
Paavo_Nurmi: checks
Actionni13: checks
*** RIVER *** [Jd 8d 8c Qd] [9h]
Paavo_Nurmi: checks
Actionni13: checks
*** SHOW DOWN ***
Paavo_Nurmi: shows [2s 2h] (two pair, Eights and Deuces)
Actionni13: mucks hand
Paavo_Nurmi collected $23.52 from pot
*** SUMMARY ***
Total pot $24 | Rake $0.48
Board [Jd 8d 8c Qd 9h]
Seat 4: Actionni13 (button) (small blind) mucked
Seat 5: Paavo_Nurmi (big blind) showed [2s 2h] and won ($23.52) with two pair, Eights and Deuces


PokerStars Hand #167417662129:  Hold'em Limit ($3/$6 USD) - 2017/03/11 1:43:10 ET
Table 'Sadachbia' 6-max Seat #1 is the button
Seat 1: Rus29APX ($167.13 in chips)
Seat 6: swics1202 ($58.61 in chips)
Rus29APX: posts small blind $1
wwwBTHEREcom: is sitting out
swics1202: posts big blind $3
*** HOLE CARDS ***
wwwBTHEREcom leaves the table
Rus29APX: raises $3 to $6
swics1202: raises $3 to $9
Rus29APX: calls $3
*** FLOP *** [9h Kd 8h]
swics1202: bets $3
Rus29APX: folds
Uncalled bet ($3) returned to swics1202
swics1202 collected $17.64 from pot
swics1202: doesn't show hand
*** SUMMARY ***
Total pot $18 | Rake $0.36
Board [9h Kd 8h]
Seat 1: Rus29APX (button) (small blind) folded on the Flop
Seat 6: swics1202 (big blind) collected ($17.64)


PokerStars Hand #167417824876:  Hold'em Limit ($3/$6 USD) - 2017/03/11 1:51:51 ET
Table 'Sadachbia' 6-max Seat #1 is the button
Seat 1: Rus29APX ($152.13 in chips)
Seat 3: Mendeman ($125.76 in chips)
Rus29APX: posts small blind $1
Mendeman: posts big blind $3
*** HOLE CARDS ***
Rus29APX: raises $3 to $6
Mendeman: calls $3
*** FLOP *** [4c 4h 3h]
Mendeman: checks
Rus29APX: bets $3
Mendeman: folds
Uncalled bet ($3) returned to Rus29APX
Rus29APX collected $11.76 from pot
Rus29APX: doesn't show hand
*** SUMMARY ***
Total pot $12 | Rake $0.24
Board [4c 4h 3h]
Seat 1: Rus29APX (button) (small blind) collected ($11.76)
Seat 3: Mendeman (big blind) folded on the Flop


PokerStars Hand #167417812063:  Hold'em Limit ($3/$6 USD) - 2017/03/11 1:51:07 ET
Table 'Sadachbia' 6-max Seat #3 is the button
Seat 1: Rus29APX ($158.13 in chips)
Seat 3: Mendeman ($120 in chips)
Mendeman: posts small blind $1
Rus29APX: posts big blind $3
*** HOLE CARDS ***
Mendeman: raises $3 to $6
Rus29APX: calls $3
*** FLOP *** [Qc Js Jc]
Rus29APX: checks
Mendeman: checks
*** TURN *** [Qc Js Jc] [Tc]
Rus29APX: checks
Mendeman: checks
*** RIVER *** [Qc Js Jc Tc] [Ac]
19woody58 joins the table at seat #4
Rus29APX: checks
Mendeman: bets $6
Rus29APX: folds
Uncalled bet ($6) returned to Mendeman
Mendeman collected $11.76 from pot
Mendeman: doesn't show hand
*** SUMMARY ***
Total pot $12 | Rake $0.24
Board [Qc Js Jc Tc Ac]
Seat 1: Rus29APX (big blind) folded on the River
Seat 3: Mendeman (button) (small blind) collected ($11.76)


PokerStars Hand #167418205229:  Hold'em Limit ($3/$6 USD) - 2017/03/11 2:13:48 ET
Table 'Sadachbia' 6-max Seat #6 is the button
Seat 2: LuckyScal ($79.26 in chips)
Seat 6: swics1202 ($137.83 in chips)
swics1202: posts small blind $1
LuckyScal: posts big blind $3
*** HOLE CARDS ***
swics1202: raises $3 to $6
LuckyScal: calls $3
*** FLOP *** [7h 7d Qh]
LuckyScal: checks
swics1202: bets $3
Agrotait leaves the table
LuckyScal: folds
Uncalled bet ($3) returned to swics1202
swics1202 collected $11.76 from pot
swics1202: doesn't show hand
*** SUMMARY ***
Total pot $12 | Rake $0.24
Board [7h 7d Qh]
Seat 2: LuckyScal (big blind) folded on the Flop
Seat 6: swics1202 (button) (small blind) collected ($11.76)


PokerStars Hand #167418202272:  Hold'em Limit ($3/$6 USD) - 2017/03/11 2:13:38 ET
Table 'Sadachbia' 6-max Seat #2 is the button
Seat 2: LuckyScal ($80.26 in chips)
Seat 6: swics1202 ($136.83 in chips)
LuckyScal: posts small blind $1
MellivoraSto: is sitting out
swics1202: posts big blind $3
*** HOLE CARDS ***
LuckyScal: folds
Uncalled bet ($2) returned to swics1202
swics1202 collected $2 from pot
swics1202: doesn't show hand
*** SUMMARY ***
Total pot $2 | Rake $0
Seat 2: LuckyScal (button) (small blind) folded before Flop
Seat 6: swics1202 (big blind) collected ($2)


