PokerStars Hand #157049911879:  Hold'em Limit ($3/$6 USD) - 2016/08/09 3:40:46 ET
Table 'Sadalsuud' 6-max Seat #2 is the button
Seat 1: dye111 ($123 in chips)
Seat 2: TbIP-TbIP 88 ($72 in chips)
TbIP-TbIP 88: posts small blind $1
dye111: posts big blind $3
*** HOLE CARDS ***
TbIP-TbIP 88: folds
Uncalled bet ($2) returned to dye111
dye111 collected $2 from pot
*** SUMMARY ***
Total pot $2 | Rake $0
Seat 1: dye111 (big blind) collected ($2)
Seat 2: TbIP-TbIP 88 (button) (small blind) folded before Flop


PokerStars Hand #157049905792:  Hold'em Limit ($3/$6 USD) - 2016/08/09 3:40:22 ET
Table 'Sadalsuud' 6-max Seat #1 is the button
Seat 1: dye111 ($120 in chips)
Seat 2: TbIP-TbIP 88 ($72 in chips)
dye111: posts small blind $1
TbIP-TbIP 88: posts big blind $3
*** HOLE CARDS ***
dye111: raises $3 to $6
TbIP-TbIP 88: folds
Uncalled bet ($3) returned to dye111
dye111 collected $6 from pot
*** SUMMARY ***
Total pot $6 | Rake $0
Seat 1: dye111 (button) (small blind) collected ($6)
Seat 2: TbIP-TbIP 88 (big blind) folded before Flop


PokerStars Hand #157049924064:  Hold'em Limit ($3/$6 USD) - 2016/08/09 3:41:31 ET
Table 'Sadalsuud' 6-max Seat #2 is the button
Seat 1: dye111 ($138.50 in chips)
Seat 2: TbIP-TbIP 88 ($72 in chips)
TbIP-TbIP 88: posts small blind $1
dye111: posts big blind $3
*** HOLE CARDS ***
TbIP-TbIP 88: folds
Uncalled bet ($2) returned to dye111
dye111 collected $2 from pot
*** SUMMARY ***
Total pot $2 | Rake $0
Seat 1: dye111 (big blind) collected ($2)
Seat 2: TbIP-TbIP 88 (button) (small blind) folded before Flop


PokerStars Hand #157049914009:  Hold'em Limit ($3/$6 USD) - 2016/08/09 3:40:53 ET
Table 'Sadalsuud' 6-max Seat #1 is the button
Seat 1: dye111 ($124 in chips)
Seat 2: TbIP-TbIP 88 ($72 in chips)
dye111: posts small blind $1
TbIP-TbIP 88: posts big blind $3
*** HOLE CARDS ***
dye111: calls $2
TbIP-TbIP 88: raises $3 to $6
dye111: calls $3
*** FLOP *** [Jh 7d 4h]
TbIP-TbIP 88: bets $3
dye111: calls $3
*** TURN *** [Jh 7d 4h] [2h]
TbIP-TbIP 88: checks
dye111: bets $6
TbIP-TbIP 88: calls $6
*** RIVER *** [Jh 7d 4h 2h] [8s]
TbIP-TbIP 88: checks
dye111: bets $6
TbIP-TbIP 88: folds
Uncalled bet ($6) returned to dye111
dye111 collected $29.50 from pot
*** SUMMARY ***
Total pot $30 | Rake $0.50
Board [Jh 7d 4h 2h 8s]
Seat 1: dye111 (button) (small blind) collected ($29.50)
Seat 2: TbIP-TbIP 88 (big blind) folded on the River


PokerStars Hand #157049927324:  Hold'em Limit ($3/$6 USD) - 2016/08/09 3:41:44 ET
Table 'Sadalsuud' 6-max Seat #1 is the button
Seat 1: dye111 ($139.50 in chips)
Seat 2: TbIP-TbIP 88 ($72 in chips)
dye111: posts small blind $1
TbIP-TbIP 88: posts big blind $3
*** HOLE CARDS ***
dye111: raises $3 to $6
TbIP-TbIP 88: folds
Uncalled bet ($3) returned to dye111
dye111 collected $6 from pot
*** SUMMARY ***
Total pot $6 | Rake $0
Seat 1: dye111 (button) (small blind) collected ($6)
Seat 2: TbIP-TbIP 88 (big blind) folded before Flop


PokerStars Hand #157049929972:  Hold'em Limit ($3/$6 USD) - 2016/08/09 3:41:54 ET
Table 'Sadalsuud' 6-max Seat #2 is the button
Seat 1: dye111 ($142.50 in chips)
Seat 2: TbIP-TbIP 88 ($72 in chips)
TbIP-TbIP 88: posts small blind $1
dye111: posts big blind $3
*** HOLE CARDS ***
TbIP-TbIP 88: raises $3 to $6
dye111: calls $3
*** FLOP *** [Jd Td Kh]
dye111: checks
TbIP-TbIP 88: bets $3
dye111: calls $3
*** TURN *** [Jd Td Kh] [9h]
dye111: checks
TbIP-TbIP 88: checks
*** RIVER *** [Jd Td Kh 9h] [2s]
dye111: bets $6
TbIP-TbIP 88: calls $6
*** SHOW DOWN ***
dye111: shows [3d 2d] (a pair of Deuces)
TbIP-TbIP 88: shows [7s Jc] (a pair of Jacks)
TbIP-TbIP 88 collected $29.50 from pot
*** SUMMARY ***
Total pot $30 | Rake $0.50
Board [Jd Td Kh 9h 2s]
Seat 1: dye111 (big blind) showed [3d 2d] and lost with a pair of Deuces
Seat 2: TbIP-TbIP 88 (button) (small blind) showed [7s Jc] and won ($29.50) with a pair of Jacks


PokerStars Hand #157049941439:  Hold'em Limit ($3/$6 USD) - 2016/08/09 3:42:37 ET
Table 'Sadalsuud' 6-max Seat #2 is the button
Seat 1: dye111 ($142 in chips)
Seat 2: TbIP-TbIP 88 ($72 in chips)
TbIP-TbIP 88: posts small blind $1
dye111: posts big blind $3
*** HOLE CARDS ***
TbIP-TbIP 88: folds
Uncalled bet ($2) returned to dye111
dye111 collected $2 from pot
*** SUMMARY ***
Total pot $2 | Rake $0
Seat 1: dye111 (big blind) collected ($2)
Seat 2: TbIP-TbIP 88 (button) (small blind) folded before Flop


PokerStars Hand #157049934818:  Hold'em Limit ($3/$6 USD) - 2016/08/09 3:42:12 ET
Table 'Sadalsuud' 6-max Seat #1 is the button
Seat 1: dye111 ($127.50 in chips)
Seat 2: TbIP-TbIP 88 ($86.50 in chips)
dye111: posts small blind $1
TbIP-TbIP 88: posts big blind $3
*** HOLE CARDS ***
dye111: calls $2
TbIP-TbIP 88: checks
*** FLOP *** [5h 8c 4s]
TbIP-TbIP 88: checks
dye111: checks
*** TURN *** [5h 8c 4s] [5c]
TbIP-TbIP 88: bets $6
dye111: calls $6
*** RIVER *** [5h 8c 4s 5c] [7c]
TbIP-TbIP 88: checks
dye111: bets $6
TbIP-TbIP 88: calls $6
*** SHOW DOWN ***
dye111: shows [Qd 7s] (two pair, Sevens and Fives)
TbIP-TbIP 88: mucks hand
dye111 collected $29.50 from pot
*** SUMMARY ***
Total pot $30 | Rake $0.50
Board [5h 8c 4s 5c 7c]
Seat 1: dye111 (button) (small blind) showed [Qd 7s] and won ($29.50) with two pair, Sevens and Fives
Seat 2: TbIP-TbIP 88 (big blind) mucked


PokerStars Hand #157049948463:  Hold'em Limit ($3/$6 USD) - 2016/08/09 3:43:04 ET
Table 'Sadalsuud' 6-max Seat #1 is the button
Seat 1: dye111 ($147.76 in chips)
Seat 2: TbIP-TbIP 88 ($72 in chips)
dye111: posts small blind $1
TbIP-TbIP 88: posts big blind $3
*** HOLE CARDS ***
dye111: calls $2
TbIP-TbIP 88: checks
*** FLOP *** [Ah 2h As]
TbIP-TbIP 88: checks
dye111: bets $3
TbIP-TbIP 88: folds
Uncalled bet ($3) returned to dye111
dye111 collected $5.88 from pot
*** SUMMARY ***
Total pot $6 | Rake $0.12
Board [Ah 2h As]
Seat 1: dye111 (button) (small blind) collected ($5.88)
Seat 2: TbIP-TbIP 88 (big blind) folded on the Flop


PokerStars Hand #157049945029:  Hold'em Limit ($3/$6 USD) - 2016/08/09 3:42:51 ET
Table 'Sadalsuud' 6-max Seat #2 is the button
Seat 1: dye111 ($142 in chips)
Seat 2: TbIP-TbIP 88 ($73 in chips)
TbIP-TbIP 88: posts small blind $1
dye111: posts big blind $3
*** HOLE CARDS ***
TbIP-TbIP 88: raises $3 to $6
dye111: calls $3
*** FLOP *** [7d 8c 9s]
dye111: bets $3
TbIP-TbIP 88: folds
Uncalled bet ($3) returned to dye111
dye111 collected $11.76 from pot
*** SUMMARY ***
Total pot $12 | Rake $0.24
Board [7d 8c 9s]
Seat 1: dye111 (big blind) collected ($11.76)
Seat 2: TbIP-TbIP 88 (button) (small blind) folded on the Flop


PokerStars Hand #157049942938:  Hold'em Limit ($3/$6 USD) - 2016/08/09 3:42:43 ET
Table 'Sadalsuud' 6-max Seat #1 is the button
Seat 1: dye111 ($143 in chips)
Seat 2: TbIP-TbIP 88 ($72 in chips)
dye111: posts small blind $1
TbIP-TbIP 88: posts big blind $3
*** HOLE CARDS ***
dye111: folds
Uncalled bet ($2) returned to TbIP-TbIP 88
TbIP-TbIP 88 collected $2 from pot
TbIP-TbIP 88: doesn't show hand
*** SUMMARY ***
Total pot $2 | Rake $0
Seat 1: dye111 (button) (small blind) folded before Flop
Seat 2: TbIP-TbIP 88 (big blind) collected ($2)


PokerStars Hand #157049953694:  Hold'em Limit ($3/$6 USD) - 2016/08/09 3:43:23 ET
Table 'Sadalsuud' 6-max Seat #2 is the button
Seat 1: dye111 ($150.64 in chips)
Seat 2: TbIP-TbIP 88 ($72 in chips)
TbIP-TbIP 88: posts small blind $1
dye111: posts big blind $3
*** HOLE CARDS ***
TbIP-TbIP 88: raises $3 to $6
dye111: calls $3
*** FLOP *** [8d 5s 7s]
dye111: checks
TbIP-TbIP 88: bets $3
dye111: calls $3
*** TURN *** [8d 5s 7s] [6c]
dye111: bets $6
TbIP-TbIP 88: raises $6 to $12
dye111: raises $6 to $18
TbIP-TbIP 88: calls $6
*** RIVER *** [8d 5s 7s 6c] [8h]
dye111: bets $6
TbIP-TbIP 88: calls $6
*** SHOW DOWN ***
dye111: shows [9d Tc] (a straight, Six to Ten)
TbIP-TbIP 88: mucks hand
dye111 collected $65.50 from pot
*** SUMMARY ***
Total pot $66 | Rake $0.50
Board [8d 5s 7s 6c 8h]
Seat 1: dye111 (big blind) showed [9d Tc] and won ($65.50) with a straight, Six to Ten
Seat 2: TbIP-TbIP 88 (button) (small blind) mucked


