PokerStars Hand #166731001878:  Hold'em Limit ($3/$6 USD) - 2017/02/24 22:28:41 ET
Table 'Sadatoni' 10-max Seat #2 is the button
Seat 1: LifeisagameX ($98.50 in chips)
Seat 2: Tsiktsak ($105 in chips)
Tsiktsak: posts small blind $1
LifeisagameX: posts big blind $3
*** HOLE CARDS ***
Tsiktsak: folds
Uncalled bet ($2) returned to LifeisagameX
LifeisagameX collected $2 from pot
LifeisagameX: doesn't show hand
*** SUMMARY ***
Total pot $2 | Rake $0
Seat 1: LifeisagameX (big blind) collected ($2)
Seat 2: Tsiktsak (button) (small blind) folded before Flop


PokerStars Hand #166730982542:  Hold'em Limit ($3/$6 USD) - 2017/02/24 22:27:51 ET
Table 'Sadatoni' 10-max Seat #1 is the button
Seat 1: LifeisagameX ($84 in chips)
Seat 2: Tsiktsak ($120 in chips)
LifeisagameX: posts small blind $1
Tsiktsak: posts big blind $3
*** HOLE CARDS ***
LifeisagameX: raises $3 to $6
Tsiktsak: calls $3
*** FLOP *** [6d 5d 2d]
Tsiktsak: checks
LifeisagameX: bets $3
Tsiktsak: calls $3
*** TURN *** [6d 5d 2d] [6s]
Tsiktsak: checks
LifeisagameX: checks
*** RIVER *** [6d 5d 2d 6s] [Tc]
Tsiktsak: checks
LifeisagameX: bets $6
Tsiktsak: calls $6
*** SHOW DOWN ***
LifeisagameX: shows [8d Ac] (a pair of Sixes)
Tsiktsak: mucks hand
LifeisagameX collected $29.50 from pot
*** SUMMARY ***
Total pot $30 | Rake $0.50
Board [6d 5d 2d 6s Tc]
Seat 1: LifeisagameX (button) (small blind) showed [8d Ac] and won ($29.50) with a pair of Sixes
Seat 2: Tsiktsak (big blind) mucked


PokerStars Hand #166731003765:  Hold'em Limit ($3/$6 USD) - 2017/02/24 22:28:46 ET
Table 'Sadatoni' 10-max Seat #1 is the button
Seat 1: LifeisagameX ($99.50 in chips)
Seat 2: Tsiktsak ($104 in chips)
LifeisagameX: posts small blind $1
Tsiktsak: posts big blind $3
*** HOLE CARDS ***
LifeisagameX: raises $3 to $6
Tsiktsak: calls $3
*** FLOP *** [8d Jh 6h]
Tsiktsak: checks
LifeisagameX: bets $3
Tsiktsak: raises $3 to $6
LifeisagameX: calls $3
*** TURN *** [8d Jh 6h] [3s]
Tsiktsak: bets $6
LifeisagameX: raises $6 to $12
Tsiktsak: calls $6
*** RIVER *** [8d Jh 6h 3s] [Jd]
Tsiktsak: checks
LifeisagameX: bets $6
Tsiktsak: calls $6
*** SHOW DOWN ***
LifeisagameX: shows [Ah Ac] (two pair, Aces and Jacks)
Tsiktsak: mucks hand
LifeisagameX collected $59.50 from pot
*** SUMMARY ***
Total pot $60 | Rake $0.50
Board [8d Jh 6h 3s Jd]
Seat 1: LifeisagameX (button) (small blind) showed [Ah Ac] and won ($59.50) with two pair, Aces and Jacks
Seat 2: Tsiktsak (big blind) mucked


PokerStars Hand #166731035150:  Hold'em Limit ($3/$6 USD) - 2017/02/24 22:30:07 ET
Table 'Sadatoni' 10-max Seat #1 is the button
Seat 1: LifeisagameX ($130 in chips)
Seat 2: Tsiktsak ($133 in chips)
LifeisagameX: posts small blind $1
Tsiktsak: posts big blind $3
*** HOLE CARDS ***
LifeisagameX: raises $3 to $6
Tsiktsak: calls $3
*** FLOP *** [8c 7d Qs]
Tsiktsak: checks
LifeisagameX: checks
*** TURN *** [8c 7d Qs] [6d]
Tsiktsak: checks
LifeisagameX: bets $6
Tsiktsak: folds
Uncalled bet ($6) returned to LifeisagameX
LifeisagameX collected $11.76 from pot
LifeisagameX: doesn't show hand
*** SUMMARY ***
Total pot $12 | Rake $0.24
Board [8c 7d Qs 6d]
Seat 1: LifeisagameX (button) (small blind) collected ($11.76)
Seat 2: Tsiktsak (big blind) folded on the Turn


PokerStars Hand #166731047982:  Hold'em Limit ($3/$6 USD) - 2017/02/24 22:30:40 ET
Table 'Sadatoni' 10-max Seat #2 is the button
Seat 1: LifeisagameX ($135.76 in chips)
Seat 2: Tsiktsak ($127 in chips)
Tsiktsak: posts small blind $1
LifeisagameX: posts big blind $3
*** HOLE CARDS ***
Tsiktsak: raises $3 to $6
LifeisagameX: calls $3
*** FLOP *** [Jd 5h 4h]
LifeisagameX: checks
Tsiktsak: bets $3
Chessnok joins the table at seat #3
LifeisagameX: raises $3 to $6
Tsiktsak: calls $3
*** TURN *** [Jd 5h 4h] [4d]
LifeisagameX: checks
Tsiktsak: bets $6
LifeisagameX: calls $6
*** RIVER *** [Jd 5h 4h 4d] [Qh]
LifeisagameX: checks
Tsiktsak: checks
*** SHOW DOWN ***
LifeisagameX: shows [2c Ah] (a pair of Fours)
Tsiktsak: shows [Js 7c] (two pair, Jacks and Fours)
Tsiktsak collected $35.50 from pot
*** SUMMARY ***
Total pot $36 | Rake $0.50
Board [Jd 5h 4h 4d Qh]
Seat 1: LifeisagameX (big blind) showed [2c Ah] and lost with a pair of Fours
Seat 2: Tsiktsak (button) (small blind) showed [Js 7c] and won ($35.50) with two pair, Jacks and Fours


PokerStars Hand #166731075833:  Hold'em Limit ($3/$6 USD) - 2017/02/24 22:31:52 ET
Table 'Sadatoni' 10-max Seat #1 is the button
Seat 1: LifeisagameX ($117.76 in chips)
Seat 2: Tsiktsak ($144.50 in chips)
LifeisagameX: posts small blind $1
Tsiktsak: posts big blind $3
*** HOLE CARDS ***
LifeisagameX: raises $3 to $6
Tsiktsak: calls $3
*** FLOP *** [Ac Td 7c]
Tsiktsak: checks
LifeisagameX: bets $3
Tsiktsak: folds
Uncalled bet ($3) returned to LifeisagameX
LifeisagameX collected $11.76 from pot
LifeisagameX: doesn't show hand
*** SUMMARY ***
Total pot $12 | Rake $0.24
Board [Ac Td 7c]
Seat 1: LifeisagameX (button) (small blind) collected ($11.76)
Seat 2: Tsiktsak (big blind) folded on the Flop


PokerStars Hand #166731233729:  Hold'em Limit ($3/$6 USD) - 2017/02/24 22:38:51 ET
Table 'Sadatoni' 10-max Seat #3 is the button
Seat 2: Tsiktsak ($176.41 in chips)
Seat 3: Chessnok ($101.66 in chips)
Chessnok: posts small blind $1
Tsiktsak: posts big blind $3
*** HOLE CARDS ***
Chessnok: raises $3 to $6
Tsiktsak: calls $3
*** FLOP *** [Qh 4s 4c]
Tsiktsak: checks
Chessnok: bets $3
Tsiktsak: folds
Uncalled bet ($3) returned to Chessnok
Chessnok collected $11.76 from pot
Chessnok: doesn't show hand
*** SUMMARY ***
Total pot $12 | Rake $0.24
Board [Qh 4s 4c]
Seat 2: Tsiktsak (big blind) folded on the Flop
Seat 3: Chessnok (button) (small blind) collected ($11.76)


PokerStars Hand #166731226012:  Hold'em Limit ($3/$6 USD) - 2017/02/24 22:38:31 ET
Table 'Sadatoni' 10-max Seat #2 is the button
Seat 2: Tsiktsak ($185.41 in chips)
Seat 3: Chessnok ($93.02 in chips)
Tsiktsak: posts small blind $1
Chessnok: posts big blind $3
*** HOLE CARDS ***
Tsiktsak: raises $3 to $6
Chessnok: raises $3 to $9
Tsiktsak: calls $3
*** FLOP *** [4d 5s Th]
Chessnok: bets $3
Tsiktsak: folds
Uncalled bet ($3) returned to Chessnok
Chessnok collected $17.64 from pot
Chessnok: doesn't show hand
*** SUMMARY ***
Total pot $18 | Rake $0.36
Board [4d 5s Th]
Seat 2: Tsiktsak (button) (small blind) folded on the Flop
Seat 3: Chessnok (big blind) collected ($17.64)


PokerStars Hand #166731223909:  Hold'em Limit ($3/$6 USD) - 2017/02/24 22:38:25 ET
Table 'Sadatoni' 10-max Seat #3 is the button
Seat 2: Tsiktsak ($188.41 in chips)
Seat 3: Chessnok ($90.02 in chips)
Chessnok: posts small blind $1
Tsiktsak: posts big blind $3
*** HOLE CARDS ***
Chessnok: raises $3 to $6
Tsiktsak: folds
Uncalled bet ($3) returned to Chessnok
Chessnok collected $6 from pot
Chessnok: doesn't show hand
huracan mdp leaves the table
*** SUMMARY ***
Total pot $6 | Rake $0
Seat 2: Tsiktsak (big blind) folded before Flop
Seat 3: Chessnok (button) (small blind) collected ($6)


PokerStars Hand #166731241908:  Hold'em Limit ($3/$6 USD) - 2017/02/24 22:39:13 ET
Table 'Sadatoni' 10-max Seat #2 is the button
Seat 2: Tsiktsak ($170.41 in chips)
Seat 3: Chessnok ($107.42 in chips)
Tsiktsak: posts small blind $1
Chessnok: posts big blind $3
*** HOLE CARDS ***
Tsiktsak: raises $3 to $6
Chessnok: calls $3
*** FLOP *** [Jd 7c Jh]
Chessnok: checks
Tsiktsak: bets $3
Chessnok: calls $3
*** TURN *** [Jd 7c Jh] [7h]
Chessnok: checks
Tsiktsak: bets $6
Chessnok: raises $6 to $12
Tsiktsak: calls $6
*** RIVER *** [Jd 7c Jh 7h] [Kc]
Chessnok: bets $6
Tsiktsak: raises $6 to $12
Chessnok: calls $6
*** SHOW DOWN ***
Tsiktsak: shows [Td Jc] (a full house, Jacks full of Sevens)
Chessnok: mucks hand
Tsiktsak collected $65.50 from pot
*** SUMMARY ***
Total pot $66 | Rake $0.50
Board [Jd 7c Jh 7h Kc]
Seat 2: Tsiktsak (button) (small blind) showed [Td Jc] and won ($65.50) with a full house, Jacks full of Sevens
Seat 3: Chessnok (big blind) mucked


PokerStars Hand #166731239744:  Hold'em Limit ($3/$6 USD) - 2017/02/24 22:39:07 ET
Table 'Sadatoni' 10-max Seat #3 is the button
Seat 2: Tsiktsak ($169.41 in chips)
Seat 3: Chessnok ($108.42 in chips)
Chessnok: posts small blind $1
Tsiktsak: posts big blind $3
*** HOLE CARDS ***
Chessnok: folds
Uncalled bet ($2) returned to Tsiktsak
Tsiktsak collected $2 from pot
Tsiktsak: doesn't show hand
*** SUMMARY ***
Total pot $2 | Rake $0
Seat 2: Tsiktsak (big blind) collected ($2)
Seat 3: Chessnok (button) (small blind) folded before Flop


PokerStars Hand #166731237614:  Hold'em Limit ($3/$6 USD) - 2017/02/24 22:39:01 ET
Table 'Sadatoni' 10-max Seat #2 is the button
Seat 2: Tsiktsak ($170.41 in chips)
Seat 3: Chessnok ($107.42 in chips)
Tsiktsak: posts small blind $1
Chessnok: posts big blind $3
*** HOLE CARDS ***
Tsiktsak: folds
Uncalled bet ($2) returned to Chessnok
Chessnok collected $2 from pot
Chessnok: doesn't show hand
*** SUMMARY ***
Total pot $2 | Rake $0
Seat 2: Tsiktsak (button) (small blind) folded before Flop
Seat 3: Chessnok (big blind) collected ($2)


