PokerStars Hand #149343369530:  Hold'em Limit ($3/$6 USD) - 2016/02/24 12:02:39 ET
Table 'Sadeya' 6-max Seat #5 is the button
Seat 4: krytalex ($256.33 in chips)
Seat 5: Johnliu ($372.18 in chips)
Johnliu: posts small blind $1
pogi74: is sitting out
krytalex: posts big blind $3
*** HOLE CARDS ***
Johnliu: raises $3 to $6
pogi74 leaves the table
RockKillerTY joins the table at seat #1
krytalex: calls $3
*** FLOP *** [6c Td Jd]
krytalex: checks
RockKillerTY leaves the table
Johnliu: bets $3
Krillekruka joins the table at seat #1
krytalex: calls $3
*** TURN *** [6c Td Jd] [Th]
krytalex: checks
Johnliu: bets $6
krytalex: folds
Uncalled bet ($6) returned to Johnliu
Johnliu collected $17.64 from pot
Johnliu: doesn't show hand
*** SUMMARY ***
Total pot $18 | Rake $0.36
Board [6c Td Jd Th]
Seat 4: krytalex (big blind) folded on the Turn
Seat 5: Johnliu (button) (small blind) collected ($17.64)


PokerStars Hand #149343405590:  Hold'em Limit ($3/$6 USD) - 2016/02/24 12:03:20 ET
Table 'Sadeya' 6-max Seat #4 is the button
Seat 4: krytalex ($247.33 in chips)
Seat 5: Johnliu ($380.82 in chips)
krytalex: posts small blind $1
Johnliu: posts big blind $3
*** HOLE CARDS ***
krytalex: raises $3 to $6
Johnliu: calls $3
*** FLOP *** [Ts 8c 5h]
Johnliu: checks
krytalex: checks
*** TURN *** [Ts 8c 5h] [Qd]
Johnliu: checks
krytalex: checks
*** RIVER *** [Ts 8c 5h Qd] [8d]
Johnliu: checks
krytalex: checks
*** SHOW DOWN ***
Johnliu: shows [4d Jh] (a pair of Eights)
krytalex: shows [2h Kc] (a pair of Eights - King kicker)
krytalex collected $11.76 from pot
*** SUMMARY ***
Total pot $12 | Rake $0.24
Board [Ts 8c 5h Qd 8d]
Seat 4: krytalex (button) (small blind) showed [2h Kc] and won ($11.76) with a pair of Eights
Seat 5: Johnliu (big blind) showed [4d Jh] and lost with a pair of Eights


PokerStars Hand #149345397588:  Hold'em Limit ($3/$6 USD) - 2016/02/24 12:40:37 ET
Table 'Sadeya' 6-max Seat #5 is the button
Seat 4: krytalex ($262.10 in chips)
Seat 5: Johnliu ($262.60 in chips)
Johnliu: posts small blind $1
Zubasa07: is sitting out
krytalex: posts big blind $3
*** HOLE CARDS ***
Johnliu: raises $3 to $6
krytalex: calls $3
*** FLOP *** [6h 4d Kd]
krytalex: checks
Johnliu: bets $3
krytalex: folds
Uncalled bet ($3) returned to Johnliu
Johnliu collected $11.76 from pot
Johnliu: doesn't show hand
*** SUMMARY ***
Total pot $12 | Rake $0.24
Board [6h 4d Kd]
Seat 4: krytalex (big blind) folded on the Flop
Seat 5: Johnliu (button) (small blind) collected ($11.76)


