PokerStars Hand #167184230321:  Hold'em Limit ($3/$6 USD) - 2017/03/06 0:38:13 ET
Table 'Sadeya' 6-max Seat #3 is the button
Seat 3: millon ($113.22 in chips)
Seat 4: Chessnok ($452.62 in chips)
millon: posts small blind $1
Chessnok: posts big blind $3
*** HOLE CARDS ***
millon: raises $3 to $6
Chessnok: raises $3 to $9
millon: calls $3
*** FLOP *** [2s 5c 7d]
Chessnok: bets $3
millon: calls $3
*** TURN *** [2s 5c 7d] [Ac]
Chessnok: bets $6
millon: raises $6 to $12
Chessnok: calls $6
*** RIVER *** [2s 5c 7d Ac] [4h]
Chessnok: checks
millon: bets $6
Chessnok: calls $6
*** SHOW DOWN ***
millon: shows [As 8c] (a pair of Aces)
Chessnok: mucks hand
millon collected $59.50 from pot
*** SUMMARY ***
Total pot $60 | Rake $0.50
Board [2s 5c 7d Ac 4h]
Seat 3: millon (button) (small blind) showed [As 8c] and won ($59.50) with a pair of Aces
Seat 4: Chessnok (big blind) mucked


PokerStars Hand #167184239046:  Hold'em Limit ($3/$6 USD) - 2017/03/06 0:38:49 ET
Table 'Sadeya' 6-max Seat #4 is the button
Seat 3: millon ($160.22 in chips)
Seat 4: Chessnok ($404.62 in chips)
Chessnok: posts small blind $1
outlook zh is disconnected
millon: posts big blind $3
*** HOLE CARDS ***
Chessnok: raises $3 to $6
millon: calls $3
*** FLOP *** [5c 3d Qh]
millon: checks
Chessnok: bets $3
millon: folds
Uncalled bet ($3) returned to Chessnok
Chessnok collected $11.76 from pot
Chessnok: doesn't show hand
*** SUMMARY ***
Total pot $12 | Rake $0.24
Board [5c 3d Qh]
Seat 3: millon (big blind) folded on the Flop
Seat 4: Chessnok (button) (small blind) collected ($11.76)


PokerStars Hand #167184237666:  Hold'em Limit ($3/$6 USD) - 2017/03/06 0:38:44 ET
Table 'Sadeya' 6-max Seat #3 is the button
Seat 3: millon ($157.22 in chips)
Seat 4: Chessnok ($407.62 in chips)
millon: posts small blind $1
Chessnok: posts big blind $3
*** HOLE CARDS ***
millon: raises $3 to $6
Chessnok: folds
Uncalled bet ($3) returned to millon
millon collected $6 from pot
millon: doesn't show hand
*** SUMMARY ***
Total pot $6 | Rake $0
Seat 3: millon (button) (small blind) collected ($6)
Seat 4: Chessnok (big blind) folded before Flop


PokerStars Hand #167184234212:  Hold'em Limit ($3/$6 USD) - 2017/03/06 0:38:29 ET
Table 'Sadeya' 6-max Seat #4 is the button
Seat 3: millon ($142.72 in chips)
Seat 4: Chessnok ($422.62 in chips)
Chessnok: posts small blind $1
millon: posts big blind $3
*** HOLE CARDS ***
Chessnok: raises $3 to $6
millon: calls $3
*** FLOP *** [Kc 4s 2s]
millon: checks
Chessnok: bets $3
millon: calls $3
*** TURN *** [Kc 4s 2s] [4c]
millon: checks
ARARAT ANAPA was removed from the table for failing to post
Chessnok: checks
*** RIVER *** [Kc 4s 2s 4c] [2c]
millon: bets $6
Chessnok: calls $6
*** SHOW DOWN ***
millon: shows [7h Ks] (two pair, Kings and Fours)
Chessnok: mucks hand
millon collected $29.50 from pot
*** SUMMARY ***
Total pot $30 | Rake $0.50
Board [Kc 4s 2s 4c 2c]
Seat 3: millon (big blind) showed [7h Ks] and won ($29.50) with two pair, Kings and Fours
Seat 4: Chessnok (button) (small blind) mucked


PokerStars Hand #167184227718:  Hold'em Limit ($3/$6 USD) - 2017/03/06 0:38:03 ET
Table 'Sadeya' 6-max Seat #4 is the button
Seat 3: millon ($104.58 in chips)
Seat 4: Chessnok ($461.62 in chips)
Chessnok: posts small blind $1
ABATAPP: is sitting out
millon: posts big blind $3
*** HOLE CARDS ***
Chessnok: raises $3 to $6
millon: raises $3 to $9
Chessnok: calls $3
*** FLOP *** [Jc Jd As]
millon: bets $3
Chessnok: folds
Uncalled bet ($3) returned to millon
millon collected $17.64 from pot
millon: doesn't show hand
*** SUMMARY ***
Total pot $18 | Rake $0.36
Board [Jc Jd As]
Seat 3: millon (big blind) collected ($17.64)
Seat 4: Chessnok (button) (small blind) folded on the Flop


PokerStars Hand #167184251306:  Hold'em Limit ($3/$6 USD) - 2017/03/06 0:39:40 ET
Table 'Sadeya' 6-max Seat #3 is the button
Seat 3: millon ($176.72 in chips)
Seat 4: Chessnok ($386.88 in chips)
millon: posts small blind $1
Chessnok: posts big blind $3
*** HOLE CARDS ***
millon: raises $3 to $6
Chessnok: calls $3
*** FLOP *** [Js 9d 6d]
Chessnok: checks
millon: bets $3
Chessnok: calls $3
*** TURN *** [Js 9d 6d] [Kc]
Chessnok: checks
millon: bets $6
Chessnok: raises $6 to $12
millon: calls $6
*** RIVER *** [Js 9d 6d Kc] [3c]
Chessnok: bets $6
millon: calls $6
*** SHOW DOWN ***
Chessnok: shows [Jh Td] (a pair of Jacks)
millon: mucks hand
Chessnok collected $53.50 from pot
*** SUMMARY ***
Total pot $54 | Rake $0.50
Board [Js 9d 6d Kc 3c]
Seat 3: millon (button) (small blind) mucked
Seat 4: Chessnok (big blind) showed [Jh Td] and won ($53.50) with a pair of Jacks


PokerStars Hand #167184250210:  Hold'em Limit ($3/$6 USD) - 2017/03/06 0:39:35 ET
Table 'Sadeya' 6-max Seat #4 is the button
Seat 3: millon ($175.72 in chips)
Seat 4: Chessnok ($387.88 in chips)
Chessnok: posts small blind $1
Fabulous108 was removed from the table for failing to post
millon: posts big blind $3
*** HOLE CARDS ***
Chessnok: folds
Uncalled bet ($2) returned to millon
millon collected $2 from pot
millon: doesn't show hand
*** SUMMARY ***
Total pot $2 | Rake $0
Seat 3: millon (big blind) collected ($2)
Seat 4: Chessnok (button) (small blind) folded before Flop


PokerStars Hand #167184245800:  Hold'em Limit ($3/$6 USD) - 2017/03/06 0:39:17 ET
Table 'Sadeya' 6-max Seat #3 is the button
Seat 3: millon ($137.22 in chips)
Seat 4: Chessnok ($426.88 in chips)
millon: posts small blind $1
Chessnok: posts big blind $3
*** HOLE CARDS ***
millon: raises $3 to $6
Chessnok: calls $3
*** FLOP *** [Ts 5s 8h]
Chessnok: checks
millon: bets $3
Chessnok: raises $3 to $6
millon: raises $3 to $9
Chessnok: calls $3
*** TURN *** [Ts 5s 8h] [Td]
Chessnok: bets $6
millon: raises $6 to $12
Chessnok: raises $6 to $18
millon: calls $6
*** RIVER *** [Ts 5s 8h Td] [3h]
Chessnok: bets $6
millon: calls $6
*** SHOW DOWN ***
Chessnok: shows [8s Kd] (two pair, Tens and Eights)
millon: shows [Ah Ac] (two pair, Aces and Tens)
millon collected $77.50 from pot
*** SUMMARY ***
Total pot $78 | Rake $0.50
Board [Ts 5s 8h Td 3h]
Seat 3: millon (button) (small blind) showed [Ah Ac] and won ($77.50) with two pair, Aces and Tens
Seat 4: Chessnok (big blind) showed [8s Kd] and lost with two pair, Tens and Eights


PokerStars Hand #167184244790:  Hold'em Limit ($3/$6 USD) - 2017/03/06 0:39:13 ET
Table 'Sadeya' 6-max Seat #4 is the button
Seat 3: millon ($136.22 in chips)
Seat 4: Chessnok ($427.88 in chips)
Chessnok: posts small blind $1
millon: posts big blind $3
*** HOLE CARDS ***
Chessnok: folds
Uncalled bet ($2) returned to millon
millon collected $2 from pot
millon: doesn't show hand
*** SUMMARY ***
Total pot $2 | Rake $0
Seat 3: millon (big blind) collected ($2)
Seat 4: Chessnok (button) (small blind) folded before Flop


PokerStars Hand #167184241026:  Hold'em Limit ($3/$6 USD) - 2017/03/06 0:38:57 ET
Table 'Sadeya' 6-max Seat #3 is the button
Seat 3: millon ($154.22 in chips)
Seat 4: Chessnok ($410.38 in chips)
millon: posts small blind $1
Chessnok: posts big blind $3
*** HOLE CARDS ***
millon: raises $3 to $6
Chessnok: calls $3
*** FLOP *** [8s Qs 6h]
Chessnok: checks
millon: bets $3
Chessnok: raises $3 to $6
millon: calls $3
*** TURN *** [8s Qs 6h] [Jh]
Chessnok: bets $6
millon: calls $6
*** RIVER *** [8s Qs 6h Jh] [2c]
Chessnok: bets $6
millon: folds
Uncalled bet ($6) returned to Chessnok
Chessnok collected $35.50 from pot
Chessnok: doesn't show hand
*** SUMMARY ***
Total pot $36 | Rake $0.50
Board [8s Qs 6h Jh 2c]
Seat 3: millon (button) (small blind) folded on the River
Seat 4: Chessnok (big blind) collected ($35.50)


