PokerStars Hand #165709404101:  Hold'em Limit ($3/$6 USD) - 2017/02/05 4:53:36 ET
Table 'Sadira' 6-max Seat #2 is the button
Seat 1: KUZNEC111 ($120 in chips)
Seat 2: kolaz03 ($72 in chips)
kolaz03: posts small blind $1
TbIP-TbIP 88: is sitting out
TbIP-TbIP 88 leaves the table
KUZNEC111: posts big blind $3
*** HOLE CARDS ***
kolaz03: folds
Uncalled bet ($2) returned to KUZNEC111
KUZNEC111 collected $2 from pot
KUZNEC111: doesn't show hand
*** SUMMARY ***
Total pot $2 | Rake $0
Seat 1: KUZNEC111 (big blind) collected ($2)
Seat 2: kolaz03 (button) (small blind) folded before Flop


PokerStars Hand #165709408914:  Hold'em Limit ($3/$6 USD) - 2017/02/05 4:53:46 ET
Table 'Sadira' 6-max Seat #1 is the button
Seat 1: KUZNEC111 ($121 in chips)
Seat 2: kolaz03 ($72 in chips)
KUZNEC111: posts small blind $1
kolaz03: posts big blind $3
*** HOLE CARDS ***
KUZNEC111: calls $2
kolaz03: checks
*** FLOP *** [8d Qs Jh]
kolaz03: bets $3
KUZNEC111: calls $3
*** TURN *** [8d Qs Jh] [2s]
kolaz03: bets $6
KUZNEC111: calls $6
*** RIVER *** [8d Qs Jh 2s] [2h]
kolaz03: bets $6
KUZNEC111: raises $6 to $12
kolaz03: calls $6
*** SHOW DOWN ***
KUZNEC111: shows [2d Ts] (three of a kind, Deuces)
kolaz03: mucks hand
KUZNEC111 collected $47.50 from pot
*** SUMMARY ***
Total pot $48 | Rake $0.50
Board [8d Qs Jh 2s 2h]
Seat 1: KUZNEC111 (button) (small blind) showed [2d Ts] and won ($47.50) with three of a kind, Deuces
Seat 2: kolaz03 (big blind) mucked


PokerStars Hand #165709421609:  Hold'em Limit ($3/$6 USD) - 2017/02/05 4:54:13 ET
Table 'Sadira' 6-max Seat #2 is the button
Seat 1: KUZNEC111 ($144.50 in chips)
Seat 2: kolaz03 ($72 in chips)
kolaz03: posts small blind $1
KUZNEC111: posts big blind $3
*** HOLE CARDS ***
kolaz03: raises $3 to $6
KUZNEC111: calls $3
*** FLOP *** [7c 6s 6d]
KUZNEC111: checks
kolaz03: bets $3
KUZNEC111: folds
Uncalled bet ($3) returned to kolaz03
kolaz03 collected $11.76 from pot
kolaz03: doesn't show hand
*** SUMMARY ***
Total pot $12 | Rake $0.24
Board [7c 6s 6d]
Seat 1: KUZNEC111 (big blind) folded on the Flop
Seat 2: kolaz03 (button) (small blind) collected ($11.76)


PokerStars Hand #165709428640:  Hold'em Limit ($3/$6 USD) - 2017/02/05 4:54:28 ET
Table 'Sadira' 6-max Seat #1 is the button
Seat 1: KUZNEC111 ($138.50 in chips)
Seat 2: kolaz03 ($77.76 in chips)
KUZNEC111: posts small blind $1
kolaz03: posts big blind $3
*** HOLE CARDS ***
KUZNEC111: calls $2
kolaz03: raises $3 to $6
KUZNEC111: calls $3
*** FLOP *** [4s 3d 9c]
kolaz03: bets $3
KUZNEC111: raises $3 to $6
kolaz03: calls $3
*** TURN *** [4s 3d 9c] [Ad]
kolaz03: bets $6
KUZNEC111: calls $6
*** RIVER *** [4s 3d 9c Ad] [4h]
kolaz03: bets $6
KUZNEC111: calls $6
*** SHOW DOWN ***
kolaz03: shows [Ah Ts] (two pair, Aces and Fours)
KUZNEC111: mucks hand
kolaz03 collected $47.50 from pot
*** SUMMARY ***
Total pot $48 | Rake $0.50
Board [4s 3d 9c Ad 4h]
Seat 1: KUZNEC111 (button) (small blind) mucked
Seat 2: kolaz03 (big blind) showed [Ah Ts] and won ($47.50) with two pair, Aces and Fours


PokerStars Hand #165709442832:  Hold'em Limit ($3/$6 USD) - 2017/02/05 4:54:58 ET
Table 'Sadira' 6-max Seat #2 is the button
Seat 1: KUZNEC111 ($114.50 in chips)
Seat 2: kolaz03 ($101.26 in chips)
kolaz03: posts small blind $1
KUZNEC111: posts big blind $3
*** HOLE CARDS ***
kolaz03: raises $3 to $6
KUZNEC111: calls $3
*** FLOP *** [Qh 8s 3h]
KUZNEC111: checks
kolaz03: bets $3
KUZNEC111: calls $3
*** TURN *** [Qh 8s 3h] [6h]
KUZNEC111: checks
kolaz03: bets $6
KUZNEC111: calls $6
*** RIVER *** [Qh 8s 3h 6h] [6d]
KUZNEC111: checks
kolaz03: checks
*** SHOW DOWN ***
KUZNEC111: shows [9s 7s] (a pair of Sixes)
kolaz03: shows [Ks Tc] (a pair of Sixes - King kicker)
kolaz03 collected $29.50 from pot
*** SUMMARY ***
Total pot $30 | Rake $0.50
Board [Qh 8s 3h 6h 6d]
Seat 1: KUZNEC111 (big blind) showed [9s 7s] and lost with a pair of Sixes
Seat 2: kolaz03 (button) (small blind) showed [Ks Tc] and won ($29.50) with a pair of Sixes


PokerStars Hand #165709481690:  Hold'em Limit ($3/$6 USD) - 2017/02/05 4:56:27 ET
Table 'Sadira' 6-max Seat #2 is the button
Seat 1: KUZNEC111 ($121.23 in chips)
Seat 2: kolaz03 ($130.26 in chips)
kolaz03: posts small blind $1
KUZNEC111: posts big blind $3
*** HOLE CARDS ***
kolaz03: raises $3 to $6
KUZNEC111: calls $3
*** FLOP *** [7h Ac Jh]
KUZNEC111: bets $3
kolaz03: calls $3
*** TURN *** [7h Ac Jh] [Qh]
KUZNEC111: bets $6
kolaz03: calls $6
*** RIVER *** [7h Ac Jh Qh] [4c]
KUZNEC111: checks
kolaz03: bets $6
KUZNEC111: folds
Uncalled bet ($6) returned to kolaz03
kolaz03 collected $29.50 from pot
kolaz03: doesn't show hand
*** SUMMARY ***
Total pot $30 | Rake $0.50
Board [7h Ac Jh Qh 4c]
Seat 1: KUZNEC111 (big blind) folded on the River
Seat 2: kolaz03 (button) (small blind) collected ($29.50)


PokerStars Hand #165709492770:  Hold'em Limit ($3/$6 USD) - 2017/02/05 4:56:53 ET
Table 'Sadira' 6-max Seat #1 is the button
Seat 1: KUZNEC111 ($106.23 in chips)
Seat 2: kolaz03 ($144.76 in chips)
KUZNEC111: posts small blind $1
kolaz03: posts big blind $3
*** HOLE CARDS ***
KUZNEC111: raises $3 to $6
kolaz03: folds
Uncalled bet ($3) returned to KUZNEC111
KUZNEC111 collected $6 from pot
KUZNEC111: doesn't show hand
*** SUMMARY ***
Total pot $6 | Rake $0
Seat 1: KUZNEC111 (button) (small blind) collected ($6)
Seat 2: kolaz03 (big blind) folded before Flop


PokerStars Hand #165709495789:  Hold'em Limit ($3/$6 USD) - 2017/02/05 4:57:00 ET
Table 'Sadira' 6-max Seat #2 is the button
Seat 1: KUZNEC111 ($109.23 in chips)
Seat 2: kolaz03 ($141.76 in chips)
kolaz03: posts small blind $1
KUZNEC111: posts big blind $3
*** HOLE CARDS ***
kolaz03: raises $3 to $6
KUZNEC111: folds
Uncalled bet ($3) returned to kolaz03
kolaz03 collected $6 from pot
kolaz03: doesn't show hand
*** SUMMARY ***
Total pot $6 | Rake $0
Seat 1: KUZNEC111 (big blind) folded before Flop
Seat 2: kolaz03 (button) (small blind) collected ($6)


PokerStars Hand #165709463005:  Hold'em Limit ($3/$6 USD) - 2017/02/05 4:55:44 ET
Table 'Sadira' 6-max Seat #1 is the button
Seat 1: KUZNEC111 ($99.50 in chips)
Seat 2: kolaz03 ($115.76 in chips)
KUZNEC111: posts small blind $1
kolaz03: posts big blind $3
*** HOLE CARDS ***
KUZNEC111: calls $2
kolaz03: raises $3 to $6
KUZNEC111: calls $3
*** FLOP *** [6h Td 8d]
kolaz03: bets $3
KUZNEC111: calls $3
*** TURN *** [6h Td 8d] [Jc]
kolaz03: bets $6
KUZNEC111: calls $6
*** RIVER *** [6h Td 8d Jc] [Qd]
kolaz03: checks
KUZNEC111: checks
*** SHOW DOWN ***
kolaz03: shows [Ts Kd] (a pair of Tens)
KUZNEC111: mucks hand
kolaz03 collected $29.50 from pot
*** SUMMARY ***
Total pot $30 | Rake $0.50
Board [6h Td 8d Jc Qd]
Seat 1: KUZNEC111 (button) (small blind) mucked
Seat 2: kolaz03 (big blind) showed [Ts Kd] and won ($29.50) with a pair of Tens


PokerStars Hand #165709498849:  Hold'em Limit ($3/$6 USD) - 2017/02/05 4:57:07 ET
Table 'Sadira' 6-max Seat #1 is the button
Seat 1: KUZNEC111 ($106.23 in chips)
Seat 2: kolaz03 ($144.76 in chips)
KUZNEC111: posts small blind $1
kolaz03: posts big blind $3
*** HOLE CARDS ***
KUZNEC111: calls $2
kolaz03: checks
*** FLOP *** [Jd 3h 6c]
kolaz03: checks
KUZNEC111: checks
*** TURN *** [Jd 3h 6c] [Ks]
kolaz03: checks
KUZNEC111: checks
*** RIVER *** [Jd 3h 6c Ks] [Jc]
kolaz03: bets $6
KUZNEC111: folds
Uncalled bet ($6) returned to kolaz03
kolaz03 collected $5.88 from pot
kolaz03: doesn't show hand
*** SUMMARY ***
Total pot $6 | Rake $0.12
Board [Jd 3h 6c Ks Jc]
Seat 1: KUZNEC111 (button) (small blind) folded on the River
Seat 2: kolaz03 (big blind) collected ($5.88)


PokerStars Hand #165709525644:  Hold'em Limit ($3/$6 USD) - 2017/02/05 4:58:07 ET
Table 'Sadira' 6-max Seat #1 is the button
Seat 1: KUZNEC111 ($90.23 in chips)
Seat 2: kolaz03 ($160.16 in chips)
KUZNEC111: posts small blind $1
kolaz03: posts big blind $3
*** HOLE CARDS ***
KUZNEC111: folds
Uncalled bet ($2) returned to kolaz03
kolaz03 collected $2 from pot
kolaz03: doesn't show hand
*** SUMMARY ***
Total pot $2 | Rake $0
Seat 1: KUZNEC111 (button) (small blind) folded before Flop
Seat 2: kolaz03 (big blind) collected ($2)


PokerStars Hand #165709518759:  Hold'em Limit ($3/$6 USD) - 2017/02/05 4:57:52 ET
Table 'Sadira' 6-max Seat #2 is the button
Seat 1: KUZNEC111 ($96.23 in chips)
Seat 2: kolaz03 ($154.40 in chips)
kolaz03: posts small blind $1
KUZNEC111: posts big blind $3
*** HOLE CARDS ***
kolaz03: raises $3 to $6
KUZNEC111: calls $3
*** FLOP *** [Js 8c Ah]
KUZNEC111: checks
kolaz03: bets $3
KUZNEC111: folds
Uncalled bet ($3) returned to kolaz03
kolaz03 collected $11.76 from pot
kolaz03: doesn't show hand
*** SUMMARY ***
Total pot $12 | Rake $0.24
Board [Js 8c Ah]
Seat 1: KUZNEC111 (big blind) folded on the Flop
Seat 2: kolaz03 (button) (small blind) collected ($11.76)


PokerStars Hand #165709516394:  Hold'em Limit ($3/$6 USD) - 2017/02/05 4:57:47 ET
Table 'Sadira' 6-max Seat #1 is the button
Seat 1: KUZNEC111 ($97.23 in chips)
Seat 2: kolaz03 ($153.40 in chips)
KUZNEC111: posts small blind $1
kolaz03: posts big blind $3
*** HOLE CARDS ***
KUZNEC111: folds
Uncalled bet ($2) returned to kolaz03
kolaz03 collected $2 from pot
kolaz03: doesn't show hand
*** SUMMARY ***
Total pot $2 | Rake $0
Seat 1: KUZNEC111 (button) (small blind) folded before Flop
Seat 2: kolaz03 (big blind) collected ($2)


PokerStars Hand #165709505411:  Hold'em Limit ($3/$6 USD) - 2017/02/05 4:57:22 ET
Table 'Sadira' 6-max Seat #2 is the button
Seat 1: KUZNEC111 ($103.23 in chips)
Seat 2: kolaz03 ($147.64 in chips)
kolaz03: posts small blind $1
KUZNEC111: posts big blind $3
*** HOLE CARDS ***
kolaz03: raises $3 to $6
KUZNEC111: calls $3
*** FLOP *** [5h 5c Ts]
KUZNEC111: checks
kolaz03: bets $3
KUZNEC111: folds
Uncalled bet ($3) returned to kolaz03
kolaz03 collected $11.76 from pot
kolaz03: doesn't show hand
*** SUMMARY ***
Total pot $12 | Rake $0.24
Board [5h 5c Ts]
Seat 1: KUZNEC111 (big blind) folded on the Flop
Seat 2: kolaz03 (button) (small blind) collected ($11.76)


PokerStars Hand #165709537237:  Hold'em Limit ($3/$6 USD) - 2017/02/05 4:58:34 ET
Table 'Sadira' 6-max Seat #1 is the button
Seat 1: KUZNEC111 ($109.73 in chips)
Seat 2: kolaz03 ($140.16 in chips)
KUZNEC111: posts small blind $1
kolaz03: posts big blind $3
*** HOLE CARDS ***
KUZNEC111: raises $3 to $6
kolaz03: calls $3
*** FLOP *** [Td 6h Qs]
kolaz03: checks
KUZNEC111: bets $3
kolaz03: folds
Uncalled bet ($3) returned to KUZNEC111
KUZNEC111 collected $11.76 from pot
KUZNEC111: doesn't show hand
*** SUMMARY ***
Total pot $12 | Rake $0.24
Board [Td 6h Qs]
Seat 1: KUZNEC111 (button) (small blind) collected ($11.76)
Seat 2: kolaz03 (big blind) folded on the Flop


PokerStars Hand #165709527931:  Hold'em Limit ($3/$6 USD) - 2017/02/05 4:58:12 ET
Table 'Sadira' 6-max Seat #2 is the button
Seat 1: KUZNEC111 ($89.23 in chips)
Seat 2: kolaz03 ($161.16 in chips)
kolaz03: posts small blind $1
KUZNEC111: posts big blind $3
*** HOLE CARDS ***
kolaz03: raises $3 to $6
KUZNEC111: calls $3
*** FLOP *** [3h 6s 7s]
KUZNEC111: bets $3
kolaz03: calls $3
*** TURN *** [3h 6s 7s] [7h]
KUZNEC111: bets $6
kolaz03: calls $6
*** RIVER *** [3h 6s 7s 7h] [6h]
KUZNEC111: bets $6
Faqquer joins the table at seat #3
kolaz03: calls $6
*** SHOW DOWN ***
KUZNEC111: shows [Kh 6c] (a full house, Sixes full of Sevens)
kolaz03: mucks hand
KUZNEC111 collected $41.50 from pot
*** SUMMARY ***
Total pot $42 | Rake $0.50
Board [3h 6s 7s 7h 6h]
Seat 1: KUZNEC111 (big blind) showed [Kh 6c] and won ($41.50) with a full house, Sixes full of Sevens
Seat 2: kolaz03 (button) (small blind) mucked


