PokerStars Hand #156464775338:  Hold'em Limit ($3/$6 USD) - 2016/07/26 9:34:41 ET
Table 'Sadr' 6-max Seat #4 is the button
Seat 4: abatic ($80 in chips)
Seat 5: vitamin168 ($134.03 in chips)
abatic: posts small blind $1
vitamin168: posts big blind $3
*** HOLE CARDS ***
abatic: folds
Uncalled bet ($2) returned to vitamin168
vitamin168 collected $2 from pot
vitamin168: doesn't show hand
abatic leaves the table
*** SUMMARY ***
Total pot $2 | Rake $0
Seat 4: abatic (button) (small blind) folded before Flop
Seat 5: vitamin168 (big blind) collected ($2)


PokerStars Hand #156464768779:  Hold'em Limit ($3/$6 USD) - 2016/07/26 9:34:29 ET
Table 'Sadr' 6-max Seat #5 is the button
Seat 4: abatic ($86 in chips)
Seat 5: vitamin168 ($128.27 in chips)
HAOYUN88888 leaves the table
vitamin168: posts small blind $1
kolaz03: is sitting out
Solstikk: is sitting out
abatic: posts big blind $3
*** HOLE CARDS ***
vitamin168: raises $3 to $6
kolaz03 leaves the table
abatic: calls $3
*** FLOP *** [3h 5c Ks]
Solstikk leaves the table
abatic: checks
vitamin168: bets $3
abatic: folds
Uncalled bet ($3) returned to vitamin168
vitamin168 collected $11.76 from pot
vitamin168: doesn't show hand
*** SUMMARY ***
Total pot $12 | Rake $0.24
Board [3h 5c Ks]
Seat 4: abatic (big blind) folded on the Flop
Seat 5: vitamin168 (button) (small blind) collected ($11.76)


