PokerStars Hand #154050812321:  Hold'em Limit ($3/$6 USD) - 2016/05/30 11:44:07 ET
Table 'Sadr II' 6-max Seat #4 is the button
Seat 1: Airbag999 ($111 in chips)
Seat 4: Actionni13 ($158.64 in chips)
Actionni13: posts small blind $1
Airbag999: posts big blind $3
*** HOLE CARDS ***
Actionni13: raises $3 to $6
Airbag999: calls $3
*** FLOP *** [Ad 9h Jc]
Airbag999: checks
Actionni13: bets $3
Airbag999: calls $3
*** TURN *** [Ad 9h Jc] [Jh]
Airbag999: checks
Actionni13: checks
*** RIVER *** [Ad 9h Jc Jh] [8c]
Airbag999: checks
Actionni13: checks
*** SHOW DOWN ***
Airbag999: shows [4h 9d] (two pair, Jacks and Nines)
Actionni13: mucks hand
Airbag999 collected $17.64 from pot
*** SUMMARY ***
Total pot $18 | Rake $0.36
Board [Ad 9h Jc Jh 8c]
Seat 1: Airbag999 (big blind) showed [4h 9d] and won ($17.64) with two pair, Jacks and Nines
Seat 4: Actionni13 (button) (small blind) mucked


PokerStars Hand #154050802731:  Hold'em Limit ($3/$6 USD) - 2016/05/30 11:43:53 ET
Table 'Sadr II' 6-max Seat #1 is the button
Seat 1: Airbag999 ($120 in chips)
Seat 4: Actionni13 ($150 in chips)
Airbag999: posts small blind $1
Actionni13: posts big blind $3
*** HOLE CARDS ***
Airbag999: raises $3 to $6
Actionni13: raises $3 to $9
Airbag999: calls $3
*** FLOP *** [2c Qs 8c]
Actionni13: bets $3
Airbag999: folds
Uncalled bet ($3) returned to Actionni13
Actionni13 collected $17.64 from pot
Actionni13: doesn't show hand
*** SUMMARY ***
Total pot $18 | Rake $0.36
Board [2c Qs 8c]
Seat 1: Airbag999 (button) (small blind) folded on the Flop
Seat 4: Actionni13 (big blind) collected ($17.64)


PokerStars Hand #154050880801:  Hold'em Limit ($3/$6 USD) - 2016/05/30 11:45:47 ET
Table 'Sadr II' 6-max Seat #1 is the button
Seat 1: Airbag999 ($116.40 in chips)
Seat 4: Actionni13 ($152.64 in chips)
Airbag999: posts small blind $1
Actionni13: posts big blind $3
*** HOLE CARDS ***
Airbag999: folds
Uncalled bet ($2) returned to Actionni13
Actionni13 collected $2 from pot
Actionni13: doesn't show hand
*** SUMMARY ***
Total pot $2 | Rake $0
Seat 1: Airbag999 (button) (small blind) folded before Flop
Seat 4: Actionni13 (big blind) collected ($2)


PokerStars Hand #154050855876:  Hold'em Limit ($3/$6 USD) - 2016/05/30 11:45:11 ET
Table 'Sadr II' 6-max Seat #4 is the button
Seat 1: Airbag999 ($110.64 in chips)
Seat 4: Actionni13 ($158.64 in chips)
Actionni13: posts small blind $1
Airbag999: posts big blind $3
*** HOLE CARDS ***
Actionni13: raises $3 to $6
Airbag999: calls $3
*** FLOP *** [6h 7s 9c]
Airbag999: checks
Actionni13: checks
*** TURN *** [6h 7s 9c] [Qd]
Airbag999: bets $6
Actionni13: folds
Uncalled bet ($6) returned to Airbag999
Airbag999 collected $11.76 from pot
Airbag999: doesn't show hand
*** SUMMARY ***
Total pot $12 | Rake $0.24
Board [6h 7s 9c Qd]
Seat 1: Airbag999 (big blind) collected ($11.76)
Seat 4: Actionni13 (button) (small blind) folded on the Turn


PokerStars Hand #154050923383:  Hold'em Limit ($3/$6 USD) - 2016/05/30 11:46:50 ET
Table 'Sadr II' 6-max Seat #4 is the button
Seat 1: Airbag999 ($141.44 in chips)
Seat 4: Actionni13 ($150 in chips)
Actionni13: posts small blind $1
Airbag999: posts big blind $3
*** HOLE CARDS ***
Actionni13: raises $3 to $6
Airbag999: calls $3
*** FLOP *** [Ad 7d Th]
Airbag999: checks
Actionni13: bets $3
Airbag999: folds
Uncalled bet ($3) returned to Actionni13
Actionni13 collected $11.76 from pot
Actionni13: doesn't show hand
*** SUMMARY ***
Total pot $12 | Rake $0.24
Board [Ad 7d Th]
Seat 1: Airbag999 (big blind) folded on the Flop
Seat 4: Actionni13 (button) (small blind) collected ($11.76)


PokerStars Hand #154050915336:  Hold'em Limit ($3/$6 USD) - 2016/05/30 11:46:38 ET
Table 'Sadr II' 6-max Seat #1 is the button
Seat 1: Airbag999 ($135.68 in chips)
Seat 4: Actionni13 ($150 in chips)
Airbag999: posts small blind $1
Actionni13: posts big blind $3
*** HOLE CARDS ***
Airbag999: raises $3 to $6
Actionni13: calls $3
*** FLOP *** [Ks Ts 8d]
Actionni13: checks
Airbag999: bets $3
Actionni13: folds
Uncalled bet ($3) returned to Airbag999
Airbag999 collected $11.76 from pot
Airbag999: doesn't show hand
*** SUMMARY ***
Total pot $12 | Rake $0.24
Board [Ks Ts 8d]
Seat 1: Airbag999 (button) (small blind) collected ($11.76)
Seat 4: Actionni13 (big blind) folded on the Flop


PokerStars Hand #154050899210:  Hold'em Limit ($3/$6 USD) - 2016/05/30 11:46:14 ET
Table 'Sadr II' 6-max Seat #4 is the button
Seat 1: Airbag999 ($127.04 in chips)
Seat 4: Actionni13 ($150 in chips)
Actionni13: posts small blind $1
Airbag999: posts big blind $3
*** HOLE CARDS ***
Actionni13: raises $3 to $6
Airbag999: calls $3
*** FLOP *** [7c Jc 7h]
Airbag999: checks
Actionni13: bets $3
Airbag999: calls $3
*** TURN *** [7c Jc 7h] [Kc]
Airbag999: checks
Actionni13: checks
*** RIVER *** [7c Jc 7h Kc] [Ac]
Airbag999: bets $6
Actionni13: folds
Uncalled bet ($6) returned to Airbag999
Airbag999 collected $17.64 from pot
Airbag999: doesn't show hand
*** SUMMARY ***
Total pot $18 | Rake $0.36
Board [7c Jc 7h Kc Ac]
Seat 1: Airbag999 (big blind) collected ($17.64)
Seat 4: Actionni13 (button) (small blind) folded on the River


PokerStars Hand #154050893662:  Hold'em Limit ($3/$6 USD) - 2016/05/30 11:46:06 ET
Table 'Sadr II' 6-max Seat #1 is the button
Seat 1: Airbag999 ($124.04 in chips)
Seat 4: Actionni13 ($150 in chips)
Airbag999: posts small blind $1
Actionni13: posts big blind $3
*** HOLE CARDS ***
Airbag999: raises $3 to $6
Actionni13: folds
Uncalled bet ($3) returned to Airbag999
Airbag999 collected $6 from pot
Airbag999: doesn't show hand
*** SUMMARY ***
Total pot $6 | Rake $0
Seat 1: Airbag999 (button) (small blind) collected ($6)
Seat 4: Actionni13 (big blind) folded before Flop


PokerStars Hand #154050885098:  Hold'em Limit ($3/$6 USD) - 2016/05/30 11:45:54 ET
Table 'Sadr II' 6-max Seat #4 is the button
Seat 1: Airbag999 ($115.40 in chips)
Seat 4: Actionni13 ($153.64 in chips)
Actionni13: posts small blind $1
Airbag999: posts big blind $3
*** HOLE CARDS ***
Actionni13: raises $3 to $6
Airbag999: raises $3 to $9
Actionni13: calls $3
*** FLOP *** [Td 8c 8s]
Airbag999: bets $3
Actionni13: folds
Uncalled bet ($3) returned to Airbag999
Airbag999 collected $17.64 from pot
Airbag999: doesn't show hand
*** SUMMARY ***
Total pot $18 | Rake $0.36
Board [Td 8c 8s]
Seat 1: Airbag999 (big blind) collected ($17.64)
Seat 4: Actionni13 (button) (small blind) folded on the Flop


PokerStars Hand #154050946163:  Hold'em Limit ($3/$6 USD) - 2016/05/30 11:47:23 ET
Table 'Sadr II' 6-max Seat #4 is the button
Seat 1: Airbag999 ($144.08 in chips)
Seat 4: Actionni13 ($150 in chips)
Actionni13: posts small blind $1
Airbag999: posts big blind $3
*** HOLE CARDS ***
Actionni13: raises $3 to $6
Airbag999: calls $3
*** FLOP *** [5d 5c Qh]
Airbag999: checks
Actionni13: bets $3
Airbag999: calls $3
*** TURN *** [5d 5c Qh] [6d]
Airbag999: checks
Actionni13: checks
*** RIVER *** [5d 5c Qh 6d] [9s]
Airbag999: bets $6
Actionni13: folds
Uncalled bet ($6) returned to Airbag999
Airbag999 collected $17.64 from pot
Airbag999: doesn't show hand
*** SUMMARY ***
Total pot $18 | Rake $0.36
Board [5d 5c Qh 6d 9s]
Seat 1: Airbag999 (big blind) collected ($17.64)
Seat 4: Actionni13 (button) (small blind) folded on the River


PokerStars Hand #154050933601:  Hold'em Limit ($3/$6 USD) - 2016/05/30 11:47:05 ET
Table 'Sadr II' 6-max Seat #1 is the button
Seat 1: Airbag999 ($135.44 in chips)
Seat 4: Actionni13 ($155.76 in chips)
Airbag999: posts small blind $1
Actionni13: posts big blind $3
*** HOLE CARDS ***
Airbag999: raises $3 to $6
Actionni13: calls $3
*** FLOP *** [6s Tc Kc]
Actionni13: checks
Airbag999: bets $3
Actionni13: calls $3
*** TURN *** [6s Tc Kc] [8h]
Actionni13: checks
Airbag999: bets $6
Actionni13: folds
Uncalled bet ($6) returned to Airbag999
Airbag999 collected $17.64 from pot
Airbag999: doesn't show hand
*** SUMMARY ***
Total pot $18 | Rake $0.36
Board [6s Tc Kc 8h]
Seat 1: Airbag999 (button) (small blind) collected ($17.64)
Seat 4: Actionni13 (big blind) folded on the Turn


PokerStars Hand #154051000867:  Hold'em Limit ($3/$6 USD) - 2016/05/30 11:48:43 ET
Table 'Sadr II' 6-max Seat #1 is the button
Seat 1: Airbag999 ($167.12 in chips)
Seat 4: Actionni13 ($150 in chips)
Airbag999: posts small blind $1
Actionni13: posts big blind $3
*** HOLE CARDS ***
Airbag999: raises $3 to $6
Actionni13: folds
Uncalled bet ($3) returned to Airbag999
Airbag999 collected $6 from pot
Airbag999: doesn't show hand
*** SUMMARY ***
Total pot $6 | Rake $0
Seat 1: Airbag999 (button) (small blind) collected ($6)
Seat 4: Actionni13 (big blind) folded before Flop


PokerStars Hand #154050989380:  Hold'em Limit ($3/$6 USD) - 2016/05/30 11:48:26 ET
Table 'Sadr II' 6-max Seat #4 is the button
Seat 1: Airbag999 ($161.36 in chips)
Seat 4: Actionni13 ($150 in chips)
Actionni13: posts small blind $1
Airbag999: posts big blind $3
*** HOLE CARDS ***
Actionni13: raises $3 to $6
Airbag999: calls $3
*** FLOP *** [8s 4c Qc]
Airbag999: checks
Actionni13: checks
*** TURN *** [8s 4c Qc] [7s]
Airbag999: bets $6
Actionni13: folds
Uncalled bet ($6) returned to Airbag999
Airbag999 collected $11.76 from pot
Airbag999: doesn't show hand
*** SUMMARY ***
Total pot $12 | Rake $0.24
Board [8s 4c Qc 7s]
Seat 1: Airbag999 (big blind) collected ($11.76)
Seat 4: Actionni13 (button) (small blind) folded on the Turn


PokerStars Hand #154050966284:  Hold'em Limit ($3/$6 USD) - 2016/05/30 11:47:53 ET
Table 'Sadr II' 6-max Seat #1 is the button
Seat 1: Airbag999 ($152.72 in chips)
Seat 4: Actionni13 ($150 in chips)
Airbag999: posts small blind $1
Actionni13: posts big blind $3
*** HOLE CARDS ***
Airbag999: raises $3 to $6
Actionni13: calls $3
*** FLOP *** [9d 4d Ks]
Actionni13: checks
Airbag999: bets $3
Actionni13: calls $3
*** TURN *** [9d 4d Ks] [Td]
Actionni13: checks
Airbag999: bets $6
Actionni13: folds
Uncalled bet ($6) returned to Airbag999
Airbag999 collected $17.64 from pot
Airbag999: doesn't show hand
*** SUMMARY ***
Total pot $18 | Rake $0.36
Board [9d 4d Ks Td]
Seat 1: Airbag999 (button) (small blind) collected ($17.64)
Seat 4: Actionni13 (big blind) folded on the Turn


PokerStars Hand #154051021827:  Hold'em Limit ($3/$6 USD) - 2016/05/30 11:49:14 ET
Table 'Sadr II' 6-max Seat #4 is the button
Seat 1: Airbag999 ($178.88 in chips)
Seat 4: Actionni13 ($150 in chips)
Actionni13: posts small blind $1
Airbag999: posts big blind $3
*** HOLE CARDS ***
Actionni13: raises $3 to $6
Airbag999: calls $3
*** FLOP *** [Kd 6c 5s]
Airbag999: checks
Actionni13: bets $3
Airbag999: raises $3 to $6
Actionni13: calls $3
*** TURN *** [Kd 6c 5s] [Ac]
Airbag999: bets $6
Actionni13: folds
Uncalled bet ($6) returned to Airbag999
Airbag999 collected $23.52 from pot
Airbag999: doesn't show hand
*** SUMMARY ***
Total pot $24 | Rake $0.48
Board [Kd 6c 5s Ac]
Seat 1: Airbag999 (big blind) collected ($23.52)
Seat 4: Actionni13 (button) (small blind) folded on the Turn


PokerStars Hand #154051017109:  Hold'em Limit ($3/$6 USD) - 2016/05/30 11:49:07 ET
Table 'Sadr II' 6-max Seat #1 is the button
Seat 1: Airbag999 ($175.88 in chips)
Seat 4: Actionni13 ($150 in chips)
Airbag999: posts small blind $1
Actionni13: posts big blind $3
*** HOLE CARDS ***
Airbag999: raises $3 to $6
Actionni13: folds
Uncalled bet ($3) returned to Airbag999
Airbag999 collected $6 from pot
Airbag999: doesn't show hand
*** SUMMARY ***
Total pot $6 | Rake $0
Seat 1: Airbag999 (button) (small blind) collected ($6)
Seat 4: Actionni13 (big blind) folded before Flop


PokerStars Hand #154051005236:  Hold'em Limit ($3/$6 USD) - 2016/05/30 11:48:50 ET
Table 'Sadr II' 6-max Seat #4 is the button
Seat 1: Airbag999 ($170.12 in chips)
Seat 4: Actionni13 ($150 in chips)
Actionni13: posts small blind $1
Airbag999: posts big blind $3
*** HOLE CARDS ***
Actionni13: raises $3 to $6
Airbag999: calls $3
*** FLOP *** [Ac 9h 4c]
Airbag999: checks
Actionni13: checks
*** TURN *** [Ac 9h 4c] [Qc]
Airbag999: checks
Actionni13: checks
*** RIVER *** [Ac 9h 4c Qc] [3c]
Airbag999: checks
Actionni13: checks
*** SHOW DOWN ***
Airbag999: shows [8c 9s] (a flush, Ace high)
Actionni13: mucks hand
Airbag999 collected $11.76 from pot
*** SUMMARY ***
Total pot $12 | Rake $0.24
Board [Ac 9h 4c Qc 3c]
Seat 1: Airbag999 (big blind) showed [8c 9s] and won ($11.76) with a flush, Ace high
Seat 4: Actionni13 (button) (small blind) mucked


PokerStars Hand #154051089896:  Hold'em Limit ($3/$6 USD) - 2016/05/30 11:50:53 ET
Table 'Sadr II' 6-max Seat #4 is the button
Seat 1: Airbag999 ($191.92 in chips)
Seat 4: Actionni13 ($151 in chips)
Actionni13: posts small blind $1
Airbag999: posts big blind $3
*** HOLE CARDS ***
Actionni13: folds
Uncalled bet ($2) returned to Airbag999
Airbag999 collected $2 from pot
Airbag999: doesn't show hand
*** SUMMARY ***
Total pot $2 | Rake $0
Seat 1: Airbag999 (big blind) collected ($2)
Seat 4: Actionni13 (button) (small blind) folded before Flop


PokerStars Hand #154051080403:  Hold'em Limit ($3/$6 USD) - 2016/05/30 11:50:40 ET
Table 'Sadr II' 6-max Seat #1 is the button
Seat 1: Airbag999 ($192.92 in chips)
Seat 4: Actionni13 ($150 in chips)
Airbag999: posts small blind $1
Actionni13: posts big blind $3
*** HOLE CARDS ***
Airbag999: folds
Uncalled bet ($2) returned to Actionni13
Actionni13 collected $2 from pot
Actionni13: doesn't show hand
*** SUMMARY ***
Total pot $2 | Rake $0
Seat 1: Airbag999 (button) (small blind) folded before Flop
Seat 4: Actionni13 (big blind) collected ($2)


PokerStars Hand #154051061697:  Hold'em Limit ($3/$6 USD) - 2016/05/30 11:50:12 ET
Table 'Sadr II' 6-max Seat #4 is the button
Seat 1: Airbag999 ($181.40 in chips)
Seat 4: Actionni13 ($158.64 in chips)
Actionni13: posts small blind $1
Airbag999: posts big blind $3
*** HOLE CARDS ***
Actionni13: raises $3 to $6
Airbag999: raises $3 to $9
Actionni13: calls $3
*** FLOP *** [6h 7d 6c]
Airbag999: bets $3
Actionni13: calls $3
*** TURN *** [6h 7d 6c] [2c]
Airbag999: bets $6
Actionni13: folds
Uncalled bet ($6) returned to Airbag999
Airbag999 collected $23.52 from pot
Airbag999: doesn't show hand
*** SUMMARY ***
Total pot $24 | Rake $0.48
Board [6h 7d 6c 2c]
Seat 1: Airbag999 (big blind) collected ($23.52)
Seat 4: Actionni13 (button) (small blind) folded on the Turn


PokerStars Hand #154051038306:  Hold'em Limit ($3/$6 USD) - 2016/05/30 11:49:38 ET
Table 'Sadr II' 6-max Seat #1 is the button
Seat 1: Airbag999 ($190.40 in chips)
Seat 4: Actionni13 ($150 in chips)
Airbag999: posts small blind $1
Actionni13: posts big blind $3
*** HOLE CARDS ***
Airbag999: raises $3 to $6
Actionni13: calls $3
*** FLOP *** [8s 7s 2c]
Actionni13: checks
Airbag999: bets $3
Actionni13: calls $3
*** TURN *** [8s 7s 2c] [3s]
Actionni13: checks
Airbag999: checks
*** RIVER *** [8s 7s 2c 3s] [5c]
Actionni13: checks
Airbag999: checks
*** SHOW DOWN ***
Actionni13: shows [3d As] (a pair of Threes)
Airbag999: mucks hand
Actionni13 collected $17.64 from pot
*** SUMMARY ***
Total pot $18 | Rake $0.36
Board [8s 7s 2c 3s 5c]
Seat 1: Airbag999 (button) (small blind) mucked
Seat 4: Actionni13 (big blind) showed [3d As] and won ($17.64) with a pair of Threes


PokerStars Hand #154051116591:  Hold'em Limit ($3/$6 USD) - 2016/05/30 11:51:33 ET
Table 'Sadr II' 6-max Seat #4 is the button
Seat 1: Airbag999 ($184.92 in chips)
Seat 4: Actionni13 ($157.76 in chips)
Actionni13: posts small blind $1
Airbag999: posts big blind $3
*** HOLE CARDS ***
Actionni13: raises $3 to $6
Airbag999: calls $3
*** FLOP *** [Ts Tc Td]
Airbag999: checks
Actionni13: checks
*** TURN *** [Ts Tc Td] [Kh]
Airbag999: bets $6
Actionni13: folds
Uncalled bet ($6) returned to Airbag999
Airbag999 collected $11.76 from pot
Airbag999: doesn't show hand
*** SUMMARY ***
Total pot $12 | Rake $0.24
Board [Ts Tc Td Kh]
Seat 1: Airbag999 (big blind) collected ($11.76)
Seat 4: Actionni13 (button) (small blind) folded on the Turn


PokerStars Hand #154051112668:  Hold'em Limit ($3/$6 USD) - 2016/05/30 11:51:27 ET
Table 'Sadr II' 6-max Seat #1 is the button
Seat 1: Airbag999 ($185.92 in chips)
Seat 4: Actionni13 ($156.76 in chips)
Airbag999: posts small blind $1
Actionni13: posts big blind $3
*** HOLE CARDS ***
Airbag999: folds
Uncalled bet ($2) returned to Actionni13
Actionni13 collected $2 from pot
Actionni13: doesn't show hand
*** SUMMARY ***
Total pot $2 | Rake $0
Seat 1: Airbag999 (button) (small blind) folded before Flop
Seat 4: Actionni13 (big blind) collected ($2)


PokerStars Hand #154051098192:  Hold'em Limit ($3/$6 USD) - 2016/05/30 11:51:06 ET
Table 'Sadr II' 6-max Seat #4 is the button
Seat 1: Airbag999 ($191.92 in chips)
Seat 4: Actionni13 ($151 in chips)
Actionni13: posts small blind $1
Airbag999: posts big blind $3
*** HOLE CARDS ***
Actionni13: raises $3 to $6
Airbag999: calls $3
*** FLOP *** [4d 4s Qs]
Airbag999: checks
Actionni13: bets $3
Airbag999: folds
Uncalled bet ($3) returned to Actionni13
Actionni13 collected $11.76 from pot
Actionni13: doesn't show hand
*** SUMMARY ***
Total pot $12 | Rake $0.24
Board [4d 4s Qs]
Seat 1: Airbag999 (big blind) folded on the Flop
Seat 4: Actionni13 (button) (small blind) collected ($11.76)


PokerStars Hand #154051094287:  Hold'em Limit ($3/$6 USD) - 2016/05/30 11:51:00 ET
Table 'Sadr II' 6-max Seat #1 is the button
Seat 1: Airbag999 ($192.92 in chips)
Seat 4: Actionni13 ($150 in chips)
Airbag999: posts small blind $1
Actionni13: posts big blind $3
*** HOLE CARDS ***
Airbag999: folds
Uncalled bet ($2) returned to Actionni13
Actionni13 collected $2 from pot
Actionni13: doesn't show hand
*** SUMMARY ***
Total pot $2 | Rake $0
Seat 1: Airbag999 (button) (small blind) folded before Flop
Seat 4: Actionni13 (big blind) collected ($2)


PokerStars Hand #154051134088:  Hold'em Limit ($3/$6 USD) - 2016/05/30 11:51:58 ET
Table 'Sadr II' 6-max Seat #1 is the button
Seat 1: Airbag999 ($190.68 in chips)
Seat 4: Actionni13 ($151.76 in chips)
Airbag999: posts small blind $1
Actionni13: posts big blind $3
*** HOLE CARDS ***
Airbag999: raises $3 to $6
Actionni13: calls $3
*** FLOP *** [8s Tc 9d]
Actionni13: checks
Airbag999: checks
*** TURN *** [8s Tc 9d] [4h]
Actionni13: bets $6
Airbag999: calls $6
*** RIVER *** [8s Tc 9d 4h] [Kc]
Actionni13: bets $6
7superpoker joins the table at seat #6
Airbag999: folds
Uncalled bet ($6) returned to Actionni13
Actionni13 collected $23.52 from pot
Actionni13: doesn't show hand
*** SUMMARY ***
Total pot $24 | Rake $0.48
Board [8s Tc 9d 4h Kc]
Seat 1: Airbag999 (button) (small blind) folded on the River
Seat 4: Actionni13 (big blind) collected ($23.52)


PokerStars Hand #154051199524:  Hold'em Limit ($3/$6 USD) - 2016/05/30 11:53:33 ET
Table 'Sadr II' 6-max Seat #1 is the button
Seat 1: Airbag999 ($160.68 in chips)
Seat 6: 7superpoker ($80.07 in chips)
Airbag999: posts small blind $1
Actionni13: is sitting out
7superpoker: posts big blind $3
*** HOLE CARDS ***
Actionni13 leaves the table
Airbag999: raises $3 to $6
7superpoker: folds
Uncalled bet ($3) returned to Airbag999
Airbag999 collected $6 from pot
Airbag999: doesn't show hand
*** SUMMARY ***
Total pot $6 | Rake $0
Seat 1: Airbag999 (button) (small blind) collected ($6)
Seat 6: 7superpoker (big blind) folded before Flop


PokerStars Hand #154051205693:  Hold'em Limit ($3/$6 USD) - 2016/05/30 11:53:42 ET
Table 'Sadr II' 6-max Seat #6 is the button
Seat 1: Airbag999 ($163.68 in chips)
Seat 6: 7superpoker ($77.07 in chips)
7superpoker: posts small blind $1
Airbag999: posts big blind $3
*** HOLE CARDS ***
7superpoker: raises $3 to $6
Airbag999: calls $3
*** FLOP *** [5c 8h Ah]
Airbag999: checks
7superpoker: bets $3
Airbag999: raises $3 to $6
7superpoker: calls $3
*** TURN *** [5c 8h Ah] [3s]
Airbag999: bets $6
7superpoker: raises $6 to $12
Airbag999: calls $6
*** RIVER *** [5c 8h Ah 3s] [6s]
Airbag999: checks
7superpoker: bets $6
Airbag999: calls $6
*** SHOW DOWN ***
7superpoker: shows [Ac 9s] (a pair of Aces)
Airbag999: mucks hand
7superpoker collected $59.50 from pot
*** SUMMARY ***
Total pot $60 | Rake $0.50
Board [5c 8h Ah 3s 6s]
Seat 1: Airbag999 (big blind) mucked
Seat 6: 7superpoker (button) (small blind) showed [Ac 9s] and won ($59.50) with a pair of Aces


