PokerStars Hand #149182034285:  Hold'em Limit ($3/$6 USD) - 2016/02/21 11:33:23 ET
Table 'Sadr' 6-max Seat #3 is the button
Seat 2: Snuffymo ($23.12 in chips)
Seat 3: kolaz03 ($89.25 in chips)
kolaz03: posts small blind $1
SmellyToes4u: is sitting out
Snuffymo: posts big blind $3
*** HOLE CARDS ***
kolaz03: raises $3 to $6
Snuffymo: raises $3 to $9
kolaz03: calls $3
*** FLOP *** [6s 9s 7c]
Snuffymo: bets $3
kolaz03: calls $3
*** TURN *** [6s 9s 7c] [7d]
Snuffymo: bets $6
kolaz03: calls $6
*** RIVER *** [6s 9s 7c 7d] [Kc]
Snuffymo: bets $5.12 and is all-in
kolaz03: folds
Uncalled bet ($5.12) returned to Snuffymo
Snuffymo collected $35.50 from pot
Snuffymo: doesn't show hand
*** SUMMARY ***
Total pot $36 | Rake $0.50
Board [6s 9s 7c 7d Kc]
Seat 2: Snuffymo (big blind) collected ($35.50)
Seat 3: kolaz03 (button) (small blind) folded on the River


PokerStars Hand #149182075707:  Hold'em Limit ($3/$6 USD) - 2016/02/21 11:34:04 ET
Table 'Sadr' 6-max Seat #2 is the button
Seat 2: Snuffymo ($40.62 in chips)
Seat 3: kolaz03 ($72 in chips)
Snuffymo: posts small blind $1
kolaz03: posts big blind $3
*** HOLE CARDS ***
Snuffymo: folds
Uncalled bet ($2) returned to kolaz03
kolaz03 collected $2 from pot
kolaz03: doesn't show hand
*** SUMMARY ***
Total pot $2 | Rake $0
Seat 2: Snuffymo (button) (small blind) folded before Flop
Seat 3: kolaz03 (big blind) collected ($2)


PokerStars Hand #149182070650:  Hold'em Limit ($3/$6 USD) - 2016/02/21 11:33:59 ET
Table 'Sadr' 6-max Seat #3 is the button
Seat 2: Snuffymo ($39.62 in chips)
Seat 3: kolaz03 ($73 in chips)
kolaz03: posts small blind $1
Snuffymo: posts big blind $3
*** HOLE CARDS ***
kolaz03: folds
Uncalled bet ($2) returned to Snuffymo
Snuffymo collected $2 from pot
Snuffymo: doesn't show hand
*** SUMMARY ***
Total pot $2 | Rake $0
Seat 2: Snuffymo (big blind) collected ($2)
Seat 3: kolaz03 (button) (small blind) folded before Flop


PokerStars Hand #149182063599:  Hold'em Limit ($3/$6 USD) - 2016/02/21 11:33:52 ET
Table 'Sadr' 6-max Seat #2 is the button
Seat 2: Snuffymo ($40.62 in chips)
Seat 3: kolaz03 ($72 in chips)
Snuffymo: posts small blind $1
kolaz03: posts big blind $3
*** HOLE CARDS ***
Snuffymo: folds
Uncalled bet ($2) returned to kolaz03
kolaz03 collected $2 from pot
kolaz03: doesn't show hand
*** SUMMARY ***
Total pot $2 | Rake $0
Seat 2: Snuffymo (button) (small blind) folded before Flop
Seat 3: kolaz03 (big blind) collected ($2)


