PokerStars Hand #167235464856:  Hold'em Limit ($3/$6 USD) - 2017/03/07 4:08:05 ET
Table 'Safara' 6-max Seat #1 is the button
Seat 1: megabaitt ($120 in chips)
Seat 4: MTails ($120 in chips)
megabaitt: posts small blind $1
MTails: posts big blind $3
*** HOLE CARDS ***
megabaitt: folds
Uncalled bet ($2) returned to MTails
MTails collected $2 from pot
*** SUMMARY ***
Total pot $2 | Rake $0
Seat 1: megabaitt (button) (small blind) folded before Flop
Seat 4: MTails (big blind) collected ($2)


PokerStars Hand #167235467393:  Hold'em Limit ($3/$6 USD) - 2017/03/07 4:08:12 ET
Table 'Safara' 6-max Seat #4 is the button
Seat 1: megabaitt ($119 in chips)
Seat 4: MTails ($121 in chips)
MTails: posts small blind $1
megabaitt: posts big blind $3
*** HOLE CARDS ***
MTails: raises $3 to $6
megabaitt: calls $3
*** FLOP *** [As 2d Ks]
megabaitt: checks
MTails: bets $3
megabaitt: folds
Uncalled bet ($3) returned to MTails
MTails collected $11.76 from pot
*** SUMMARY ***
Total pot $12 | Rake $0.24
Board [As 2d Ks]
Seat 1: megabaitt (big blind) folded on the Flop
Seat 4: MTails (button) (small blind) collected ($11.76)


PokerStars Hand #167235474292:  Hold'em Limit ($3/$6 USD) - 2017/03/07 4:08:33 ET
Table 'Safara' 6-max Seat #4 is the button
Seat 1: megabaitt ($112 in chips)
Seat 4: MTails ($127.76 in chips)
MTails: posts small blind $1
megabaitt: posts big blind $3
*** HOLE CARDS ***
MTails: raises $3 to $6
megabaitt: folds
Uncalled bet ($3) returned to MTails
MTails collected $6 from pot
*** SUMMARY ***
Total pot $6 | Rake $0
Seat 1: megabaitt (big blind) folded before Flop
Seat 4: MTails (button) (small blind) collected ($6)


PokerStars Hand #167235472475:  Hold'em Limit ($3/$6 USD) - 2017/03/07 4:08:28 ET
Table 'Safara' 6-max Seat #1 is the button
Seat 1: megabaitt ($113 in chips)
Seat 4: MTails ($126.76 in chips)
megabaitt: posts small blind $1
MTails: posts big blind $3
*** HOLE CARDS ***
megabaitt: folds
Uncalled bet ($2) returned to MTails
MTails collected $2 from pot
*** SUMMARY ***
Total pot $2 | Rake $0
Seat 1: megabaitt (button) (small blind) folded before Flop
Seat 4: MTails (big blind) collected ($2)


PokerStars Hand #167235476985:  Hold'em Limit ($3/$6 USD) - 2017/03/07 4:08:41 ET
Table 'Safara' 6-max Seat #1 is the button
Seat 1: megabaitt ($109 in chips)
Seat 4: MTails ($130.76 in chips)
megabaitt: posts small blind $1
MTails: posts big blind $3
*** HOLE CARDS ***
megabaitt: raises $3 to $6
MTails: calls $3
*** FLOP *** [Tc Ks 7d]
MTails: checks
megabaitt: bets $3
MTails: calls $3
*** TURN *** [Tc Ks 7d] [4c]
MTails: checks
megabaitt: checks
*** RIVER *** [Tc Ks 7d 4c] [8d]
MTails: checks
megabaitt: checks
*** SHOW DOWN ***
MTails: shows [2h Ac] (high card Ace)
megabaitt: shows [3s As] (high card Ace)
MTails collected $8.82 from pot
megabaitt collected $8.82 from pot
*** SUMMARY ***
Total pot $18 | Rake $0.36
Board [Tc Ks 7d 4c 8d]
Seat 1: megabaitt (button) (small blind) showed [3s As] and won ($8.82) with high card Ace
Seat 4: MTails (big blind) showed [2h Ac] and won ($8.82) with high card Ace


