PokerStars Hand #164629623032:  Hold'em Limit ($3/$6 USD) - 2017/01/15 14:27:50 ET
Table 'Safara' 6-max Seat #4 is the button
Seat 3: volkovsky ($153 in chips)
Seat 4: D Negranz ($45 in chips)
D Negranz: posts small blind $1
volkovsky: posts big blind $3
*** HOLE CARDS ***
D Negranz: raises $3 to $6
volkovsky: raises $3 to $9
D Negranz: calls $3
*** FLOP *** [Th 6s Ks]
volkovsky: bets $3
D Negranz: calls $3
*** TURN *** [Th 6s Ks] [Ah]
volkovsky: checks
D Negranz: bets $6
volkovsky: folds
Uncalled bet ($6) returned to D Negranz
D Negranz collected $23.52 from pot
*** SUMMARY ***
Total pot $24 | Rake $0.48
Board [Th 6s Ks Ah]
Seat 3: volkovsky (big blind) folded on the Turn
Seat 4: D Negranz (button) (small blind) collected ($23.52)


PokerStars Hand #164629642448:  Hold'em Limit ($3/$6 USD) - 2017/01/15 14:28:07 ET
Table 'Safara' 6-max Seat #3 is the button
Seat 3: volkovsky ($141 in chips)
Seat 4: D Negranz ($56.52 in chips)
volkovsky: posts small blind $1
D Negranz: posts big blind $3
*** HOLE CARDS ***
volkovsky: raises $3 to $6
D Negranz: folds
Uncalled bet ($3) returned to volkovsky
volkovsky collected $6 from pot
volkovsky: doesn't show hand
*** SUMMARY ***
Total pot $6 | Rake $0
Seat 3: volkovsky (button) (small blind) collected ($6)
Seat 4: D Negranz (big blind) folded before Flop


PokerStars Hand #164629657076:  Hold'em Limit ($3/$6 USD) - 2017/01/15 14:28:20 ET
Table 'Safara' 6-max Seat #3 is the button
Seat 3: volkovsky ($145 in chips)
Seat 4: D Negranz ($52.52 in chips)
volkovsky: posts small blind $1
D Negranz: posts big blind $3
*** HOLE CARDS ***
volkovsky: raises $3 to $6
D Negranz: folds
Uncalled bet ($3) returned to volkovsky
volkovsky collected $6 from pot
volkovsky: doesn't show hand
*** SUMMARY ***
Total pot $6 | Rake $0
Seat 3: volkovsky (button) (small blind) collected ($6)
Seat 4: D Negranz (big blind) folded before Flop


PokerStars Hand #164629650279:  Hold'em Limit ($3/$6 USD) - 2017/01/15 14:28:14 ET
Table 'Safara' 6-max Seat #4 is the button
Seat 3: volkovsky ($144 in chips)
Seat 4: D Negranz ($53.52 in chips)
D Negranz: posts small blind $1
volkovsky: posts big blind $3
*** HOLE CARDS ***
D Negranz: folds
Uncalled bet ($2) returned to volkovsky
volkovsky collected $2 from pot
volkovsky: doesn't show hand
*** SUMMARY ***
Total pot $2 | Rake $0
Seat 3: volkovsky (big blind) collected ($2)
Seat 4: D Negranz (button) (small blind) folded before Flop


PokerStars Hand #164629665021:  Hold'em Limit ($3/$6 USD) - 2017/01/15 14:28:27 ET
Table 'Safara' 6-max Seat #4 is the button
Seat 3: volkovsky ($148 in chips)
Seat 4: D Negranz ($49.52 in chips)
D Negranz: posts small blind $1
volkovsky: posts big blind $3
*** HOLE CARDS ***
D Negranz: raises $3 to $6
volkovsky: calls $3
*** FLOP *** [2h Ts Ks]
volkovsky: checks
D Negranz: bets $3
volkovsky: folds
Uncalled bet ($3) returned to D Negranz
D Negranz collected $11.76 from pot
*** SUMMARY ***
Total pot $12 | Rake $0.24
Board [2h Ts Ks]
Seat 3: volkovsky (big blind) folded on the Flop
Seat 4: D Negranz (button) (small blind) collected ($11.76)


PokerStars Hand #164629678772:  Hold'em Limit ($3/$6 USD) - 2017/01/15 14:28:39 ET
Table 'Safara' 6-max Seat #3 is the button
Seat 3: volkovsky ($142 in chips)
Seat 4: D Negranz ($55.28 in chips)
volkovsky: posts small blind $1
D Negranz: posts big blind $3
*** HOLE CARDS ***
volkovsky: raises $3 to $6
D Negranz: folds
Uncalled bet ($3) returned to volkovsky
volkovsky collected $6 from pot
volkovsky: doesn't show hand
*** SUMMARY ***
Total pot $6 | Rake $0
Seat 3: volkovsky (button) (small blind) collected ($6)
Seat 4: D Negranz (big blind) folded before Flop


PokerStars Hand #164629690149:  Hold'em Limit ($3/$6 USD) - 2017/01/15 14:28:49 ET
Table 'Safara' 6-max Seat #4 is the button
Seat 3: volkovsky ($145 in chips)
Seat 4: D Negranz ($52.28 in chips)
D Negranz: posts small blind $1
volkovsky: posts big blind $3
*** HOLE CARDS ***
D Negranz: folds
Uncalled bet ($2) returned to volkovsky
volkovsky collected $2 from pot
volkovsky: doesn't show hand
*** SUMMARY ***
Total pot $2 | Rake $0
Seat 3: volkovsky (big blind) collected ($2)
Seat 4: D Negranz (button) (small blind) folded before Flop


PokerStars Hand #164629697076:  Hold'em Limit ($3/$6 USD) - 2017/01/15 14:28:55 ET
Table 'Safara' 6-max Seat #3 is the button
Seat 3: volkovsky ($146 in chips)
Seat 4: D Negranz ($51.28 in chips)
volkovsky: posts small blind $1
D Negranz: posts big blind $3
*** HOLE CARDS ***
volkovsky: raises $3 to $6
D Negranz: folds
Uncalled bet ($3) returned to volkovsky
volkovsky collected $6 from pot
volkovsky: doesn't show hand
*** SUMMARY ***
Total pot $6 | Rake $0
Seat 3: volkovsky (button) (small blind) collected ($6)
Seat 4: D Negranz (big blind) folded before Flop


PokerStars Hand #164629705596:  Hold'em Limit ($3/$6 USD) - 2017/01/15 14:29:02 ET
Table 'Safara' 6-max Seat #4 is the button
Seat 3: volkovsky ($149 in chips)
Seat 4: D Negranz ($48.28 in chips)
D Negranz: posts small blind $1
volkovsky: posts big blind $3
*** HOLE CARDS ***
D Negranz: raises $3 to $6
volkovsky: folds
Uncalled bet ($3) returned to D Negranz
D Negranz collected $6 from pot
*** SUMMARY ***
Total pot $6 | Rake $0
Seat 3: volkovsky (big blind) folded before Flop
Seat 4: D Negranz (button) (small blind) collected ($6)


PokerStars Hand #164629726591:  Hold'em Limit ($3/$6 USD) - 2017/01/15 14:29:22 ET
Table 'Safara' 6-max Seat #3 is the button
Seat 3: volkovsky ($146 in chips)
Seat 4: D Negranz ($51.28 in chips)
volkovsky: posts small blind $1
D Negranz: posts big blind $3
*** HOLE CARDS ***
volkovsky: raises $3 to $6
D Negranz: calls $3
*** FLOP *** [6h 6c Tc]
D Negranz: checks
volkovsky: bets $3
D Negranz: raises $3 to $6
volkovsky: calls $3
*** TURN *** [6h 6c Tc] [Jh]
D Negranz: bets $6
volkovsky: calls $6
*** RIVER *** [6h 6c Tc Jh] [5s]
D Negranz: bets $6
volkovsky: calls $6
*** SHOW DOWN ***
D Negranz: shows [Kh Kd] (two pair, Kings and Sixes)
volkovsky: mucks hand
D Negranz collected $47.50 from pot
*** SUMMARY ***
Total pot $48 | Rake $0.50
Board [6h 6c Tc Jh 5s]
Seat 3: volkovsky (button) (small blind) mucked
Seat 4: D Negranz (big blind) showed [Kh Kd] and won ($47.50) with two pair, Kings and Sixes


PokerStars Hand #164629756569:  Hold'em Limit ($3/$6 USD) - 2017/01/15 14:29:48 ET
Table 'Safara' 6-max Seat #4 is the button
Seat 3: volkovsky ($122 in chips)
Seat 4: D Negranz ($74.78 in chips)
D Negranz: posts small blind $1
volkovsky: posts big blind $3
*** HOLE CARDS ***
D Negranz: raises $3 to $6
volkovsky: calls $3
*** FLOP *** [Jh Kh Ac]
volkovsky: checks
D Negranz: bets $3
volkovsky: calls $3
*** TURN *** [Jh Kh Ac] [6d]
volkovsky: checks
D Negranz: checks
*** RIVER *** [Jh Kh Ac 6d] [2c]
volkovsky: bets $6
D Negranz: folds
Uncalled bet ($6) returned to volkovsky
volkovsky collected $17.64 from pot
volkovsky: doesn't show hand
*** SUMMARY ***
Total pot $18 | Rake $0.36
Board [Jh Kh Ac 6d 2c]
Seat 3: volkovsky (big blind) collected ($17.64)
Seat 4: D Negranz (button) (small blind) folded on the River


PokerStars Hand #164629829574:  Hold'em Limit ($3/$6 USD) - 2017/01/15 14:30:52 ET
Table 'Safara' 6-max Seat #4 is the button
Seat 3: volkovsky ($132.40 in chips)
Seat 4: D Negranz ($63.78 in chips)
D Negranz: posts small blind $1
volkovsky: posts big blind $3
*** HOLE CARDS ***
D Negranz: folds
Uncalled bet ($2) returned to volkovsky
volkovsky collected $2 from pot
volkovsky: doesn't show hand
*** SUMMARY ***
Total pot $2 | Rake $0
Seat 3: volkovsky (big blind) collected ($2)
Seat 4: D Negranz (button) (small blind) folded before Flop


PokerStars Hand #164629818680:  Hold'em Limit ($3/$6 USD) - 2017/01/15 14:30:42 ET
Table 'Safara' 6-max Seat #3 is the button
Seat 3: volkovsky ($133.40 in chips)
Seat 4: D Negranz ($62.78 in chips)
volkovsky: posts small blind $1
D Negranz: posts big blind $3
*** HOLE CARDS ***
volkovsky: folds
Uncalled bet ($2) returned to D Negranz
D Negranz collected $2 from pot
*** SUMMARY ***
Total pot $2 | Rake $0
Seat 3: volkovsky (button) (small blind) folded before Flop
Seat 4: D Negranz (big blind) collected ($2)


PokerStars Hand #164629809547:  Hold'em Limit ($3/$6 USD) - 2017/01/15 14:30:35 ET
Table 'Safara' 6-max Seat #4 is the button
Seat 3: volkovsky ($136.40 in chips)
Seat 4: D Negranz ($59.78 in chips)
D Negranz: posts small blind $1
volkovsky: posts big blind $3
*** HOLE CARDS ***
D Negranz: raises $3 to $6
volkovsky: folds
Uncalled bet ($3) returned to D Negranz
D Negranz collected $6 from pot
*** SUMMARY ***
Total pot $6 | Rake $0
Seat 3: volkovsky (big blind) folded before Flop
Seat 4: D Negranz (button) (small blind) collected ($6)


PokerStars Hand #164629788534:  Hold'em Limit ($3/$6 USD) - 2017/01/15 14:30:16 ET
Table 'Safara' 6-max Seat #3 is the button
Seat 3: volkovsky ($130.64 in chips)
Seat 4: D Negranz ($65.78 in chips)
volkovsky: posts small blind $1
D Negranz: posts big blind $3
*** HOLE CARDS ***
volkovsky: raises $3 to $6
D Negranz: calls $3
*** FLOP *** [9s Td 2c]
D Negranz: checks
volkovsky: bets $3
D Negranz: folds
Uncalled bet ($3) returned to volkovsky
volkovsky collected $11.76 from pot
volkovsky: doesn't show hand
*** SUMMARY ***
Total pot $12 | Rake $0.24
Board [9s Td 2c]
Seat 3: volkovsky (button) (small blind) collected ($11.76)
Seat 4: D Negranz (big blind) folded on the Flop


PokerStars Hand #164629882255:  Hold'em Limit ($3/$6 USD) - 2017/01/15 14:31:38 ET
Table 'Safara' 6-max Seat #3 is the button
Seat 3: volkovsky ($159.90 in chips)
Seat 4: D Negranz ($35.78 in chips)
volkovsky: posts small blind $1
D Negranz: posts big blind $3
*** HOLE CARDS ***
volkovsky: raises $3 to $6
D Negranz: calls $3
*** FLOP *** [5c 8c Kd]
D Negranz: checks
volkovsky: bets $3
D Negranz: calls $3
*** TURN *** [5c 8c Kd] [6c]
D Negranz: checks
volkovsky: bets $6
D Negranz: raises $6 to $12
volkovsky: calls $6
*** RIVER *** [5c 8c Kd 6c] [6s]
D Negranz: bets $6
volkovsky: calls $6
*** SHOW DOWN ***
D Negranz: shows [Ks 7h] (two pair, Kings and Sixes)
volkovsky: mucks hand
D Negranz collected $53.50 from pot
*** SUMMARY ***
Total pot $54 | Rake $0.50
Board [5c 8c Kd 6c 6s]
Seat 3: volkovsky (button) (small blind) mucked
Seat 4: D Negranz (big blind) showed [Ks 7h] and won ($53.50) with two pair, Kings and Sixes


PokerStars Hand #164629869116:  Hold'em Limit ($3/$6 USD) - 2017/01/15 14:31:27 ET
Table 'Safara' 6-max Seat #3 is the button
Seat 3: volkovsky ($163.90 in chips)
Seat 4: D Negranz ($31.78 in chips)
volkovsky: posts small blind $1
D Negranz: posts big blind $3
*** HOLE CARDS ***
volkovsky: folds
Uncalled bet ($2) returned to D Negranz
D Negranz collected $2 from pot
*** SUMMARY ***
Total pot $2 | Rake $0
Seat 3: volkovsky (button) (small blind) folded before Flop
Seat 4: D Negranz (big blind) collected ($2)


PokerStars Hand #164629863348:  Hold'em Limit ($3/$6 USD) - 2017/01/15 14:31:22 ET
Table 'Safara' 6-max Seat #4 is the button
Seat 3: volkovsky ($162.90 in chips)
Seat 4: D Negranz ($32.78 in chips)
D Negranz: posts small blind $1
volkovsky: posts big blind $3
*** HOLE CARDS ***
D Negranz: folds
Uncalled bet ($2) returned to volkovsky
volkovsky collected $2 from pot
volkovsky: doesn't show hand
*** SUMMARY ***
Total pot $2 | Rake $0
Seat 3: volkovsky (big blind) collected ($2)
Seat 4: D Negranz (button) (small blind) folded before Flop


PokerStars Hand #164629836167:  Hold'em Limit ($3/$6 USD) - 2017/01/15 14:30:58 ET
Table 'Safara' 6-max Seat #3 is the button
Seat 3: volkovsky ($133.40 in chips)
Seat 4: D Negranz ($62.78 in chips)
volkovsky: posts small blind $1
D Negranz: posts big blind $3
*** HOLE CARDS ***
volkovsky: raises $3 to $6
D Negranz: raises $3 to $9
volkovsky: calls $3
*** FLOP *** [5s 7h Jc]
D Negranz: bets $3
volkovsky: calls $3
*** TURN *** [5s 7h Jc] [5h]
D Negranz: bets $6
volkovsky: raises $6 to $12
D Negranz: calls $6
*** RIVER *** [5s 7h Jc 5h] [Ts]
D Negranz: checks
volkovsky: bets $6
D Negranz: calls $6
*** SHOW DOWN ***
volkovsky: shows [5d 9c] (three of a kind, Fives)
D Negranz: mucks hand
volkovsky collected $59.50 from pot
*** SUMMARY ***
Total pot $60 | Rake $0.50
Board [5s 7h Jc 5h Ts]
Seat 3: volkovsky (button) (small blind) showed [5d 9c] and won ($59.50) with three of a kind, Fives
Seat 4: D Negranz (big blind) mucked


PokerStars Hand #164629937745:  Hold'em Limit ($3/$6 USD) - 2017/01/15 14:32:27 ET
Table 'Safara' 6-max Seat #4 is the button
Seat 3: volkovsky ($161.40 in chips)
Seat 4: D Negranz ($33.28 in chips)
D Negranz: posts small blind $1
volkovsky: posts big blind $3
*** HOLE CARDS ***
D Negranz: raises $3 to $6
volkovsky: raises $3 to $9
D Negranz: calls $3
*** FLOP *** [8d 3c Td]
volkovsky: bets $3
D Negranz: calls $3
*** TURN *** [8d 3c Td] [9c]
volkovsky: checks
D Negranz: bets $6
volkovsky: calls $6
*** RIVER *** [8d 3c Td 9c] [6c]
volkovsky: bets $6
D Negranz: calls $6
*** SHOW DOWN ***
volkovsky: shows [As 7d] (a straight, Six to Ten)
D Negranz: mucks hand
volkovsky collected $47.50 from pot
*** SUMMARY ***
Total pot $48 | Rake $0.50
Board [8d 3c Td 9c 6c]
Seat 3: volkovsky (big blind) showed [As 7d] and won ($47.50) with a straight, Six to Ten
Seat 4: D Negranz (button) (small blind) mucked


PokerStars Hand #164629931473:  Hold'em Limit ($3/$6 USD) - 2017/01/15 14:32:22 ET
Table 'Safara' 6-max Seat #3 is the button
Seat 3: volkovsky ($162.40 in chips)
Seat 4: D Negranz ($32.28 in chips)
volkovsky: posts small blind $1
D Negranz: posts big blind $3
*** HOLE CARDS ***
volkovsky: folds
Uncalled bet ($2) returned to D Negranz
D Negranz collected $2 from pot
*** SUMMARY ***
Total pot $2 | Rake $0
Seat 3: volkovsky (button) (small blind) folded before Flop
Seat 4: D Negranz (big blind) collected ($2)


PokerStars Hand #164629907132:  Hold'em Limit ($3/$6 USD) - 2017/01/15 14:32:00 ET
Table 'Safara' 6-max Seat #4 is the button
Seat 3: volkovsky ($132.90 in chips)
Seat 4: D Negranz ($62.28 in chips)
D Negranz: posts small blind $1
volkovsky: posts big blind $3
*** HOLE CARDS ***
D Negranz: raises $3 to $6
volkovsky: calls $3
*** FLOP *** [4d Kd 7c]
volkovsky: checks
D Negranz: bets $3
volkovsky: raises $3 to $6
D Negranz: calls $3
*** TURN *** [4d Kd 7c] [Tc]
volkovsky: bets $6
D Negranz: calls $6
*** RIVER *** [4d Kd 7c Tc] [Qd]
volkovsky: bets $6
D Negranz: raises $6 to $12
volkovsky: calls $6
*** SHOW DOWN ***
D Negranz: shows [Qs 7s] (two pair, Queens and Sevens)
volkovsky: shows [4h Kh] (two pair, Kings and Fours)
volkovsky collected $59.50 from pot
*** SUMMARY ***
Total pot $60 | Rake $0.50
Board [4d Kd 7c Tc Qd]
Seat 3: volkovsky (big blind) showed [4h Kh] and won ($59.50) with two pair, Kings and Fours
Seat 4: D Negranz (button) (small blind) showed [Qs 7s] and lost with two pair, Queens and Sevens


PokerStars Hand #164629980100:  Hold'em Limit ($3/$6 USD) - 2017/01/15 14:33:04 ET
Table 'Safara' 6-max Seat #4 is the button
Seat 3: volkovsky ($178.90 in chips)
Seat 4: D Negranz ($15.04 in chips)
D Negranz: posts small blind $1
volkovsky: posts big blind $3
*** HOLE CARDS ***
D Negranz: raises $3 to $6
volkovsky: calls $3
*** FLOP *** [9d 4d 9s]
volkovsky: checks
D Negranz: bets $3
volkovsky: calls $3
*** TURN *** [9d 4d 9s] [2h]
volkovsky: checks
D Negranz: bets $6
volkovsky: calls $6
*** RIVER *** [9d 4d 9s 2h] [Td]
volkovsky: checks
D Negranz: bets $0.04 and is all-in
volkovsky: calls $0.04
*** SHOW DOWN ***
D Negranz: shows [6c Jc] (a pair of Nines)
volkovsky: shows [Ks 5h] (a pair of Nines - King kicker)
volkovsky collected $29.58 from pot
*** SUMMARY ***
Total pot $30.08 | Rake $0.50
Board [9d 4d 9s 2h Td]
Seat 3: volkovsky (big blind) showed [Ks 5h] and won ($29.58) with a pair of Nines
Seat 4: D Negranz (button) (small blind) showed [6c Jc] and lost with a pair of Nines


PokerStars Hand #164629964712:  Hold'em Limit ($3/$6 USD) - 2017/01/15 14:32:51 ET
Table 'Safara' 6-max Seat #3 is the button
Seat 3: volkovsky ($184.90 in chips)
Seat 4: D Negranz ($9.28 in chips)
volkovsky: posts small blind $1
D Negranz: posts big blind $3
*** HOLE CARDS ***
volkovsky: raises $3 to $6
D Negranz: calls $3
*** FLOP *** [3c Tc 4c]
D Negranz: bets $3
volkovsky: folds
Uncalled bet ($3) returned to D Negranz
D Negranz collected $11.76 from pot
*** SUMMARY ***
Total pot $12 | Rake $0.24
Board [3c Tc 4c]
Seat 3: volkovsky (button) (small blind) folded on the Flop
Seat 4: D Negranz (big blind) collected ($11.76)


PokerStars Hand #164630096564:  Hold'em Limit ($3/$6 USD) - 2017/01/15 14:34:47 ET
Table 'Safara' 6-max Seat #3 is the button
Seat 3: volkovsky ($155.44 in chips)
Seat 4: D Negranz ($72.64 in chips)
volkovsky: posts small blind $1
D Negranz: posts big blind $3
*** HOLE CARDS ***
volkovsky: raises $3 to $6
D Negranz: folds
Uncalled bet ($3) returned to volkovsky
volkovsky collected $6 from pot
volkovsky: doesn't show hand
*** SUMMARY ***
Total pot $6 | Rake $0
Seat 3: volkovsky (button) (small blind) collected ($6)
Seat 4: D Negranz (big blind) folded before Flop


PokerStars Hand #164630090481:  Hold'em Limit ($3/$6 USD) - 2017/01/15 14:34:42 ET
Table 'Safara' 6-max Seat #4 is the button
Seat 3: volkovsky ($154.44 in chips)
Seat 4: D Negranz ($73.64 in chips)
D Negranz: posts small blind $1
volkovsky: posts big blind $3
*** HOLE CARDS ***
D Negranz: folds
Uncalled bet ($2) returned to volkovsky
volkovsky collected $2 from pot
volkovsky: doesn't show hand
*** SUMMARY ***
Total pot $2 | Rake $0
Seat 3: volkovsky (big blind) collected ($2)
Seat 4: D Negranz (button) (small blind) folded before Flop


PokerStars Hand #164630069328:  Hold'em Limit ($3/$6 USD) - 2017/01/15 14:34:23 ET
Table 'Safara' 6-max Seat #3 is the button
Seat 3: volkovsky ($169.44 in chips)
Seat 4: D Negranz ($59.14 in chips)
volkovsky: posts small blind $1
D Negranz: posts big blind $3
*** HOLE CARDS ***
volkovsky: raises $3 to $6
D Negranz: calls $3
*** FLOP *** [7s 5c 3d]
D Negranz: checks
volkovsky: bets $3
D Negranz: calls $3
*** TURN *** [7s 5c 3d] [Th]
D Negranz: checks
volkovsky: checks
*** RIVER *** [7s 5c 3d Th] [3s]
D Negranz: bets $6
volkovsky: calls $6
*** SHOW DOWN ***
D Negranz: shows [5h 7d] (two pair, Sevens and Fives)
volkovsky: mucks hand
D Negranz collected $29.50 from pot
*** SUMMARY ***
Total pot $30 | Rake $0.50
Board [7s 5c 3d Th 3s]
Seat 3: volkovsky (button) (small blind) mucked
Seat 4: D Negranz (big blind) showed [5h 7d] and won ($29.50) with two pair, Sevens and Fives


PokerStars Hand #164630048532:  Hold'em Limit ($3/$6 USD) - 2017/01/15 14:34:05 ET
Table 'Safara' 6-max Seat #4 is the button
Seat 3: volkovsky ($184.44 in chips)
Seat 4: D Negranz ($44.64 in chips)
D Negranz: posts small blind $1
volkovsky: posts big blind $3
*** HOLE CARDS ***
D Negranz: raises $3 to $6
volkovsky: calls $3
*** FLOP *** [5h 4d Qs]
volkovsky: checks
D Negranz: bets $3
volkovsky: calls $3
*** TURN *** [5h 4d Qs] [2s]
volkovsky: checks
D Negranz: bets $6
volkovsky: calls $6
*** RIVER *** [5h 4d Qs 2s] [7s]
volkovsky: checks
D Negranz: bets $6
volkovsky: folds
Uncalled bet ($6) returned to D Negranz
D Negranz collected $29.50 from pot
*** SUMMARY ***
Total pot $30 | Rake $0.50
Board [5h 4d Qs 2s 7s]
Seat 3: volkovsky (big blind) folded on the River
Seat 4: D Negranz (button) (small blind) collected ($29.50)


PokerStars Hand #164630026398:  Hold'em Limit ($3/$6 USD) - 2017/01/15 14:33:45 ET
Table 'Safara' 6-max Seat #3 is the button
Seat 3: volkovsky ($193.44 in chips)
Seat 4: D Negranz ($36 in chips)
volkovsky: posts small blind $1
D Negranz: posts big blind $3
*** HOLE CARDS ***
volkovsky: raises $3 to $6
D Negranz: raises $3 to $9
volkovsky: calls $3
*** FLOP *** [Ts Qc Qh]
D Negranz: bets $3
volkovsky: folds
Uncalled bet ($3) returned to D Negranz
D Negranz collected $17.64 from pot
*** SUMMARY ***
Total pot $18 | Rake $0.36
Board [Ts Qc Qh]
Seat 3: volkovsky (button) (small blind) folded on the Flop
Seat 4: D Negranz (big blind) collected ($17.64)


PokerStars Hand #164630154174:  Hold'em Limit ($3/$6 USD) - 2017/01/15 14:35:38 ET
Table 'Safara' 6-max Seat #4 is the button
Seat 3: volkovsky ($162.44 in chips)
Seat 4: D Negranz ($65.64 in chips)
D Negranz: posts small blind $1
volkovsky: posts big blind $3
*** HOLE CARDS ***
D Negranz: raises $3 to $6
volkovsky: raises $3 to $9
D Negranz: calls $3
*** FLOP *** [6d Ah 4c]
volkovsky: bets $3
D Negranz: calls $3
*** TURN *** [6d Ah 4c] [4h]
volkovsky: bets $6
D Negranz: raises $6 to $12
volkovsky: calls $6
*** RIVER *** [6d Ah 4c 4h] [Qh]
volkovsky: checks
D Negranz: bets $6
volkovsky: calls $6
*** SHOW DOWN ***
D Negranz: shows [6c Ac] (two pair, Aces and Sixes)
volkovsky: mucks hand
D Negranz collected $59.50 from pot
*** SUMMARY ***
Total pot $60 | Rake $0.50
Board [6d Ah 4c 4h Qh]
Seat 3: volkovsky (big blind) mucked
Seat 4: D Negranz (button) (small blind) showed [6c Ac] and won ($59.50) with two pair, Aces and Sixes


PokerStars Hand #164630145689:  Hold'em Limit ($3/$6 USD) - 2017/01/15 14:35:30 ET
Table 'Safara' 6-max Seat #3 is the button
Seat 3: volkovsky ($159.44 in chips)
Seat 4: D Negranz ($68.64 in chips)
volkovsky: posts small blind $1
D Negranz: posts big blind $3
*** HOLE CARDS ***
volkovsky: raises $3 to $6
D Negranz: folds
Uncalled bet ($3) returned to volkovsky
volkovsky collected $6 from pot
volkovsky: doesn't show hand
*** SUMMARY ***
Total pot $6 | Rake $0
Seat 3: volkovsky (button) (small blind) collected ($6)
Seat 4: D Negranz (big blind) folded before Flop


PokerStars Hand #164630139121:  Hold'em Limit ($3/$6 USD) - 2017/01/15 14:35:25 ET
Table 'Safara' 6-max Seat #4 is the button
Seat 3: volkovsky ($158.44 in chips)
Seat 4: D Negranz ($69.64 in chips)
D Negranz: posts small blind $1
volkovsky: posts big blind $3
*** HOLE CARDS ***
D Negranz: folds
Uncalled bet ($2) returned to volkovsky
volkovsky collected $2 from pot
volkovsky: doesn't show hand
*** SUMMARY ***
Total pot $2 | Rake $0
Seat 3: volkovsky (big blind) collected ($2)
Seat 4: D Negranz (button) (small blind) folded before Flop


PokerStars Hand #164630133611:  Hold'em Limit ($3/$6 USD) - 2017/01/15 14:35:20 ET
Table 'Safara' 6-max Seat #3 is the button
Seat 3: volkovsky ($159.44 in chips)
Seat 4: D Negranz ($68.64 in chips)
volkovsky: posts small blind $1
D Negranz: posts big blind $3
*** HOLE CARDS ***
volkovsky: folds
Uncalled bet ($2) returned to D Negranz
D Negranz collected $2 from pot
*** SUMMARY ***
Total pot $2 | Rake $0
Seat 3: volkovsky (button) (small blind) folded before Flop
Seat 4: D Negranz (big blind) collected ($2)


PokerStars Hand #164630127850:  Hold'em Limit ($3/$6 USD) - 2017/01/15 14:35:15 ET
Table 'Safara' 6-max Seat #4 is the button
Seat 3: volkovsky ($158.44 in chips)
Seat 4: D Negranz ($69.64 in chips)
D Negranz: posts small blind $1
volkovsky: posts big blind $3
*** HOLE CARDS ***
D Negranz: folds
Uncalled bet ($2) returned to volkovsky
volkovsky collected $2 from pot
volkovsky: doesn't show hand
*** SUMMARY ***
Total pot $2 | Rake $0
Seat 3: volkovsky (big blind) collected ($2)
Seat 4: D Negranz (button) (small blind) folded before Flop


PokerStars Hand #164630118755:  Hold'em Limit ($3/$6 USD) - 2017/01/15 14:35:07 ET
Table 'Safara' 6-max Seat #3 is the button
Seat 3: volkovsky ($155.44 in chips)
Seat 4: D Negranz ($72.64 in chips)
volkovsky: posts small blind $1
D Negranz: posts big blind $3
*** HOLE CARDS ***
volkovsky: raises $3 to $6
D Negranz: folds
Uncalled bet ($3) returned to volkovsky
volkovsky collected $6 from pot
volkovsky: doesn't show hand
*** SUMMARY ***
Total pot $6 | Rake $0
Seat 3: volkovsky (button) (small blind) collected ($6)
Seat 4: D Negranz (big blind) folded before Flop


PokerStars Hand #164630110815:  Hold'em Limit ($3/$6 USD) - 2017/01/15 14:35:00 ET
Table 'Safara' 6-max Seat #4 is the button
Seat 3: volkovsky ($158.44 in chips)
Seat 4: D Negranz ($69.64 in chips)
D Negranz: posts small blind $1
volkovsky: posts big blind $3
*** HOLE CARDS ***
D Negranz: raises $3 to $6
volkovsky: folds
Uncalled bet ($3) returned to D Negranz
D Negranz collected $6 from pot
*** SUMMARY ***
Total pot $6 | Rake $0
Seat 3: volkovsky (big blind) folded before Flop
Seat 4: D Negranz (button) (small blind) collected ($6)


PokerStars Hand #164630178509:  Hold'em Limit ($3/$6 USD) - 2017/01/15 14:35:59 ET
Table 'Safara' 6-max Seat #3 is the button
Seat 3: volkovsky ($132.44 in chips)
Seat 4: D Negranz ($95.14 in chips)
volkovsky: posts small blind $1
D Negranz: posts big blind $3
*** HOLE CARDS ***
volkovsky: raises $3 to $6
D Negranz: calls $3
*** FLOP *** [Ks 5d 8c]
D Negranz: checks
volkovsky: bets $3
D Negranz: calls $3
*** TURN *** [Ks 5d 8c] [7h]
D Negranz: checks
volkovsky: checks
*** RIVER *** [Ks 5d 8c 7h] [7c]
luxsheriff joins the table at seat #6
D Negranz: checks
volkovsky: checks
*** SHOW DOWN ***
D Negranz: shows [Ah 3h] (a pair of Sevens)
volkovsky: mucks hand
D Negranz collected $17.64 from pot
*** SUMMARY ***
Total pot $18 | Rake $0.36
Board [Ks 5d 8c 7h 7c]
Seat 3: volkovsky (button) (small blind) mucked
Seat 4: D Negranz (big blind) showed [Ah 3h] and won ($17.64) with a pair of Sevens


PokerStars Hand #164635066700:  Hold'em Limit ($3/$6 USD) - 2017/01/15 15:49:11 ET
Table 'Safara' 6-max Seat #2 is the button
Seat 2: elchanan1234 ($30 in chips)
Seat 3: TinaTurner72 ($120 in chips)
elchanan1234: posts small blind $1
TinaTurner72: posts big blind $3
*** HOLE CARDS ***
elchanan1234: calls $2
TinaTurner72: raises $3 to $6
elchanan1234: calls $3
*** FLOP *** [Kh 5d 8c]
TinaTurner72: bets $3
elchanan1234: calls $3
*** TURN *** [Kh 5d 8c] [5h]
TinaTurner72: bets $6
elchanan1234: raises $6 to $12
TinaTurner72: raises $6 to $18
elchanan1234: calls $6
*** RIVER *** [Kh 5d 8c 5h] [4c]
TinaTurner72: bets $6
elchanan1234: calls $3 and is all-in
Uncalled bet ($3) returned to TinaTurner72
*** SHOW DOWN ***
TinaTurner72: shows [4s 5s] (a full house, Fives full of Fours)
elchanan1234: shows [9d 8h] (two pair, Eights and Fives)
TinaTurner72 collected $59.50 from pot
*** SUMMARY ***
Total pot $60 | Rake $0.50
Board [Kh 5d 8c 5h 4c]
Seat 2: elchanan1234 (button) (small blind) showed [9d 8h] and lost with two pair, Eights and Fives
Seat 3: TinaTurner72 (big blind) showed [4s 5s] and won ($59.50) with a full house, Fives full of Fours


PokerStars Hand #164635162657:  Hold'em Limit ($3/$6 USD) - 2017/01/15 15:50:37 ET
Table 'Safara' 6-max Seat #2 is the button
Seat 2: elchanan1234 ($134.50 in chips)
Seat 3: TinaTurner72 ($134.50 in chips)
elchanan1234: posts small blind $1
TinaTurner72: posts big blind $3
*** HOLE CARDS ***
elchanan1234: raises $3 to $6
TinaTurner72: calls $3
*** FLOP *** [2d 9h 4h]
TinaTurner72: checks
elchanan1234: bets $3
TinaTurner72: calls $3
*** TURN *** [2d 9h 4h] [Ad]
TinaTurner72: checks
elchanan1234: bets $6
TinaTurner72: calls $6
*** RIVER *** [2d 9h 4h Ad] [6s]
TinaTurner72: checks
elchanan1234: checks
*** SHOW DOWN ***
TinaTurner72: shows [Kd 3c] (high card Ace)
elchanan1234: shows [8d 9s] (a pair of Nines)
elchanan1234 collected $29.50 from pot
*** SUMMARY ***
Total pot $30 | Rake $0.50
Board [2d 9h 4h Ad 6s]
Seat 2: elchanan1234 (button) (small blind) showed [8d 9s] and won ($29.50) with a pair of Nines
Seat 3: TinaTurner72 (big blind) showed [Kd 3c] and lost with high card Ace


PokerStars Hand #164635195644:  Hold'em Limit ($3/$6 USD) - 2017/01/15 15:51:06 ET
Table 'Safara' 6-max Seat #3 is the button
Seat 2: elchanan1234 ($149 in chips)
Seat 3: TinaTurner72 ($119.50 in chips)
TinaTurner72: posts small blind $1
elchanan1234: posts big blind $3
*** HOLE CARDS ***
TinaTurner72: raises $3 to $6
elchanan1234: folds
Uncalled bet ($3) returned to TinaTurner72
TinaTurner72 collected $6 from pot
TinaTurner72: doesn't show hand
*** SUMMARY ***
Total pot $6 | Rake $0
Seat 2: elchanan1234 (big blind) folded before Flop
Seat 3: TinaTurner72 (button) (small blind) collected ($6)


PokerStars Hand #164635203410:  Hold'em Limit ($3/$6 USD) - 2017/01/15 15:51:13 ET
Table 'Safara' 6-max Seat #2 is the button
Seat 2: elchanan1234 ($146 in chips)
Seat 3: TinaTurner72 ($122.50 in chips)
elchanan1234: posts small blind $1
TinaTurner72: posts big blind $3
*** HOLE CARDS ***
elchanan1234: raises $3 to $6
TinaTurner72: calls $3
*** FLOP *** [Kh Ah 3s]
TinaTurner72: checks
elchanan1234: bets $3
TinaTurner72: folds
Uncalled bet ($3) returned to elchanan1234
elchanan1234 collected $11.76 from pot
elchanan1234: doesn't show hand
*** SUMMARY ***
Total pot $12 | Rake $0.24
Board [Kh Ah 3s]
Seat 2: elchanan1234 (button) (small blind) collected ($11.76)
Seat 3: TinaTurner72 (big blind) folded on the Flop


PokerStars Hand #164635138540:  Hold'em Limit ($3/$6 USD) - 2017/01/15 15:50:15 ET
Table 'Safara' 6-max Seat #3 is the button
Seat 2: elchanan1234 ($120 in chips)
Seat 3: TinaTurner72 ($149.50 in chips)
TinaTurner72: posts small blind $1
elchanan1234: posts big blind $3
*** HOLE CARDS ***
TinaTurner72: raises $3 to $6
elchanan1234: calls $3
*** FLOP *** [4d 5c Ts]
elchanan1234: checks
TinaTurner72: bets $3
elchanan1234: calls $3
*** TURN *** [4d 5c Ts] [4c]
elchanan1234: checks
TinaTurner72: bets $6
elchanan1234: calls $6
*** RIVER *** [4d 5c Ts 4c] [2s]
elchanan1234: checks
TinaTurner72: checks
*** SHOW DOWN ***
elchanan1234: shows [3c Ad] (a straight, Ace to Five)
TinaTurner72: mucks hand
elchanan1234 collected $29.50 from pot
*** SUMMARY ***
Total pot $30 | Rake $0.50
Board [4d 5c Ts 4c 2s]
Seat 2: elchanan1234 (big blind) showed [3c Ad] and won ($29.50) with a straight, Ace to Five
Seat 3: TinaTurner72 (button) (small blind) mucked


PokerStars Hand #164635236974:  Hold'em Limit ($3/$6 USD) - 2017/01/15 15:51:43 ET
Table 'Safara' 6-max Seat #2 is the button
Seat 2: elchanan1234 ($157.52 in chips)
Seat 3: TinaTurner72 ($110.50 in chips)
elchanan1234: posts small blind $1
TinaTurner72: posts big blind $3
*** HOLE CARDS ***
elchanan1234: folds
Uncalled bet ($2) returned to TinaTurner72
TinaTurner72 collected $2 from pot
TinaTurner72: doesn't show hand
*** SUMMARY ***
Total pot $2 | Rake $0
Seat 2: elchanan1234 (button) (small blind) folded before Flop
Seat 3: TinaTurner72 (big blind) collected ($2)


PokerStars Hand #164635223485:  Hold'em Limit ($3/$6 USD) - 2017/01/15 15:51:31 ET
Table 'Safara' 6-max Seat #3 is the button
Seat 2: elchanan1234 ($151.76 in chips)
Seat 3: TinaTurner72 ($116.50 in chips)
TinaTurner72: posts small blind $1
elchanan1234: posts big blind $3
*** HOLE CARDS ***
TinaTurner72: raises $3 to $6
elchanan1234: calls $3
*** FLOP *** [5d Jh Ac]
elchanan1234: bets $3
TinaTurner72: folds
Uncalled bet ($3) returned to elchanan1234
elchanan1234 collected $11.76 from pot
elchanan1234: doesn't show hand
*** SUMMARY ***
Total pot $12 | Rake $0.24
Board [5d Jh Ac]
Seat 2: elchanan1234 (big blind) collected ($11.76)
Seat 3: TinaTurner72 (button) (small blind) folded on the Flop


PokerStars Hand #164635243485:  Hold'em Limit ($3/$6 USD) - 2017/01/15 15:51:49 ET
Table 'Safara' 6-max Seat #3 is the button
Seat 2: elchanan1234 ($156.52 in chips)
Seat 3: TinaTurner72 ($111.50 in chips)
TinaTurner72: posts small blind $1
elchanan1234: posts big blind $3
*** HOLE CARDS ***
TinaTurner72: raises $3 to $6
elchanan1234: calls $3
*** FLOP *** [Td Ac 6h]
elchanan1234: checks
TinaTurner72: bets $3
elchanan1234: calls $3
*** TURN *** [Td Ac 6h] [4c]
elchanan1234: checks
TinaTurner72: checks
*** RIVER *** [Td Ac 6h 4c] [6d]
elchanan1234: bets $6
makimaki joins the table at seat #4
TinaTurner72: folds
Uncalled bet ($6) returned to elchanan1234
elchanan1234 collected $17.64 from pot
elchanan1234: doesn't show hand
*** SUMMARY ***
Total pot $18 | Rake $0.36
Board [Td Ac 6h 4c 6d]
Seat 2: elchanan1234 (big blind) collected ($17.64)
Seat 3: TinaTurner72 (button) (small blind) folded on the River


PokerStars Hand #164635273635:  Hold'em Limit ($3/$6 USD) - 2017/01/15 15:52:16 ET
Table 'Safara' 6-max Seat #2 is the button
Seat 2: elchanan1234 ($165.16 in chips)
Seat 3: TinaTurner72 ($102.50 in chips)
elchanan1234: posts small blind $1
TinaTurner72: posts big blind $3
*** HOLE CARDS ***
elchanan1234: calls $2
TinaTurner72: raises $3 to $6
elchanan1234: calls $3
*** FLOP *** [Ks Kc 6h]
TinaTurner72: bets $3
elchanan1234: folds
Uncalled bet ($3) returned to TinaTurner72
TinaTurner72 collected $11.76 from pot
TinaTurner72: doesn't show hand
*** SUMMARY ***
Total pot $12 | Rake $0.24
Board [Ks Kc 6h]
Seat 2: elchanan1234 (button) (small blind) folded on the Flop
Seat 3: TinaTurner72 (big blind) collected ($11.76)


PokerStars Hand #164637161331:  Hold'em Limit ($3/$6 USD) - 2017/01/15 16:23:03 ET
Table 'Safara' 6-max Seat #3 is the button
Seat 3: lexishake ($115.61 in chips)
Seat 6: Chessnok ($85 in chips)
lexishake: posts small blind $1
Chessnok: posts big blind $3
*** HOLE CARDS ***
lexishake: calls $2
Chessnok: checks
*** FLOP *** [8s 4c Ac]
Chessnok: checks
GRAILKO joins the table at seat #4
lexishake: bets $3
Chessnok: folds
Uncalled bet ($3) returned to lexishake
lexishake collected $5.88 from pot
*** SUMMARY ***
Total pot $6 | Rake $0.12
Board [8s 4c Ac]
Seat 3: lexishake (button) (small blind) collected ($5.88)
Seat 6: Chessnok (big blind) folded on the Flop


PokerStars Hand #164637184565:  Hold'em Limit ($3/$6 USD) - 2017/01/15 16:23:25 ET
Table 'Safara' 6-max Seat #6 is the button
Seat 3: lexishake ($118.49 in chips)
Seat 6: Chessnok ($82 in chips)
Chessnok: posts small blind $1
lexishake: posts big blind $3
*** HOLE CARDS ***
Chessnok: raises $3 to $6
lexishake: calls $3
*** FLOP *** [Ks Tc 2c]
lexishake: checks
Chessnok: bets $3
lexishake: folds
Uncalled bet ($3) returned to Chessnok
Chessnok collected $11.76 from pot
Chessnok: doesn't show hand
*** SUMMARY ***
Total pot $12 | Rake $0.24
Board [Ks Tc 2c]
Seat 3: lexishake (big blind) folded on the Flop
Seat 6: Chessnok (button) (small blind) collected ($11.76)


PokerStars Hand #164637883400:  Hold'em Limit ($3/$6 USD) - 2017/01/15 16:34:34 ET
Table 'Safara' 6-max Seat #1 is the button
Seat 1: fugu82 ($112.17 in chips)
Seat 6: Chessnok ($85.40 in chips)
fugu82: posts small blind $1
Chessnok: posts big blind $3
*** HOLE CARDS ***
fugu82: raises $3 to $6
Chessnok: calls $3
*** FLOP *** [3d Ah Td]
GRAILKO leaves the table
Chessnok: checks
fugu82: bets $3
Chessnok: folds
Uncalled bet ($3) returned to fugu82
fugu82 collected $11.76 from pot
fugu82: doesn't show hand
*** SUMMARY ***
Total pot $12 | Rake $0.24
Board [3d Ah Td]
Seat 1: fugu82 (button) (small blind) collected ($11.76)
Seat 6: Chessnok (big blind) folded on the Flop


PokerStars Hand #164637873532:  Hold'em Limit ($3/$6 USD) - 2017/01/15 16:34:25 ET
Table 'Safara' 6-max Seat #6 is the button
Seat 1: fugu82 ($111.17 in chips)
Seat 6: Chessnok ($86.40 in chips)
Chessnok: posts small blind $1
fugu82: posts big blind $3
*** HOLE CARDS ***
Chessnok: folds
Uncalled bet ($2) returned to fugu82
fugu82 collected $2 from pot
fugu82: doesn't show hand
*** SUMMARY ***
Total pot $2 | Rake $0
Seat 1: fugu82 (big blind) collected ($2)
Seat 6: Chessnok (button) (small blind) folded before Flop


PokerStars Hand #164637861263:  Hold'em Limit ($3/$6 USD) - 2017/01/15 16:34:13 ET
Table 'Safara' 6-max Seat #1 is the button
Seat 1: fugu82 ($108.17 in chips)
Seat 6: Chessnok ($89.40 in chips)
fugu82: posts small blind $1
GRAILKO: is sitting out
Chessnok: posts big blind $3
*** HOLE CARDS ***
fugu82: raises $3 to $6
Chessnok: folds
Uncalled bet ($3) returned to fugu82
fugu82 collected $6 from pot
fugu82: doesn't show hand
*** SUMMARY ***
Total pot $6 | Rake $0
Seat 1: fugu82 (button) (small blind) collected ($6)
Seat 6: Chessnok (big blind) folded before Flop


PokerStars Hand #164637946813:  Hold'em Limit ($3/$6 USD) - 2017/01/15 16:35:36 ET
Table 'Safara' 6-max Seat #1 is the button
Seat 1: fugu82 ($108.93 in chips)
Seat 6: Chessnok ($88.04 in chips)
fugu82: posts small blind $1
Chessnok: posts big blind $3
*** HOLE CARDS ***
fugu82: raises $3 to $6
Chessnok: calls $3
*** FLOP *** [5c Ah 4d]
Chessnok: checks
fugu82: bets $3
Chessnok: folds
Uncalled bet ($3) returned to fugu82
fugu82 collected $11.76 from pot
fugu82: doesn't show hand
*** SUMMARY ***
Total pot $12 | Rake $0.24
Board [5c Ah 4d]
Seat 1: fugu82 (button) (small blind) collected ($11.76)
Seat 6: Chessnok (big blind) folded on the Flop


PokerStars Hand #164637909496:  Hold'em Limit ($3/$6 USD) - 2017/01/15 16:35:00 ET
Table 'Safara' 6-max Seat #6 is the button
Seat 1: fugu82 ($117.93 in chips)
Seat 6: Chessnok ($79.40 in chips)
Chessnok: posts small blind $1
fugu82: posts big blind $3
*** HOLE CARDS ***
Chessnok: raises $3 to $6
fugu82: calls $3
*** FLOP *** [4c 3h 9c]
fugu82: checks
Chessnok: bets $3
fugu82: calls $3
*** TURN *** [4c 3h 9c] [6c]
fugu82: checks
Chessnok: bets $6
fugu82: folds
Uncalled bet ($6) returned to Chessnok
Chessnok collected $17.64 from pot
Chessnok: doesn't show hand
*** SUMMARY ***
Total pot $18 | Rake $0.36
Board [4c 3h 9c 6c]
Seat 1: fugu82 (big blind) folded on the Turn
Seat 6: Chessnok (button) (small blind) collected ($17.64)


PokerStars Hand #164638025534:  Hold'em Limit ($3/$6 USD) - 2017/01/15 16:36:52 ET
Table 'Safara' 6-max Seat #6 is the button
Seat 1: fugu82 ($90.45 in chips)
Seat 6: Chessnok ($105.54 in chips)
Chessnok: posts small blind $1
fugu82: posts big blind $3
*** HOLE CARDS ***
Chessnok: folds
Uncalled bet ($2) returned to fugu82
fugu82 collected $2 from pot
fugu82: doesn't show hand
*** SUMMARY ***
Total pot $2 | Rake $0
Seat 1: fugu82 (big blind) collected ($2)
Seat 6: Chessnok (button) (small blind) folded before Flop


PokerStars Hand #164638007199:  Hold'em Limit ($3/$6 USD) - 2017/01/15 16:36:33 ET
Table 'Safara' 6-max Seat #1 is the button
Seat 1: fugu82 ($84.69 in chips)
Seat 6: Chessnok ($111.54 in chips)
fugu82: posts small blind $1
Chessnok: posts big blind $3
*** HOLE CARDS ***
fugu82: raises $3 to $6
Chessnok: calls $3
*** FLOP *** [5h Th Jc]
Chessnok: checks
fugu82: bets $3
Chessnok: folds
Uncalled bet ($3) returned to fugu82
fugu82 collected $11.76 from pot
fugu82: doesn't show hand
*** SUMMARY ***
Total pot $12 | Rake $0.24
Board [5h Th Jc]
Seat 1: fugu82 (button) (small blind) collected ($11.76)
Seat 6: Chessnok (big blind) folded on the Flop


PokerStars Hand #164637969148:  Hold'em Limit ($3/$6 USD) - 2017/01/15 16:35:56 ET
Table 'Safara' 6-max Seat #6 is the button
Seat 1: fugu82 ($114.69 in chips)
Seat 6: Chessnok ($82.04 in chips)
Chessnok: posts small blind $1
fugu82: posts big blind $3
*** HOLE CARDS ***
Chessnok: raises $3 to $6
fugu82: calls $3
*** FLOP *** [7s 6h Td]
fugu82: checks
Chessnok: bets $3
fugu82: raises $3 to $6
Chessnok: calls $3
*** TURN *** [7s 6h Td] [Th]
fugu82: bets $6
Chessnok: raises $6 to $12
fugu82: calls $6
*** RIVER *** [7s 6h Td Th] [8d]
fugu82: bets $6
Chessnok: calls $6
*** SHOW DOWN ***
fugu82: shows [3h 5s] (a pair of Tens)
Chessnok: shows [Qc Qs] (two pair, Queens and Tens)
Chessnok collected $59.50 from pot
*** SUMMARY ***
Total pot $60 | Rake $0.50
Board [7s 6h Td Th 8d]
Seat 1: fugu82 (big blind) showed [3h 5s] and lost with a pair of Tens
Seat 6: Chessnok (button) (small blind) showed [Qc Qs] and won ($59.50) with two pair, Queens and Tens


PokerStars Hand #164638033761:  Hold'em Limit ($3/$6 USD) - 2017/01/15 16:37:00 ET
Table 'Safara' 6-max Seat #1 is the button
Seat 1: fugu82 ($91.45 in chips)
Seat 6: Chessnok ($104.54 in chips)
fugu82: posts small blind $1
Chessnok: posts big blind $3
*** HOLE CARDS ***
fugu82: raises $3 to $6
Chessnok: calls $3
*** FLOP *** [7h Th Qs]
Chessnok: checks
fugu82: bets $3
Chessnok: calls $3
*** TURN *** [7h Th Qs] [4h]
Chessnok: bets $6
fugu82: calls $6
*** RIVER *** [7h Th Qs 4h] [3d]
Chessnok: bets $6
fugu82: calls $6
*** SHOW DOWN ***
Chessnok: shows [9h Js] (high card Queen)
fugu82: shows [Ac 7d] (a pair of Sevens)
fugu82 collected $41.50 from pot
*** SUMMARY ***
Total pot $42 | Rake $0.50
Board [7h Th Qs 4h 3d]
Seat 1: fugu82 (button) (small blind) showed [Ac 7d] and won ($41.50) with a pair of Sevens
Seat 6: Chessnok (big blind) showed [9h Js] and lost with high card Queen


PokerStars Hand #164638122408:  Hold'em Limit ($3/$6 USD) - 2017/01/15 16:38:27 ET
Table 'Safara' 6-max Seat #1 is the button
Seat 1: fugu82 ($135.45 in chips)
Seat 6: Chessnok ($60 in chips)
fugu82: posts small blind $1
Chessnok: posts big blind $3
*** HOLE CARDS ***
fugu82: raises $3 to $6
Chessnok: calls $3
*** FLOP *** [3d 7s 3h]
Chessnok: checks
fugu82: bets $3
Chessnok: raises $3 to $6
fugu82: calls $3
*** TURN *** [3d 7s 3h] [Tc]
Chessnok: bets $6
fugu82: raises $6 to $12
Chessnok: calls $6
*** RIVER *** [3d 7s 3h Tc] [Ac]
Chessnok: checks
fugu82: bets $6
Chessnok: calls $6
*** SHOW DOWN ***
fugu82: shows [Ah 3s] (a full house, Threes full of Aces)
Chessnok: mucks hand
fugu82 collected $59.50 from pot
*** SUMMARY ***
Total pot $60 | Rake $0.50
Board [3d 7s 3h Tc Ac]
Seat 1: fugu82 (button) (small blind) showed [Ah 3s] and won ($59.50) with a full house, Threes full of Aces
Seat 6: Chessnok (big blind) mucked


PokerStars Hand #164638076803:  Hold'em Limit ($3/$6 USD) - 2017/01/15 16:37:42 ET
Table 'Safara' 6-max Seat #6 is the button
Seat 1: fugu82 ($111.95 in chips)
Seat 6: Chessnok ($83.54 in chips)
Chessnok: posts small blind $1
fugu82: posts big blind $3
*** HOLE CARDS ***
Chessnok: raises $3 to $6
fugu82: calls $3
*** FLOP *** [3s 6c 9s]
fugu82: checks
Chessnok: bets $3
fugu82: raises $3 to $6
Chessnok: calls $3
*** TURN *** [3s 6c 9s] [5c]
fugu82: bets $6
Chessnok: calls $6
*** RIVER *** [3s 6c 9s 5c] [4s]
fugu82: bets $6
Chessnok: calls $6
*** SHOW DOWN ***
fugu82: shows [2d 5d] (a straight, Deuce to Six)
Chessnok: mucks hand
fugu82 collected $47.50 from pot
*** SUMMARY ***
Total pot $48 | Rake $0.50
Board [3s 6c 9s 5c 4s]
Seat 1: fugu82 (big blind) showed [2d 5d] and won ($47.50) with a straight, Deuce to Six
Seat 6: Chessnok (button) (small blind) mucked


PokerStars Hand #164638205735:  Hold'em Limit ($3/$6 USD) - 2017/01/15 16:39:48 ET
Table 'Safara' 6-max Seat #1 is the button
Seat 1: fugu82 ($182.45 in chips)
Seat 6: Chessnok ($60 in chips)
fugu82: posts small blind $1
Chessnok: posts big blind $3
*** HOLE CARDS ***
fugu82: folds
Uncalled bet ($2) returned to Chessnok
Chessnok collected $2 from pot
Chessnok: doesn't show hand
*** SUMMARY ***
Total pot $2 | Rake $0
Seat 1: fugu82 (button) (small blind) folded before Flop
Seat 6: Chessnok (big blind) collected ($2)


PokerStars Hand #164638169789:  Hold'em Limit ($3/$6 USD) - 2017/01/15 16:39:13 ET
Table 'Safara' 6-max Seat #6 is the button
Seat 1: fugu82 ($164.95 in chips)
Seat 6: Chessnok ($60 in chips)
Chessnok: posts small blind $1
fugu82: posts big blind $3
*** HOLE CARDS ***
Chessnok: raises $3 to $6
fugu82: calls $3
*** FLOP *** [Qh Jh 4h]
fugu82: checks
Chessnok: bets $3
fugu82: raises $3 to $6
Chessnok: calls $3
*** TURN *** [Qh Jh 4h] [Ac]
fugu82: bets $6
Chessnok: calls $6
*** RIVER *** [Qh Jh 4h Ac] [5h]
fugu82: checks
Chessnok: checks
*** SHOW DOWN ***
fugu82: shows [4d 6h] (a flush, Queen high)
Chessnok: mucks hand
fugu82 collected $35.50 from pot
*** SUMMARY ***
Total pot $36 | Rake $0.50
Board [Qh Jh 4h Ac 5h]
Seat 1: fugu82 (big blind) showed [4d 6h] and won ($35.50) with a flush, Queen high
Seat 6: Chessnok (button) (small blind) mucked


PokerStars Hand #164638246269:  Hold'em Limit ($3/$6 USD) - 2017/01/15 16:40:28 ET
Table 'Safara' 6-max Seat #6 is the button
Seat 1: fugu82 ($197.95 in chips)
Seat 6: Chessnok ($61 in chips)
Chessnok: posts small blind $1
fugu82: posts big blind $3
*** HOLE CARDS ***
Chessnok: raises $3 to $6
fugu82: folds
Uncalled bet ($3) returned to Chessnok
Chessnok collected $6 from pot
Chessnok: doesn't show hand
*** SUMMARY ***
Total pot $6 | Rake $0
Seat 1: fugu82 (big blind) folded before Flop
Seat 6: Chessnok (button) (small blind) collected ($6)


PokerStars Hand #164638240259:  Hold'em Limit ($3/$6 USD) - 2017/01/15 16:40:22 ET
Table 'Safara' 6-max Seat #1 is the button
Seat 1: fugu82 ($198.95 in chips)
Seat 6: Chessnok ($60 in chips)
fugu82: posts small blind $1
Chessnok: posts big blind $3
*** HOLE CARDS ***
fugu82: folds
Uncalled bet ($2) returned to Chessnok
Chessnok collected $2 from pot
Chessnok: doesn't show hand
*** SUMMARY ***
Total pot $2 | Rake $0
Seat 1: fugu82 (button) (small blind) folded before Flop
Seat 6: Chessnok (big blind) collected ($2)


PokerStars Hand #164638213146:  Hold'em Limit ($3/$6 USD) - 2017/01/15 16:39:56 ET
Table 'Safara' 6-max Seat #6 is the button
Seat 1: fugu82 ($181.45 in chips)
Seat 6: Chessnok ($61 in chips)
Chessnok: posts small blind $1
fugu82: posts big blind $3
*** HOLE CARDS ***
Chessnok: raises $3 to $6
fugu82: calls $3
*** FLOP *** [Jh 9s Kh]
fugu82: checks
Chessnok: bets $3
fugu82: raises $3 to $6
Chessnok: calls $3
*** TURN *** [Jh 9s Kh] [6s]
fugu82: bets $6
Chessnok: calls $6
*** RIVER *** [Jh 9s Kh 6s] [2s]
fugu82: bets $6
Chessnok: folds
Uncalled bet ($6) returned to fugu82
fugu82 collected $35.50 from pot
fugu82: doesn't show hand
*** SUMMARY ***
Total pot $36 | Rake $0.50
Board [Jh 9s Kh 6s 2s]
Seat 1: fugu82 (big blind) collected ($35.50)
Seat 6: Chessnok (button) (small blind) folded on the River


PokerStars Hand #164638322990:  Hold'em Limit ($3/$6 USD) - 2017/01/15 16:41:44 ET
Table 'Safara' 6-max Seat #1 is the button
Seat 1: fugu82 ($152.95 in chips)
Seat 6: Chessnok ($105 in chips)
fugu82: posts small blind $1
Chessnok: posts big blind $3
*** HOLE CARDS ***
fugu82: folds
Uncalled bet ($2) returned to Chessnok
Chessnok collected $2 from pot
Chessnok: doesn't show hand
*** SUMMARY ***
Total pot $2 | Rake $0
Seat 1: fugu82 (button) (small blind) folded before Flop
Seat 6: Chessnok (big blind) collected ($2)


PokerStars Hand #164638293693:  Hold'em Limit ($3/$6 USD) - 2017/01/15 16:41:15 ET
Table 'Safara' 6-max Seat #6 is the button
Seat 1: fugu82 ($170.95 in chips)
Seat 6: Chessnok ($87.50 in chips)
Chessnok: posts small blind $1
fugu82: posts big blind $3
*** HOLE CARDS ***
Chessnok: calls $2
fugu82: checks
*** FLOP *** [6s Tc 4s]
fugu82: bets $3
Chessnok: calls $3
*** TURN *** [6s Tc 4s] [7d]
fugu82: bets $6
Chessnok: calls $6
*** RIVER *** [6s Tc 4s 7d] [4d]
fugu82: bets $6
Chessnok: raises $6 to $12
fugu82: folds
Uncalled bet ($6) returned to Chessnok
Chessnok collected $35.50 from pot
Chessnok: doesn't show hand
*** SUMMARY ***
Total pot $36 | Rake $0.50
Board [6s Tc 4s 7d 4d]
Seat 1: fugu82 (big blind) folded on the River
Seat 6: Chessnok (button) (small blind) collected ($35.50)


PokerStars Hand #164638252625:  Hold'em Limit ($3/$6 USD) - 2017/01/15 16:40:34 ET
Table 'Safara' 6-max Seat #1 is the button
Seat 1: fugu82 ($194.95 in chips)
Seat 6: Chessnok ($64 in chips)
fugu82: posts small blind $1
Chessnok: posts big blind $3
*** HOLE CARDS ***
fugu82: raises $3 to $6
Chessnok: calls $3
*** FLOP *** [8d 9h Qd]
Chessnok: checks
fugu82: bets $3
Chessnok: raises $3 to $6
fugu82: calls $3
*** TURN *** [8d 9h Qd] [4c]
Chessnok: bets $6
fugu82: calls $6
*** RIVER *** [8d 9h Qd 4c] [5s]
Chessnok: bets $6
fugu82: calls $6
*** SHOW DOWN ***
Chessnok: shows [Qh 4s] (two pair, Queens and Fours)
fugu82: mucks hand
Chessnok collected $47.50 from pot
*** SUMMARY ***
Total pot $48 | Rake $0.50
Board [8d 9h Qd 4c 5s]
Seat 1: fugu82 (button) (small blind) mucked
Seat 6: Chessnok (big blind) showed [Qh 4s] and won ($47.50) with two pair, Queens and Fours


PokerStars Hand #164638328666:  Hold'em Limit ($3/$6 USD) - 2017/01/15 16:41:49 ET
Table 'Safara' 6-max Seat #6 is the button
Seat 1: fugu82 ($151.95 in chips)
Seat 6: Chessnok ($106 in chips)
Chessnok: posts small blind $1
fugu82: posts big blind $3
*** HOLE CARDS ***
Chessnok: raises $3 to $6
fugu82: calls $3
*** FLOP *** [5s Th 6h]
fugu82: checks
Chessnok: bets $3
fugu82: raises $3 to $6
Chessnok: calls $3
*** TURN *** [5s Th 6h] [5c]
fugu82: bets $6
Chessnok: calls $6
*** RIVER *** [5s Th 6h 5c] [Kc]
fugu82: bets $6
Chessnok: calls $6
*** SHOW DOWN ***
fugu82: shows [6d Js] (two pair, Sixes and Fives)
Chessnok: mucks hand
fugu82 collected $47.50 from pot
*** SUMMARY ***
Total pot $48 | Rake $0.50
Board [5s Th 6h 5c Kc]
Seat 1: fugu82 (big blind) showed [6d Js] and won ($47.50) with two pair, Sixes and Fives
Seat 6: Chessnok (button) (small blind) mucked


PokerStars Hand #164638391132:  Hold'em Limit ($3/$6 USD) - 2017/01/15 16:42:51 ET
Table 'Safara' 6-max Seat #1 is the button
Seat 1: fugu82 ($172.45 in chips)
Seat 6: Chessnok ($84.76 in chips)
fugu82: posts small blind $1
Chessnok: posts big blind $3
*** HOLE CARDS ***
fugu82: folds
Uncalled bet ($2) returned to Chessnok
Chessnok collected $2 from pot
Chessnok: doesn't show hand
*** SUMMARY ***
Total pot $2 | Rake $0
Seat 1: fugu82 (button) (small blind) folded before Flop
Seat 6: Chessnok (big blind) collected ($2)


PokerStars Hand #164638385561:  Hold'em Limit ($3/$6 USD) - 2017/01/15 16:42:46 ET
Table 'Safara' 6-max Seat #6 is the button
Seat 1: fugu82 ($171.45 in chips)
Seat 6: Chessnok ($85.76 in chips)
Chessnok: posts small blind $1
fugu82: posts big blind $3
*** HOLE CARDS ***
Chessnok: folds
Uncalled bet ($2) returned to fugu82
fugu82 collected $2 from pot
fugu82: doesn't show hand
*** SUMMARY ***
Total pot $2 | Rake $0
Seat 1: fugu82 (big blind) collected ($2)
Seat 6: Chessnok (button) (small blind) folded before Flop


PokerStars Hand #164638378570:  Hold'em Limit ($3/$6 USD) - 2017/01/15 16:42:39 ET
Table 'Safara' 6-max Seat #1 is the button
Seat 1: fugu82 ($168.45 in chips)
Seat 6: Chessnok ($88.76 in chips)
fugu82: posts small blind $1
Chessnok: posts big blind $3
*** HOLE CARDS ***
fugu82: raises $3 to $6
Chessnok: folds
Uncalled bet ($3) returned to fugu82
fugu82 collected $6 from pot
fugu82: doesn't show hand
*** SUMMARY ***
Total pot $6 | Rake $0
Seat 1: fugu82 (button) (small blind) collected ($6)
Seat 6: Chessnok (big blind) folded before Flop


PokerStars Hand #164638366524:  Hold'em Limit ($3/$6 USD) - 2017/01/15 16:42:27 ET
Table 'Safara' 6-max Seat #6 is the button
Seat 1: fugu82 ($174.45 in chips)
Seat 6: Chessnok ($83 in chips)
Chessnok: posts small blind $1
fugu82: posts big blind $3
*** HOLE CARDS ***
Chessnok: raises $3 to $6
fugu82: calls $3
*** FLOP *** [Ac 5c 6c]
fugu82: checks
Chessnok: bets $3
fugu82: folds
Uncalled bet ($3) returned to Chessnok
Chessnok collected $11.76 from pot
Chessnok: doesn't show hand
*** SUMMARY ***
Total pot $12 | Rake $0.24
Board [Ac 5c 6c]
Seat 1: fugu82 (big blind) folded on the Flop
Seat 6: Chessnok (button) (small blind) collected ($11.76)


PokerStars Hand #164638360217:  Hold'em Limit ($3/$6 USD) - 2017/01/15 16:42:21 ET
Table 'Safara' 6-max Seat #1 is the button
Seat 1: fugu82 ($175.45 in chips)
Seat 6: Chessnok ($82 in chips)
fugu82: posts small blind $1
Chessnok: posts big blind $3
*** HOLE CARDS ***
fugu82: folds
Uncalled bet ($2) returned to Chessnok
Chessnok collected $2 from pot
Chessnok: doesn't show hand
*** SUMMARY ***
Total pot $2 | Rake $0
Seat 1: fugu82 (button) (small blind) folded before Flop
Seat 6: Chessnok (big blind) collected ($2)


PokerStars Hand #164638355599:  Hold'em Limit ($3/$6 USD) - 2017/01/15 16:42:16 ET
Table 'Safara' 6-max Seat #6 is the button
Seat 1: fugu82 ($174.45 in chips)
Seat 6: Chessnok ($83 in chips)
Chessnok: posts small blind $1
fugu82: posts big blind $3
*** HOLE CARDS ***
Chessnok: folds
Uncalled bet ($2) returned to fugu82
fugu82 collected $2 from pot
fugu82: doesn't show hand
*** SUMMARY ***
Total pot $2 | Rake $0
Seat 1: fugu82 (big blind) collected ($2)
Seat 6: Chessnok (button) (small blind) folded before Flop


PokerStars Hand #164638349877:  Hold'em Limit ($3/$6 USD) - 2017/01/15 16:42:10 ET
Table 'Safara' 6-max Seat #1 is the button
Seat 1: fugu82 ($175.45 in chips)
Seat 6: Chessnok ($82 in chips)
fugu82: posts small blind $1
Chessnok: posts big blind $3
*** HOLE CARDS ***
fugu82: folds
Uncalled bet ($2) returned to Chessnok
Chessnok collected $2 from pot
Chessnok: doesn't show hand
*** SUMMARY ***
Total pot $2 | Rake $0
Seat 1: fugu82 (button) (small blind) folded before Flop
Seat 6: Chessnok (big blind) collected ($2)


PokerStars Hand #164638396769:  Hold'em Limit ($3/$6 USD) - 2017/01/15 16:42:57 ET
Table 'Safara' 6-max Seat #6 is the button
Seat 1: fugu82 ($171.45 in chips)
Seat 6: Chessnok ($85.76 in chips)
Chessnok: posts small blind $1
fugu82: posts big blind $3
*** HOLE CARDS ***
Chessnok: raises $3 to $6
fugu82: calls $3
*** FLOP *** [Ks Ah Qh]
fugu82: checks
Chessnok: bets $3
fugu82: folds
Uncalled bet ($3) returned to Chessnok
Chessnok collected $11.76 from pot
Chessnok: doesn't show hand
*** SUMMARY ***
Total pot $12 | Rake $0.24
Board [Ks Ah Qh]
Seat 1: fugu82 (big blind) folded on the Flop
Seat 6: Chessnok (button) (small blind) collected ($11.76)


PokerStars Hand #164638427649:  Hold'em Limit ($3/$6 USD) - 2017/01/15 16:43:28 ET
Table 'Safara' 6-max Seat #6 is the button
Seat 1: fugu82 ($164.45 in chips)
Seat 6: Chessnok ($92.52 in chips)
Chessnok: posts small blind $1
fugu82: posts big blind $3
*** HOLE CARDS ***
Chessnok: raises $3 to $6
fugu82: calls $3
*** FLOP *** [Js 5s 6h]
fugu82: checks
Chessnok: checks
*** TURN *** [Js 5s 6h] [3c]
fugu82: bets $6
Chessnok: calls $6
*** RIVER *** [Js 5s 6h 3c] [9s]
fugu82: bets $6
Chessnok: folds
Uncalled bet ($6) returned to fugu82
GRAILKO joins the table at seat #4
fugu82 collected $23.52 from pot
fugu82: doesn't show hand
*** SUMMARY ***
Total pot $24 | Rake $0.48
Board [Js 5s 6h 3c 9s]
Seat 1: fugu82 (big blind) collected ($23.52)
Seat 6: Chessnok (button) (small blind) folded on the River


PokerStars Hand #164638421708:  Hold'em Limit ($3/$6 USD) - 2017/01/15 16:43:22 ET
Table 'Safara' 6-max Seat #1 is the button
Seat 1: fugu82 ($165.45 in chips)
Seat 6: Chessnok ($91.52 in chips)
fugu82: posts small blind $1
ZOGI joins the table at seat #3
Chessnok: posts big blind $3
*** HOLE CARDS ***
fugu82: folds
Uncalled bet ($2) returned to Chessnok
Chessnok collected $2 from pot
Chessnok: doesn't show hand
*** SUMMARY ***
Total pot $2 | Rake $0
Seat 1: fugu82 (button) (small blind) folded before Flop
Seat 6: Chessnok (big blind) collected ($2)


PokerStars Hand #164638415495:  Hold'em Limit ($3/$6 USD) - 2017/01/15 16:43:16 ET
Table 'Safara' 6-max Seat #6 is the button
Seat 1: fugu82 ($164.45 in chips)
Seat 6: Chessnok ($92.52 in chips)
Chessnok: posts small blind $1
fugu82: posts big blind $3
*** HOLE CARDS ***
Chessnok: folds
Uncalled bet ($2) returned to fugu82
fugu82 collected $2 from pot
fugu82: doesn't show hand
*** SUMMARY ***
Total pot $2 | Rake $0
Seat 1: fugu82 (big blind) collected ($2)
Seat 6: Chessnok (button) (small blind) folded before Flop


PokerStars Hand #164638410063:  Hold'em Limit ($3/$6 USD) - 2017/01/15 16:43:10 ET
Table 'Safara' 6-max Seat #1 is the button
Seat 1: fugu82 ($165.45 in chips)
Seat 6: Chessnok ($91.52 in chips)
fugu82: posts small blind $1
Chessnok: posts big blind $3
*** HOLE CARDS ***
fugu82: folds
Uncalled bet ($2) returned to Chessnok
Chessnok collected $2 from pot
Chessnok: doesn't show hand
*** SUMMARY ***
Total pot $2 | Rake $0
Seat 1: fugu82 (button) (small blind) folded before Flop
Seat 6: Chessnok (big blind) collected ($2)


PokerStars Hand #164644291421:  Hold'em Limit ($3/$6 USD) - 2017/01/15 18:27:34 ET
Table 'Safara' 6-max Seat #3 is the button
Seat 3: sirmango ($331 in chips)
Seat 6: Chessnok ($117.29 in chips)
sirmango: posts small blind $1
Chessnok: posts big blind $3
*** HOLE CARDS ***
sirmango: raises $3 to $6
Chessnok: raises $3 to $9
sirmango: calls $3
*** FLOP *** [Jd 7h Jh]
Chessnok: bets $3
sirmango: calls $3
*** TURN *** [Jd 7h Jh] [5c]
Chessnok: bets $6
sirmango: raises $6 to $12
Chessnok: calls $6
*** RIVER *** [Jd 7h Jh 5c] [3h]
Chessnok: checks
sirmango: bets $6
Chessnok: folds
Uncalled bet ($6) returned to sirmango
sirmango collected $47.50 from pot
sirmango: doesn't show hand
*** SUMMARY ***
Total pot $48 | Rake $0.50
Board [Jd 7h Jh 5c 3h]
Seat 3: sirmango (button) (small blind) collected ($47.50)
Seat 6: Chessnok (big blind) folded on the River


PokerStars Hand #164644256244:  Hold'em Limit ($3/$6 USD) - 2017/01/15 18:26:52 ET
Table 'Safara' 6-max Seat #1 is the button
Seat 1: thaspinx ($109.55 in chips)
Seat 6: Chessnok ($117.29 in chips)
thaspinx: posts small blind $1
sirmango joins the table at seat #3
NAV_SERGG has timed out while being disconnected
NAV_SERGG: is sitting out
Chessnok: posts big blind $3
*** HOLE CARDS ***
thaspinx: folds
Uncalled bet ($2) returned to Chessnok
NAV_SERGG is disconnected
Chessnok collected $2 from pot
*** SUMMARY ***
Total pot $2 | Rake $0
Seat 1: thaspinx (button) (small blind) folded before Flop
Seat 6: Chessnok (big blind) collected ($2)


PokerStars Hand #164644285366:  Hold'em Limit ($3/$6 USD) - 2017/01/15 18:27:27 ET
Table 'Safara' 6-max Seat #6 is the button
Seat 3: sirmango ($330 in chips)
Seat 6: Chessnok ($118.29 in chips)
Chessnok: posts small blind $1
sirmango: posts big blind $3
*** HOLE CARDS ***
Chessnok: folds
Uncalled bet ($2) returned to sirmango
sirmango collected $2 from pot
sirmango: doesn't show hand
*** SUMMARY ***
Total pot $2 | Rake $0
Seat 3: sirmango (big blind) collected ($2)
Seat 6: Chessnok (button) (small blind) folded before Flop


