PokerStars Hand #163285754072:  Hold'em Limit ($3/$6 USD) - 2016/12/21 7:22:24 ET
Table 'Safara' 6-max Seat #6 is the button
Seat 4: Agrotait ($72 in chips)
Seat 6: zizonmusang ($80 in chips)
zizonmusang: posts small blind $1
Agrotait: posts big blind $3
*** HOLE CARDS ***
zizonmusang: raises $3 to $6
Agrotait: calls $3
*** FLOP *** [8d 2c 5h]
Agrotait: checks
zizonmusang: bets $3
Agrotait: raises $3 to $6
zizonmusang: calls $3
*** TURN *** [8d 2c 5h] [Ks]
Agrotait: bets $6
zizonmusang: calls $6
*** RIVER *** [8d 2c 5h Ks] [9s]
Agrotait: bets $6
zizonmusang: calls $6
*** SHOW DOWN ***
Agrotait: shows [Kh 5s] (two pair, Kings and Fives)
zizonmusang: mucks hand
Agrotait collected $47.50 from pot
*** SUMMARY ***
Total pot $48 | Rake $0.50
Board [8d 2c 5h Ks 9s]
Seat 4: Agrotait (big blind) showed [Kh 5s] and won ($47.50) with two pair, Kings and Fives
Seat 6: zizonmusang (button) (small blind) mucked


PokerStars Hand #163285780850:  Hold'em Limit ($3/$6 USD) - 2016/12/21 7:23:17 ET
Table 'Safara' 6-max Seat #6 is the button
Seat 4: Agrotait ($113 in chips)
Seat 6: zizonmusang ($38 in chips)
zizonmusang: posts small blind $1
Agrotait: posts big blind $3
*** HOLE CARDS ***
zizonmusang: raises $3 to $6
Agrotait: calls $3
*** FLOP *** [8c 5d 9c]
Agrotait: checks
zizonmusang: checks
*** TURN *** [8c 5d 9c] [6c]
Agrotait: bets $6
zizonmusang: calls $6
*** RIVER *** [8c 5d 9c 6c] [2s]
Agrotait: bets $6
zizonmusang: calls $6
*** SHOW DOWN ***
Agrotait: shows [5c 8s] (two pair, Eights and Fives)
zizonmusang: mucks hand
Agrotait collected $35.50 from pot
*** SUMMARY ***
Total pot $36 | Rake $0.50
Board [8c 5d 9c 6c 2s]
Seat 4: Agrotait (big blind) showed [5c 8s] and won ($35.50) with two pair, Eights and Fives
Seat 6: zizonmusang (button) (small blind) mucked


PokerStars Hand #163285768484:  Hold'em Limit ($3/$6 USD) - 2016/12/21 7:22:53 ET
Table 'Safara' 6-max Seat #4 is the button
Seat 4: Agrotait ($95.50 in chips)
Seat 6: zizonmusang ($56 in chips)
Agrotait: posts small blind $1
zizonmusang: posts big blind $3
*** HOLE CARDS ***
Agrotait: raises $3 to $6
zizonmusang: calls $3
*** FLOP *** [5c Ah 9h]
zizonmusang: checks
Agrotait: bets $3
zizonmusang: raises $3 to $6
Agrotait: calls $3
*** TURN *** [5c Ah 9h] [4d]
zizonmusang: bets $6
Agrotait: calls $6
*** RIVER *** [5c Ah 9h 4d] [4h]
zizonmusang: checks
Agrotait: checks
*** SHOW DOWN ***
zizonmusang: shows [5d Qs] (two pair, Fives and Fours)
Agrotait: shows [9c 6s] (two pair, Nines and Fours)
Agrotait collected $35.50 from pot
*** SUMMARY ***
Total pot $36 | Rake $0.50
Board [5c Ah 9h 4d 4h]
Seat 4: Agrotait (button) (small blind) showed [9c 6s] and won ($35.50) with two pair, Nines and Fours
Seat 6: zizonmusang (big blind) showed [5d Qs] and lost with two pair, Fives and Fours


PokerStars Hand #163285820852:  Hold'em Limit ($3/$6 USD) - 2016/12/21 7:24:35 ET
Table 'Safara' 6-max Seat #4 is the button
Seat 4: Agrotait ($122.02 in chips)
Seat 6: zizonmusang ($87.50 in chips)
Agrotait: posts small blind $1
zizonmusang: posts big blind $3
*** HOLE CARDS ***
Agrotait: raises $3 to $6
zizonmusang: calls $3
*** FLOP *** [Jc 3c 9s]
zizonmusang: checks
Agrotait: bets $3
zizonmusang: folds
Uncalled bet ($3) returned to Agrotait
Agrotait collected $11.76 from pot
Agrotait: doesn't show hand
*** SUMMARY ***
Total pot $12 | Rake $0.24
Board [Jc 3c 9s]
Seat 4: Agrotait (button) (small blind) collected ($11.76)
Seat 6: zizonmusang (big blind) folded on the Flop


PokerStars Hand #163285792136:  Hold'em Limit ($3/$6 USD) - 2016/12/21 7:23:39 ET
Table 'Safara' 6-max Seat #4 is the button
Seat 4: Agrotait ($130.50 in chips)
Seat 6: zizonmusang ($20 in chips)
Agrotait: posts small blind $1
zizonmusang: posts big blind $3
*** HOLE CARDS ***
Agrotait: raises $3 to $6
zizonmusang: calls $3
*** FLOP *** [Kc 6d Qc]
zizonmusang: checks
Agrotait: bets $3
zizonmusang: raises $3 to $6
Agrotait: calls $3
*** TURN *** [Kc 6d Qc] [Tc]
zizonmusang: bets $6
Agrotait: raises $6 to $12
zizonmusang: calls $2 and is all-in
Uncalled bet ($4) returned to Agrotait
*** RIVER *** [Kc 6d Qc Tc] [7s]
*** SHOW DOWN ***
zizonmusang: shows [7c 8c] (a flush, King high)
Agrotait: shows [8h Jc] (high card King)
zizonmusang collected $39.50 from pot
*** SUMMARY ***
Total pot $40 | Rake $0.50
Board [Kc 6d Qc Tc 7s]
Seat 4: Agrotait (button) (small blind) showed [8h Jc] and lost with high card King
Seat 6: zizonmusang (big blind) showed [7c 8c] and won ($39.50) with a flush, King high


PokerStars Hand #163285807028:  Hold'em Limit ($3/$6 USD) - 2016/12/21 7:24:08 ET
Table 'Safara' 6-max Seat #6 is the button
Seat 4: Agrotait ($110.50 in chips)
Seat 6: zizonmusang ($99.50 in chips)
zizonmusang: posts small blind $1
Agrotait: posts big blind $3
*** HOLE CARDS ***
zizonmusang: raises $3 to $6
Agrotait: calls $3
*** FLOP *** [9h 3s 6s]
Agrotait: checks
zizonmusang: bets $3
Agrotait: raises $3 to $6
zizonmusang: calls $3
*** TURN *** [9h 3s 6s] [9c]
Agrotait: bets $6
zizonmusang: folds
Uncalled bet ($6) returned to Agrotait
Agrotait collected $23.52 from pot
Agrotait: doesn't show hand
*** SUMMARY ***
Total pot $24 | Rake $0.48
Board [9h 3s 6s 9c]
Seat 4: Agrotait (big blind) collected ($23.52)
Seat 6: zizonmusang (button) (small blind) folded on the Turn


PokerStars Hand #163285828678:  Hold'em Limit ($3/$6 USD) - 2016/12/21 7:24:50 ET
Table 'Safara' 6-max Seat #6 is the button
Seat 4: Agrotait ($127.78 in chips)
Seat 6: zizonmusang ($81.50 in chips)
zizonmusang: posts small blind $1
Agrotait: posts big blind $3
*** HOLE CARDS ***
zizonmusang: raises $3 to $6
Agrotait: calls $3
*** FLOP *** [5d Qs 2d]
Agrotait: checks
zizonmusang: bets $3
Agrotait: folds
Uncalled bet ($3) returned to zizonmusang
zizonmusang collected $11.76 from pot
zizonmusang: doesn't show hand
*** SUMMARY ***
Total pot $12 | Rake $0.24
Board [5d Qs 2d]
Seat 4: Agrotait (big blind) folded on the Flop
Seat 6: zizonmusang (button) (small blind) collected ($11.76)


PokerStars Hand #163285850694:  Hold'em Limit ($3/$6 USD) - 2016/12/21 7:25:33 ET
Table 'Safara' 6-max Seat #4 is the button
Seat 4: Agrotait ($114.78 in chips)
Seat 6: zizonmusang ($94.02 in chips)
Agrotait: posts small blind $1
zizonmusang: posts big blind $3
*** HOLE CARDS ***
Agrotait: raises $3 to $6
zizonmusang: raises $3 to $9
Agrotait: calls $3
*** FLOP *** [Jh Qc 8h]
zizonmusang: bets $3
Agrotait: calls $3
*** TURN *** [Jh Qc 8h] [Qs]
zizonmusang: bets $6
Agrotait: folds
Uncalled bet ($6) returned to zizonmusang
zizonmusang collected $23.52 from pot
zizonmusang: doesn't show hand
*** SUMMARY ***
Total pot $24 | Rake $0.48
Board [Jh Qc 8h Qs]
Seat 4: Agrotait (button) (small blind) folded on the Turn
Seat 6: zizonmusang (big blind) collected ($23.52)


PokerStars Hand #163285838504:  Hold'em Limit ($3/$6 USD) - 2016/12/21 7:25:09 ET
Table 'Safara' 6-max Seat #6 is the button
Seat 4: Agrotait ($120.78 in chips)
Seat 6: zizonmusang ($88.26 in chips)
zizonmusang: posts small blind $1
Agrotait: posts big blind $3
*** HOLE CARDS ***
zizonmusang: raises $3 to $6
Agrotait: calls $3
*** FLOP *** [3s Td Tc]
Agrotait: checks
zizonmusang: bets $3
Agrotait: folds
Uncalled bet ($3) returned to zizonmusang
zizonmusang collected $11.76 from pot
zizonmusang: doesn't show hand
*** SUMMARY ***
Total pot $12 | Rake $0.24
Board [3s Td Tc]
Seat 4: Agrotait (big blind) folded on the Flop
Seat 6: zizonmusang (button) (small blind) collected ($11.76)


PokerStars Hand #163285835223:  Hold'em Limit ($3/$6 USD) - 2016/12/21 7:25:03 ET
Table 'Safara' 6-max Seat #4 is the button
Seat 4: Agrotait ($121.78 in chips)
Seat 6: zizonmusang ($87.26 in chips)
Agrotait: posts small blind $1
zizonmusang: posts big blind $3
*** HOLE CARDS ***
Agrotait: folds
Uncalled bet ($2) returned to zizonmusang
zizonmusang collected $2 from pot
zizonmusang: doesn't show hand
*** SUMMARY ***
Total pot $2 | Rake $0
Seat 4: Agrotait (button) (small blind) folded before Flop
Seat 6: zizonmusang (big blind) collected ($2)


PokerStars Hand #163285878593:  Hold'em Limit ($3/$6 USD) - 2016/12/21 7:26:27 ET
Table 'Safara' 6-max Seat #4 is the button
Seat 4: Agrotait ($123.28 in chips)
Seat 6: zizonmusang ($84.54 in chips)
Agrotait: posts small blind $1
zizonmusang: posts big blind $3
*** HOLE CARDS ***
Agrotait: folds
Uncalled bet ($2) returned to zizonmusang
zizonmusang collected $2 from pot
zizonmusang: doesn't show hand
*** SUMMARY ***
Total pot $2 | Rake $0
Seat 4: Agrotait (button) (small blind) folded before Flop
Seat 6: zizonmusang (big blind) collected ($2)


PokerStars Hand #163285858988:  Hold'em Limit ($3/$6 USD) - 2016/12/21 7:25:49 ET
Table 'Safara' 6-max Seat #6 is the button
Seat 4: Agrotait ($102.78 in chips)
Seat 6: zizonmusang ($105.54 in chips)
zizonmusang: posts small blind $1
Agrotait: posts big blind $3
*** HOLE CARDS ***
zizonmusang: raises $3 to $6
Agrotait: calls $3
*** FLOP *** [2c 2d 7h]
Agrotait: checks
zizonmusang: bets $3
Agrotait: calls $3
*** TURN *** [2c 2d 7h] [3d]
Agrotait: checks
zizonmusang: bets $6
Agrotait: raises $6 to $12
zizonmusang: calls $6
*** RIVER *** [2c 2d 7h 3d] [3s]
Agrotait: bets $6
zizonmusang: folds
Uncalled bet ($6) returned to Agrotait
Agrotait collected $41.50 from pot
Agrotait: doesn't show hand
*** SUMMARY ***
Total pot $42 | Rake $0.50
Board [2c 2d 7h 3d 3s]
Seat 4: Agrotait (big blind) collected ($41.50)
Seat 6: zizonmusang (button) (small blind) folded on the River


PokerStars Hand #163285901013:  Hold'em Limit ($3/$6 USD) - 2016/12/21 7:27:11 ET
Table 'Safara' 6-max Seat #6 is the button
Seat 4: Agrotait ($151.54 in chips)
Seat 6: zizonmusang ($55.54 in chips)
zizonmusang: posts small blind $1
Agrotait: posts big blind $3
*** HOLE CARDS ***
zizonmusang: raises $3 to $6
Agrotait: calls $3
*** FLOP *** [Kd Ac 8d]
zizonmusang said, "fukimg beru"
Agrotait: checks
zizonmusang: bets $3
Agrotait: folds
Uncalled bet ($3) returned to zizonmusang
zizonmusang collected $11.76 from pot
zizonmusang: doesn't show hand
*** SUMMARY ***
Total pot $12 | Rake $0.24
Board [Kd Ac 8d]
Seat 4: Agrotait (big blind) folded on the Flop
Seat 6: zizonmusang (button) (small blind) collected ($11.76)


PokerStars Hand #163285893550:  Hold'em Limit ($3/$6 USD) - 2016/12/21 7:26:56 ET
Table 'Safara' 6-max Seat #4 is the button
Seat 4: Agrotait ($145.78 in chips)
Seat 6: zizonmusang ($61.54 in chips)
Agrotait: posts small blind $1
zizonmusang: posts big blind $3
*** HOLE CARDS ***
Agrotait: raises $3 to $6
zizonmusang: calls $3
*** FLOP *** [Ks Js Qd]
zizonmusang: checks
Agrotait: bets $3
zizonmusang: folds
Uncalled bet ($3) returned to Agrotait
Agrotait collected $11.76 from pot
Agrotait: doesn't show hand
*** SUMMARY ***
Total pot $12 | Rake $0.24
Board [Ks Js Qd]
Seat 4: Agrotait (button) (small blind) collected ($11.76)
Seat 6: zizonmusang (big blind) folded on the Flop


PokerStars Hand #163285881331:  Hold'em Limit ($3/$6 USD) - 2016/12/21 7:26:33 ET
Table 'Safara' 6-max Seat #6 is the button
Seat 4: Agrotait ($122.28 in chips)
Seat 6: zizonmusang ($85.54 in chips)
zizonmusang: posts small blind $1
Agrotait: posts big blind $3
*** HOLE CARDS ***
zizonmusang: raises $3 to $6
Agrotait: calls $3
*** FLOP *** [5h Jd 7c]
Agrotait: checks
zizonmusang: bets $3
Agrotait: raises $3 to $6
zizonmusang: calls $3
*** TURN *** [5h Jd 7c] [9s]
Agrotait: bets $6
zizonmusang: calls $6
*** RIVER *** [5h Jd 7c 9s] [4c]
Agrotait: bets $6
zizonmusang: calls $6
*** SHOW DOWN ***
Agrotait: shows [6d 8d] (a straight, Five to Nine)
zizonmusang: mucks hand
Agrotait collected $47.50 from pot
*** SUMMARY ***
Total pot $48 | Rake $0.50
Board [5h Jd 7c 9s 4c]
Seat 4: Agrotait (big blind) showed [6d 8d] and won ($47.50) with a straight, Five to Nine
Seat 6: zizonmusang (button) (small blind) mucked


PokerStars Hand #163285911100:  Hold'em Limit ($3/$6 USD) - 2016/12/21 7:27:30 ET
Table 'Safara' 6-max Seat #4 is the button
Seat 4: Agrotait ($145.54 in chips)
Seat 6: zizonmusang ($61.30 in chips)
Agrotait: posts small blind $1
zizonmusang: posts big blind $3
*** HOLE CARDS ***
Agrotait: raises $3 to $6
zizonmusang: calls $3
*** FLOP *** [3d 4s Qh]
zizonmusang: checks
Agrotait: bets $3
zizonmusang: raises $3 to $6
Agrotait: calls $3
*** TURN *** [3d 4s Qh] [6c]
zizonmusang: bets $6
Agrotait: calls $6
*** RIVER *** [3d 4s Qh 6c] [Kh]
zizonmusang: bets $6
Agrotait: calls $6
*** SHOW DOWN ***
zizonmusang: shows [Ks 7s] (a pair of Kings)
Agrotait: mucks hand
zizonmusang collected $47.50 from pot
*** SUMMARY ***
Total pot $48 | Rake $0.50
Board [3d 4s Qh 6c Kh]
Seat 4: Agrotait (button) (small blind) mucked
Seat 6: zizonmusang (big blind) showed [Ks 7s] and won ($47.50) with a pair of Kings


PokerStars Hand #163285923043:  Hold'em Limit ($3/$6 USD) - 2016/12/21 7:27:54 ET
Table 'Safara' 6-max Seat #6 is the button
Seat 4: Agrotait ($121.54 in chips)
Seat 6: zizonmusang ($84.80 in chips)
zizonmusang: posts small blind $1
Agrotait: posts big blind $3
*** HOLE CARDS ***
zizonmusang: raises $3 to $6
Agrotait: calls $3
*** FLOP *** [8c 9c Kc]
Agrotait: checks
zizonmusang: bets $3
Agrotait: folds
Uncalled bet ($3) returned to zizonmusang
zizonmusang collected $11.76 from pot
zizonmusang: doesn't show hand
*** SUMMARY ***
Total pot $12 | Rake $0.24
Board [8c 9c Kc]
Seat 4: Agrotait (big blind) folded on the Flop
Seat 6: zizonmusang (button) (small blind) collected ($11.76)


PokerStars Hand #163285930347:  Hold'em Limit ($3/$6 USD) - 2016/12/21 7:28:08 ET
Table 'Safara' 6-max Seat #4 is the button
Seat 4: Agrotait ($115.54 in chips)
Seat 6: zizonmusang ($90.56 in chips)
Agrotait: posts small blind $1
zizonmusang: posts big blind $3
*** HOLE CARDS ***
Agrotait: folds
Uncalled bet ($2) returned to zizonmusang
zizonmusang collected $2 from pot
zizonmusang: doesn't show hand
*** SUMMARY ***
Total pot $2 | Rake $0
Seat 4: Agrotait (button) (small blind) folded before Flop
Seat 6: zizonmusang (big blind) collected ($2)


PokerStars Hand #163285933850:  Hold'em Limit ($3/$6 USD) - 2016/12/21 7:28:15 ET
Table 'Safara' 6-max Seat #6 is the button
Seat 4: Agrotait ($114.54 in chips)
Seat 6: zizonmusang ($91.56 in chips)
zizonmusang: posts small blind $1
Agrotait: posts big blind $3
*** HOLE CARDS ***
zizonmusang: raises $3 to $6
Agrotait: calls $3
*** FLOP *** [Qd 2d Th]
Agrotait: checks
zizonmusang: bets $3
Agrotait: raises $3 to $6
zizonmusang: calls $3
*** TURN *** [Qd 2d Th] [2h]
Agrotait: bets $6
zizonmusang: calls $6
*** RIVER *** [Qd 2d Th 2h] [8s]
Agrotait: bets $6
zizonmusang: calls $6
*** SHOW DOWN ***
Agrotait: shows [8h 7h] (two pair, Eights and Deuces)
zizonmusang: mucks hand
Agrotait collected $47.50 from pot
*** SUMMARY ***
Total pot $48 | Rake $0.50
Board [Qd 2d Th 2h 8s]
Seat 4: Agrotait (big blind) showed [8h 7h] and won ($47.50) with two pair, Eights and Deuces
Seat 6: zizonmusang (button) (small blind) mucked


PokerStars Hand #163285956413:  Hold'em Limit ($3/$6 USD) - 2016/12/21 7:28:58 ET
Table 'Safara' 6-max Seat #4 is the button
Seat 4: Agrotait ($138.04 in chips)
Seat 6: zizonmusang ($67.56 in chips)
Agrotait: posts small blind $1
zizonmusang: posts big blind $3
*** HOLE CARDS ***
Agrotait: folds
Uncalled bet ($2) returned to zizonmusang
zizonmusang collected $2 from pot
zizonmusang: doesn't show hand
*** SUMMARY ***
Total pot $2 | Rake $0
Seat 4: Agrotait (button) (small blind) folded before Flop
Seat 6: zizonmusang (big blind) collected ($2)


PokerStars Hand #163285960156:  Hold'em Limit ($3/$6 USD) - 2016/12/21 7:29:05 ET
Table 'Safara' 6-max Seat #6 is the button
Seat 4: Agrotait ($137.04 in chips)
Seat 6: zizonmusang ($68.56 in chips)
zizonmusang: posts small blind $1
Agrotait: posts big blind $3
*** HOLE CARDS ***
zizonmusang: raises $3 to $6
Agrotait: calls $3
*** FLOP *** [2h 4s Qs]
Agrotait: checks
zizonmusang: bets $3
Agrotait: calls $3
*** TURN *** [2h 4s Qs] [Jd]
Agrotait: checks
zizonmusang: bets $6
Agrotait: folds
Uncalled bet ($6) returned to zizonmusang
zizonmusang collected $17.64 from pot
zizonmusang: doesn't show hand
*** SUMMARY ***
Total pot $18 | Rake $0.36
Board [2h 4s Qs Jd]
Seat 4: Agrotait (big blind) folded on the Turn
Seat 6: zizonmusang (button) (small blind) collected ($17.64)


PokerStars Hand #163285977141:  Hold'em Limit ($3/$6 USD) - 2016/12/21 7:29:38 ET
Table 'Safara' 6-max Seat #4 is the button
Seat 4: Agrotait ($128.04 in chips)
Seat 6: zizonmusang ($77.20 in chips)
Agrotait: posts small blind $1
zizonmusang: posts big blind $3
*** HOLE CARDS ***
Agrotait: raises $3 to $6
zizonmusang: raises $3 to $9
Agrotait: calls $3
*** FLOP *** [9h 5d 3s]
zizonmusang: bets $3
Agrotait: calls $3
*** TURN *** [9h 5d 3s] [Jd]
zizonmusang: bets $6
Agrotait: calls $6
*** RIVER *** [9h 5d 3s Jd] [7s]
zizonmusang: checks
Agrotait: bets $6
zizonmusang: calls $6
*** SHOW DOWN ***
Agrotait: shows [Ah 5s] (a pair of Fives)
zizonmusang: shows [6d 6s] (a pair of Sixes)
zizonmusang collected $47.50 from pot
*** SUMMARY ***
Total pot $48 | Rake $0.50
Board [9h 5d 3s Jd 7s]
Seat 4: Agrotait (button) (small blind) showed [Ah 5s] and lost with a pair of Fives
Seat 6: zizonmusang (big blind) showed [6d 6s] and won ($47.50) with a pair of Sixes


PokerStars Hand #163285989019:  Hold'em Limit ($3/$6 USD) - 2016/12/21 7:30:01 ET
Table 'Safara' 6-max Seat #6 is the button
Seat 4: Agrotait ($104.04 in chips)
Seat 6: zizonmusang ($100.70 in chips)
zizonmusang: posts small blind $1
Agrotait: posts big blind $3
*** HOLE CARDS ***
zizonmusang: raises $3 to $6
Agrotait: calls $3
*** FLOP *** [4d 3h Ts]
Agrotait: checks
zizonmusang: bets $3
Agrotait: calls $3
*** TURN *** [4d 3h Ts] [Kh]
Agrotait: checks
zizonmusang: checks
*** RIVER *** [4d 3h Ts Kh] [Qc]
fsreibnitz joins the table at seat #3
Agrotait: bets $6
zizonmusang: calls $6
*** SHOW DOWN ***
Agrotait: shows [Kd 6s] (a pair of Kings)
zizonmusang: mucks hand
Agrotait collected $29.50 from pot
*** SUMMARY ***
Total pot $30 | Rake $0.50
Board [4d 3h Ts Kh Qc]
Seat 4: Agrotait (big blind) showed [Kd 6s] and won ($29.50) with a pair of Kings
Seat 6: zizonmusang (button) (small blind) mucked


PokerStars Hand #163286004950:  Hold'em Limit ($3/$6 USD) - 2016/12/21 7:30:32 ET
Table 'Safara' 6-max Seat #4 is the button
Seat 4: Agrotait ($118.54 in chips)
Seat 6: zizonmusang ($85.70 in chips)
Agrotait: posts small blind $1
zizonmusang: posts big blind $3
*** HOLE CARDS ***
Agrotait: folds
Uncalled bet ($2) returned to zizonmusang
zizonmusang collected $2 from pot
zizonmusang: doesn't show hand
*** SUMMARY ***
Total pot $2 | Rake $0
Seat 4: Agrotait (button) (small blind) folded before Flop
Seat 6: zizonmusang (big blind) collected ($2)


PokerStars Hand #163286093386:  Hold'em Limit ($3/$6 USD) - 2016/12/21 7:33:23 ET
Table 'Safara' 6-max Seat #3 is the button
Seat 3: fsreibnitz ($71.50 in chips)
Seat 6: zizonmusang ($101.34 in chips)
fsreibnitz: posts small blind $1
zizonmusang: posts big blind $3
*** HOLE CARDS ***
fsreibnitz: raises $3 to $6
zizonmusang: calls $3
*** FLOP *** [Qh 2c Tc]
zizonmusang: checks
fsreibnitz: bets $3
zizonmusang: calls $3
*** TURN *** [Qh 2c Tc] [5d]
zizonmusang: checks
fsreibnitz: checks
*** RIVER *** [Qh 2c Tc 5d] [Jd]
zizonmusang: bets $6
fsreibnitz: calls $6
*** SHOW DOWN ***
zizonmusang: shows [Qc 3h] (a pair of Queens)
fsreibnitz: mucks hand
zizonmusang collected $29.50 from pot
*** SUMMARY ***
Total pot $30 | Rake $0.50
Board [Qh 2c Tc 5d Jd]
Seat 3: fsreibnitz (button) (small blind) mucked
Seat 6: zizonmusang (big blind) showed [Qc 3h] and won ($29.50) with a pair of Queens


PokerStars Hand #163286064618:  Hold'em Limit ($3/$6 USD) - 2016/12/21 7:32:27 ET
Table 'Safara' 6-max Seat #3 is the button
Seat 3: fsreibnitz ($60 in chips)
Seat 6: zizonmusang ($113.70 in chips)
fsreibnitz: posts small blind $1
Agrotait: is sitting out
zizonmusang: posts big blind $3
*** HOLE CARDS ***
fsreibnitz: raises $3 to $6
zizonmusang: calls $3
*** FLOP *** [2d 8s 9c]
zizonmusang: bets $3
fsreibnitz: calls $3
*** TURN *** [2d 8s 9c] [5s]
Agrotait leaves the table
zizonmusang: bets $6
fsreibnitz: calls $6
*** RIVER *** [2d 8s 9c 5s] [3s]
zizonmusang: bets $6
fsreibnitz: calls $6
*** SHOW DOWN ***
zizonmusang: shows [4h 3d] (a pair of Threes)
fsreibnitz: shows [Qc 5h] (a pair of Fives)
fsreibnitz collected $41.50 from pot
*** SUMMARY ***
Total pot $42 | Rake $0.50
Board [2d 8s 9c 5s 3s]
Seat 3: fsreibnitz (button) (small blind) showed [Qc 5h] and won ($41.50) with a pair of Fives
Seat 6: zizonmusang (big blind) showed [4h 3d] and lost with a pair of Threes


PokerStars Hand #163286081511:  Hold'em Limit ($3/$6 USD) - 2016/12/21 7:33:00 ET
Table 'Safara' 6-max Seat #6 is the button
Seat 3: fsreibnitz ($80.50 in chips)
Seat 6: zizonmusang ($92.70 in chips)
zizonmusang: posts small blind $1
fsreibnitz: posts big blind $3
*** HOLE CARDS ***
zizonmusang: raises $3 to $6
fsreibnitz: calls $3
*** FLOP *** [Ac Qc 7s]
fsreibnitz: checks
zizonmusang: bets $3
fsreibnitz: calls $3
*** TURN *** [Ac Qc 7s] [9d]
fsreibnitz: checks
zizonmusang: checks
*** RIVER *** [Ac Qc 7s 9d] [Td]
fsreibnitz: checks
zizonmusang: checks
*** SHOW DOWN ***
fsreibnitz: shows [4d 7c] (a pair of Sevens)
zizonmusang: shows [Kd 7h] (a pair of Sevens - Ace+King kicker)
zizonmusang collected $17.64 from pot
*** SUMMARY ***
Total pot $18 | Rake $0.36
Board [Ac Qc 7s 9d Td]
Seat 3: fsreibnitz (big blind) showed [4d 7c] and lost with a pair of Sevens
Seat 6: zizonmusang (button) (small blind) showed [Kd 7h] and won ($17.64) with a pair of Sevens


PokerStars Hand #163286104609:  Hold'em Limit ($3/$6 USD) - 2016/12/21 7:33:44 ET
Table 'Safara' 6-max Seat #6 is the button
Seat 3: fsreibnitz ($56.50 in chips)
Seat 6: zizonmusang ($115.84 in chips)
zizonmusang: posts small blind $1
fsreibnitz: posts big blind $3
*** HOLE CARDS ***
zizonmusang: raises $3 to $6
fsreibnitz: raises $3 to $9
zizonmusang: raises $3 to $12
Betting is capped
fsreibnitz: calls $3
*** FLOP *** [Qd As 4h]
fsreibnitz: checks
zizonmusang: bets $3
fsreibnitz: calls $3
*** TURN *** [Qd As 4h] [Qh]
fsreibnitz: checks
zizonmusang: bets $6
fsreibnitz: calls $6
*** RIVER *** [Qd As 4h Qh] [Ah]
fsreibnitz: checks
zizonmusang: bets $6
fsreibnitz: folds
Uncalled bet ($6) returned to zizonmusang
zizonmusang collected $41.50 from pot
zizonmusang: doesn't show hand
*** SUMMARY ***
Total pot $42 | Rake $0.50
Board [Qd As 4h Qh Ah]
Seat 3: fsreibnitz (big blind) folded on the River
Seat 6: zizonmusang (button) (small blind) collected ($41.50)


PokerStars Hand #163286120978:  Hold'em Limit ($3/$6 USD) - 2016/12/21 7:34:16 ET
Table 'Safara' 6-max Seat #3 is the button
Seat 3: fsreibnitz ($35.50 in chips)
Seat 6: zizonmusang ($136.34 in chips)
fsreibnitz: posts small blind $1
zizonmusang: posts big blind $3
*** HOLE CARDS ***
fsreibnitz: raises $3 to $6
zizonmusang: raises $3 to $9
fsreibnitz: calls $3
*** FLOP *** [Th 3h 7d]
zizonmusang: bets $3
fsreibnitz: calls $3
*** TURN *** [Th 3h 7d] [4d]
zizonmusang: bets $6
fsreibnitz: raises $6 to $12
zizonmusang: calls $6
*** RIVER *** [Th 3h 7d 4d] [8d]
zizonmusang: checks
fsreibnitz: bets $6
zizonmusang: raises $6 to $12
fsreibnitz: calls $5.50 and is all-in
Uncalled bet ($0.50) returned to zizonmusang
*** SHOW DOWN ***
zizonmusang: shows [Jd Kd] (a flush, King high)
fsreibnitz: shows [Ts Qs] (a pair of Tens)
zizonmusang collected $70.50 from pot
*** SUMMARY ***
Total pot $71 | Rake $0.50
Board [Th 3h 7d 4d 8d]
Seat 3: fsreibnitz (button) (small blind) showed [Ts Qs] and lost with a pair of Tens
Seat 6: zizonmusang (big blind) showed [Jd Kd] and won ($70.50) with a flush, King high


PokerStars Hand #163286145006:  Hold'em Limit ($3/$6 USD) - 2016/12/21 7:35:02 ET
Table 'Safara' 6-max Seat #6 is the button
Seat 3: fsreibnitz ($120 in chips)
Seat 6: zizonmusang ($171.34 in chips)
zizonmusang: posts small blind $1
fsreibnitz: posts big blind $3
*** HOLE CARDS ***
zizonmusang: raises $3 to $6
fsreibnitz: calls $3
*** FLOP *** [7c 3d 4s]
fsreibnitz: checks
zizonmusang: bets $3
fsreibnitz: raises $3 to $6
zizonmusang: calls $3
*** TURN *** [7c 3d 4s] [6d]
fsreibnitz: bets $6
zizonmusang: folds
Uncalled bet ($6) returned to fsreibnitz
fsreibnitz collected $23.52 from pot
fsreibnitz: doesn't show hand
*** SUMMARY ***
Total pot $24 | Rake $0.48
Board [7c 3d 4s 6d]
Seat 3: fsreibnitz (big blind) collected ($23.52)
Seat 6: zizonmusang (button) (small blind) folded on the Turn


PokerStars Hand #163286174137:  Hold'em Limit ($3/$6 USD) - 2016/12/21 7:35:58 ET
Table 'Safara' 6-max Seat #6 is the button
Seat 3: fsreibnitz ($146.02 in chips)
Seat 6: zizonmusang ($144.34 in chips)
zizonmusang: posts small blind $1
fsreibnitz: posts big blind $3
*** HOLE CARDS ***
zizonmusang: raises $3 to $6
fsreibnitz: calls $3
*** FLOP *** [8s 9c 7h]
fsreibnitz: checks
zizonmusang: checks
*** TURN *** [8s 9c 7h] [2h]
fsreibnitz: checks
zizonmusang: bets $6
fsreibnitz: calls $6
*** RIVER *** [8s 9c 7h 2h] [3c]
fsreibnitz: checks
zizonmusang: checks
*** SHOW DOWN ***
fsreibnitz: shows [Ad 7d] (a pair of Sevens)
zizonmusang: mucks hand
fsreibnitz collected $23.52 from pot
*** SUMMARY ***
Total pot $24 | Rake $0.48
Board [8s 9c 7h 2h 3c]
Seat 3: fsreibnitz (big blind) showed [Ad 7d] and won ($23.52) with a pair of Sevens
Seat 6: zizonmusang (button) (small blind) mucked


PokerStars Hand #163286185055:  Hold'em Limit ($3/$6 USD) - 2016/12/21 7:36:19 ET
Table 'Safara' 6-max Seat #3 is the button
Seat 3: fsreibnitz ($157.54 in chips)
Seat 6: zizonmusang ($132.34 in chips)
fsreibnitz: posts small blind $1
zizonmusang: posts big blind $3
*** HOLE CARDS ***
fsreibnitz: raises $3 to $6
davyyyyyyy joins the table at seat #5
zizonmusang: folds
Uncalled bet ($3) returned to fsreibnitz
fsreibnitz collected $6 from pot
fsreibnitz: doesn't show hand
*** SUMMARY ***
Total pot $6 | Rake $0
Seat 3: fsreibnitz (button) (small blind) collected ($6)
Seat 6: zizonmusang (big blind) folded before Flop


PokerStars Hand #163286189835:  Hold'em Limit ($3/$6 USD) - 2016/12/21 7:36:28 ET
Table 'Safara' 6-max Seat #6 is the button
Seat 3: fsreibnitz ($160.54 in chips)
Seat 6: zizonmusang ($129.34 in chips)
zizonmusang: posts small blind $1
fsreibnitz: posts big blind $3
*** HOLE CARDS ***
zizonmusang: raises $3 to $6
fsreibnitz: calls $3
*** FLOP *** [7c 7d 2h]
fsreibnitz: checks
zizonmusang: bets $3
fsreibnitz: calls $3
*** TURN *** [7c 7d 2h] [2d]
fsreibnitz: checks
zizonmusang: bets $6
fsreibnitz: folds
Uncalled bet ($6) returned to zizonmusang
zizonmusang collected $17.64 from pot
zizonmusang: doesn't show hand
*** SUMMARY ***
Total pot $18 | Rake $0.36
Board [7c 7d 2h 2d]
Seat 3: fsreibnitz (big blind) folded on the Turn
Seat 6: zizonmusang (button) (small blind) collected ($17.64)


PokerStars Hand #163286159484:  Hold'em Limit ($3/$6 USD) - 2016/12/21 7:35:30 ET
Table 'Safara' 6-max Seat #3 is the button
Seat 3: fsreibnitz ($131.52 in chips)
Seat 6: zizonmusang ($159.34 in chips)
fsreibnitz: posts small blind $1
zizonmusang: posts big blind $3
*** HOLE CARDS ***
fsreibnitz: raises $3 to $6
zizonmusang: calls $3
*** FLOP *** [Jh 4h 3d]
zizonmusang: bets $3
fsreibnitz: calls $3
*** TURN *** [Jh 4h 3d] [7h]
zizonmusang: bets $6
fsreibnitz: raises $6 to $12
zizonmusang: folds
Uncalled bet ($6) returned to fsreibnitz
fsreibnitz collected $29.50 from pot
fsreibnitz: doesn't show hand
*** SUMMARY ***
Total pot $30 | Rake $0.50
Board [Jh 4h 3d 7h]
Seat 3: fsreibnitz (button) (small blind) collected ($29.50)
Seat 6: zizonmusang (big blind) folded on the Turn


