PokerStars Hand #160859918977:  Hold'em Limit ($3/$6 USD) - 2016/11/03 18:32:08 ET
Table 'Safara' 6-max Seat #2 is the button
Seat 1: kdcl ($108.22 in chips)
Seat 2: VolkovDmitri ($121 in chips)
VolkovDmitri: posts small blind $1
kdcl: posts big blind $3
*** HOLE CARDS ***
VolkovDmitri: raises $3 to $6
kdcl: calls $3
*** FLOP *** [3c Kc 9h]
kdcl: checks
VolkovDmitri: bets $3
kdcl: folds
Uncalled bet ($3) returned to VolkovDmitri
VolkovDmitri collected $11.76 from pot
VolkovDmitri: doesn't show hand
*** SUMMARY ***
Total pot $12 | Rake $0.24
Board [3c Kc 9h]
Seat 1: kdcl (big blind) folded on the Flop
Seat 2: VolkovDmitri (button) (small blind) collected ($11.76)


PokerStars Hand #160859913204:  Hold'em Limit ($3/$6 USD) - 2016/11/03 18:32:01 ET
Table 'Safara' 6-max Seat #1 is the button
Seat 1: kdcl ($109.22 in chips)
Seat 2: VolkovDmitri ($120 in chips)
kdcl: posts small blind $1
VolkovDmitri: posts big blind $3
*** HOLE CARDS ***
kdcl: folds
Uncalled bet ($2) returned to VolkovDmitri
VolkovDmitri collected $2 from pot
VolkovDmitri: doesn't show hand
*** SUMMARY ***
Total pot $2 | Rake $0
Seat 1: kdcl (button) (small blind) folded before Flop
Seat 2: VolkovDmitri (big blind) collected ($2)


PokerStars Hand #160859964115:  Hold'em Limit ($3/$6 USD) - 2016/11/03 18:33:00 ET
Table 'Safara' 6-max Seat #1 is the button
Seat 1: kdcl ($87.22 in chips)
Seat 3: ToDaFelt ($120 in chips)
kdcl: posts small blind $1
ToDaFelt: posts big blind $3
*** HOLE CARDS ***
kdcl: folds
Uncalled bet ($2) returned to ToDaFelt
VolkovDmitri leaves the table
ToDaFelt collected $2 from pot
ToDaFelt: doesn't show hand
*** SUMMARY ***
Total pot $2 | Rake $0
Seat 1: kdcl (button) (small blind) folded before Flop
Seat 3: ToDaFelt (big blind) collected ($2)


PokerStars Hand #160859952184:  Hold'em Limit ($3/$6 USD) - 2016/11/03 18:32:47 ET
Table 'Safara' 6-max Seat #2 is the button
Seat 1: kdcl ($93.22 in chips)
Seat 2: VolkovDmitri ($135.40 in chips)
VolkovDmitri: posts small blind $1
kdcl: posts big blind $3
*** HOLE CARDS ***
ToDaFelt joins the table at seat #3
VolkovDmitri: raises $3 to $6
kdcl: calls $3
*** FLOP *** [5h Th As]
kdcl: checks
VolkovDmitri: bets $3
kdcl: folds
Uncalled bet ($3) returned to VolkovDmitri
VolkovDmitri collected $11.76 from pot
VolkovDmitri: doesn't show hand
*** SUMMARY ***
Total pot $12 | Rake $0.24
Board [5h Th As]
Seat 1: kdcl (big blind) folded on the Flop
Seat 2: VolkovDmitri (button) (small blind) collected ($11.76)


PokerStars Hand #160859933745:  Hold'em Limit ($3/$6 USD) - 2016/11/03 18:32:25 ET
Table 'Safara' 6-max Seat #1 is the button
Seat 1: kdcl ($102.22 in chips)
Seat 2: VolkovDmitri ($126.76 in chips)
kdcl: posts small blind $1
VolkovDmitri: posts big blind $3
*** HOLE CARDS ***
kdcl: raises $3 to $6
VolkovDmitri: calls $3
*** FLOP *** [2h 4s 9h]
VolkovDmitri: bets $3
kdcl: calls $3
*** TURN *** [2h 4s 9h] [7d]
VolkovDmitri: bets $6
kdcl: folds
Uncalled bet ($6) returned to VolkovDmitri
VolkovDmitri collected $17.64 from pot
VolkovDmitri: doesn't show hand
*** SUMMARY ***
Total pot $18 | Rake $0.36
Board [2h 4s 9h 7d]
Seat 1: kdcl (button) (small blind) folded on the Turn
Seat 2: VolkovDmitri (big blind) collected ($17.64)


PokerStars Hand #160859968368:  Hold'em Limit ($3/$6 USD) - 2016/11/03 18:33:05 ET
Table 'Safara' 6-max Seat #3 is the button
Seat 1: kdcl ($86.22 in chips)
Seat 3: ToDaFelt ($121 in chips)
ToDaFelt: posts small blind $1
kdcl: posts big blind $3
*** HOLE CARDS ***
ToDaFelt: raises $3 to $6
kdcl: calls $3
*** FLOP *** [3h 5d Tc]
kdcl: checks
ToDaFelt: bets $3
kdcl: raises $3 to $6
ToDaFelt: calls $3
*** TURN *** [3h 5d Tc] [8c]
kdcl: bets $6
gazzzzzza joins the table at seat #2
ToDaFelt: raises $6 to $12
kdcl: calls $6
*** RIVER *** [3h 5d Tc 8c] [Jh]
kdcl: checks
ToDaFelt: bets $6
kdcl: calls $6
*** SHOW DOWN ***
ToDaFelt: shows [9h Js] (a pair of Jacks)
kdcl: mucks hand
ToDaFelt collected $59.50 from pot
*** SUMMARY ***
Total pot $60 | Rake $0.50
Board [3h 5d Tc 8c Jh]
Seat 1: kdcl (big blind) mucked
Seat 3: ToDaFelt (button) (small blind) showed [9h Js] and won ($59.50) with a pair of Jacks


PokerStars Hand #160862341834:  Hold'em Limit ($3/$6 USD) - 2016/11/03 19:22:36 ET
Table 'Safara' 6-max Seat #2 is the button
Seat 2: boniekk ($139.52 in chips)
Seat 6: Garuda Black ($76.59 in chips)
boniekk: posts small blind $1
ToDaFelt: is sitting out
Masqb: is sitting out
Garuda Black: posts big blind $3
*** HOLE CARDS ***
Masqb leaves the table
ToDaFelt leaves the table
boniekk: raises $3 to $6
Garuda Black: calls $3
*** FLOP *** [Ts 8c Qd]
Garuda Black: checks
boniekk: bets $3
Garuda Black: folds
Uncalled bet ($3) returned to boniekk
boniekk collected $11.76 from pot
boniekk: doesn't show hand
*** SUMMARY ***
Total pot $12 | Rake $0.24
Board [Ts 8c Qd]
Seat 2: boniekk (button) (small blind) collected ($11.76)
Seat 6: Garuda Black (big blind) folded on the Flop


