PokerStars Hand #171121169445:  Hold'em Limit ($3/$6 USD) - 2017/05/30 14:00:33 ET
Table 'Saga II' 6-max Seat #2 is the button
Seat 2: joao bauer ($173.60 in chips)
Seat 6: RockKillerTY ($113 in chips)
joao bauer: posts small blind $1
vestimokrec: is sitting out
zxkz: is sitting out
RockKillerTY: posts big blind $3
*** HOLE CARDS ***
vestimokrec leaves the table
joao bauer: raises $3 to $6
zxkz leaves the table
RockKillerTY: folds
Uncalled bet ($3) returned to joao bauer
joao bauer collected $6 from pot
*** SUMMARY ***
Total pot $6 | Rake $0
Seat 2: joao bauer (button) (small blind) collected ($6)
Seat 6: RockKillerTY (big blind) folded before Flop


PokerStars Hand #171121178478:  Hold'em Limit ($3/$6 USD) - 2017/05/30 14:00:46 ET
Table 'Saga II' 6-max Seat #6 is the button
Seat 2: joao bauer ($176.60 in chips)
Seat 6: RockKillerTY ($110 in chips)
RockKillerTY: posts small blind $1
joao bauer: posts big blind $3
*** HOLE CARDS ***
RockKillerTY: raises $3 to $6
joao bauer: raises $3 to $9
RockKillerTY: calls $3
*** FLOP *** [Qs 8c 2c]
joao bauer: bets $3
sienvan joins the table at seat #3
RockKillerTY: calls $3
*** TURN *** [Qs 8c 2c] [2h]
joao bauer: bets $6
RockKillerTY: folds
Uncalled bet ($6) returned to joao bauer
joao bauer collected $23.52 from pot
*** SUMMARY ***
Total pot $24 | Rake $0.48
Board [Qs 8c 2c 2h]
Seat 2: joao bauer (big blind) collected ($23.52)
Seat 6: RockKillerTY (button) (small blind) folded on the Turn


PokerStars Hand #171121236326:  Hold'em Limit ($3/$6 USD) - 2017/05/30 14:02:08 ET
Table 'Saga II' 6-max Seat #3 is the button
Seat 2: joao bauer ($160.12 in chips)
Seat 3: sienvan ($57.50 in chips)
sienvan: posts small blind $1
joao bauer: posts big blind $3
*** HOLE CARDS ***
sienvan: folds
Uncalled bet ($2) returned to joao bauer
joao bauer collected $2 from pot
*** SUMMARY ***
Total pot $2 | Rake $0
Seat 2: joao bauer (big blind) collected ($2)
Seat 3: sienvan (button) (small blind) folded before Flop


PokerStars Hand #171121232427:  Hold'em Limit ($3/$6 USD) - 2017/05/30 14:02:03 ET
Table 'Saga II' 6-max Seat #2 is the button
Seat 2: joao bauer ($157.12 in chips)
Seat 3: sienvan ($60.50 in chips)
joao bauer: posts small blind $1
sienvan: posts big blind $3
*** HOLE CARDS ***
joao bauer: raises $3 to $6
sienvan: folds
Uncalled bet ($3) returned to joao bauer
joao bauer collected $6 from pot
*** SUMMARY ***
Total pot $6 | Rake $0
Seat 2: joao bauer (button) (small blind) collected ($6)
Seat 3: sienvan (big blind) folded before Flop


PokerStars Hand #171121239400:  Hold'em Limit ($3/$6 USD) - 2017/05/30 14:02:13 ET
Table 'Saga II' 6-max Seat #2 is the button
Seat 2: joao bauer ($161.12 in chips)
Seat 3: sienvan ($56.50 in chips)
joao bauer: posts small blind $1
sienvan: posts big blind $3
*** HOLE CARDS ***
joao bauer: raises $3 to $6
sienvan: calls $3
*** FLOP *** [Kh Jd Jc]
sienvan: checks
joao bauer: bets $3
sienvan: folds
Uncalled bet ($3) returned to joao bauer
joao bauer collected $11.76 from pot
*** SUMMARY ***
Total pot $12 | Rake $0.24
Board [Kh Jd Jc]
Seat 2: joao bauer (button) (small blind) collected ($11.76)
Seat 3: sienvan (big blind) folded on the Flop


PokerStars Hand #171121215033:  Hold'em Limit ($3/$6 USD) - 2017/05/30 14:01:39 ET
Table 'Saga II' 6-max Seat #3 is the button
Seat 2: joao bauer ($187.12 in chips)
Seat 3: sienvan ($31 in chips)
sienvan: posts small blind $1
RockKillerTY: is sitting out
joao bauer: posts big blind $3
*** HOLE CARDS ***
RockKillerTY leaves the table
sienvan: raises $3 to $6
joao bauer: raises $3 to $9
sienvan: calls $3
*** FLOP *** [Ad Ts 7h]
joao bauer: bets $3
sienvan: calls $3
*** TURN *** [Ad Ts 7h] [9h]
joao bauer: checks
sienvan: bets $6
joao bauer: raises $6 to $12
sienvan: calls $6
*** RIVER *** [Ad Ts 7h 9h] [Tc]
joao bauer: bets $6
sienvan: calls $6
*** SHOW DOWN ***
joao bauer: shows [9d 7d] (two pair, Tens and Nines)
sienvan: shows [Ah 5c] (two pair, Aces and Tens)
sienvan collected $59.50 from pot
*** SUMMARY ***
Total pot $60 | Rake $0.50
Board [Ad Ts 7h 9h Tc]
Seat 2: joao bauer (big blind) showed [9d 7d] and lost with two pair, Tens and Nines
Seat 3: sienvan (button) (small blind) showed [Ah 5c] and won ($59.50) with two pair, Aces and Tens


PokerStars Hand #171121245722:  Hold'em Limit ($3/$6 USD) - 2017/05/30 14:02:21 ET
Table 'Saga II' 6-max Seat #3 is the button
Seat 2: joao bauer ($166.88 in chips)
Seat 3: sienvan ($50.50 in chips)
sienvan: posts small blind $1
joao bauer: posts big blind $3
*** HOLE CARDS ***
sienvan: folds
Uncalled bet ($2) returned to joao bauer
joao bauer collected $2 from pot
*** SUMMARY ***
Total pot $2 | Rake $0
Seat 2: joao bauer (big blind) collected ($2)
Seat 3: sienvan (button) (small blind) folded before Flop


PokerStars Hand #171121269230:  Hold'em Limit ($3/$6 USD) - 2017/05/30 14:02:52 ET
Table 'Saga II' 6-max Seat #2 is the button
Seat 2: joao bauer ($159.88 in chips)
Seat 3: sienvan ($57.14 in chips)
joao bauer: posts small blind $1
sienvan: posts big blind $3
*** HOLE CARDS ***
joao bauer: raises $3 to $6
sienvan: folds
Uncalled bet ($3) returned to joao bauer
joao bauer collected $6 from pot
*** SUMMARY ***
Total pot $6 | Rake $0
Seat 2: joao bauer (button) (small blind) collected ($6)
Seat 3: sienvan (big blind) folded before Flop


PokerStars Hand #171121257762:  Hold'em Limit ($3/$6 USD) - 2017/05/30 14:02:37 ET
Table 'Saga II' 6-max Seat #3 is the button
Seat 2: joao bauer ($158.88 in chips)
Seat 3: sienvan ($58.14 in chips)
sienvan: posts small blind $1
joao bauer: posts big blind $3
*** HOLE CARDS ***
sienvan: folds
Uncalled bet ($2) returned to joao bauer
joao bauer collected $2 from pot
*** SUMMARY ***
Total pot $2 | Rake $0
Seat 2: joao bauer (big blind) collected ($2)
Seat 3: sienvan (button) (small blind) folded before Flop


PokerStars Hand #171121248955:  Hold'em Limit ($3/$6 USD) - 2017/05/30 14:02:26 ET
Table 'Saga II' 6-max Seat #2 is the button
Seat 2: joao bauer ($167.88 in chips)
Seat 3: sienvan ($49.50 in chips)
joao bauer: posts small blind $1
sienvan: posts big blind $3
*** HOLE CARDS ***
joao bauer: raises $3 to $6
sienvan: calls $3
*** FLOP *** [Jh 7c 2d]
sienvan: checks
joao bauer: bets $3
sienvan: raises $3 to $6
joao bauer: folds
Uncalled bet ($3) returned to sienvan
sienvan collected $17.64 from pot
sienvan: doesn't show hand
*** SUMMARY ***
Total pot $18 | Rake $0.36
Board [Jh 7c 2d]
Seat 2: joao bauer (button) (small blind) folded on the Flop
Seat 3: sienvan (big blind) collected ($17.64)


PokerStars Hand #171121266002:  Hold'em Limit ($3/$6 USD) - 2017/05/30 14:02:48 ET
Table 'Saga II' 6-max Seat #3 is the button
Seat 2: joao bauer ($158.88 in chips)
Seat 3: sienvan ($58.14 in chips)
sienvan: posts small blind $1
joao bauer: posts big blind $3
*** HOLE CARDS ***
sienvan: folds
Uncalled bet ($2) returned to joao bauer
joao bauer collected $2 from pot
*** SUMMARY ***
Total pot $2 | Rake $0
Seat 2: joao bauer (big blind) collected ($2)
Seat 3: sienvan (button) (small blind) folded before Flop


PokerStars Hand #171121261472:  Hold'em Limit ($3/$6 USD) - 2017/05/30 14:02:42 ET
Table 'Saga II' 6-max Seat #2 is the button
Seat 2: joao bauer ($159.88 in chips)
Seat 3: sienvan ($57.14 in chips)
joao bauer: posts small blind $1
sienvan: posts big blind $3
*** HOLE CARDS ***
joao bauer: folds
Uncalled bet ($2) returned to sienvan
sienvan collected $2 from pot
sienvan: doesn't show hand
*** SUMMARY ***
Total pot $2 | Rake $0
Seat 2: joao bauer (button) (small blind) folded before Flop
Seat 3: sienvan (big blind) collected ($2)


PokerStars Hand #171121295946:  Hold'em Limit ($3/$6 USD) - 2017/05/30 14:03:27 ET
Table 'Saga II' 6-max Seat #2 is the button
Seat 2: joao bauer ($147.88 in chips)
Seat 3: sienvan ($68.64 in chips)
joao bauer: posts small blind $1
sienvan: posts big blind $3
*** HOLE CARDS ***
joao bauer: raises $3 to $6
sienvan: calls $3
*** FLOP *** [Ts 7d 9h]
sienvan: checks
joao bauer: checks
*** TURN *** [Ts 7d 9h] [Js]
sienvan: checks
joao bauer: bets $6
sienvan: folds
Uncalled bet ($6) returned to joao bauer
joao bauer collected $11.76 from pot
*** SUMMARY ***
Total pot $12 | Rake $0.24
Board [Ts 7d 9h Js]
Seat 2: joao bauer (button) (small blind) collected ($11.76)
Seat 3: sienvan (big blind) folded on the Turn


PokerStars Hand #171121282023:  Hold'em Limit ($3/$6 USD) - 2017/05/30 14:03:09 ET
Table 'Saga II' 6-max Seat #3 is the button
Seat 2: joao bauer ($162.88 in chips)
Seat 3: sienvan ($54.14 in chips)
sienvan: posts small blind $1
joao bauer: posts big blind $3
*** HOLE CARDS ***
sienvan: calls $2
joao bauer: checks
*** FLOP *** [Jd 8d Ts]
joao bauer: checks
sienvan: checks
*** TURN *** [Jd 8d Ts] [6s]
joao bauer: bets $6
sienvan: raises $6 to $12
joao bauer: calls $6
*** RIVER *** [Jd 8d Ts 6s] [2d]
belik555 joins the table at seat #4
joao bauer: checks
sienvan: bets $6
joao bauer: folds
Uncalled bet ($6) returned to sienvan
sienvan collected $29.50 from pot
sienvan: doesn't show hand
*** SUMMARY ***
Total pot $30 | Rake $0.50
Board [Jd 8d Ts 6s 2d]
Seat 2: joao bauer (big blind) folded on the River
Seat 3: sienvan (button) (small blind) collected ($29.50)


PokerStars Hand #171123091660:  Hold'em Limit ($3/$6 USD) - 2017/05/30 14:41:24 ET
Table 'Saga II' 6-max Seat #4 is the button
Seat 3: Steelmen24 ($377.01 in chips)
Seat 4: belik555 ($178.33 in chips)
belik555: posts small blind $1
Whatze Phuck: is sitting out
Steelmen24: posts big blind $3
*** HOLE CARDS ***
belik555: raises $3 to $6
Steelmen24: folds
Uncalled bet ($3) returned to belik555
belik555 collected $6 from pot
belik555: doesn't show hand
*** SUMMARY ***
Total pot $6 | Rake $0
Seat 3: Steelmen24 (big blind) folded before Flop
Seat 4: belik555 (button) (small blind) collected ($6)


