PokerStars Hand #148830011984:  Hold'em Limit ($3/$6 USD) - 2016/02/15 2:45:46 ET
Table 'Sagittarius' 6-max Seat #4 is the button
Seat 3: Bablonaut ($36.68 in chips)
Seat 4: Actionni13 ($151 in chips)
Actionni13: posts small blind $1
Bablonaut: posts big blind $3
*** HOLE CARDS ***
Actionni13: raises $3 to $6
Bablonaut: calls $3
*** FLOP *** [5s 2h 4s]
Bablonaut: checks
Fabulous108 joins the table at seat #5
Actionni13: bets $3
Bablonaut: calls $3
*** TURN *** [5s 2h 4s] [7h]
Bablonaut: checks
Actionni13: bets $6
Bablonaut: raises $6 to $12
Actionni13: calls $6
*** RIVER *** [5s 2h 4s 7h] [8c]
Bablonaut: bets $6
Actionni13: raises $6 to $12
Bablonaut: raises $3.68 to $15.68 and is all-in
Actionni13: calls $3.68
*** SHOW DOWN ***
Bablonaut: shows [6h 8h] (a straight, Four to Eight)
Actionni13: shows [6d As] (a straight, Four to Eight)
Bablonaut collected $36.43 from pot
Actionni13 collected $36.43 from pot
*** SUMMARY ***
Total pot $73.36 | Rake $0.50
Board [5s 2h 4s 7h 8c]
Seat 3: Bablonaut (big blind) showed [6h 8h] and won ($36.43) with a straight, Four to Eight
Seat 4: Actionni13 (button) (small blind) showed [6d As] and won ($36.43) with a straight, Four to Eight


PokerStars Hand #148830021291:  Hold'em Limit ($3/$6 USD) - 2016/02/15 2:46:17 ET
Table 'Sagittarius' 6-max Seat #3 is the button
Seat 3: Bablonaut ($36.43 in chips)
Seat 4: Actionni13 ($150.75 in chips)
Bablonaut: posts small blind $1
Actionni13: posts big blind $3
*** HOLE CARDS ***
Bablonaut: raises $3 to $6
Actionni13: calls $3
*** FLOP *** [2s 8h Kc]
Actionni13: checks
Bablonaut: bets $3
Actionni13: folds
Uncalled bet ($3) returned to Bablonaut
Bablonaut collected $11.76 from pot
Bablonaut: doesn't show hand
*** SUMMARY ***
Total pot $12 | Rake $0.24
Board [2s 8h Kc]
Seat 3: Bablonaut (button) (small blind) collected ($11.76)
Seat 4: Actionni13 (big blind) folded on the Flop


PokerStars Hand #148830164568:  Hold'em Limit ($3/$6 USD) - 2016/02/15 2:54:04 ET
Table 'Sagittarius' 6-max Seat #4 is the button
Seat 3: Bablonaut ($50.71 in chips)
Seat 4: Actionni13 ($259.21 in chips)
Actionni13: posts small blind $1
Bablonaut: posts big blind $3
*** HOLE CARDS ***
Actionni13: raises $3 to $6
Mullern leaves the table
Bablonaut: calls $3
*** FLOP *** [Ts 8c Kc]
Bablonaut: checks
Actionni13: checks
*** TURN *** [Ts 8c Kc] [Td]
Bablonaut: bets $6
Actionni13: folds
Uncalled bet ($6) returned to Bablonaut
Bablonaut collected $11.76 from pot
Bablonaut: doesn't show hand
*** SUMMARY ***
Total pot $12 | Rake $0.24
Board [Ts 8c Kc Td]
Seat 3: Bablonaut (big blind) collected ($11.76)
Seat 4: Actionni13 (button) (small blind) folded on the Turn


PokerStars Hand #148830172595:  Hold'em Limit ($3/$6 USD) - 2016/02/15 2:54:30 ET
Table 'Sagittarius' 6-max Seat #4 is the button
Seat 3: Bablonaut ($55.47 in chips)
Seat 4: Actionni13 ($254.21 in chips)
Actionni13: posts small blind $1
Bablonaut: posts big blind $3
*** HOLE CARDS ***
Actionni13: raises $3 to $6
Bablonaut: calls $3
*** FLOP *** [4h 2h 5s]
Bablonaut: checks
Actionni13: bets $3
Bablonaut: folds
Uncalled bet ($3) returned to Actionni13
Actionni13 collected $11.76 from pot
Actionni13: doesn't show hand
*** SUMMARY ***
Total pot $12 | Rake $0.24
Board [4h 2h 5s]
Seat 3: Bablonaut (big blind) folded on the Flop
Seat 4: Actionni13 (button) (small blind) collected ($11.76)


PokerStars Hand #148830170972:  Hold'em Limit ($3/$6 USD) - 2016/02/15 2:54:25 ET
Table 'Sagittarius' 6-max Seat #3 is the button
Seat 3: Bablonaut ($56.47 in chips)
Seat 4: Actionni13 ($253.21 in chips)
Bablonaut: posts small blind $1
Actionni13: posts big blind $3
*** HOLE CARDS ***
Bablonaut: folds
Uncalled bet ($2) returned to Actionni13
Actionni13 collected $2 from pot
Actionni13: doesn't show hand
*** SUMMARY ***
Total pot $2 | Rake $0
Seat 3: Bablonaut (button) (small blind) folded before Flop
Seat 4: Actionni13 (big blind) collected ($2)


PokerStars Hand #148830176910:  Hold'em Limit ($3/$6 USD) - 2016/02/15 2:54:44 ET
Table 'Sagittarius' 6-max Seat #3 is the button
Seat 3: Bablonaut ($49.47 in chips)
Seat 4: Actionni13 ($259.97 in chips)
Bablonaut: posts small blind $1
Actionni13: posts big blind $3
*** HOLE CARDS ***
Bablonaut: calls $2
Actionni13: checks
*** FLOP *** [Ks 4d 2s]
Actionni13: checks
Bablonaut: checks
*** TURN *** [Ks 4d 2s] [5s]
Actionni13: checks
Bablonaut: checks
*** RIVER *** [Ks 4d 2s 5s] [3d]
Actionni13: checks
Bablonaut: checks
*** SHOW DOWN ***
Actionni13: shows [Ts 9c] (high card King)
Bablonaut: shows [7h Jd] (high card King - Jack kicker)
Bablonaut collected $5.88 from pot
*** SUMMARY ***
Total pot $6 | Rake $0.12
Board [Ks 4d 2s 5s 3d]
Seat 3: Bablonaut (button) (small blind) showed [7h Jd] and won ($5.88) with high card King
Seat 4: Actionni13 (big blind) showed [Ts 9c] and lost with high card King


PokerStars Hand #148830184431:  Hold'em Limit ($3/$6 USD) - 2016/02/15 2:55:09 ET
Table 'Sagittarius' 6-max Seat #4 is the button
Seat 3: Bablonaut ($52.35 in chips)
Seat 4: Actionni13 ($256.97 in chips)
Actionni13: posts small blind $1
Bablonaut: posts big blind $3
*** HOLE CARDS ***
Actionni13: raises $3 to $6
Bablonaut: calls $3
*** FLOP *** [6d Td Jc]
Bablonaut: checks
Actionni13: bets $3
Bablonaut: calls $3
*** TURN *** [6d Td Jc] [Kc]
Bablonaut: checks
Actionni13: bets $6
Bablonaut: calls $6
*** RIVER *** [6d Td Jc Kc] [4c]
Bablonaut: checks
Actionni13: bets $6
Bablonaut: raises $6 to $12
Actionni13: calls $6
*** SHOW DOWN ***
Bablonaut: shows [6c 9c] (a flush, King high)
Actionni13: mucks hand
Bablonaut collected $53.50 from pot
*** SUMMARY ***
Total pot $54 | Rake $0.50
Board [6d Td Jc Kc 4c]
Seat 3: Bablonaut (big blind) showed [6c 9c] and won ($53.50) with a flush, King high
Seat 4: Actionni13 (button) (small blind) mucked


PokerStars Hand #148830207442:  Hold'em Limit ($3/$6 USD) - 2016/02/15 2:56:32 ET
Table 'Sagittarius' 6-max Seat #3 is the button
Seat 3: Bablonaut ($101.99 in chips)
Seat 4: Actionni13 ($205.97 in chips)
Bablonaut: posts small blind $1
Actionni13: posts big blind $3
*** HOLE CARDS ***
Bablonaut: raises $3 to $6
Actionni13: calls $3
*** FLOP *** [3h 3s Js]
Actionni13: checks
Bablonaut: bets $3
Actionni13: raises $3 to $6
Bablonaut: calls $3
*** TURN *** [3h 3s Js] [7c]
Actionni13: bets $6
Bablonaut: raises $6 to $12
Actionni13: folds
Uncalled bet ($6) returned to Bablonaut
Bablonaut collected $35.50 from pot
Bablonaut: doesn't show hand
katsimoto joins the table at seat #6
*** SUMMARY ***
Total pot $36 | Rake $0.50
Board [3h 3s Js 7c]
Seat 3: Bablonaut (button) (small blind) collected ($35.50)
Seat 4: Actionni13 (big blind) folded on the Turn


PokerStars Hand #148829992223:  Hold'em Limit ($3/$6 USD) - 2016/02/15 2:44:41 ET
Table 'Sagittarius' 6-max Seat #4 is the button
Seat 3: Bablonaut ($36.68 in chips)
Seat 4: Actionni13 ($151 in chips)
Actionni13: posts small blind $1
Bablonaut: posts big blind $3
*** HOLE CARDS ***
Actionni13: folds
Uncalled bet ($2) returned to Bablonaut
Bablonaut collected $2 from pot
Bablonaut: doesn't show hand
*** SUMMARY ***
Total pot $2 | Rake $0
Seat 3: Bablonaut (big blind) collected ($2)
Seat 4: Actionni13 (button) (small blind) folded before Flop


PokerStars Hand #148830886629:  Hold'em Limit ($3/$6 USD) - 2016/02/15 3:31:36 ET
Table 'Sagittarius' 6-max Seat #3 is the button
Seat 3: Bablonaut ($190.98 in chips)
Seat 6: honklewis ($84.37 in chips)
bandita747 will be allowed to play after the button
Bablonaut: posts small blind $1
honklewis: posts big blind $3
*** HOLE CARDS ***
Bablonaut: calls $2
playergains leaves the table
honklewis: checks
*** FLOP *** [As 6d Qs]
honklewis: checks
Bablonaut: bets $3
honklewis: folds
Uncalled bet ($3) returned to Bablonaut
Bablonaut collected $5.88 from pot
Bablonaut: doesn't show hand
*** SUMMARY ***
Total pot $6 | Rake $0.12
Board [As 6d Qs]
Seat 3: Bablonaut (button) (small blind) collected ($5.88)
Seat 6: honklewis (big blind) folded on the Flop


PokerStars Hand #148831390866:  Hold'em Limit ($3/$6 USD) - 2016/02/15 3:55:49 ET
Table 'Sagittarius' 6-max Seat #3 is the button
Seat 3: Bablonaut ($268.87 in chips)
Seat 6: playergains ($137.38 in chips)
Bablonaut: posts small blind $1
Actionni13: is sitting out
playergains: posts big blind $3
*** HOLE CARDS ***
Bablonaut: calls $2
playergains: raises $3 to $6
Bablonaut: calls $3
*** FLOP *** [Kc Th 4h]
playergains: bets $3
Bablonaut: calls $3
*** TURN *** [Kc Th 4h] [7d]
playergains: bets $6
Bablonaut: calls $6
*** RIVER *** [Kc Th 4h 7d] [Qd]
playergains: checks
Bablonaut: checks
*** SHOW DOWN ***
playergains: shows [3h 3c] (a pair of Threes)
Bablonaut: shows [Td 8h] (a pair of Tens)
Bablonaut collected $29.50 from pot
*** SUMMARY ***
Total pot $30 | Rake $0.50
Board [Kc Th 4h 7d Qd]
Seat 3: Bablonaut (button) (small blind) showed [Td 8h] and won ($29.50) with a pair of Tens
Seat 6: playergains (big blind) showed [3h 3c] and lost with a pair of Threes


PokerStars Hand #148831400250:  Hold'em Limit ($3/$6 USD) - 2016/02/15 3:56:18 ET
Table 'Sagittarius' 6-max Seat #3 is the button
Seat 3: Bablonaut ($274.37 in chips)
Seat 6: playergains ($131.02 in chips)
Bablonaut: posts small blind $1
playergains: posts big blind $3
*** HOLE CARDS ***
Bablonaut: folds
Uncalled bet ($2) returned to playergains
playergains collected $2 from pot
playergains: doesn't show hand
*** SUMMARY ***
Total pot $2 | Rake $0
Seat 3: Bablonaut (button) (small blind) folded before Flop
Seat 6: playergains (big blind) collected ($2)


PokerStars Hand #148831401998:  Hold'em Limit ($3/$6 USD) - 2016/02/15 3:56:23 ET
Table 'Sagittarius' 6-max Seat #6 is the button
Seat 3: Bablonaut ($273.37 in chips)
Seat 6: playergains ($132.02 in chips)
playergains: posts small blind $1
Bablonaut: posts big blind $3
*** HOLE CARDS ***
playergains: raises $3 to $6
Bablonaut: raises $3 to $9
playergains: calls $3
*** FLOP *** [6d Td 6h]
Bablonaut: bets $3
playergains: calls $3
*** TURN *** [6d Td 6h] [Th]
Bablonaut: checks
playergains: checks
*** RIVER *** [6d Td 6h Th] [2c]
Bablonaut: bets $6
playergains: calls $6
*** SHOW DOWN ***
Bablonaut: shows [Ah Jd] (two pair, Tens and Sixes)
playergains: shows [3c Ac] (two pair, Tens and Sixes)
Bablonaut collected $17.75 from pot
playergains collected $17.75 from pot
*** SUMMARY ***
Total pot $36 | Rake $0.50
Board [6d Td 6h Th 2c]
Seat 3: Bablonaut (big blind) showed [Ah Jd] and won ($17.75) with two pair, Tens and Sixes
Seat 6: playergains (button) (small blind) showed [3c Ac] and won ($17.75) with two pair, Tens and Sixes


PokerStars Hand #148831407053:  Hold'em Limit ($3/$6 USD) - 2016/02/15 3:56:39 ET
Table 'Sagittarius' 6-max Seat #3 is the button
Seat 3: Bablonaut ($273.12 in chips)
Seat 6: playergains ($131.77 in chips)
Bablonaut: posts small blind $1
playergains: posts big blind $3
*** HOLE CARDS ***
Bablonaut: raises $3 to $6
playergains: calls $3
*** FLOP *** [Kh 7s 5c]
playergains: checks
Bablonaut: bets $3
playergains: calls $3
*** TURN *** [Kh 7s 5c] [5h]
playergains: checks
Bablonaut: bets $6
playergains: raises $6 to $12
Bablonaut: calls $6
*** RIVER *** [Kh 7s 5c 5h] [6c]
playergains: bets $6
Bablonaut: calls $6
*** SHOW DOWN ***
playergains: shows [Qd 9h] (a pair of Fives)
Bablonaut: shows [9c Ks] (two pair, Kings and Fives)
Bablonaut collected $53.50 from pot
*** SUMMARY ***
Total pot $54 | Rake $0.50
Board [Kh 7s 5c 5h 6c]
Seat 3: Bablonaut (button) (small blind) showed [9c Ks] and won ($53.50) with two pair, Kings and Fives
Seat 6: playergains (big blind) showed [Qd 9h] and lost with a pair of Fives


PokerStars Hand #148831395759:  Hold'em Limit ($3/$6 USD) - 2016/02/15 3:56:04 ET
Table 'Sagittarius' 6-max Seat #6 is the button
Seat 3: Bablonaut ($283.37 in chips)
Seat 6: playergains ($122.38 in chips)
playergains: posts small blind $1
Bablonaut: posts big blind $3
*** HOLE CARDS ***
playergains: raises $3 to $6
Bablonaut: calls $3
*** FLOP *** [4s 8s Tc]
Bablonaut: checks
playergains: bets $3
Bablonaut: calls $3
*** TURN *** [4s 8s Tc] [Ac]
Bablonaut: checks
playergains: bets $6
Bablonaut: folds
Uncalled bet ($6) returned to playergains
playergains collected $17.64 from pot
playergains: doesn't show hand
*** SUMMARY ***
Total pot $18 | Rake $0.36
Board [4s 8s Tc Ac]
Seat 3: Bablonaut (big blind) folded on the Turn
Seat 6: playergains (button) (small blind) collected ($17.64)


PokerStars Hand #148831420682:  Hold'em Limit ($3/$6 USD) - 2016/02/15 3:57:21 ET
Table 'Sagittarius' 6-max Seat #3 is the button
Seat 3: Bablonaut ($314.12 in chips)
Seat 6: playergains ($89.77 in chips)
Bablonaut: posts small blind $1
playergains: posts big blind $3
*** HOLE CARDS ***
Bablonaut: folds
Uncalled bet ($2) returned to playergains
playergains collected $2 from pot
playergains: doesn't show hand
*** SUMMARY ***
Total pot $2 | Rake $0
Seat 3: Bablonaut (button) (small blind) folded before Flop
Seat 6: playergains (big blind) collected ($2)


PokerStars Hand #148831419149:  Hold'em Limit ($3/$6 USD) - 2016/02/15 3:57:16 ET
Table 'Sagittarius' 6-max Seat #6 is the button
Seat 3: Bablonaut ($313.12 in chips)
Seat 6: playergains ($90.77 in chips)
playergains: posts small blind $1
Bablonaut: posts big blind $3
*** HOLE CARDS ***
playergains: folds
Uncalled bet ($2) returned to Bablonaut
Bablonaut collected $2 from pot
Bablonaut: doesn't show hand
*** SUMMARY ***
Total pot $2 | Rake $0
Seat 3: Bablonaut (big blind) collected ($2)
Seat 6: playergains (button) (small blind) folded before Flop


PokerStars Hand #148831417455:  Hold'em Limit ($3/$6 USD) - 2016/02/15 3:57:11 ET
Table 'Sagittarius' 6-max Seat #3 is the button
Seat 3: Bablonaut ($314.12 in chips)
Seat 6: playergains ($89.77 in chips)
Bablonaut: posts small blind $1
playergains: posts big blind $3
*** HOLE CARDS ***
Bablonaut: folds
Uncalled bet ($2) returned to playergains
playergains collected $2 from pot
playergains: doesn't show hand
*** SUMMARY ***
Total pot $2 | Rake $0
Seat 3: Bablonaut (button) (small blind) folded before Flop
Seat 6: playergains (big blind) collected ($2)


PokerStars Hand #148831412647:  Hold'em Limit ($3/$6 USD) - 2016/02/15 3:56:56 ET
Table 'Sagittarius' 6-max Seat #6 is the button
Seat 3: Bablonaut ($299.62 in chips)
Seat 6: playergains ($104.77 in chips)
playergains: posts small blind $1
Bablonaut: posts big blind $3
*** HOLE CARDS ***
playergains: raises $3 to $6
Bablonaut: calls $3
*** FLOP *** [4s 3d 4d]
Bablonaut: checks
playergains: bets $3
Bablonaut: calls $3
*** TURN *** [4s 3d 4d] [Js]
Bablonaut: checks
playergains: bets $6
Bablonaut: raises $6 to $12
playergains: folds
Uncalled bet ($6) returned to Bablonaut
Bablonaut collected $29.50 from pot
Bablonaut: doesn't show hand
*** SUMMARY ***
Total pot $30 | Rake $0.50
Board [4s 3d 4d Js]
Seat 3: Bablonaut (big blind) collected ($29.50)
Seat 6: playergains (button) (small blind) folded on the Turn


PokerStars Hand #148831422306:  Hold'em Limit ($3/$6 USD) - 2016/02/15 3:57:26 ET
Table 'Sagittarius' 6-max Seat #6 is the button
Seat 3: Bablonaut ($313.12 in chips)
Seat 6: playergains ($90.77 in chips)
playergains: posts small blind $1
Bablonaut: posts big blind $3
*** HOLE CARDS ***
playergains: raises $3 to $6
Bablonaut: calls $3
*** FLOP *** [6h 7h 4h]
Bablonaut: checks
playergains: bets $3
Bablonaut: raises $3 to $6
playergains: calls $3
*** TURN *** [6h 7h 4h] [4s]
Bablonaut: bets $6
playergains: raises $6 to $12
Bablonaut: calls $6
*** RIVER *** [6h 7h 4h 4s] [8h]
Bablonaut: bets $6
playergains: calls $6
*** SHOW DOWN ***
Bablonaut: shows [Ah 2d] (a flush, Ace high)
playergains: mucks hand
Bablonaut collected $59.50 from pot
*** SUMMARY ***
Total pot $60 | Rake $0.50
Board [6h 7h 4h 4s 8h]
Seat 3: Bablonaut (big blind) showed [Ah 2d] and won ($59.50) with a flush, Ace high
Seat 6: playergains (button) (small blind) mucked


PokerStars Hand #148831445444:  Hold'em Limit ($3/$6 USD) - 2016/02/15 3:58:17 ET
Table 'Sagittarius' 6-max Seat #3 is the button
Seat 3: Bablonaut ($333.62 in chips)
Seat 4: Johnliu ($204.99 in chips)
Bablonaut: posts small blind $1
Johnliu: posts big blind $3
*** HOLE CARDS ***
Bablonaut: folds
Uncalled bet ($2) returned to Johnliu
Johnliu collected $2 from pot
Johnliu: doesn't show hand
*** SUMMARY ***
Total pot $2 | Rake $0
Seat 3: Bablonaut (button) (small blind) folded before Flop
Seat 4: Johnliu (big blind) collected ($2)


PokerStars Hand #148831440530:  Hold'em Limit ($3/$6 USD) - 2016/02/15 3:58:09 ET
Table 'Sagittarius' 6-max Seat #4 is the button
Seat 3: Bablonaut ($336.62 in chips)
Seat 4: Johnliu ($201.99 in chips)
Johnliu: posts small blind $1
Bablonaut: posts big blind $3
*** HOLE CARDS ***
Johnliu: raises $3 to $6
Bablonaut: folds
Uncalled bet ($3) returned to Johnliu
Johnliu collected $6 from pot
Johnliu: doesn't show hand
*** SUMMARY ***
Total pot $6 | Rake $0
Seat 3: Bablonaut (big blind) folded before Flop
Seat 4: Johnliu (button) (small blind) collected ($6)


