PokerStars Hand #172232090171:  Hold'em Limit ($3/$6 USD) - 2017/06/25 15:12:42 ET
Table 'Sagitta' 6-max Seat #1 is the button
Seat 1: Ale4o ($120 in chips)
Seat 5: igorkabmw ($30 in chips)
RaisemyNut$: is sitting out
Ale4o: posts small blind $1
igorkabmw: posts big blind $3
*** HOLE CARDS ***
Ale4o: raises $3 to $6
igorkabmw: calls $3
*** FLOP *** [5d Th Js]
RaisemyNut$ leaves the table
igorkabmw: checks
Ale4o: checks
*** TURN *** [5d Th Js] [Qs]
igorkabmw: checks
Ale4o: checks
*** RIVER *** [5d Th Js Qs] [9c]
igorkabmw: checks
Ale4o: bets $6
igorkabmw: calls $6
*** SHOW DOWN ***
Ale4o: shows [7s Kc] (a straight, Nine to King)
igorkabmw: mucks hand
Ale4o collected $23.52 from pot
*** SUMMARY ***
Total pot $24 | Rake $0.48
Board [5d Th Js Qs 9c]
Seat 1: Ale4o (button) (small blind) showed [7s Kc] and won ($23.52) with a straight, Nine to King
Seat 5: igorkabmw (big blind) mucked


PokerStars Hand #172232116506:  Hold'em Limit ($3/$6 USD) - 2017/06/25 15:13:11 ET
Table 'Sagitta' 6-max Seat #5 is the button
Seat 1: Ale4o ($131.52 in chips)
Seat 5: igorkabmw ($18 in chips)
igorkabmw: posts small blind $1
Ale4o: posts big blind $3
*** HOLE CARDS ***
igorkabmw: calls $2
Ale4o: raises $3 to $6
igorkabmw: calls $3
*** FLOP *** [5c 6c 3h]
Ale4o: bets $3
igorkabmw: calls $3
*** TURN *** [5c 6c 3h] [Jd]
Ale4o: bets $6
igorkabmw: calls $6
*** RIVER *** [5c 6c 3h Jd] [5d]
Ale4o: checks
igorkabmw: bets $3 and is all-in
Ale4o: calls $3
*** SHOW DOWN ***
igorkabmw: shows [Tc 6s] (two pair, Sixes and Fives)
Ale4o: shows [As 8c] (a pair of Fives)
igorkabmw collected $35.50 from pot
*** SUMMARY ***
Total pot $36 | Rake $0.50
Board [5c 6c 3h Jd 5d]
Seat 1: Ale4o (big blind) showed [As 8c] and lost with a pair of Fives
Seat 5: igorkabmw (button) (small blind) showed [Tc 6s] and won ($35.50) with two pair, Sixes and Fives


PokerStars Hand #172232137560:  Hold'em Limit ($3/$6 USD) - 2017/06/25 15:13:35 ET
Table 'Sagitta' 6-max Seat #1 is the button
Seat 1: Ale4o ($113.52 in chips)
Seat 5: igorkabmw ($35.50 in chips)
Ale4o: posts small blind $1
igorkabmw: posts big blind $3
*** HOLE CARDS ***
Ale4o: folds
Uncalled bet ($2) returned to igorkabmw
igorkabmw collected $2 from pot
*** SUMMARY ***
Total pot $2 | Rake $0
Seat 1: Ale4o (button) (small blind) folded before Flop
Seat 5: igorkabmw (big blind) collected ($2)


PokerStars Hand #172232150894:  Hold'em Limit ($3/$6 USD) - 2017/06/25 15:13:50 ET
Table 'Sagitta' 6-max Seat #1 is the button
Seat 1: Ale4o ($109.52 in chips)
Seat 5: igorkabmw ($39.38 in chips)
Ale4o: posts small blind $1
igorkabmw: posts big blind $3
*** HOLE CARDS ***
Ale4o: folds
Uncalled bet ($2) returned to igorkabmw
igorkabmw collected $2 from pot
*** SUMMARY ***
Total pot $2 | Rake $0
Seat 1: Ale4o (button) (small blind) folded before Flop
Seat 5: igorkabmw (big blind) collected ($2)


PokerStars Hand #172232142584:  Hold'em Limit ($3/$6 USD) - 2017/06/25 15:13:40 ET
Table 'Sagitta' 6-max Seat #5 is the button
Seat 1: Ale4o ($112.52 in chips)
Seat 5: igorkabmw ($36.50 in chips)
igorkabmw: posts small blind $1
Ale4o: posts big blind $3
*** HOLE CARDS ***
igorkabmw: calls $2
Ale4o: checks
*** FLOP *** [6d Tc 2h]
Ale4o: checks
igorkabmw: bets $3
Ale4o: folds
Uncalled bet ($3) returned to igorkabmw
igorkabmw collected $5.88 from pot
*** SUMMARY ***
Total pot $6 | Rake $0.12
Board [6d Tc 2h]
Seat 1: Ale4o (big blind) folded on the Flop
Seat 5: igorkabmw (button) (small blind) collected ($5.88)


PokerStars Hand #172232154508:  Hold'em Limit ($3/$6 USD) - 2017/06/25 15:13:54 ET
Table 'Sagitta' 6-max Seat #5 is the button
Seat 1: Ale4o ($108.52 in chips)
Seat 5: igorkabmw ($40.38 in chips)
igorkabmw: posts small blind $1
Ale4o: posts big blind $3
*** HOLE CARDS ***
igorkabmw: calls $2
Ale4o: checks
*** FLOP *** [2d 7s Qd]
Ale4o: checks
belik555 joins the table at seat #6
igorkabmw: bets $3
Ale4o: folds
Uncalled bet ($3) returned to igorkabmw
igorkabmw collected $5.88 from pot
*** SUMMARY ***
Total pot $6 | Rake $0.12
Board [2d 7s Qd]
Seat 1: Ale4o (big blind) folded on the Flop
Seat 5: igorkabmw (button) (small blind) collected ($5.88)


PokerStars Hand #172232163490:  Hold'em Limit ($3/$6 USD) - 2017/06/25 15:14:04 ET
Table 'Sagitta' 6-max Seat #1 is the button
Seat 1: Ale4o ($105.52 in chips)
Seat 5: igorkabmw ($43.26 in chips)
Ale4o: posts small blind $1
igorkabmw: posts big blind $3
*** HOLE CARDS ***
Ale4o: raises $3 to $6
igorkabmw: folds
Uncalled bet ($3) returned to Ale4o
Ale4o collected $6 from pot
Ale4o: doesn't show hand
*** SUMMARY ***
Total pot $6 | Rake $0
Seat 1: Ale4o (button) (small blind) collected ($6)
Seat 5: igorkabmw (big blind) folded before Flop


PokerStars Hand #172232231722:  Hold'em Limit ($3/$6 USD) - 2017/06/25 15:15:19 ET
Table 'Sagitta' 6-max Seat #5 is the button
Seat 1: Ale4o ($101.52 in chips)
Seat 5: igorkabmw ($30 in chips)
igorkabmw: posts small blind $1
Ale4o: posts big blind $3
*** HOLE CARDS ***
igorkabmw: folds
Uncalled bet ($2) returned to Ale4o
Ale4o collected $2 from pot
Ale4o: doesn't show hand
*** SUMMARY ***
Total pot $2 | Rake $0
Seat 1: Ale4o (big blind) collected ($2)
Seat 5: igorkabmw (button) (small blind) folded before Flop


PokerStars Hand #172232236093:  Hold'em Limit ($3/$6 USD) - 2017/06/25 15:15:24 ET
Table 'Sagitta' 6-max Seat #1 is the button
Seat 1: Ale4o ($102.52 in chips)
Seat 5: igorkabmw ($29 in chips)
Ale4o: posts small blind $1
igorkabmw: posts big blind $3
*** HOLE CARDS ***
Ale4o: raises $3 to $6
igorkabmw: raises $3 to $9
Ale4o: raises $3 to $12
Betting is capped
igorkabmw: calls $3
*** FLOP *** [Ks 5d 4h]
belik555 joins the table at seat #6
igorkabmw: bets $3
Ale4o: calls $3
*** TURN *** [Ks 5d 4h] [Jh]
igorkabmw: bets $6
Ale4o: raises $6 to $12
igorkabmw: raises $2 to $14 and is all-in
Ale4o: calls $2
*** RIVER *** [Ks 5d 4h Jh] [7c]
*** SHOW DOWN ***
igorkabmw: shows [Kc Js] (two pair, Kings and Jacks)
Ale4o: shows [Ad Jd] (a pair of Jacks)
igorkabmw collected $57.50 from pot
*** SUMMARY ***
Total pot $58 | Rake $0.50
Board [Ks 5d 4h Jh 7c]
Seat 1: Ale4o (button) (small blind) showed [Ad Jd] and lost with a pair of Jacks
Seat 5: igorkabmw (big blind) showed [Kc Js] and won ($57.50) with two pair, Kings and Jacks


PokerStars Hand #172236098419:  Hold'em Limit ($3/$6 USD) - 2017/06/25 16:30:04 ET
Table 'Sagitta' 6-max Seat #2 is the button
Seat 2: kayway6 ($87.08 in chips)
Seat 5: RaisemyNut$ ($113.73 in chips)
kayway6: posts small blind $1
RaisemyNut$: posts big blind $3
*** HOLE CARDS ***
kayway6: raises $3 to $6
RaisemyNut$: calls $3
*** FLOP *** [Ks Tc 4c]
RaisemyNut$: checks
kayway6: bets $3
RaisemyNut$: folds
Uncalled bet ($3) returned to kayway6
kayway6 collected $11.76 from pot
*** SUMMARY ***
Total pot $12 | Rake $0.24
Board [Ks Tc 4c]
Seat 2: kayway6 (button) (small blind) collected ($11.76)
Seat 5: RaisemyNut$ (big blind) folded on the Flop


PokerStars Hand #172236092493:  Hold'em Limit ($3/$6 USD) - 2017/06/25 16:29:57 ET
Table 'Sagitta' 6-max Seat #5 is the button
Seat 2: kayway6 ($90.08 in chips)
Seat 5: RaisemyNut$ ($110.73 in chips)
RaisemyNut$: posts small blind $1
kayway6: posts big blind $3
*** HOLE CARDS ***
Tommy_Ezt leaves the table
RaisemyNut$: raises $3 to $6
kayway6: folds
Uncalled bet ($3) returned to RaisemyNut$
RaisemyNut$ collected $6 from pot
RaisemyNut$: doesn't show hand
*** SUMMARY ***
Total pot $6 | Rake $0
Seat 2: kayway6 (big blind) folded before Flop
Seat 5: RaisemyNut$ (button) (small blind) collected ($6)


PokerStars Hand #172236084666:  Hold'em Limit ($3/$6 USD) - 2017/06/25 16:29:48 ET
Table 'Sagitta' 6-max Seat #6 is the button
Seat 5: RaisemyNut$ ($109.73 in chips)
Seat 6: Tommy_Ezt ($108 in chips)
Tommy_Ezt: posts small blind $1
RaisemyNut$: posts big blind $3
*** HOLE CARDS ***
Tommy_Ezt: folds
Uncalled bet ($2) returned to RaisemyNut$
RaisemyNut$ collected $2 from pot
RaisemyNut$: doesn't show hand
*** SUMMARY ***
Total pot $2 | Rake $0
Seat 5: RaisemyNut$ (big blind) collected ($2)
Seat 6: Tommy_Ezt (button) (small blind) folded before Flop


PokerStars Hand #172236114779:  Hold'em Limit ($3/$6 USD) - 2017/06/25 16:30:23 ET
Table 'Sagitta' 6-max Seat #2 is the button
Seat 2: kayway6 ($89.84 in chips)
Seat 5: RaisemyNut$ ($110.73 in chips)
kayway6: posts small blind $1
RaisemyNut$: posts big blind $3
*** HOLE CARDS ***
kayway6 has timed out
kayway6: folds
Uncalled bet ($2) returned to RaisemyNut$
RaisemyNut$ collected $2 from pot
RaisemyNut$: doesn't show hand
*** SUMMARY ***
Total pot $2 | Rake $0
Seat 2: kayway6 (button) (small blind) folded before Flop
Seat 5: RaisemyNut$ (big blind) collected ($2)


PokerStars Hand #172236109193:  Hold'em Limit ($3/$6 USD) - 2017/06/25 16:30:16 ET
Table 'Sagitta' 6-max Seat #5 is the button
Seat 2: kayway6 ($92.84 in chips)
Seat 5: RaisemyNut$ ($107.73 in chips)
RaisemyNut$: posts small blind $1
kayway6: posts big blind $3
*** HOLE CARDS ***
RaisemyNut$: raises $3 to $6
kayway6: folds
Uncalled bet ($3) returned to RaisemyNut$
RaisemyNut$ collected $6 from pot
*** SUMMARY ***
Total pot $6 | Rake $0
Seat 2: kayway6 (big blind) folded before Flop
Seat 5: RaisemyNut$ (button) (small blind) collected ($6)


PokerStars Hand #172236196699:  Hold'em Limit ($3/$6 USD) - 2017/06/25 16:31:59 ET
Table 'Sagitta' 6-max Seat #5 is the button
Seat 2: kayway6 ($96.48 in chips)
Seat 5: RaisemyNut$ ($103.73 in chips)
RaisemyNut$: posts small blind $1
kayway6: posts big blind $3
*** HOLE CARDS ***
RaisemyNut$: folds
Uncalled bet ($2) returned to kayway6
kayway6 collected $2 from pot
*** SUMMARY ***
Total pot $2 | Rake $0
Seat 2: kayway6 (big blind) collected ($2)
Seat 5: RaisemyNut$ (button) (small blind) folded before Flop


PokerStars Hand #172236191913:  Hold'em Limit ($3/$6 USD) - 2017/06/25 16:31:53 ET
Table 'Sagitta' 6-max Seat #2 is the button
Seat 2: kayway6 ($97.48 in chips)
Seat 5: RaisemyNut$ ($102.73 in chips)
kayway6: posts small blind $1
RaisemyNut$: posts big blind $3
*** HOLE CARDS ***
kayway6: folds
Uncalled bet ($2) returned to RaisemyNut$
RaisemyNut$ collected $2 from pot
RaisemyNut$: doesn't show hand
*** SUMMARY ***
Total pot $2 | Rake $0
Seat 2: kayway6 (button) (small blind) folded before Flop
Seat 5: RaisemyNut$ (big blind) collected ($2)


PokerStars Hand #172236186167:  Hold'em Limit ($3/$6 USD) - 2017/06/25 16:31:47 ET
Table 'Sagitta' 6-max Seat #5 is the button
Seat 2: kayway6 ($96.48 in chips)
Seat 5: RaisemyNut$ ($103.73 in chips)
RaisemyNut$: posts small blind $1
kayway6: posts big blind $3
*** HOLE CARDS ***
RaisemyNut$: folds
Uncalled bet ($2) returned to kayway6
kayway6 collected $2 from pot
*** SUMMARY ***
Total pot $2 | Rake $0
Seat 2: kayway6 (big blind) collected ($2)
Seat 5: RaisemyNut$ (button) (small blind) folded before Flop


PokerStars Hand #172236180160:  Hold'em Limit ($3/$6 USD) - 2017/06/25 16:31:40 ET
Table 'Sagitta' 6-max Seat #2 is the button
Seat 2: kayway6 ($97.48 in chips)
Seat 5: RaisemyNut$ ($102.73 in chips)
kayway6: posts small blind $1
RaisemyNut$: posts big blind $3
*** HOLE CARDS ***
kayway6: folds
Uncalled bet ($2) returned to RaisemyNut$
RaisemyNut$ collected $2 from pot
RaisemyNut$: doesn't show hand
*** SUMMARY ***
Total pot $2 | Rake $0
Seat 2: kayway6 (button) (small blind) folded before Flop
Seat 5: RaisemyNut$ (big blind) collected ($2)


PokerStars Hand #172236159621:  Hold'em Limit ($3/$6 USD) - 2017/06/25 16:31:16 ET
Table 'Sagitta' 6-max Seat #5 is the button
Seat 2: kayway6 ($88.84 in chips)
Seat 5: RaisemyNut$ ($111.73 in chips)
RaisemyNut$: posts small blind $1
kayway6: posts big blind $3
*** HOLE CARDS ***
RaisemyNut$: raises $3 to $6
kayway6: raises $3 to $9
RaisemyNut$: calls $3
*** FLOP *** [Kd 2s 5s]
kayway6: bets $3
RaisemyNut$: folds
Uncalled bet ($3) returned to kayway6
kayway6 collected $17.64 from pot
*** SUMMARY ***
Total pot $18 | Rake $0.36
Board [Kd 2s 5s]
Seat 2: kayway6 (big blind) collected ($17.64)
Seat 5: RaisemyNut$ (button) (small blind) folded on the Flop


PokerStars Hand #172236223695:  Hold'em Limit ($3/$6 USD) - 2017/06/25 16:32:31 ET
Table 'Sagitta' 6-max Seat #5 is the button
Seat 2: kayway6 ($120.98 in chips)
Seat 5: RaisemyNut$ ($78.73 in chips)
RaisemyNut$: posts small blind $1
kayway6: posts big blind $3
*** HOLE CARDS ***
RaisemyNut$: raises $3 to $6
kayway6: calls $3
*** FLOP *** [7s Tc 4d]
kayway6: checks
RaisemyNut$: bets $3
kayway6: calls $3
*** TURN *** [7s Tc 4d] [Js]
kayway6: checks
RaisemyNut$: bets $6
kayway6: folds
Uncalled bet ($6) returned to RaisemyNut$
RaisemyNut$ collected $17.64 from pot
RaisemyNut$: doesn't show hand
*** SUMMARY ***
Total pot $18 | Rake $0.36
Board [7s Tc 4d Js]
Seat 2: kayway6 (big blind) folded on the Turn
Seat 5: RaisemyNut$ (button) (small blind) collected ($17.64)


PokerStars Hand #172236201464:  Hold'em Limit ($3/$6 USD) - 2017/06/25 16:32:05 ET
Table 'Sagitta' 6-max Seat #2 is the button
Seat 2: kayway6 ($97.48 in chips)
Seat 5: RaisemyNut$ ($102.73 in chips)
kayway6: posts small blind $1
RaisemyNut$: posts big blind $3
*** HOLE CARDS ***
kayway6: raises $3 to $6
RaisemyNut$: raises $3 to $9
kayway6: calls $3
*** FLOP *** [8s Kc 3s]
RaisemyNut$: bets $3
kayway6: raises $3 to $6
RaisemyNut$: raises $3 to $9
kayway6: calls $3
*** TURN *** [8s Kc 3s] [5d]
RaisemyNut$: bets $6
kayway6: calls $6
*** RIVER *** [8s Kc 3s 5d] [Js]
RaisemyNut$: checks
kayway6: checks
*** SHOW DOWN ***
RaisemyNut$: shows [Qd Qc] (a pair of Queens)
kayway6: shows [Kd 4h] (a pair of Kings)
kayway6 collected $47.50 from pot
*** SUMMARY ***
Total pot $48 | Rake $0.50
Board [8s Kc 3s 5d Js]
Seat 2: kayway6 (button) (small blind) showed [Kd 4h] and won ($47.50) with a pair of Kings
Seat 5: RaisemyNut$ (big blind) showed [Qd Qc] and lost with a pair of Queens


PokerStars Hand #172236702645:  Hold'em Limit ($3/$6 USD) - 2017/06/25 16:41:57 ET
Table 'Sagitta' 6-max Seat #6 is the button
Seat 5: RaisemyNut$ ($91.37 in chips)
Seat 6: x0ticer ($26 in chips)
x0ticer: posts small blind $1
RaisemyNut$: posts big blind $3
*** HOLE CARDS ***
x0ticer: folds
Uncalled bet ($2) returned to RaisemyNut$
RaisemyNut$ collected $2 from pot
RaisemyNut$: doesn't show hand
*** SUMMARY ***
Total pot $2 | Rake $0
Seat 5: RaisemyNut$ (big blind) collected ($2)
Seat 6: x0ticer (button) (small blind) folded before Flop


PokerStars Hand #172236693262:  Hold'em Limit ($3/$6 USD) - 2017/06/25 16:41:46 ET
Table 'Sagitta' 6-max Seat #5 is the button
Seat 5: RaisemyNut$ ($88.37 in chips)
Seat 6: x0ticer ($29 in chips)
RaisemyNut$: posts small blind $1
x0ticer: posts big blind $3
*** HOLE CARDS ***
RaisemyNut$: raises $3 to $6
x0ticer: folds
Uncalled bet ($3) returned to RaisemyNut$
RaisemyNut$ collected $6 from pot
RaisemyNut$: doesn't show hand
*** SUMMARY ***
Total pot $6 | Rake $0
Seat 5: RaisemyNut$ (button) (small blind) collected ($6)
Seat 6: x0ticer (big blind) folded before Flop


PokerStars Hand #172236683775:  Hold'em Limit ($3/$6 USD) - 2017/06/25 16:41:34 ET
Table 'Sagitta' 6-max Seat #6 is the button
Seat 5: RaisemyNut$ ($87.37 in chips)
Seat 6: x0ticer ($30 in chips)
x0ticer: posts small blind $1
RaisemyNut$: posts big blind $3
*** HOLE CARDS ***
x0ticer: folds
Uncalled bet ($2) returned to RaisemyNut$
RaisemyNut$ collected $2 from pot
*** SUMMARY ***
Total pot $2 | Rake $0
Seat 5: RaisemyNut$ (big blind) collected ($2)
Seat 6: x0ticer (button) (small blind) folded before Flop


PokerStars Hand #172236727815:  Hold'em Limit ($3/$6 USD) - 2017/06/25 16:42:27 ET
Table 'Sagitta' 6-max Seat #6 is the button
Seat 5: RaisemyNut$ ($106.87 in chips)
Seat 6: x0ticer ($10 in chips)
x0ticer: posts small blind $1
RaisemyNut$: posts big blind $3
*** HOLE CARDS ***
x0ticer: calls $2
RaisemyNut$: raises $3 to $6
x0ticer: calls $3
*** FLOP *** [7h 2s 3d]
RaisemyNut$: bets $3
x0ticer: folds
Uncalled bet ($3) returned to RaisemyNut$
RaisemyNut$ collected $11.76 from pot
RaisemyNut$: doesn't show hand
*** SUMMARY ***
Total pot $12 | Rake $0.24
Board [7h 2s 3d]
Seat 5: RaisemyNut$ (big blind) collected ($11.76)
Seat 6: x0ticer (button) (small blind) folded on the Flop


PokerStars Hand #172236706833:  Hold'em Limit ($3/$6 USD) - 2017/06/25 16:42:02 ET
Table 'Sagitta' 6-max Seat #5 is the button
Seat 5: RaisemyNut$ ($92.37 in chips)
Seat 6: x0ticer ($25 in chips)
RaisemyNut$: posts small blind $1
x0ticer: posts big blind $3
*** HOLE CARDS ***
RaisemyNut$: raises $3 to $6
x0ticer: calls $3
*** FLOP *** [Ac 4s 3d]
x0ticer: checks
RaisemyNut$: bets $3
x0ticer: calls $3
*** TURN *** [Ac 4s 3d] [Ah]
x0ticer: bets $6
RaisemyNut$: raises $6 to $12
x0ticer: folds
Uncalled bet ($6) returned to RaisemyNut$
RaisemyNut$ collected $29.50 from pot
RaisemyNut$: doesn't show hand
*** SUMMARY ***
Total pot $30 | Rake $0.50
Board [Ac 4s 3d Ah]
Seat 5: RaisemyNut$ (button) (small blind) collected ($29.50)
Seat 6: x0ticer (big blind) folded on the Turn


PokerStars Hand #172236745134:  Hold'em Limit ($3/$6 USD) - 2017/06/25 16:42:48 ET
Table 'Sagitta' 6-max Seat #5 is the button
Seat 5: RaisemyNut$ ($112.63 in chips)
Seat 6: x0ticer ($4 in chips)
RaisemyNut$: posts small blind $1
x0ticer: posts big blind $3
*** HOLE CARDS ***
RaisemyNut$: raises $3 to $6
x0ticer: calls $1 and is all-in
Uncalled bet ($2) returned to RaisemyNut$
*** FLOP *** [4d Td 4c]
*** TURN *** [4d Td 4c] [Qd]
*** RIVER *** [4d Td 4c Qd] [9c]
*** SHOW DOWN ***
x0ticer: shows [3h 2h] (a pair of Fours)
RaisemyNut$: shows [Ac 9h] (two pair, Nines and Fours)
RaisemyNut$ collected $7.84 from pot
*** SUMMARY ***
Total pot $8 | Rake $0.16
Board [4d Td 4c Qd 9c]
Seat 5: RaisemyNut$ (button) (small blind) showed [Ac 9h] and won ($7.84) with two pair, Nines and Fours
Seat 6: x0ticer (big blind) showed [3h 2h] and lost with a pair of Fours


