PokerStars Hand #164502996724:  Hold'em Limit ($3/$6 USD) - 2017/01/13 9:22:22 ET
Table 'Sagittarius' 6-max Seat #2 is the button
Seat 2: valera6 ($125 in chips)
Seat 4: sinsadir ($116 in chips)
valera6: posts small blind $1
sim5sim5: is sitting out
sinsadir: posts big blind $3
*** HOLE CARDS ***
valera6: folds
Uncalled bet ($2) returned to sinsadir
sinsadir collected $2 from pot
sinsadir: doesn't show hand
sim5sim5 leaves the table
*** SUMMARY ***
Total pot $2 | Rake $0
Seat 2: valera6 (button) (small blind) folded before Flop
Seat 4: sinsadir (big blind) collected ($2)


PokerStars Hand #164503002746:  Hold'em Limit ($3/$6 USD) - 2017/01/13 9:22:31 ET
Table 'Sagittarius' 6-max Seat #4 is the button
Seat 2: valera6 ($124 in chips)
Seat 4: sinsadir ($117 in chips)
sinsadir: posts small blind $1
valera6: posts big blind $3
*** HOLE CARDS ***
sinsadir: raises $3 to $6
valera6: folds
Uncalled bet ($3) returned to sinsadir
sinsadir collected $6 from pot
sinsadir: doesn't show hand
*** SUMMARY ***
Total pot $6 | Rake $0
Seat 2: valera6 (big blind) folded before Flop
Seat 4: sinsadir (button) (small blind) collected ($6)


PokerStars Hand #164503011797:  Hold'em Limit ($3/$6 USD) - 2017/01/13 9:22:44 ET
Table 'Sagittarius' 6-max Seat #2 is the button
Seat 2: valera6 ($121 in chips)
Seat 4: sinsadir ($120 in chips)
valera6: posts small blind $1
sinsadir: posts big blind $3
*** HOLE CARDS ***
valera6: raises $3 to $6
sinsadir: raises $3 to $9
valera6: calls $3
*** FLOP *** [8d Jd Jh]
sinsadir: bets $3
valera6: folds
Uncalled bet ($3) returned to sinsadir
sinsadir collected $17.64 from pot
sinsadir: doesn't show hand
*** SUMMARY ***
Total pot $18 | Rake $0.36
Board [8d Jd Jh]
Seat 2: valera6 (button) (small blind) folded on the Flop
Seat 4: sinsadir (big blind) collected ($17.64)


PokerStars Hand #164503031011:  Hold'em Limit ($3/$6 USD) - 2017/01/13 9:23:12 ET
Table 'Sagittarius' 6-max Seat #4 is the button
Seat 2: valera6 ($112 in chips)
Seat 4: sinsadir ($128.64 in chips)
sinsadir: posts small blind $1
valera6: posts big blind $3
*** HOLE CARDS ***
sinsadir: raises $3 to $6
valera6: calls $3
*** FLOP *** [3c 5h 2h]
valera6: checks
sinsadir: bets $3
valera6: calls $3
*** TURN *** [3c 5h 2h] [9h]
valera6: bets $6
sinsadir: calls $6
*** RIVER *** [3c 5h 2h 9h] [As]
LouisB joins the table at seat #3
valera6: bets $6
sinsadir: calls $6
*** SHOW DOWN ***
valera6: shows [Ts 8s] (high card Ace)
sinsadir: shows [Ah 8c] (a pair of Aces)
sinsadir collected $41.50 from pot
*** SUMMARY ***
Total pot $42 | Rake $0.50
Board [3c 5h 2h 9h As]
Seat 2: valera6 (big blind) showed [Ts 8s] and lost with high card Ace
Seat 4: sinsadir (button) (small blind) showed [Ah 8c] and won ($41.50) with a pair of Aces


PokerStars Hand #164510788456:  Hold'em Limit ($3/$6 USD) - 2017/01/13 12:16:35 ET
Table 'Sagittarius' 6-max Seat #5 is the button
Seat 3: tje777 ($451.07 in chips)
Seat 5: krytalex ($238.71 in chips)
krytalex: posts small blind $1
tje777: posts big blind $3
*** HOLE CARDS ***
krytalex: raises $3 to $6
tje777: calls $3
*** FLOP *** [4h Td Qh]
tje777: checks
krytalex: bets $3
tje777: calls $3
*** TURN *** [4h Td Qh] [8s]
tje777: checks
krytalex: bets $6
tje777: calls $6
*** RIVER *** [4h Td Qh 8s] [Jc]
tje777: checks
krytalex: bets $6
tje777: calls $6
*** SHOW DOWN ***
krytalex: shows [9c 9s] (a straight, Eight to Queen)
tje777: mucks hand
krytalex collected $41.50 from pot
*** SUMMARY ***
Total pot $42 | Rake $0.50
Board [4h Td Qh 8s Jc]
Seat 3: tje777 (big blind) mucked
Seat 5: krytalex (button) (small blind) showed [9c 9s] and won ($41.50) with a straight, Eight to Queen


PokerStars Hand #164510822350:  Hold'em Limit ($3/$6 USD) - 2017/01/13 12:17:16 ET
Table 'Sagittarius' 6-max Seat #3 is the button
Seat 3: tje777 ($430.07 in chips)
Seat 5: krytalex ($259.21 in chips)
tje777: posts small blind $1
krytalex: posts big blind $3
*** HOLE CARDS ***
tje777: raises $3 to $6
MalishR leaves the table
krytalex: calls $3
*** FLOP *** [Ad 4h 8d]
krytalex: checks
tje777: bets $3
krytalex: calls $3
*** TURN *** [Ad 4h 8d] [5s]
krytalex: checks
tje777: checks
*** RIVER *** [Ad 4h 8d 5s] [Qd]
krytalex: checks
tje777: checks
*** SHOW DOWN ***
krytalex: shows [4d 6h] (a pair of Fours)
tje777: shows [Jh 8h] (a pair of Eights)
tje777 collected $17.64 from pot
*** SUMMARY ***
Total pot $18 | Rake $0.36
Board [Ad 4h 8d 5s Qd]
Seat 3: tje777 (button) (small blind) showed [Jh 8h] and won ($17.64) with a pair of Eights
Seat 5: krytalex (big blind) showed [4d 6h] and lost with a pair of Fours


PokerStars Hand #164512814329:  Hold'em Limit ($3/$6 USD) - 2017/01/13 12:56:27 ET
Table 'Sagittarius' 6-max Seat #5 is the button
Seat 2: parnishka11 ($39 in chips)
Seat 5: krytalex ($250.21 in chips)
krytalex: posts small blind $1
parnishka11: posts big blind $3
*** HOLE CARDS ***
krytalex: raises $3 to $6
parnishka11: calls $3
*** FLOP *** [9c 6s 7d]
parnishka11: checks
krytalex: bets $3
parnishka11: calls $3
*** TURN *** [9c 6s 7d] [4c]
parnishka11: checks
krytalex: checks
*** RIVER *** [9c 6s 7d 4c] [Kd]
parnishka11: checks
krytalex: checks
*** SHOW DOWN ***
parnishka11: shows [Jh 6d] (a pair of Sixes)
krytalex: mucks hand
parnishka11 collected $17.64 from pot
*** SUMMARY ***
Total pot $18 | Rake $0.36
Board [9c 6s 7d 4c Kd]
Seat 2: parnishka11 (big blind) showed [Jh 6d] and won ($17.64) with a pair of Sixes
Seat 5: krytalex (button) (small blind) mucked


PokerStars Hand #164512832275:  Hold'em Limit ($3/$6 USD) - 2017/01/13 12:56:52 ET
Table 'Sagittarius' 6-max Seat #2 is the button
Seat 2: parnishka11 ($47.64 in chips)
Seat 5: krytalex ($241.21 in chips)
parnishka11: posts small blind $1
krytalex: posts big blind $3
*** HOLE CARDS ***
parnishka11: folds
Uncalled bet ($2) returned to krytalex
iskambil joins the table at seat #4
krytalex collected $2 from pot
*** SUMMARY ***
Total pot $2 | Rake $0
Seat 2: parnishka11 (button) (small blind) folded before Flop
Seat 5: krytalex (big blind) collected ($2)


PokerStars Hand #164512837418:  Hold'em Limit ($3/$6 USD) - 2017/01/13 12:56:59 ET
Table 'Sagittarius' 6-max Seat #5 is the button
Seat 2: parnishka11 ($46.64 in chips)
Seat 5: krytalex ($242.21 in chips)
krytalex: posts small blind $1
parnishka11: posts big blind $3
*** HOLE CARDS ***
krytalex: raises $3 to $6
parnishka11: calls $3
*** FLOP *** [Ts 8c 4c]
parnishka11: checks
krytalex: bets $3
parnishka11: raises $3 to $6
krytalex: calls $3
*** TURN *** [Ts 8c 4c] [Qh]
parnishka11: bets $6
krytalex: folds
Uncalled bet ($6) returned to parnishka11
parnishka11 collected $23.52 from pot
parnishka11: doesn't show hand
*** SUMMARY ***
Total pot $24 | Rake $0.48
Board [Ts 8c 4c Qh]
Seat 2: parnishka11 (big blind) collected ($23.52)
Seat 5: krytalex (button) (small blind) folded on the Turn


PokerStars Hand #164529041251:  Hold'em Limit ($3/$6 USD) - 2017/01/13 17:41:56 ET
Table 'Sagittarius' 6-max Seat #2 is the button
Seat 2: busychilduk ($464.93 in chips)
Seat 6: Chessnok ($82.72 in chips)
busychilduk: posts small blind $1
Grieserix leaves the table
Chessnok: posts big blind $3
*** HOLE CARDS ***
busychilduk: raises $3 to $6
Chessnok: calls $3
*** FLOP *** [2s 9h 6h]
Chessnok: checks
busychilduk: bets $3
Chessnok: calls $3
*** TURN *** [2s 9h 6h] [9s]
Chessnok: checks
busychilduk: bets $6
Chessnok: calls $6
*** RIVER *** [2s 9h 6h 9s] [Qc]
Chessnok: checks
busychilduk: checks
*** SHOW DOWN ***
Chessnok: shows [5c 8h] (a pair of Nines)
busychilduk: shows [As Tc] (a pair of Nines - Ace kicker)
busychilduk collected $29.50 from pot
*** SUMMARY ***
Total pot $30 | Rake $0.50
Board [2s 9h 6h 9s Qc]
Seat 2: busychilduk (button) (small blind) showed [As Tc] and won ($29.50) with a pair of Nines
Seat 6: Chessnok (big blind) showed [5c 8h] and lost with a pair of Nines


PokerStars Hand #164529091857:  Hold'em Limit ($3/$6 USD) - 2017/01/13 17:42:51 ET
Table 'Sagittarius' 6-max Seat #6 is the button
Seat 2: busychilduk ($510.93 in chips)
Seat 6: Chessnok ($61 in chips)
Chessnok: posts small blind $1
busychilduk: posts big blind $3
*** HOLE CARDS ***
Chessnok: raises $3 to $6
busychilduk: calls $3
*** FLOP *** [Ac 5d As]
busychilduk: checks
Chessnok: bets $3
busychilduk: calls $3
*** TURN *** [Ac 5d As] [7h]
busychilduk: checks
Chessnok: bets $6
busychilduk: raises $6 to $12
Chessnok: calls $6
*** RIVER *** [Ac 5d As 7h] [8c]
busychilduk: bets $6
Chessnok: calls $6
*** SHOW DOWN ***
busychilduk: shows [5h Kh] (two pair, Aces and Fives)
Chessnok: mucks hand
busychilduk collected $53.50 from pot
*** SUMMARY ***
Total pot $54 | Rake $0.50
Board [Ac 5d As 7h 8c]
Seat 2: busychilduk (big blind) showed [5h Kh] and won ($53.50) with two pair, Aces and Fives
Seat 6: Chessnok (button) (small blind) mucked


PokerStars Hand #164529087216:  Hold'em Limit ($3/$6 USD) - 2017/01/13 17:42:46 ET
Table 'Sagittarius' 6-max Seat #2 is the button
Seat 2: busychilduk ($511.93 in chips)
Seat 6: Chessnok ($60 in chips)
busychilduk: posts small blind $1
Chessnok: posts big blind $3
*** HOLE CARDS ***
busychilduk: folds
Uncalled bet ($2) returned to Chessnok
Chessnok collected $2 from pot
Chessnok: doesn't show hand
*** SUMMARY ***
Total pot $2 | Rake $0
Seat 2: busychilduk (button) (small blind) folded before Flop
Seat 6: Chessnok (big blind) collected ($2)


PokerStars Hand #164529063986:  Hold'em Limit ($3/$6 USD) - 2017/01/13 17:42:21 ET
Table 'Sagittarius' 6-max Seat #6 is the button
Seat 2: busychilduk ($479.43 in chips)
Seat 6: Chessnok ($67.72 in chips)
Chessnok: posts small blind $1
busychilduk: posts big blind $3
*** HOLE CARDS ***
Chessnok: raises $3 to $6
busychilduk: calls $3
*** FLOP *** [2d Td Jh]
busychilduk: checks
Chessnok: bets $3
busychilduk: calls $3
*** TURN *** [2d Td Jh] [Qh]
busychilduk: checks
Chessnok: bets $6
busychilduk: raises $6 to $12
Chessnok: calls $6
*** RIVER *** [2d Td Jh Qh] [3d]
busychilduk: bets $6
Chessnok: raises $6 to $12
busychilduk: calls $6
*** SHOW DOWN ***
Chessnok: shows [Qc 7c] (a pair of Queens)
busychilduk: shows [8d 9h] (a straight, Eight to Queen)
busychilduk collected $65.50 from pot
*** SUMMARY ***
Total pot $66 | Rake $0.50
Board [2d Td Jh Qh 3d]
Seat 2: busychilduk (big blind) showed [8d 9h] and won ($65.50) with a straight, Eight to Queen
Seat 6: Chessnok (button) (small blind) showed [Qc 7c] and lost with a pair of Queens


PokerStars Hand #164529144058:  Hold'em Limit ($3/$6 USD) - 2017/01/13 17:43:48 ET
Table 'Sagittarius' 6-max Seat #6 is the button
Seat 2: busychilduk ($560.93 in chips)
Seat 6: Chessnok ($60 in chips)
Chessnok: posts small blind $1
busychilduk: posts big blind $3
*** HOLE CARDS ***
Chessnok: folds
Uncalled bet ($2) returned to busychilduk
busychilduk collected $2 from pot
*** SUMMARY ***
Total pot $2 | Rake $0
Seat 2: busychilduk (big blind) collected ($2)
Seat 6: Chessnok (button) (small blind) folded before Flop


PokerStars Hand #164529114983:  Hold'em Limit ($3/$6 USD) - 2017/01/13 17:43:16 ET
Table 'Sagittarius' 6-max Seat #2 is the button
Seat 2: busychilduk ($537.43 in chips)
Seat 6: Chessnok ($60 in chips)
busychilduk: posts small blind $1
Chessnok: posts big blind $3
*** HOLE CARDS ***
busychilduk: calls $2
Chessnok: checks
*** FLOP *** [5c 3h 2s]
Chessnok: bets $3
busychilduk: calls $3
*** TURN *** [5c 3h 2s] [8s]
Chessnok: bets $6
busychilduk: raises $6 to $12
Chessnok: calls $6
*** RIVER *** [5c 3h 2s 8s] [8h]
Chessnok: checks
busychilduk: bets $6
Chessnok: calls $6
*** SHOW DOWN ***
busychilduk: shows [5s 4s] (two pair, Eights and Fives)
Chessnok: mucks hand
busychilduk collected $47.50 from pot
*** SUMMARY ***
Total pot $48 | Rake $0.50
Board [5c 3h 2s 8s 8h]
Seat 2: busychilduk (button) (small blind) showed [5s 4s] and won ($47.50) with two pair, Eights and Fives
Seat 6: Chessnok (big blind) mucked


PokerStars Hand #164529150861:  Hold'em Limit ($3/$6 USD) - 2017/01/13 17:43:56 ET
Table 'Sagittarius' 6-max Seat #2 is the button
Seat 2: busychilduk ($561.93 in chips)
Seat 6: Chessnok ($60 in chips)
busychilduk: posts small blind $1
Chessnok: posts big blind $3
*** HOLE CARDS ***
busychilduk: raises $3 to $6
Chessnok: raises $3 to $9
busychilduk: calls $3
*** FLOP *** [Th 4s 7c]
Chessnok: bets $3
busychilduk: calls $3
*** TURN *** [Th 4s 7c] [4h]
Chessnok: bets $6
busychilduk: calls $6
*** RIVER *** [Th 4s 7c 4h] [8d]
Chessnok: checks
busychilduk: bets $6
Chessnok: calls $6
*** SHOW DOWN ***
busychilduk: shows [Ks Jd] (a pair of Fours)
Chessnok: shows [Qs Kc] (a pair of Fours - King+Queen kicker)
Chessnok collected $47.50 from pot
*** SUMMARY ***
Total pot $48 | Rake $0.50
Board [Th 4s 7c 4h 8d]
Seat 2: busychilduk (button) (small blind) showed [Ks Jd] and lost with a pair of Fours
Seat 6: Chessnok (big blind) showed [Qs Kc] and won ($47.50) with a pair of Fours


PokerStars Hand #164529212329:  Hold'em Limit ($3/$6 USD) - 2017/01/13 17:45:03 ET
Table 'Sagittarius' 6-max Seat #6 is the button
Seat 2: busychilduk ($561.43 in chips)
Seat 6: Chessnok ($60 in chips)
Chessnok: posts small blind $1
busychilduk: posts big blind $3
*** HOLE CARDS ***
Chessnok: folds
Uncalled bet ($2) returned to busychilduk
busychilduk collected $2 from pot
*** SUMMARY ***
Total pot $2 | Rake $0
Seat 2: busychilduk (big blind) collected ($2)
Seat 6: Chessnok (button) (small blind) folded before Flop


PokerStars Hand #164529204499:  Hold'em Limit ($3/$6 USD) - 2017/01/13 17:44:55 ET
Table 'Sagittarius' 6-max Seat #2 is the button
Seat 2: busychilduk ($558.43 in chips)
Seat 6: Chessnok ($62.50 in chips)
busychilduk: posts small blind $1
Chessnok: posts big blind $3
*** HOLE CARDS ***
busychilduk: raises $3 to $6
Chessnok: folds
Uncalled bet ($3) returned to busychilduk
busychilduk collected $6 from pot
*** SUMMARY ***
Total pot $6 | Rake $0
Seat 2: busychilduk (button) (small blind) collected ($6)
Seat 6: Chessnok (big blind) folded before Flop


PokerStars Hand #164529170676:  Hold'em Limit ($3/$6 USD) - 2017/01/13 17:44:18 ET
Table 'Sagittarius' 6-max Seat #6 is the button
Seat 2: busychilduk ($537.93 in chips)
Seat 6: Chessnok ($83.50 in chips)
Chessnok: posts small blind $1
busychilduk: posts big blind $3
*** HOLE CARDS ***
Chessnok: raises $3 to $6
busychilduk: raises $3 to $9
Chessnok: raises $3 to $12
Betting is capped
busychilduk: calls $3
*** FLOP *** [Ah 9c 3d]
busychilduk: checks
Chessnok: bets $3
busychilduk: calls $3
*** TURN *** [Ah 9c 3d] [8d]
busychilduk: checks
Chessnok: checks
*** RIVER *** [Ah 9c 3d 8d] [9s]
busychilduk: bets $6
Chessnok: calls $6
*** SHOW DOWN ***
busychilduk: shows [Ac 5c] (two pair, Aces and Nines)
Chessnok: mucks hand
busychilduk collected $41.50 from pot
*** SUMMARY ***
Total pot $42 | Rake $0.50
Board [Ah 9c 3d 8d 9s]
Seat 2: busychilduk (big blind) showed [Ac 5c] and won ($41.50) with two pair, Aces and Nines
Seat 6: Chessnok (button) (small blind) mucked


PokerStars Hand #164529220455:  Hold'em Limit ($3/$6 USD) - 2017/01/13 17:45:12 ET
Table 'Sagittarius' 6-max Seat #6 is the button
Seat 2: busychilduk ($561.43 in chips)
Seat 6: Chessnok ($61 in chips)
Chessnok: posts small blind $1
busychilduk: posts big blind $3
*** HOLE CARDS ***
Chessnok: raises $3 to $6
busychilduk: folds
Uncalled bet ($3) returned to Chessnok
Chessnok collected $6 from pot
Chessnok: doesn't show hand
*** SUMMARY ***
Total pot $6 | Rake $0
Seat 2: busychilduk (big blind) folded before Flop
Seat 6: Chessnok (button) (small blind) collected ($6)


PokerStars Hand #164529216451:  Hold'em Limit ($3/$6 USD) - 2017/01/13 17:45:08 ET
Table 'Sagittarius' 6-max Seat #2 is the button
Seat 2: busychilduk ($562.43 in chips)
Seat 6: Chessnok ($60 in chips)
busychilduk: posts small blind $1
Chessnok: posts big blind $3
*** HOLE CARDS ***
busychilduk: folds
Uncalled bet ($2) returned to Chessnok
Chessnok collected $2 from pot
Chessnok: doesn't show hand
*** SUMMARY ***
Total pot $2 | Rake $0
Seat 2: busychilduk (button) (small blind) folded before Flop
Seat 6: Chessnok (big blind) collected ($2)


PokerStars Hand #164529259831:  Hold'em Limit ($3/$6 USD) - 2017/01/13 17:45:55 ET
Table 'Sagittarius' 6-max Seat #2 is the button
Seat 2: busychilduk ($534.43 in chips)
Seat 6: Chessnok ($87.50 in chips)
busychilduk: posts small blind $1
Chessnok: posts big blind $3
*** HOLE CARDS ***
busychilduk: raises $3 to $6
Chessnok: folds
Uncalled bet ($3) returned to busychilduk
busychilduk collected $6 from pot
*** SUMMARY ***
Total pot $6 | Rake $0
Seat 2: busychilduk (button) (small blind) collected ($6)
Seat 6: Chessnok (big blind) folded before Flop


PokerStars Hand #164529245251:  Hold'em Limit ($3/$6 USD) - 2017/01/13 17:45:39 ET
Table 'Sagittarius' 6-max Seat #6 is the button
Seat 2: busychilduk ($561.43 in chips)
Seat 6: Chessnok ($61 in chips)
Chessnok: posts small blind $1
busychilduk: posts big blind $3
*** HOLE CARDS ***
Chessnok: raises $3 to $6
busychilduk: calls $3
*** FLOP *** [9c Ah 5h]
busychilduk: checks
Chessnok: bets $3
busychilduk: calls $3
*** TURN *** [9c Ah 5h] [9d]
busychilduk: checks
Chessnok: bets $6
busychilduk: raises $6 to $12
Chessnok: calls $6
*** RIVER *** [9c Ah 5h 9d] [6s]
busychilduk: bets $6
Chessnok: calls $6
*** SHOW DOWN ***
busychilduk: shows [Tc 6c] (two pair, Nines and Sixes)
Chessnok: shows [Ts Td] (two pair, Tens and Nines)
Chessnok collected $53.50 from pot
*** SUMMARY ***
Total pot $54 | Rake $0.50
Board [9c Ah 5h 9d 6s]
Seat 2: busychilduk (big blind) showed [Tc 6c] and lost with two pair, Nines and Sixes
Seat 6: Chessnok (button) (small blind) showed [Ts Td] and won ($53.50) with two pair, Tens and Nines


PokerStars Hand #164529275891:  Hold'em Limit ($3/$6 USD) - 2017/01/13 17:46:12 ET
Table 'Sagittarius' 6-max Seat #2 is the button
Seat 2: busychilduk ($528.43 in chips)
Seat 6: Chessnok ($93.14 in chips)
busychilduk: posts small blind $1
Chessnok: posts big blind $3
*** HOLE CARDS ***
busychilduk: folds
Uncalled bet ($2) returned to Chessnok
Chessnok collected $2 from pot
Chessnok: doesn't show hand
*** SUMMARY ***
Total pot $2 | Rake $0
Seat 2: busychilduk (button) (small blind) folded before Flop
Seat 6: Chessnok (big blind) collected ($2)


PokerStars Hand #164529265694:  Hold'em Limit ($3/$6 USD) - 2017/01/13 17:46:01 ET
Table 'Sagittarius' 6-max Seat #6 is the button
Seat 2: busychilduk ($537.43 in chips)
Seat 6: Chessnok ($84.50 in chips)
Chessnok: posts small blind $1
busychilduk: posts big blind $3
*** HOLE CARDS ***
Chessnok: raises $3 to $6
busychilduk: calls $3
*** FLOP *** [Ts 3h 8c]
busychilduk: checks
Chessnok: bets $3
busychilduk: calls $3
*** TURN *** [Ts 3h 8c] [6d]
busychilduk: checks
Chessnok: bets $6
busychilduk: folds
Uncalled bet ($6) returned to Chessnok
Chessnok collected $17.64 from pot
Chessnok: doesn't show hand
*** SUMMARY ***
Total pot $18 | Rake $0.36
Board [Ts 3h 8c 6d]
Seat 2: busychilduk (big blind) folded on the Turn
Seat 6: Chessnok (button) (small blind) collected ($17.64)


PokerStars Hand #164529240968:  Hold'em Limit ($3/$6 USD) - 2017/01/13 17:45:34 ET
Table 'Sagittarius' 6-max Seat #2 is the button
Seat 2: busychilduk ($562.43 in chips)
Seat 6: Chessnok ($60 in chips)
busychilduk: posts small blind $1
Chessnok: posts big blind $3
*** HOLE CARDS ***
busychilduk: folds
Uncalled bet ($2) returned to Chessnok
Chessnok collected $2 from pot
Chessnok: doesn't show hand
*** SUMMARY ***
Total pot $2 | Rake $0
Seat 2: busychilduk (button) (small blind) folded before Flop
Seat 6: Chessnok (big blind) collected ($2)


PokerStars Hand #164529236975:  Hold'em Limit ($3/$6 USD) - 2017/01/13 17:45:30 ET
Table 'Sagittarius' 6-max Seat #6 is the button
Seat 2: busychilduk ($561.43 in chips)
Seat 6: Chessnok ($61 in chips)
Chessnok: posts small blind $1
busychilduk: posts big blind $3
*** HOLE CARDS ***
Chessnok: folds
Uncalled bet ($2) returned to busychilduk
busychilduk collected $2 from pot
*** SUMMARY ***
Total pot $2 | Rake $0
Seat 2: busychilduk (big blind) collected ($2)
Seat 6: Chessnok (button) (small blind) folded before Flop


PokerStars Hand #164529229065:  Hold'em Limit ($3/$6 USD) - 2017/01/13 17:45:21 ET
Table 'Sagittarius' 6-max Seat #2 is the button
Seat 2: busychilduk ($558.43 in chips)
Seat 6: Chessnok ($64 in chips)
busychilduk: posts small blind $1
Chessnok: posts big blind $3
*** HOLE CARDS ***
busychilduk: raises $3 to $6
Chessnok: folds
Uncalled bet ($3) returned to busychilduk
busychilduk collected $6 from pot
*** SUMMARY ***
Total pot $6 | Rake $0
Seat 2: busychilduk (button) (small blind) collected ($6)
Seat 6: Chessnok (big blind) folded before Flop


PokerStars Hand #164529295362:  Hold'em Limit ($3/$6 USD) - 2017/01/13 17:46:33 ET
Table 'Sagittarius' 6-max Seat #2 is the button
Seat 2: busychilduk ($509.43 in chips)
Seat 6: Chessnok ($111.64 in chips)
busychilduk: posts small blind $1
Chessnok: posts big blind $3
*** HOLE CARDS ***
busychilduk: folds
Uncalled bet ($2) returned to Chessnok
Chessnok collected $2 from pot
Chessnok: doesn't show hand
*** SUMMARY ***
Total pot $2 | Rake $0
Seat 2: busychilduk (button) (small blind) folded before Flop
Seat 6: Chessnok (big blind) collected ($2)


PokerStars Hand #164529279768:  Hold'em Limit ($3/$6 USD) - 2017/01/13 17:46:17 ET
Table 'Sagittarius' 6-max Seat #6 is the button
Seat 2: busychilduk ($527.43 in chips)
Seat 6: Chessnok ($94.14 in chips)
Chessnok: posts small blind $1
busychilduk: posts big blind $3
*** HOLE CARDS ***
Chessnok: raises $3 to $6
busychilduk: raises $3 to $9
Chessnok: calls $3
*** FLOP *** [2s Ah Tc]
busychilduk: bets $3
Chessnok: calls $3
*** TURN *** [2s Ah Tc] [3s]
busychilduk: bets $6
Chessnok: raises $6 to $12
busychilduk: folds
Uncalled bet ($6) returned to Chessnok
Chessnok collected $35.50 from pot
Chessnok: doesn't show hand
*** SUMMARY ***
Total pot $36 | Rake $0.50
Board [2s Ah Tc 3s]
Seat 2: busychilduk (big blind) folded on the Turn
Seat 6: Chessnok (button) (small blind) collected ($35.50)


PokerStars Hand #164529329833:  Hold'em Limit ($3/$6 USD) - 2017/01/13 17:47:11 ET
Table 'Sagittarius' 6-max Seat #6 is the button
Seat 2: busychilduk ($516.95 in chips)
Seat 6: Chessnok ($103.64 in chips)
Chessnok: posts small blind $1
busychilduk: posts big blind $3
*** HOLE CARDS ***
Chessnok: raises $3 to $6
busychilduk: folds
Uncalled bet ($3) returned to Chessnok
Chessnok collected $6 from pot
Chessnok: doesn't show hand
*** SUMMARY ***
Total pot $6 | Rake $0
Seat 2: busychilduk (big blind) folded before Flop
Seat 6: Chessnok (button) (small blind) collected ($6)


PokerStars Hand #164529303926:  Hold'em Limit ($3/$6 USD) - 2017/01/13 17:46:43 ET
Table 'Sagittarius' 6-max Seat #2 is the button
Seat 2: busychilduk ($505.43 in chips)
Seat 6: Chessnok ($115.64 in chips)
busychilduk: posts small blind $1
Chessnok: posts big blind $3
*** HOLE CARDS ***
busychilduk: raises $3 to $6
Chessnok: raises $3 to $9
busychilduk: raises $3 to $12
Betting is capped
Chessnok: calls $3
*** FLOP *** [9d Jh Jd]
Chessnok: checks
busychilduk: checks
*** TURN *** [9d Jh Jd] [2s]
Chessnok: checks
busychilduk: bets $6
Chessnok: folds
Uncalled bet ($6) returned to busychilduk
busychilduk collected $23.52 from pot
*** SUMMARY ***
Total pot $24 | Rake $0.48
Board [9d Jh Jd 2s]
Seat 2: busychilduk (button) (small blind) collected ($23.52)
Seat 6: Chessnok (big blind) folded on the Turn


PokerStars Hand #164529299775:  Hold'em Limit ($3/$6 USD) - 2017/01/13 17:46:38 ET
Table 'Sagittarius' 6-max Seat #6 is the button
Seat 2: busychilduk ($508.43 in chips)
Seat 6: Chessnok ($112.64 in chips)
Chessnok: posts small blind $1
busychilduk: posts big blind $3
*** HOLE CARDS ***
Chessnok: raises $3 to $6
busychilduk: folds
Uncalled bet ($3) returned to Chessnok
Chessnok collected $6 from pot
Chessnok: doesn't show hand
*** SUMMARY ***
Total pot $6 | Rake $0
Seat 2: busychilduk (big blind) folded before Flop
Seat 6: Chessnok (button) (small blind) collected ($6)


PokerStars Hand #164529376844:  Hold'em Limit ($3/$6 USD) - 2017/01/13 17:48:01 ET
Table 'Sagittarius' 6-max Seat #2 is the button
Seat 2: busychilduk ($462.95 in chips)
Seat 6: Chessnok ($156.64 in chips)
busychilduk: posts small blind $1
Chessnok: posts big blind $3
*** HOLE CARDS ***
busychilduk: folds
Uncalled bet ($2) returned to Chessnok
Chessnok collected $2 from pot
Chessnok: doesn't show hand
*** SUMMARY ***
Total pot $2 | Rake $0
Seat 2: busychilduk (button) (small blind) folded before Flop
Seat 6: Chessnok (big blind) collected ($2)


PokerStars Hand #164529360020:  Hold'em Limit ($3/$6 USD) - 2017/01/13 17:47:43 ET
Table 'Sagittarius' 6-max Seat #6 is the button
Seat 2: busychilduk ($489.95 in chips)
Seat 6: Chessnok ($130.14 in chips)
Chessnok: posts small blind $1
busychilduk: posts big blind $3
*** HOLE CARDS ***
Chessnok: raises $3 to $6
busychilduk: calls $3
*** FLOP *** [Jc 5h Ad]
busychilduk: checks
Chessnok: bets $3
busychilduk: calls $3
*** TURN *** [Jc 5h Ad] [3s]
busychilduk: checks
Chessnok: bets $6
busychilduk: raises $6 to $12
Chessnok: calls $6
*** RIVER *** [Jc 5h Ad 3s] [Ac]
busychilduk: bets $6
Chessnok: calls $6
*** SHOW DOWN ***
busychilduk: shows [7h Th] (a pair of Aces)
Chessnok: shows [Qd 5s] (two pair, Aces and Fives)
Chessnok collected $53.50 from pot
*** SUMMARY ***
Total pot $54 | Rake $0.50
Board [Jc 5h Ad 3s Ac]
Seat 2: busychilduk (big blind) showed [7h Th] and lost with a pair of Aces
Seat 6: Chessnok (button) (small blind) showed [Qd 5s] and won ($53.50) with two pair, Aces and Fives


PokerStars Hand #164529339235:  Hold'em Limit ($3/$6 USD) - 2017/01/13 17:47:21 ET
Table 'Sagittarius' 6-max Seat #2 is the button
Seat 2: busychilduk ($513.95 in chips)
Seat 6: Chessnok ($106.64 in chips)
busychilduk: posts small blind $1
Chessnok: posts big blind $3
*** HOLE CARDS ***
busychilduk: raises $3 to $6
Chessnok: calls $3
*** FLOP *** [Qd Qh Ks]
Chessnok: checks
busychilduk: bets $3
Chessnok: raises $3 to $6
busychilduk: calls $3
*** TURN *** [Qd Qh Ks] [5d]
Chessnok: bets $6
busychilduk: calls $6
*** RIVER *** [Qd Qh Ks 5d] [Jc]
Chessnok: bets $6
busychilduk: calls $6
*** SHOW DOWN ***
Chessnok: shows [Qs 6c] (three of a kind, Queens)
busychilduk: mucks hand
Chessnok collected $47.50 from pot
*** SUMMARY ***
Total pot $48 | Rake $0.50
Board [Qd Qh Ks 5d Jc]
Seat 2: busychilduk (button) (small blind) mucked
Seat 6: Chessnok (big blind) showed [Qs 6c] and won ($47.50) with three of a kind, Queens


PokerStars Hand #164529422509:  Hold'em Limit ($3/$6 USD) - 2017/01/13 17:48:51 ET
Table 'Sagittarius' 6-max Seat #6 is the button
Seat 2: busychilduk ($422.45 in chips)
Seat 6: Chessnok ($196.14 in chips)
Chessnok: posts small blind $1
busychilduk: posts big blind $3
*** HOLE CARDS ***
Chessnok: raises $3 to $6
busychilduk: calls $3
*** FLOP *** [Jd 4h 9h]
busychilduk: checks
Chessnok: bets $3
busychilduk: folds
Uncalled bet ($3) returned to Chessnok
Chessnok collected $11.76 from pot
Chessnok: doesn't show hand
*** SUMMARY ***
Total pot $12 | Rake $0.24
Board [Jd 4h 9h]
Seat 2: busychilduk (big blind) folded on the Flop
Seat 6: Chessnok (button) (small blind) collected ($11.76)


PokerStars Hand #164529409279:  Hold'em Limit ($3/$6 USD) - 2017/01/13 17:48:37 ET
Table 'Sagittarius' 6-max Seat #2 is the button
Seat 2: busychilduk ($407.95 in chips)
Seat 6: Chessnok ($211.14 in chips)
busychilduk: posts small blind $1
Chessnok: posts big blind $3
busychilduk said, "seriously?"
*** HOLE CARDS ***
busychilduk: raises $3 to $6
Chessnok: calls $3
*** FLOP *** [5s 2d Qs]
Chessnok: checks
busychilduk: bets $3
Chessnok: calls $3
*** TURN *** [5s 2d Qs] [2h]
Chessnok: checks
busychilduk: bets $6
Chessnok: calls $6
*** RIVER *** [5s 2d Qs 2h] [8c]
Chessnok: checks
busychilduk: bets $6
Chessnok: folds
Uncalled bet ($6) returned to busychilduk
busychilduk collected $29.50 from pot
*** SUMMARY ***
Total pot $30 | Rake $0.50
Board [5s 2d Qs 2h 8c]
Seat 2: busychilduk (button) (small blind) collected ($29.50)
Seat 6: Chessnok (big blind) folded on the River


PokerStars Hand #164529432611:  Hold'em Limit ($3/$6 USD) - 2017/01/13 17:49:02 ET
Table 'Sagittarius' 6-max Seat #2 is the button
Seat 2: busychilduk ($416.45 in chips)
Seat 6: Chessnok ($201.90 in chips)
busychilduk: posts small blind $1
Chessnok: posts big blind $3
*** HOLE CARDS ***
busychilduk: raises $3 to $6
Chessnok: raises $3 to $9
busychilduk: calls $3
*** FLOP *** [9c Kh 6d]
Chessnok: bets $3
busychilduk: calls $3
*** TURN *** [9c Kh 6d] [7d]
Chessnok: checks
busychilduk: bets $6
Chessnok: calls $6
*** RIVER *** [9c Kh 6d 7d] [Jd]
Chessnok: checks
busychilduk: bets $6
Chessnok: calls $6
*** SHOW DOWN ***
busychilduk: shows [Kd 6s] (two pair, Kings and Sixes)
Chessnok: mucks hand
busychilduk collected $47.50 from pot
*** SUMMARY ***
Total pot $48 | Rake $0.50
Board [9c Kh 6d 7d Jd]
Seat 2: busychilduk (button) (small blind) showed [Kd 6s] and won ($47.50) with two pair, Kings and Sixes
Seat 6: Chessnok (big blind) mucked


PokerStars Hand #164529380650:  Hold'em Limit ($3/$6 USD) - 2017/01/13 17:48:05 ET
Table 'Sagittarius' 6-max Seat #6 is the button
Seat 2: busychilduk ($461.95 in chips)
Seat 6: Chessnok ($157.64 in chips)
Chessnok: posts small blind $1
busychilduk: posts big blind $3
*** HOLE CARDS ***
Chessnok: raises $3 to $6
busychilduk: raises $3 to $9
Chessnok: calls $3
*** FLOP *** [8h Ac Ks]
busychilduk: checks
Chessnok: bets $3
busychilduk: calls $3
*** TURN *** [8h Ac Ks] [6c]
busychilduk: checks
Chessnok: bets $6
busychilduk: raises $6 to $12
Chessnok: raises $6 to $18
busychilduk: calls $6
*** RIVER *** [8h Ac Ks 6c] [6s]
busychilduk: bets $6
Chessnok: raises $6 to $12
busychilduk: raises $6 to $18
Chessnok: raises $6 to $24
Betting is capped
busychilduk: calls $6
*** SHOW DOWN ***
Chessnok: shows [8c 8s] (a full house, Eights full of Sixes)
busychilduk: mucks hand
Chessnok collected $107.50 from pot
*** SUMMARY ***
Total pot $108 | Rake $0.50
Board [8h Ac Ks 6c 6s]
Seat 2: busychilduk (big blind) mucked
Seat 6: Chessnok (button) (small blind) showed [8c 8s] and won ($107.50) with a full house, Eights full of Sixes


PokerStars Hand #164529506229:  Hold'em Limit ($3/$6 USD) - 2017/01/13 17:50:15 ET
Table 'Sagittarius' 6-max Seat #2 is the button
Seat 2: busychilduk ($525.45 in chips)
Seat 6: Chessnok ($90.90 in chips)
busychilduk: posts small blind $1
Chessnok: posts big blind $3
*** HOLE CARDS ***
busychilduk: raises $3 to $6
Chessnok: calls $3
*** FLOP *** [Th Td 2s]
Chessnok: checks
busychilduk: checks
*** TURN *** [Th Td 2s] [6d]
Chessnok: bets $6
busychilduk: folds
Uncalled bet ($6) returned to Chessnok
Chessnok collected $11.76 from pot
Chessnok: doesn't show hand
*** SUMMARY ***
Total pot $12 | Rake $0.24
Board [Th Td 2s 6d]
Seat 2: busychilduk (button) (small blind) folded on the Turn
Seat 6: Chessnok (big blind) collected ($11.76)


PokerStars Hand #164529488245:  Hold'em Limit ($3/$6 USD) - 2017/01/13 17:49:55 ET
Table 'Sagittarius' 6-max Seat #6 is the button
Seat 2: busychilduk ($492.95 in chips)
Seat 6: Chessnok ($123.90 in chips)
Chessnok: posts small blind $1
busychilduk: posts big blind $3
*** HOLE CARDS ***
Chessnok: raises $3 to $6
busychilduk: calls $3
*** FLOP *** [6s Ks Tc]
busychilduk: checks
Chessnok: bets $3
busychilduk: calls $3
*** TURN *** [6s Ks Tc] [5s]
busychilduk: checks
Chessnok: bets $6
busychilduk: raises $6 to $12
Chessnok: calls $6
*** RIVER *** [6s Ks Tc 5s] [7h]
busychilduk: bets $6
Chessnok: raises $6 to $12
busychilduk: calls $6
*** SHOW DOWN ***
Chessnok: shows [8h Js] (high card King)
busychilduk: shows [8s 6h] (a pair of Sixes)
busychilduk collected $65.50 from pot
*** SUMMARY ***
Total pot $66 | Rake $0.50
Board [6s Ks Tc 5s 7h]
Seat 2: busychilduk (big blind) showed [8s 6h] and won ($65.50) with a pair of Sixes
Seat 6: Chessnok (button) (small blind) showed [8h Js] and lost with high card King


PokerStars Hand #164529461968:  Hold'em Limit ($3/$6 USD) - 2017/01/13 17:49:34 ET
Table 'Sagittarius' 6-max Seat #2 is the button
Seat 2: busychilduk ($469.45 in chips)
Seat 6: Chessnok ($147.90 in chips)
busychilduk: posts small blind $1
Chessnok: posts big blind $3
*** HOLE CARDS ***
busychilduk: raises $3 to $6
Chessnok: calls $3
*** FLOP *** [Jh 8d 2h]
Chessnok: checks
busychilduk: bets $3
Chessnok: raises $3 to $6
busychilduk: calls $3
*** TURN *** [Jh 8d 2h] [Ad]
Chessnok: bets $6
busychilduk: raises $6 to $12
Chessnok: calls $6
*** RIVER *** [Jh 8d 2h Ad] [5s]
Chessnok: checks
busychilduk: bets $6
Chessnok: folds
Uncalled bet ($6) returned to busychilduk
busychilduk collected $47.50 from pot
*** SUMMARY ***
Total pot $48 | Rake $0.50
Board [Jh 8d 2h Ad 5s]
Seat 2: busychilduk (button) (small blind) collected ($47.50)
Seat 6: Chessnok (big blind) folded on the River


PokerStars Hand #164529447284:  Hold'em Limit ($3/$6 USD) - 2017/01/13 17:49:18 ET
Table 'Sagittarius' 6-max Seat #6 is the button
Seat 2: busychilduk ($439.95 in chips)
Seat 6: Chessnok ($177.90 in chips)
Chessnok: posts small blind $1
busychilduk: posts big blind $3
*** HOLE CARDS ***
Chessnok: raises $3 to $6
busychilduk: raises $3 to $9
Chessnok: calls $3
*** FLOP *** [4s 3c 2d]
busychilduk: bets $3
Chessnok: calls $3
*** TURN *** [4s 3c 2d] [6h]
busychilduk: bets $6
Chessnok: raises $6 to $12
busychilduk: calls $6
*** RIVER *** [4s 3c 2d 6h] [Jd]
busychilduk: checks
Chessnok: bets $6
busychilduk: calls $6
*** SHOW DOWN ***
Chessnok: shows [7s 9c] (high card Jack)
busychilduk: shows [Ah 7c] (high card Ace)
busychilduk collected $59.50 from pot
*** SUMMARY ***
Total pot $60 | Rake $0.50
Board [4s 3c 2d 6h Jd]
Seat 2: busychilduk (big blind) showed [Ah 7c] and won ($59.50) with high card Ace
Seat 6: Chessnok (button) (small blind) showed [7s 9c] and lost with high card Jack


PokerStars Hand #164529537860:  Hold'em Limit ($3/$6 USD) - 2017/01/13 17:50:49 ET
Table 'Sagittarius' 6-max Seat #6 is the button
Seat 2: busychilduk ($536.95 in chips)
Seat 6: Chessnok ($78.66 in chips)
Chessnok: posts small blind $1
busychilduk: posts big blind $3
*** HOLE CARDS ***
Chessnok: raises $3 to $6
busychilduk: calls $3
*** FLOP *** [6h 9h 2h]
busychilduk: checks
Chessnok: bets $3
busychilduk: folds
Uncalled bet ($3) returned to Chessnok
Chessnok collected $11.76 from pot
Chessnok: doesn't show hand
*** SUMMARY ***
Total pot $12 | Rake $0.24
Board [6h 9h 2h]
Seat 2: busychilduk (big blind) folded on the Flop
Seat 6: Chessnok (button) (small blind) collected ($11.76)


PokerStars Hand #164529523770:  Hold'em Limit ($3/$6 USD) - 2017/01/13 17:50:34 ET
Table 'Sagittarius' 6-max Seat #2 is the button
Seat 2: busychilduk ($516.45 in chips)
Seat 6: Chessnok ($99.66 in chips)
busychilduk: posts small blind $1
Chessnok: posts big blind $3
*** HOLE CARDS ***
busychilduk: raises $3 to $6
Chessnok: calls $3
*** FLOP *** [Ac 3s 2c]
Chessnok: checks
busychilduk: bets $3
Chessnok: calls $3
*** TURN *** [Ac 3s 2c] [As]
Chessnok: checks
busychilduk: bets $6
Chessnok: calls $6
*** RIVER *** [Ac 3s 2c As] [Td]
Chessnok: checks
busychilduk: bets $6
Chessnok: calls $6
*** SHOW DOWN ***
busychilduk: shows [2s 4s] (two pair, Aces and Deuces)
Chessnok: mucks hand
busychilduk collected $41.50 from pot
*** SUMMARY ***
Total pot $42 | Rake $0.50
Board [Ac 3s 2c As Td]
Seat 2: busychilduk (button) (small blind) showed [2s 4s] and won ($41.50) with two pair, Aces and Deuces
Seat 6: Chessnok (big blind) mucked


PokerStars Hand #164529549517:  Hold'em Limit ($3/$6 USD) - 2017/01/13 17:51:02 ET
Table 'Sagittarius' 6-max Seat #6 is the button
Seat 2: busychilduk ($529.95 in chips)
Seat 6: Chessnok ($85.42 in chips)
Chessnok: posts small blind $1
busychilduk: posts big blind $3
*** HOLE CARDS ***
Chessnok: folds
Uncalled bet ($2) returned to busychilduk
busychilduk collected $2 from pot
*** SUMMARY ***
Total pot $2 | Rake $0
Seat 2: busychilduk (big blind) collected ($2)
Seat 6: Chessnok (button) (small blind) folded before Flop


PokerStars Hand #164529545739:  Hold'em Limit ($3/$6 USD) - 2017/01/13 17:50:58 ET
Table 'Sagittarius' 6-max Seat #2 is the button
Seat 2: busychilduk ($530.95 in chips)
Seat 6: Chessnok ($84.42 in chips)
busychilduk: posts small blind $1
Chessnok: posts big blind $3
*** HOLE CARDS ***
busychilduk: folds
Uncalled bet ($2) returned to Chessnok
Chessnok collected $2 from pot
Chessnok: doesn't show hand
*** SUMMARY ***
Total pot $2 | Rake $0
Seat 2: busychilduk (button) (small blind) folded before Flop
Seat 6: Chessnok (big blind) collected ($2)


PokerStars Hand #164529517823:  Hold'em Limit ($3/$6 USD) - 2017/01/13 17:50:27 ET
Table 'Sagittarius' 6-max Seat #6 is the button
Seat 2: busychilduk ($519.45 in chips)
Seat 6: Chessnok ($96.66 in chips)
Chessnok: posts small blind $1
busychilduk: posts big blind $3
*** HOLE CARDS ***
Chessnok: raises $3 to $6
busychilduk: folds
Uncalled bet ($3) returned to Chessnok
Chessnok collected $6 from pot
Chessnok: doesn't show hand
*** SUMMARY ***
Total pot $6 | Rake $0
Seat 2: busychilduk (big blind) folded before Flop
Seat 6: Chessnok (button) (small blind) collected ($6)


PokerStars Hand #164529603601:  Hold'em Limit ($3/$6 USD) - 2017/01/13 17:52:01 ET
Table 'Sagittarius' 6-max Seat #2 is the button
Seat 2: busychilduk ($564.45 in chips)
Seat 6: Chessnok ($60 in chips)
busychilduk: posts small blind $1
Chessnok: posts big blind $3
*** HOLE CARDS ***
busychilduk: raises $3 to $6
Chessnok: calls $3
*** FLOP *** [2s 2d 6d]
Chessnok: checks
busychilduk: checks
*** TURN *** [2s 2d 6d] [Qc]
Chessnok: bets $6
busychilduk: folds
Uncalled bet ($6) returned to Chessnok
Chessnok collected $11.76 from pot
Chessnok: doesn't show hand
*** SUMMARY ***
Total pot $12 | Rake $0.24
Board [2s 2d 6d Qc]
Seat 2: busychilduk (button) (small blind) folded on the Turn
Seat 6: Chessnok (big blind) collected ($11.76)


PokerStars Hand #164529612080:  Hold'em Limit ($3/$6 USD) - 2017/01/13 17:52:10 ET
Table 'Sagittarius' 6-max Seat #6 is the button
Seat 2: busychilduk ($558.45 in chips)
Seat 6: Chessnok ($65.76 in chips)
Chessnok: posts small blind $1
busychilduk: posts big blind $3
*** HOLE CARDS ***
Chessnok: raises $3 to $6
busychilduk: calls $3
*** FLOP *** [Ah Kd 5h]
busychilduk: checks
Chessnok: checks
*** TURN *** [Ah Kd 5h] [8d]
busychilduk: bets $6
Chessnok: calls $6
*** RIVER *** [Ah Kd 5h 8d] [4c]
busychilduk: bets $6
Chessnok: calls $6
*** SHOW DOWN ***
busychilduk: shows [Qd 6c] (high card Ace)
Chessnok: shows [3s 4s] (a pair of Fours)
Chessnok collected $35.50 from pot
*** SUMMARY ***
Total pot $36 | Rake $0.50
Board [Ah Kd 5h 8d 4c]
Seat 2: busychilduk (big blind) showed [Qd 6c] and lost with high card Ace
Seat 6: Chessnok (button) (small blind) showed [3s 4s] and won ($35.50) with a pair of Fours


PokerStars Hand #164529597910:  Hold'em Limit ($3/$6 USD) - 2017/01/13 17:51:55 ET
Table 'Sagittarius' 6-max Seat #6 is the button
Seat 2: busychilduk ($563.45 in chips)
Seat 6: Chessnok ($60 in chips)
Chessnok: posts small blind $1
busychilduk: posts big blind $3
*** HOLE CARDS ***
Chessnok: folds
Uncalled bet ($2) returned to busychilduk
busychilduk collected $2 from pot
*** SUMMARY ***
Total pot $2 | Rake $0
Seat 2: busychilduk (big blind) collected ($2)
Seat 6: Chessnok (button) (small blind) folded before Flop


PokerStars Hand #164529554218:  Hold'em Limit ($3/$6 USD) - 2017/01/13 17:51:07 ET
Table 'Sagittarius' 6-max Seat #2 is the button
Seat 2: busychilduk ($530.95 in chips)
Seat 6: Chessnok ($84.42 in chips)
busychilduk: posts small blind $1
Chessnok: posts big blind $3
*** HOLE CARDS ***
busychilduk: raises $3 to $6
Chessnok: raises $3 to $9
busychilduk: raises $3 to $12
Betting is capped
Chessnok: calls $3
*** FLOP *** [8s Jh Ks]
Chessnok: checks
busychilduk: bets $3
Chessnok: calls $3
*** TURN *** [8s Jh Ks] [4s]
Chessnok: bets $6
busychilduk: raises $6 to $12
Chessnok: calls $6
*** RIVER *** [8s Jh Ks 4s] [5c]
Chessnok: checks
busychilduk: bets $6
Chessnok: calls $6
*** SHOW DOWN ***
busychilduk: shows [8c 8h] (three of a kind, Eights)
Chessnok: mucks hand
busychilduk collected $65.50 from pot
*** SUMMARY ***
Total pot $66 | Rake $0.50
Board [8s Jh Ks 4s 5c]
Seat 2: busychilduk (button) (small blind) showed [8c 8h] and won ($65.50) with three of a kind, Eights
Seat 6: Chessnok (big blind) mucked


PokerStars Hand #164529670734:  Hold'em Limit ($3/$6 USD) - 2017/01/13 17:53:14 ET
Table 'Sagittarius' 6-max Seat #2 is the button
Seat 2: busychilduk ($559.71 in chips)
Seat 6: Chessnok ($64 in chips)
busychilduk: posts small blind $1
Chessnok: posts big blind $3
*** HOLE CARDS ***
busychilduk: raises $3 to $6
Chessnok: calls $3
*** FLOP *** [9d 8s Kc]
Chessnok: checks
busychilduk: bets $3
Chessnok: folds
Uncalled bet ($3) returned to busychilduk
busychilduk collected $11.76 from pot
*** SUMMARY ***
Total pot $12 | Rake $0.24
Board [9d 8s Kc]
Seat 2: busychilduk (button) (small blind) collected ($11.76)
Seat 6: Chessnok (big blind) folded on the Flop


PokerStars Hand #164529664904:  Hold'em Limit ($3/$6 USD) - 2017/01/13 17:53:08 ET
Table 'Sagittarius' 6-max Seat #6 is the button
Seat 2: busychilduk ($562.71 in chips)
Seat 6: Chessnok ($61 in chips)
Chessnok: posts small blind $1
busychilduk: posts big blind $3
*** HOLE CARDS ***
Chessnok: raises $3 to $6
busychilduk: folds
Uncalled bet ($3) returned to Chessnok
Chessnok collected $6 from pot
Chessnok: doesn't show hand
*** SUMMARY ***
Total pot $6 | Rake $0
Seat 2: busychilduk (big blind) folded before Flop
Seat 6: Chessnok (button) (small blind) collected ($6)


PokerStars Hand #164529652609:  Hold'em Limit ($3/$6 USD) - 2017/01/13 17:52:54 ET
Table 'Sagittarius' 6-max Seat #2 is the button
Seat 2: busychilduk ($563.71 in chips)
Seat 6: Chessnok ($60 in chips)
busychilduk: posts small blind $1
Chessnok: posts big blind $3
*** HOLE CARDS ***
busychilduk: folds
Uncalled bet ($2) returned to Chessnok
Chessnok collected $2 from pot
Chessnok: doesn't show hand
*** SUMMARY ***
Total pot $2 | Rake $0
Seat 2: busychilduk (button) (small blind) folded before Flop
Seat 6: Chessnok (big blind) collected ($2)


PokerStars Hand #164529637470:  Hold'em Limit ($3/$6 USD) - 2017/01/13 17:52:38 ET
Table 'Sagittarius' 6-max Seat #6 is the button
Seat 2: busychilduk ($546.21 in chips)
Seat 6: Chessnok ($77.26 in chips)
Chessnok: posts small blind $1
busychilduk: posts big blind $3
*** HOLE CARDS ***
Chessnok: raises $3 to $6
busychilduk: raises $3 to $9
Chessnok: calls $3
*** FLOP *** [2c 7c 9d]
busychilduk: bets $3
Chessnok: calls $3
*** TURN *** [2c 7c 9d] [Js]
busychilduk: checks
Chessnok: checks
*** RIVER *** [2c 7c 9d Js] [5h]
busychilduk: bets $6
Chessnok: calls $6
*** SHOW DOWN ***
busychilduk: shows [Qd Ad] (high card Ace)
Chessnok: mucks hand
busychilduk collected $35.50 from pot
*** SUMMARY ***
Total pot $36 | Rake $0.50
Board [2c 7c 9d Js 5h]
Seat 2: busychilduk (big blind) showed [Qd Ad] and won ($35.50) with high card Ace
Seat 6: Chessnok (button) (small blind) mucked


PokerStars Hand #164529628710:  Hold'em Limit ($3/$6 USD) - 2017/01/13 17:52:28 ET
Table 'Sagittarius' 6-max Seat #2 is the button
Seat 2: busychilduk ($540.45 in chips)
Seat 6: Chessnok ($83.26 in chips)
busychilduk: posts small blind $1
Chessnok: posts big blind $3
*** HOLE CARDS ***
busychilduk: raises $3 to $6
Chessnok: calls $3
*** FLOP *** [6s 6c Tc]
Chessnok: checks
busychilduk: bets $3
Chessnok: folds
Uncalled bet ($3) returned to busychilduk
busychilduk collected $11.76 from pot
*** SUMMARY ***
Total pot $12 | Rake $0.24
Board [6s 6c Tc]
Seat 2: busychilduk (button) (small blind) collected ($11.76)
Seat 6: Chessnok (big blind) folded on the Flop


PokerStars Hand #164529733372:  Hold'em Limit ($3/$6 USD) - 2017/01/13 17:54:23 ET
Table 'Sagittarius' 6-max Seat #6 is the button
Seat 2: busychilduk ($510.47 in chips)
Seat 6: Chessnok ($114 in chips)
Chessnok: posts small blind $1
busychilduk: posts big blind $3
*** HOLE CARDS ***
Chessnok: folds
Uncalled bet ($2) returned to busychilduk
busychilduk collected $2 from pot
*** SUMMARY ***
Total pot $2 | Rake $0
Seat 2: busychilduk (big blind) collected ($2)
Seat 6: Chessnok (button) (small blind) folded before Flop


PokerStars Hand #164529716357:  Hold'em Limit ($3/$6 USD) - 2017/01/13 17:54:04 ET
Table 'Sagittarius' 6-max Seat #2 is the button
Seat 2: busychilduk ($537.47 in chips)
Seat 6: Chessnok ($87.50 in chips)
busychilduk: posts small blind $1
Chessnok: posts big blind $3
*** HOLE CARDS ***
busychilduk: raises $3 to $6
Chessnok: raises $3 to $9
busychilduk: raises $3 to $12
Betting is capped
Chessnok: calls $3
*** FLOP *** [Tc Ad Js]
Chessnok: bets $3
busychilduk: calls $3
*** TURN *** [Tc Ad Js] [Kd]
Chessnok: checks
busychilduk: bets $6
Chessnok: calls $6
*** RIVER *** [Tc Ad Js Kd] [4d]
Chessnok: checks
busychilduk: bets $6
Chessnok: calls $6
*** SHOW DOWN ***
busychilduk: shows [9c Jc] (a pair of Jacks)
Chessnok: shows [8c Kh] (a pair of Kings)
Chessnok collected $53.50 from pot
*** SUMMARY ***
Total pot $54 | Rake $0.50
Board [Tc Ad Js Kd 4d]
Seat 2: busychilduk (button) (small blind) showed [9c Jc] and lost with a pair of Jacks
Seat 6: Chessnok (big blind) showed [8c Kh] and won ($53.50) with a pair of Kings


PokerStars Hand #164529710909:  Hold'em Limit ($3/$6 USD) - 2017/01/13 17:53:58 ET
Table 'Sagittarius' 6-max Seat #6 is the button
Seat 2: busychilduk ($540.47 in chips)
Seat 6: Chessnok ($84.50 in chips)
Chessnok: posts small blind $1
busychilduk: posts big blind $3
*** HOLE CARDS ***
Chessnok: raises $3 to $6
busychilduk: folds
Uncalled bet ($3) returned to Chessnok
Chessnok collected $6 from pot
Chessnok: doesn't show hand
*** SUMMARY ***
Total pot $6 | Rake $0
Seat 2: busychilduk (big blind) folded before Flop
Seat 6: Chessnok (button) (small blind) collected ($6)


PokerStars Hand #164529705562:  Hold'em Limit ($3/$6 USD) - 2017/01/13 17:53:52 ET
Table 'Sagittarius' 6-max Seat #2 is the button
Seat 2: busychilduk ($541.47 in chips)
Seat 6: Chessnok ($83.50 in chips)
busychilduk: posts small blind $1
Chessnok: posts big blind $3
*** HOLE CARDS ***
busychilduk: folds
Uncalled bet ($2) returned to Chessnok
Chessnok collected $2 from pot
Chessnok: doesn't show hand
*** SUMMARY ***
Total pot $2 | Rake $0
Seat 2: busychilduk (button) (small blind) folded before Flop
Seat 6: Chessnok (big blind) collected ($2)


PokerStars Hand #164529683521:  Hold'em Limit ($3/$6 USD) - 2017/01/13 17:53:28 ET
Table 'Sagittarius' 6-max Seat #6 is the button
Seat 2: busychilduk ($565.47 in chips)
Seat 6: Chessnok ($60 in chips)
Chessnok: posts small blind $1
busychilduk: posts big blind $3
*** HOLE CARDS ***
Chessnok: raises $3 to $6
busychilduk: raises $3 to $9
Chessnok: calls $3
*** FLOP *** [2c Kc 5h]
busychilduk: bets $3
Chessnok: calls $3
*** TURN *** [2c Kc 5h] [5c]
busychilduk: bets $6
Chessnok: calls $6
*** RIVER *** [2c Kc 5h 5c] [Tc]
busychilduk: checks
Chessnok: bets $6
busychilduk: calls $6
*** SHOW DOWN ***
Chessnok: shows [Ac 7h] (a flush, Ace high)
busychilduk: mucks hand
Chessnok collected $47.50 from pot
*** SUMMARY ***
Total pot $48 | Rake $0.50
Board [2c Kc 5h 5c Tc]
Seat 2: busychilduk (big blind) mucked
Seat 6: Chessnok (button) (small blind) showed [Ac 7h] and won ($47.50) with a flush, Ace high


PokerStars Hand #164529763744:  Hold'em Limit ($3/$6 USD) - 2017/01/13 17:54:56 ET
Table 'Sagittarius' 6-max Seat #2 is the button
Seat 2: busychilduk ($518.23 in chips)
Seat 6: Chessnok ($106 in chips)
busychilduk: posts small blind $1
Chessnok: posts big blind $3
*** HOLE CARDS ***
busychilduk: raises $3 to $6
Chessnok: raises $3 to $9
busychilduk: calls $3
*** FLOP *** [Tc 3c Qh]
Chessnok: bets $3
busychilduk: calls $3
*** TURN *** [Tc 3c Qh] [5h]
Chessnok: bets $6
busychilduk: calls $6
*** RIVER *** [Tc 3c Qh 5h] [Jc]
Chessnok: bets $6
busychilduk: calls $6
*** SHOW DOWN ***
Chessnok: shows [Ts Th] (three of a kind, Tens)
busychilduk: mucks hand
Chessnok collected $47.50 from pot
*** SUMMARY ***
Total pot $48 | Rake $0.50
Board [Tc 3c Qh 5h Jc]
Seat 2: busychilduk (button) (small blind) mucked
Seat 6: Chessnok (big blind) showed [Ts Th] and won ($47.50) with three of a kind, Tens


PokerStars Hand #164529784033:  Hold'em Limit ($3/$6 USD) - 2017/01/13 17:55:20 ET
Table 'Sagittarius' 6-max Seat #2 is the button
Seat 2: busychilduk ($502.87 in chips)
Seat 6: Chessnok ($120.50 in chips)
busychilduk: posts small blind $1
Chessnok: posts big blind $3
*** HOLE CARDS ***
busychilduk: folds
Uncalled bet ($2) returned to Chessnok
Chessnok collected $2 from pot
Chessnok: doesn't show hand
*** SUMMARY ***
Total pot $2 | Rake $0
Seat 2: busychilduk (button) (small blind) folded before Flop
Seat 6: Chessnok (big blind) collected ($2)


PokerStars Hand #164529757997:  Hold'em Limit ($3/$6 USD) - 2017/01/13 17:54:50 ET
Table 'Sagittarius' 6-max Seat #6 is the button
Seat 2: busychilduk ($521.23 in chips)
Seat 6: Chessnok ($103 in chips)
Chessnok: posts small blind $1
busychilduk: posts big blind $3
*** HOLE CARDS ***
Chessnok: raises $3 to $6
busychilduk: folds
Uncalled bet ($3) returned to Chessnok
Chessnok collected $6 from pot
Chessnok: doesn't show hand
*** SUMMARY ***
Total pot $6 | Rake $0
Seat 2: busychilduk (big blind) folded before Flop
Seat 6: Chessnok (button) (small blind) collected ($6)


PokerStars Hand #164529751474:  Hold'em Limit ($3/$6 USD) - 2017/01/13 17:54:43 ET
Table 'Sagittarius' 6-max Seat #2 is the button
Seat 2: busychilduk ($518.23 in chips)
Seat 6: Chessnok ($106 in chips)
busychilduk: posts small blind $1
Chessnok: posts big blind $3
*** HOLE CARDS ***
busychilduk: raises $3 to $6
Chessnok: folds
Uncalled bet ($3) returned to busychilduk
busychilduk collected $6 from pot
*** SUMMARY ***
Total pot $6 | Rake $0
Seat 2: busychilduk (button) (small blind) collected ($6)
Seat 6: Chessnok (big blind) folded before Flop


PokerStars Hand #164529747330:  Hold'em Limit ($3/$6 USD) - 2017/01/13 17:54:38 ET
Table 'Sagittarius' 6-max Seat #6 is the button
Seat 2: busychilduk ($517.23 in chips)
Seat 6: Chessnok ($107 in chips)
Chessnok: posts small blind $1
busychilduk: posts big blind $3
*** HOLE CARDS ***
Chessnok: folds
Uncalled bet ($2) returned to busychilduk
busychilduk collected $2 from pot
*** SUMMARY ***
Total pot $2 | Rake $0
Seat 2: busychilduk (big blind) collected ($2)
Seat 6: Chessnok (button) (small blind) folded before Flop


PokerStars Hand #164529776801:  Hold'em Limit ($3/$6 USD) - 2017/01/13 17:55:11 ET
Table 'Sagittarius' 6-max Seat #6 is the button
Seat 2: busychilduk ($494.23 in chips)
Seat 6: Chessnok ($129.50 in chips)
Chessnok: posts small blind $1
busychilduk: posts big blind $3
*** HOLE CARDS ***
Chessnok: raises $3 to $6
busychilduk: calls $3
*** FLOP *** [Ad Qs 5d]
busychilduk: checks
Chessnok: bets $3
busychilduk: raises $3 to $6
Chessnok: folds
Uncalled bet ($3) returned to busychilduk
busychilduk collected $17.64 from pot
*** SUMMARY ***
Total pot $18 | Rake $0.36
Board [Ad Qs 5d]
Seat 2: busychilduk (big blind) collected ($17.64)
Seat 6: Chessnok (button) (small blind) folded on the Flop


PokerStars Hand #164529736906:  Hold'em Limit ($3/$6 USD) - 2017/01/13 17:54:27 ET
Table 'Sagittarius' 6-max Seat #2 is the button
Seat 2: busychilduk ($511.47 in chips)
Seat 6: Chessnok ($113 in chips)
busychilduk: posts small blind $1
Chessnok: posts big blind $3
*** HOLE CARDS ***
busychilduk: raises $3 to $6
Chessnok: calls $3
*** FLOP *** [Ac Jh 6d]
Chessnok: checks
busychilduk: bets $3
Chessnok: folds
Uncalled bet ($3) returned to busychilduk
busychilduk collected $11.76 from pot
*** SUMMARY ***
Total pot $12 | Rake $0.24
Board [Ac Jh 6d]
Seat 2: busychilduk (button) (small blind) collected ($11.76)
Seat 6: Chessnok (big blind) folded on the Flop


PokerStars Hand #164529811799:  Hold'em Limit ($3/$6 USD) - 2017/01/13 17:55:57 ET
Table 'Sagittarius' 6-max Seat #6 is the button
Seat 2: busychilduk ($480.63 in chips)
Seat 6: Chessnok ($142 in chips)
Chessnok: posts small blind $1
busychilduk: posts big blind $3
*** HOLE CARDS ***
Chessnok: raises $3 to $6
busychilduk: raises $3 to $9
Chessnok: calls $3
*** FLOP *** [9s Kh 9c]
busychilduk: bets $3
Chessnok: folds
Uncalled bet ($3) returned to busychilduk
busychilduk collected $17.64 from pot
*** SUMMARY ***
Total pot $18 | Rake $0.36
Board [9s Kh 9c]
Seat 2: busychilduk (big blind) collected ($17.64)
Seat 6: Chessnok (button) (small blind) folded on the Flop


PokerStars Hand #164529801290:  Hold'em Limit ($3/$6 USD) - 2017/01/13 17:55:43 ET
Table 'Sagittarius' 6-max Seat #2 is the button
Seat 2: busychilduk ($474.87 in chips)
Seat 6: Chessnok ($148 in chips)
busychilduk: posts small blind $1
Chessnok: posts big blind $3
*** HOLE CARDS ***
busychilduk: raises $3 to $6
Chessnok: calls $3
*** FLOP *** [9d As Ah]
Chessnok: checks
busychilduk: checks
*** TURN *** [9d As Ah] [5s]
Chessnok: checks
busychilduk: bets $6
Chessnok: folds
Uncalled bet ($6) returned to busychilduk
busychilduk collected $11.76 from pot
*** SUMMARY ***
Total pot $12 | Rake $0.24
Board [9d As Ah 5s]
Seat 2: busychilduk (button) (small blind) collected ($11.76)
Seat 6: Chessnok (big blind) folded on the Turn


PokerStars Hand #164529787781:  Hold'em Limit ($3/$6 USD) - 2017/01/13 17:55:25 ET
Table 'Sagittarius' 6-max Seat #6 is the button
Seat 2: busychilduk ($501.87 in chips)
Seat 6: Chessnok ($121.50 in chips)
Chessnok: posts small blind $1
busychilduk: posts big blind $3
*** HOLE CARDS ***
Chessnok: raises $3 to $6
busychilduk: calls $3
*** FLOP *** [9c 8s Qc]
busychilduk: checks
Chessnok: bets $3
busychilduk: calls $3
*** TURN *** [9c 8s Qc] [7s]
busychilduk: checks
Chessnok: bets $6
busychilduk: raises $6 to $12
Chessnok: raises $6 to $18
busychilduk: calls $6
*** RIVER *** [9c 8s Qc 7s] [9s]
busychilduk: checks
Chessnok: bets $6
busychilduk: folds
Uncalled bet ($6) returned to Chessnok
Chessnok collected $53.50 from pot
Chessnok: doesn't show hand
*** SUMMARY ***
Total pot $54 | Rake $0.50
Board [9c 8s Qc 7s 9s]
Seat 2: busychilduk (big blind) folded on the River
Seat 6: Chessnok (button) (small blind) collected ($53.50)


PokerStars Hand #164529819930:  Hold'em Limit ($3/$6 USD) - 2017/01/13 17:56:07 ET
Table 'Sagittarius' 6-max Seat #2 is the button
Seat 2: busychilduk ($489.27 in chips)
Seat 6: Chessnok ($133 in chips)
busychilduk: posts small blind $1
Chessnok: posts big blind $3
*** HOLE CARDS ***
busychilduk: raises $3 to $6
Chessnok: raises $3 to $9
busychilduk: calls $3
*** FLOP *** [5h Jd 2d]
Chessnok: bets $3
busychilduk: calls $3
*** TURN *** [5h Jd 2d] [3d]
Chessnok: bets $6
busychilduk: raises $6 to $12
Chessnok: raises $6 to $18
busychilduk: calls $6
*** RIVER *** [5h Jd 2d 3d] [8h]
Chessnok: bets $6
busychilduk: raises $6 to $12
Chessnok: raises $6 to $18
busychilduk: raises $6 to $24
Betting is capped
Chessnok: calls $6
*** SHOW DOWN ***
busychilduk: shows [8c 2c] (two pair, Eights and Deuces)
Chessnok: shows [Ad 6d] (a flush, Ace high)
Chessnok collected $107.50 from pot
*** SUMMARY ***
Total pot $108 | Rake $0.50
Board [5h Jd 2d 3d 8h]
Seat 2: busychilduk (button) (small blind) showed [8c 2c] and lost with two pair, Eights and Deuces
Seat 6: Chessnok (big blind) showed [Ad 6d] and won ($107.50) with a flush, Ace high


PokerStars Hand #164529861192:  Hold'em Limit ($3/$6 USD) - 2017/01/13 17:57:02 ET
Table 'Sagittarius' 6-max Seat #6 is the button
Seat 2: busychilduk ($369.27 in chips)
Seat 6: Chessnok ($252 in chips)
Chessnok: posts small blind $1
busychilduk: posts big blind $3
*** HOLE CARDS ***
Chessnok: raises $3 to $6
busychilduk: calls $3
*** FLOP *** [3c Th As]
busychilduk: checks
Chessnok: bets $3
busychilduk: folds
Uncalled bet ($3) returned to Chessnok
Chessnok collected $11.76 from pot
Chessnok: doesn't show hand
*** SUMMARY ***
Total pot $12 | Rake $0.24
Board [3c Th As]
Seat 2: busychilduk (big blind) folded on the Flop
Seat 6: Chessnok (button) (small blind) collected ($11.76)


PokerStars Hand #164529838267:  Hold'em Limit ($3/$6 USD) - 2017/01/13 17:56:32 ET
Table 'Sagittarius' 6-max Seat #6 is the button
Seat 2: busychilduk ($435.27 in chips)
Seat 6: Chessnok ($186.50 in chips)
Chessnok: posts small blind $1
busychilduk: posts big blind $3
*** HOLE CARDS ***
Chessnok: raises $3 to $6
busychilduk: folds
Uncalled bet ($3) returned to Chessnok
Chessnok collected $6 from pot
Chessnok: doesn't show hand
*** SUMMARY ***
Total pot $6 | Rake $0
Seat 2: busychilduk (big blind) folded before Flop
Seat 6: Chessnok (button) (small blind) collected ($6)


PokerStars Hand #164529844025:  Hold'em Limit ($3/$6 USD) - 2017/01/13 17:56:40 ET
Table 'Sagittarius' 6-max Seat #2 is the button
Seat 2: busychilduk ($432.27 in chips)
Seat 6: Chessnok ($189.50 in chips)
busychilduk: posts small blind $1
Chessnok: posts big blind $3
*** HOLE CARDS ***
busychilduk: raises $3 to $6
Chessnok: raises $3 to $9
busychilduk said, "nh"
busychilduk: raises $3 to $12
Betting is capped
Chessnok: calls $3
*** FLOP *** [Ac 9h Qd]
Chessnok: bets $3
busychilduk: calls $3
*** TURN *** [Ac 9h Qd] [7d]
Chessnok: bets $6
busychilduk: raises $6 to $12
Chessnok: raises $6 to $18
busychilduk: raises $6 to $24
Betting is capped
Chessnok: calls $6
*** RIVER *** [Ac 9h Qd 7d] [6d]
Chessnok: bets $6
busychilduk: raises $6 to $12
Chessnok: raises $6 to $18
busychilduk: raises $6 to $24
Betting is capped
Chessnok: calls $6
*** SHOW DOWN ***
busychilduk: shows [Kh As] (a pair of Aces)
Chessnok: shows [Qh Ad] (two pair, Aces and Queens)
Chessnok collected $125.50 from pot
*** SUMMARY ***
Total pot $126 | Rake $0.50
Board [Ac 9h Qd 7d 6d]
Seat 2: busychilduk (button) (small blind) showed [Kh As] and lost with a pair of Aces
Seat 6: Chessnok (big blind) showed [Qh Ad] and won ($125.50) with two pair, Aces and Queens


PokerStars Hand #164529868427:  Hold'em Limit ($3/$6 USD) - 2017/01/13 17:57:12 ET
Table 'Sagittarius' 6-max Seat #2 is the button
Seat 2: busychilduk ($363.27 in chips)
Seat 6: Chessnok ($257.76 in chips)
busychilduk: posts small blind $1
Chessnok: posts big blind $3
*** HOLE CARDS ***
busychilduk: folds
Uncalled bet ($2) returned to Chessnok
Chessnok collected $2 from pot
Chessnok: doesn't show hand
*** SUMMARY ***
Total pot $2 | Rake $0
Seat 2: busychilduk (button) (small blind) folded before Flop
Seat 6: Chessnok (big blind) collected ($2)


PokerStars Hand #164529871787:  Hold'em Limit ($3/$6 USD) - 2017/01/13 17:57:16 ET
Table 'Sagittarius' 6-max Seat #6 is the button
Seat 2: busychilduk ($362.27 in chips)
Seat 6: Chessnok ($258.76 in chips)
Chessnok: posts small blind $1
busychilduk: posts big blind $3
*** HOLE CARDS ***
Chessnok: raises $3 to $6
busychilduk: calls $3
*** FLOP *** [Js 7h 5d]
busychilduk: checks
Chessnok: bets $3
busychilduk: calls $3
*** TURN *** [Js 7h 5d] [6d]
busychilduk: checks
Chessnok: checks
*** RIVER *** [Js 7h 5d 6d] [8h]
busychilduk: bets $6
Chessnok: raises $6 to $12
busychilduk: calls $6
*** SHOW DOWN ***
Chessnok: shows [4h 4d] (a straight, Four to Eight)
busychilduk: mucks hand
Chessnok collected $41.50 from pot
*** SUMMARY ***
Total pot $42 | Rake $0.50
Board [Js 7h 5d 6d 8h]
Seat 2: busychilduk (big blind) mucked
Seat 6: Chessnok (button) (small blind) showed [4h 4d] and won ($41.50) with a straight, Four to Eight


PokerStars Hand #164529882262:  Hold'em Limit ($3/$6 USD) - 2017/01/13 17:57:30 ET
Table 'Sagittarius' 6-max Seat #2 is the button
Seat 2: busychilduk ($341.27 in chips)
Seat 6: Chessnok ($279.26 in chips)
busychilduk: posts small blind $1
Chessnok: posts big blind $3
*** HOLE CARDS ***
busychilduk: raises $3 to $6
Chessnok: calls $3
*** FLOP *** [8h 8d 4h]
Chessnok: checks
busychilduk: bets $3
Chessnok: calls $3
*** TURN *** [8h 8d 4h] [7d]
Chessnok: checks
busychilduk: bets $6
Chessnok: calls $6
*** RIVER *** [8h 8d 4h 7d] [7c]
Chessnok: checks
busychilduk: bets $6
Chessnok: calls $6
*** SHOW DOWN ***
busychilduk: shows [Kh As] (two pair, Eights and Sevens)
Chessnok: mucks hand
busychilduk collected $41.50 from pot
*** SUMMARY ***
Total pot $42 | Rake $0.50
Board [8h 8d 4h 7d 7c]
Seat 2: busychilduk (button) (small blind) showed [Kh As] and won ($41.50) with two pair, Eights and Sevens
Seat 6: Chessnok (big blind) mucked


PokerStars Hand #164529898665:  Hold'em Limit ($3/$6 USD) - 2017/01/13 17:57:51 ET
Table 'Sagittarius' 6-max Seat #6 is the button
Seat 2: busychilduk ($361.77 in chips)
Seat 6: Chessnok ($258.26 in chips)
Chessnok: posts small blind $1
busychilduk: posts big blind $3
*** HOLE CARDS ***
Chessnok: folds
Uncalled bet ($2) returned to busychilduk
busychilduk collected $2 from pot
*** SUMMARY ***
Total pot $2 | Rake $0
Seat 2: busychilduk (big blind) collected ($2)
Seat 6: Chessnok (button) (small blind) folded before Flop


PokerStars Hand #164529902178:  Hold'em Limit ($3/$6 USD) - 2017/01/13 17:57:56 ET
Table 'Sagittarius' 6-max Seat #2 is the button
Seat 2: busychilduk ($362.77 in chips)
Seat 6: Chessnok ($257.26 in chips)
busychilduk: posts small blind $1
Chessnok: posts big blind $3
*** HOLE CARDS ***
busychilduk: raises $3 to $6
Chessnok: folds
Uncalled bet ($3) returned to busychilduk
busychilduk collected $6 from pot
busychilduk: doesn't show hand
*** SUMMARY ***
Total pot $6 | Rake $0
Seat 2: busychilduk (button) (small blind) collected ($6)
Seat 6: Chessnok (big blind) folded before Flop


PokerStars Hand #164529910315:  Hold'em Limit ($3/$6 USD) - 2017/01/13 17:58:07 ET
Table 'Sagittarius' 6-max Seat #6 is the button
Seat 2: busychilduk ($365.77 in chips)
Seat 6: Chessnok ($254.26 in chips)
Chessnok: posts small blind $1
busychilduk: posts big blind $3
*** HOLE CARDS ***
Chessnok: raises $3 to $6
busychilduk: raises $3 to $9
Chessnok: calls $3
*** FLOP *** [Ts 4h Qd]
busychilduk: bets $3
Chessnok: calls $3
*** TURN *** [Ts 4h Qd] [As]
busychilduk: checks
Chessnok: bets $6
busychilduk: calls $6
*** RIVER *** [Ts 4h Qd As] [Jc]
busychilduk: checks
Chessnok: bets $6
busychilduk: calls $6
*** SHOW DOWN ***
Chessnok: shows [Kc Js] (a straight, Ten to Ace)
busychilduk: mucks hand
Chessnok collected $47.50 from pot
*** SUMMARY ***
Total pot $48 | Rake $0.50
Board [Ts 4h Qd As Jc]
Seat 2: busychilduk (big blind) mucked
Seat 6: Chessnok (button) (small blind) showed [Kc Js] and won ($47.50) with a straight, Ten to Ace


PokerStars Hand #164529943493:  Hold'em Limit ($3/$6 USD) - 2017/01/13 17:58:50 ET
Table 'Sagittarius' 6-max Seat #6 is the button
Seat 2: busychilduk ($305.77 in chips)
Seat 6: Chessnok ($313.26 in chips)
Chessnok: posts small blind $1
busychilduk: posts big blind $3
*** HOLE CARDS ***
Chessnok: raises $3 to $6
busychilduk: calls $3
*** FLOP *** [Jh 6h 5h]
busychilduk: checks
Chessnok: checks
*** TURN *** [Jh 6h 5h] [2c]
busychilduk: checks
Chessnok: checks
*** RIVER *** [Jh 6h 5h 2c] [7c]
busychilduk: checks
Chessnok: checks
*** SHOW DOWN ***
busychilduk: shows [8s Tc] (high card Jack)
Chessnok: shows [4d Kd] (high card King)
Chessnok collected $11.76 from pot
*** SUMMARY ***
Total pot $12 | Rake $0.24
Board [Jh 6h 5h 2c 7c]
Seat 2: busychilduk (big blind) showed [8s Tc] and lost with high card Jack
Seat 6: Chessnok (button) (small blind) showed [4d Kd] and won ($11.76) with high card King


PokerStars Hand #164529931028:  Hold'em Limit ($3/$6 USD) - 2017/01/13 17:58:34 ET
Table 'Sagittarius' 6-max Seat #2 is the button
Seat 2: busychilduk ($341.77 in chips)
Seat 6: Chessnok ($277.76 in chips)
busychilduk: posts small blind $1
Chessnok: posts big blind $3
*** HOLE CARDS ***
busychilduk: raises $3 to $6
Chessnok: raises $3 to $9
busychilduk: calls $3
*** FLOP *** [Kd 2s 4c]
Chessnok: bets $3
busychilduk: calls $3
*** TURN *** [Kd 2s 4c] [Ac]
Chessnok: bets $6
busychilduk: raises $6 to $12
Chessnok: calls $6
*** RIVER *** [Kd 2s 4c Ac] [Th]
Chessnok: checks
busychilduk: bets $6
Chessnok: raises $6 to $12
busychilduk: calls $6
*** SHOW DOWN ***
Chessnok: shows [Qd Js] (a straight, Ten to Ace)
busychilduk: mucks hand
Chessnok collected $71.50 from pot
*** SUMMARY ***
Total pot $72 | Rake $0.50
Board [Kd 2s 4c Ac Th]
Seat 2: busychilduk (button) (small blind) mucked
Seat 6: Chessnok (big blind) showed [Qd Js] and won ($71.50) with a straight, Ten to Ace


PokerStars Hand #164529971134:  Hold'em Limit ($3/$6 USD) - 2017/01/13 17:59:27 ET
Table 'Sagittarius' 6-max Seat #2 is the button
Seat 2: busychilduk ($299.77 in chips)
Seat 6: Chessnok ($319.02 in chips)
busychilduk: posts small blind $1
Chessnok: posts big blind $3
*** HOLE CARDS ***
busychilduk: calls $2
Chessnok: checks
*** FLOP *** [Jh 5c 6c]
Chessnok: checks
busychilduk: checks
*** TURN *** [Jh 5c 6c] [9c]
Chessnok: checks
busychilduk: checks
*** RIVER *** [Jh 5c 6c 9c] [3s]
Chessnok: bets $6
busychilduk: folds
Uncalled bet ($6) returned to Chessnok
Chessnok collected $5.88 from pot
Chessnok: doesn't show hand
*** SUMMARY ***
Total pot $6 | Rake $0.12
Board [Jh 5c 6c 9c 3s]
Seat 2: busychilduk (button) (small blind) folded on the River
Seat 6: Chessnok (big blind) collected ($5.88)


PokerStars Hand #164529990391:  Hold'em Limit ($3/$6 USD) - 2017/01/13 17:59:52 ET
Table 'Sagittarius' 6-max Seat #6 is the button
Seat 2: busychilduk ($296.77 in chips)
Seat 6: Chessnok ($321.90 in chips)
Chessnok: posts small blind $1
busychilduk: posts big blind $3
*** HOLE CARDS ***
Chessnok: raises $3 to $6
busychilduk: raises $3 to $9
Chessnok: calls $3
*** FLOP *** [5s 9d 4s]
busychilduk: checks
Chessnok: bets $3
busychilduk: calls $3
*** TURN *** [5s 9d 4s] [Jc]
busychilduk: checks
Chessnok: bets $6
busychilduk: raises $6 to $12
Chessnok: calls $6
*** RIVER *** [5s 9d 4s Jc] [8h]
busychilduk: bets $6
Chessnok: calls $6
*** SHOW DOWN ***
busychilduk: shows [8s Jd] (two pair, Jacks and Eights)
Chessnok: mucks hand
busychilduk collected $59.50 from pot
*** SUMMARY ***
Total pot $60 | Rake $0.50
Board [5s 9d 4s Jc 8h]
Seat 2: busychilduk (big blind) showed [8s Jd] and won ($59.50) with two pair, Jacks and Eights
Seat 6: Chessnok (button) (small blind) mucked


PokerStars Hand #164530012878:  Hold'em Limit ($3/$6 USD) - 2017/01/13 18:00:21 ET
Table 'Sagittarius' 6-max Seat #2 is the button
Seat 2: busychilduk ($326.27 in chips)
Seat 6: Chessnok ($291.90 in chips)
busychilduk: posts small blind $1
Chessnok: posts big blind $3
*** HOLE CARDS ***
busychilduk: raises $3 to $6
Chessnok: calls $3
*** FLOP *** [Qs 3s 9h]
Chessnok: checks
busychilduk: bets $3
Chessnok: folds
Uncalled bet ($3) returned to busychilduk
busychilduk collected $11.76 from pot
*** SUMMARY ***
Total pot $12 | Rake $0.24
Board [Qs 3s 9h]
Seat 2: busychilduk (button) (small blind) collected ($11.76)
Seat 6: Chessnok (big blind) folded on the Flop


PokerStars Hand #164530032662:  Hold'em Limit ($3/$6 USD) - 2017/01/13 18:00:46 ET
Table 'Sagittarius' 6-max Seat #2 is the button
Seat 2: busychilduk ($343.55 in chips)
Seat 6: Chessnok ($273.90 in chips)
busychilduk: posts small blind $1
Chessnok: posts big blind $3
*** HOLE CARDS ***
busychilduk: folds
Uncalled bet ($2) returned to Chessnok
Chessnok collected $2 from pot
Chessnok: doesn't show hand
*** SUMMARY ***
Total pot $2 | Rake $0
Seat 2: busychilduk (button) (small blind) folded before Flop
Seat 6: Chessnok (big blind) collected ($2)


PokerStars Hand #164530020086:  Hold'em Limit ($3/$6 USD) - 2017/01/13 18:00:30 ET
Table 'Sagittarius' 6-max Seat #6 is the button
Seat 2: busychilduk ($332.03 in chips)
Seat 6: Chessnok ($285.90 in chips)
Chessnok: posts small blind $1
busychilduk: posts big blind $3
*** HOLE CARDS ***
Chessnok: raises $3 to $6
busychilduk: raises $3 to $9
Chessnok: calls $3
*** FLOP *** [Td As 6c]
busychilduk: checks
Chessnok: bets $3
busychilduk: calls $3
*** TURN *** [Td As 6c] [Jd]
busychilduk: checks
Chessnok: checks
*** RIVER *** [Td As 6c Jd] [Qh]
busychilduk: bets $6
Chessnok: folds
Uncalled bet ($6) returned to busychilduk
busychilduk collected $23.52 from pot
*** SUMMARY ***
Total pot $24 | Rake $0.48
Board [Td As 6c Jd Qh]
Seat 2: busychilduk (big blind) collected ($23.52)
Seat 6: Chessnok (button) (small blind) folded on the River


PokerStars Hand #164530059544:  Hold'em Limit ($3/$6 USD) - 2017/01/13 18:01:19 ET
Table 'Sagittarius' 6-max Seat #2 is the button
Seat 2: busychilduk ($351.19 in chips)
Seat 6: Chessnok ($265.90 in chips)
busychilduk: posts small blind $1
Chessnok: posts big blind $3
*** HOLE CARDS ***
busychilduk: folds
Uncalled bet ($2) returned to Chessnok
Chessnok collected $2 from pot
Chessnok: doesn't show hand
*** SUMMARY ***
Total pot $2 | Rake $0
Seat 2: busychilduk (button) (small blind) folded before Flop
Seat 6: Chessnok (big blind) collected ($2)


PokerStars Hand #164530036218:  Hold'em Limit ($3/$6 USD) - 2017/01/13 18:00:51 ET
Table 'Sagittarius' 6-max Seat #6 is the button
Seat 2: busychilduk ($342.55 in chips)
Seat 6: Chessnok ($274.90 in chips)
Chessnok: posts small blind $1
busychilduk: posts big blind $3
*** HOLE CARDS ***
Chessnok: raises $3 to $6
busychilduk: calls $3
*** FLOP *** [Kc Jh 9c]
busychilduk: checks
Chessnok: bets $3
busychilduk: calls $3
*** TURN *** [Kc Jh 9c] [Ad]
busychilduk: checks
Chessnok: checks
*** RIVER *** [Kc Jh 9c Ad] [2s]
busychilduk: bets $6
Chessnok: folds
Uncalled bet ($6) returned to busychilduk
busychilduk collected $17.64 from pot
*** SUMMARY ***
Total pot $18 | Rake $0.36
Board [Kc Jh 9c Ad 2s]
Seat 2: busychilduk (big blind) collected ($17.64)
Seat 6: Chessnok (button) (small blind) folded on the River


PokerStars Hand #164530111884:  Hold'em Limit ($3/$6 USD) - 2017/01/13 18:02:20 ET
Table 'Sagittarius' 6-max Seat #2 is the button
Seat 2: busychilduk ($324.19 in chips)
Seat 6: Chessnok ($292.40 in chips)
busychilduk: posts small blind $1
Chessnok: posts big blind $3
*** HOLE CARDS ***
busychilduk: raises $3 to $6
Chessnok: folds
Uncalled bet ($3) returned to busychilduk
busychilduk collected $6 from pot
*** SUMMARY ***
Total pot $6 | Rake $0
Seat 2: busychilduk (button) (small blind) collected ($6)
Seat 6: Chessnok (big blind) folded before Flop


PokerStars Hand #164530092345:  Hold'em Limit ($3/$6 USD) - 2017/01/13 18:01:57 ET
Table 'Sagittarius' 6-max Seat #2 is the button
Seat 2: busychilduk ($320.19 in chips)
Seat 6: Chessnok ($296.40 in chips)
busychilduk: posts small blind $1
Chessnok: posts big blind $3
*** HOLE CARDS ***
busychilduk: raises $3 to $6
Chessnok: folds
Uncalled bet ($3) returned to busychilduk
busychilduk collected $6 from pot
*** SUMMARY ***
Total pot $6 | Rake $0
Seat 2: busychilduk (button) (small blind) collected ($6)
Seat 6: Chessnok (big blind) folded before Flop


PokerStars Hand #164530088676:  Hold'em Limit ($3/$6 USD) - 2017/01/13 18:01:53 ET
Table 'Sagittarius' 6-max Seat #6 is the button
Seat 2: busychilduk ($319.19 in chips)
Seat 6: Chessnok ($297.40 in chips)
Chessnok: posts small blind $1
busychilduk: posts big blind $3
*** HOLE CARDS ***
Chessnok: folds
Uncalled bet ($2) returned to busychilduk
busychilduk collected $2 from pot
*** SUMMARY ***
Total pot $2 | Rake $0
Seat 2: busychilduk (big blind) collected ($2)
Seat 6: Chessnok (button) (small blind) folded before Flop


PokerStars Hand #164530101841:  Hold'em Limit ($3/$6 USD) - 2017/01/13 18:02:08 ET
Table 'Sagittarius' 6-max Seat #2 is the button
Seat 2: busychilduk ($324.19 in chips)
Seat 6: Chessnok ($292.40 in chips)
busychilduk: posts small blind $1
Chessnok: posts big blind $3
*** HOLE CARDS ***
busychilduk: raises $3 to $6
Chessnok: folds
Uncalled bet ($3) returned to busychilduk
busychilduk collected $6 from pot
*** SUMMARY ***
Total pot $6 | Rake $0
Seat 2: busychilduk (button) (small blind) collected ($6)
Seat 6: Chessnok (big blind) folded before Flop


PokerStars Hand #164530098106:  Hold'em Limit ($3/$6 USD) - 2017/01/13 18:02:04 ET
Table 'Sagittarius' 6-max Seat #6 is the button
Seat 2: busychilduk ($323.19 in chips)
Seat 6: Chessnok ($293.40 in chips)
Chessnok: posts small blind $1
busychilduk: posts big blind $3
*** HOLE CARDS ***
Chessnok: folds
Uncalled bet ($2) returned to busychilduk
busychilduk collected $2 from pot
*** SUMMARY ***
Total pot $2 | Rake $0
Seat 2: busychilduk (big blind) collected ($2)
Seat 6: Chessnok (button) (small blind) folded before Flop


PokerStars Hand #164530077100:  Hold'em Limit ($3/$6 USD) - 2017/01/13 18:01:40 ET
Table 'Sagittarius' 6-max Seat #2 is the button
Seat 2: busychilduk ($320.19 in chips)
Seat 6: Chessnok ($296.40 in chips)
busychilduk: posts small blind $1
Chessnok: posts big blind $3
*** HOLE CARDS ***
busychilduk: folds
Uncalled bet ($2) returned to Chessnok
Chessnok collected $2 from pot
Chessnok: doesn't show hand
*** SUMMARY ***
Total pot $2 | Rake $0
Seat 2: busychilduk (button) (small blind) folded before Flop
Seat 6: Chessnok (big blind) collected ($2)


PokerStars Hand #164530063483:  Hold'em Limit ($3/$6 USD) - 2017/01/13 18:01:24 ET
Table 'Sagittarius' 6-max Seat #6 is the button
Seat 2: busychilduk ($350.19 in chips)
Seat 6: Chessnok ($266.90 in chips)
Chessnok: posts small blind $1
busychilduk: posts big blind $3
*** HOLE CARDS ***
Chessnok: raises $3 to $6
busychilduk: raises $3 to $9
Chessnok: calls $3
*** FLOP *** [2h Tc Ks]
busychilduk: checks
Chessnok: bets $3
busychilduk: calls $3
*** TURN *** [2h Tc Ks] [4h]
busychilduk: bets $6
Chessnok: raises $6 to $12
busychilduk: calls $6
*** RIVER *** [2h Tc Ks 4h] [Jc]
busychilduk: checks
Chessnok: bets $6
busychilduk: calls $6
*** SHOW DOWN ***
Chessnok: shows [Qs Kc] (a pair of Kings)
busychilduk: mucks hand
Chessnok collected $59.50 from pot
*** SUMMARY ***
Total pot $60 | Rake $0.50
Board [2h Tc Ks 4h Jc]
Seat 2: busychilduk (big blind) mucked
Seat 6: Chessnok (button) (small blind) showed [Qs Kc] and won ($59.50) with a pair of Kings


PokerStars Hand #164530084749:  Hold'em Limit ($3/$6 USD) - 2017/01/13 18:01:49 ET
Table 'Sagittarius' 6-max Seat #2 is the button
Seat 2: busychilduk ($320.19 in chips)
Seat 6: Chessnok ($296.40 in chips)
busychilduk: posts small blind $1
Chessnok: posts big blind $3
*** HOLE CARDS ***
busychilduk: folds
Uncalled bet ($2) returned to Chessnok
Chessnok collected $2 from pot
Chessnok: doesn't show hand
*** SUMMARY ***
Total pot $2 | Rake $0
Seat 2: busychilduk (button) (small blind) folded before Flop
Seat 6: Chessnok (big blind) collected ($2)


PokerStars Hand #164530080645:  Hold'em Limit ($3/$6 USD) - 2017/01/13 18:01:44 ET
Table 'Sagittarius' 6-max Seat #6 is the button
Seat 2: busychilduk ($319.19 in chips)
Seat 6: Chessnok ($297.40 in chips)
Chessnok: posts small blind $1
busychilduk: posts big blind $3
*** HOLE CARDS ***
Chessnok: folds
Uncalled bet ($2) returned to busychilduk
busychilduk collected $2 from pot
*** SUMMARY ***
Total pot $2 | Rake $0
Seat 2: busychilduk (big blind) collected ($2)
Seat 6: Chessnok (button) (small blind) folded before Flop


PokerStars Hand #164530107025:  Hold'em Limit ($3/$6 USD) - 2017/01/13 18:02:15 ET
Table 'Sagittarius' 6-max Seat #6 is the button
Seat 2: busychilduk ($327.19 in chips)
Seat 6: Chessnok ($289.40 in chips)
Chessnok: posts small blind $1
busychilduk: posts big blind $3
*** HOLE CARDS ***
Chessnok: raises $3 to $6
busychilduk: folds
Uncalled bet ($3) returned to Chessnok
Chessnok collected $6 from pot
Chessnok: doesn't show hand
*** SUMMARY ***
Total pot $6 | Rake $0
Seat 2: busychilduk (big blind) folded before Flop
Seat 6: Chessnok (button) (small blind) collected ($6)


PokerStars Hand #164530117103:  Hold'em Limit ($3/$6 USD) - 2017/01/13 18:02:26 ET
Table 'Sagittarius' 6-max Seat #6 is the button
Seat 2: busychilduk ($327.19 in chips)
Seat 6: Chessnok ($289.40 in chips)
Chessnok: posts small blind $1
busychilduk: posts big blind $3
*** HOLE CARDS ***
Chessnok: raises $3 to $6
busychilduk: raises $3 to $9
Chessnok: calls $3
*** FLOP *** [9h Th 6d]
busychilduk: checks
Chessnok: bets $3
busychilduk: calls $3
*** TURN *** [9h Th 6d] [2c]
busychilduk: checks
Chessnok: checks
*** RIVER *** [9h Th 6d 2c] [4c]
busychilduk: bets $6
Chessnok: folds
Uncalled bet ($6) returned to busychilduk
Priora158 joins the table at seat #3
busychilduk collected $23.52 from pot
*** SUMMARY ***
Total pot $24 | Rake $0.48
Board [9h Th 6d 2c 4c]
Seat 2: busychilduk (big blind) collected ($23.52)
Seat 6: Chessnok (button) (small blind) folded on the River


