PokerStars Hand #156921649824:  Hold'em Limit ($3/$6 USD) - 2016/08/05 23:44:20 ET
Table 'Sagitta II' 6-max Seat #6 is the button
Seat 4: AzureCaper ($72 in chips)
Seat 6: sda.80.16 ($120 in chips)
sda.80.16: posts small blind $1
AzureCaper: posts big blind $3
*** HOLE CARDS ***
sda.80.16: calls $2
AzureCaper: checks
*** FLOP *** [6h Jh Qd]
AzureCaper: checks
sda.80.16: bets $3
AzureCaper: folds
Uncalled bet ($3) returned to sda.80.16
sda.80.16 collected $5.88 from pot
sda.80.16: doesn't show hand
*** SUMMARY ***
Total pot $6 | Rake $0.12
Board [6h Jh Qd]
Seat 4: AzureCaper (big blind) folded on the Flop
Seat 6: sda.80.16 (button) (small blind) collected ($5.88)


PokerStars Hand #156921659805:  Hold'em Limit ($3/$6 USD) - 2016/08/05 23:44:55 ET
Table 'Sagitta II' 6-max Seat #6 is the button
Seat 4: AzureCaper ($72 in chips)
Seat 6: sda.80.16 ($131.52 in chips)
sda.80.16: posts small blind $1
AzureCaper: posts big blind $3
*** HOLE CARDS ***
sda.80.16: raises $3 to $6
AzureCaper: folds
Uncalled bet ($3) returned to sda.80.16
sda.80.16 collected $6 from pot
sda.80.16: doesn't show hand
*** SUMMARY ***
Total pot $6 | Rake $0
Seat 4: AzureCaper (big blind) folded before Flop
Seat 6: sda.80.16 (button) (small blind) collected ($6)


PokerStars Hand #156921655507:  Hold'em Limit ($3/$6 USD) - 2016/08/05 23:44:40 ET
Table 'Sagitta II' 6-max Seat #4 is the button
Seat 4: AzureCaper ($72 in chips)
Seat 6: sda.80.16 ($122.88 in chips)
AzureCaper: posts small blind $1
sda.80.16: posts big blind $3
*** HOLE CARDS ***
AzureCaper: raises $3 to $6
sda.80.16: calls $3
*** FLOP *** [8s 6c 8d]
sda.80.16: checks
AzureCaper: bets $3
sda.80.16: calls $3
*** TURN *** [8s 6c 8d] [2h]
sda.80.16: checks
AzureCaper: checks
*** RIVER *** [8s 6c 8d 2h] [Tc]
sda.80.16: checks
AzureCaper: checks
*** SHOW DOWN ***
sda.80.16: shows [9d 7d] (a straight, Six to Ten)
AzureCaper: mucks hand
sda.80.16 collected $17.64 from pot
*** SUMMARY ***
Total pot $18 | Rake $0.36
Board [8s 6c 8d 2h Tc]
Seat 4: AzureCaper (button) (small blind) mucked
Seat 6: sda.80.16 (big blind) showed [9d 7d] and won ($17.64) with a straight, Six to Ten


PokerStars Hand #156921663210:  Hold'em Limit ($3/$6 USD) - 2016/08/05 23:45:07 ET
Table 'Sagitta II' 6-max Seat #6 is the button
Seat 4: AzureCaper ($72 in chips)
Seat 6: sda.80.16 ($135.52 in chips)
sda.80.16: posts small blind $1
AzureCaper: posts big blind $3
*** HOLE CARDS ***
sda.80.16: folds
Uncalled bet ($2) returned to AzureCaper
AzureCaper collected $2 from pot
AzureCaper: doesn't show hand
*** SUMMARY ***
Total pot $2 | Rake $0
Seat 4: AzureCaper (big blind) collected ($2)
Seat 6: sda.80.16 (button) (small blind) folded before Flop


PokerStars Hand #156921661865:  Hold'em Limit ($3/$6 USD) - 2016/08/05 23:45:03 ET
Table 'Sagitta II' 6-max Seat #4 is the button
Seat 4: AzureCaper ($72 in chips)
Seat 6: sda.80.16 ($134.52 in chips)
AzureCaper: posts small blind $1
sda.80.16: posts big blind $3
*** HOLE CARDS ***
AzureCaper: folds
Uncalled bet ($2) returned to sda.80.16
sda.80.16 collected $2 from pot
sda.80.16: doesn't show hand
*** SUMMARY ***
Total pot $2 | Rake $0
Seat 4: AzureCaper (button) (small blind) folded before Flop
Seat 6: sda.80.16 (big blind) collected ($2)


PokerStars Hand #156921668759:  Hold'em Limit ($3/$6 USD) - 2016/08/05 23:45:27 ET
Table 'Sagitta II' 6-max Seat #6 is the button
Seat 4: AzureCaper ($72 in chips)
Seat 6: sda.80.16 ($143.16 in chips)
sda.80.16: posts small blind $1
AzureCaper: posts big blind $3
*** HOLE CARDS ***
sda.80.16: raises $3 to $6
AzureCaper: folds
Uncalled bet ($3) returned to sda.80.16
sda.80.16 collected $6 from pot
sda.80.16: doesn't show hand
*** SUMMARY ***
Total pot $6 | Rake $0
Seat 4: AzureCaper (big blind) folded before Flop
Seat 6: sda.80.16 (button) (small blind) collected ($6)


PokerStars Hand #156921664489:  Hold'em Limit ($3/$6 USD) - 2016/08/05 23:45:12 ET
Table 'Sagitta II' 6-max Seat #4 is the button
Seat 4: AzureCaper ($73 in chips)
Seat 6: sda.80.16 ($134.52 in chips)
AzureCaper: posts small blind $1
sda.80.16: posts big blind $3
*** HOLE CARDS ***
AzureCaper: raises $3 to $6
sda.80.16: calls $3
*** FLOP *** [Ad As 9h]
sda.80.16: checks
AzureCaper: bets $3
sda.80.16: calls $3
*** TURN *** [Ad As 9h] [5h]
sda.80.16: checks
AzureCaper: checks
*** RIVER *** [Ad As 9h 5h] [2d]
sda.80.16: bets $6
AzureCaper: folds
Uncalled bet ($6) returned to sda.80.16
sda.80.16 collected $17.64 from pot
sda.80.16: doesn't show hand
*** SUMMARY ***
Total pot $18 | Rake $0.36
Board [Ad As 9h 5h 2d]
Seat 4: AzureCaper (button) (small blind) folded on the River
Seat 6: sda.80.16 (big blind) collected ($17.64)


PokerStars Hand #156921674455:  Hold'em Limit ($3/$6 USD) - 2016/08/05 23:45:47 ET
Table 'Sagitta II' 6-max Seat #6 is the button
Seat 4: AzureCaper ($80.64 in chips)
Seat 6: sda.80.16 ($137.16 in chips)
sda.80.16: posts small blind $1
AzureCaper: posts big blind $3
*** HOLE CARDS ***
sda.80.16: raises $3 to $6
AzureCaper: folds
Uncalled bet ($3) returned to sda.80.16
sda.80.16 collected $6 from pot
sda.80.16: doesn't show hand
*** SUMMARY ***
Total pot $6 | Rake $0
Seat 4: AzureCaper (big blind) folded before Flop
Seat 6: sda.80.16 (button) (small blind) collected ($6)


PokerStars Hand #156921670972:  Hold'em Limit ($3/$6 USD) - 2016/08/05 23:45:35 ET
Table 'Sagitta II' 6-max Seat #4 is the button
Seat 4: AzureCaper ($72 in chips)
Seat 6: sda.80.16 ($146.16 in chips)
AzureCaper: posts small blind $1
sda.80.16: posts big blind $3
*** HOLE CARDS ***
AzureCaper: raises $3 to $6
sda.80.16: calls $3
*** FLOP *** [Jd 7d 5c]
sda.80.16: checks
AzureCaper: bets $3
sda.80.16: calls $3
*** TURN *** [Jd 7d 5c] [5d]
sda.80.16: checks
AzureCaper: bets $6
sda.80.16: folds
Uncalled bet ($6) returned to AzureCaper
AzureCaper collected $17.64 from pot
AzureCaper: doesn't show hand
*** SUMMARY ***
Total pot $18 | Rake $0.36
Board [Jd 7d 5c 5d]
Seat 4: AzureCaper (button) (small blind) collected ($17.64)
Seat 6: sda.80.16 (big blind) folded on the Turn


PokerStars Hand #156921676031:  Hold'em Limit ($3/$6 USD) - 2016/08/05 23:45:52 ET
Table 'Sagitta II' 6-max Seat #4 is the button
Seat 4: AzureCaper ($77.64 in chips)
Seat 6: sda.80.16 ($140.16 in chips)
AzureCaper: posts small blind $1
sda.80.16: posts big blind $3
*** HOLE CARDS ***
AzureCaper: raises $3 to $6
sda.80.16: calls $3
*** FLOP *** [3c 8c 2h]
sda.80.16: checks
AzureCaper: bets $3
sda.80.16: calls $3
*** TURN *** [3c 8c 2h] [Jc]
sda.80.16: checks
AzureCaper: bets $6
sda.80.16: calls $6
*** RIVER *** [3c 8c 2h Jc] [Ts]
sda.80.16: checks
AzureCaper: checks
*** SHOW DOWN ***
sda.80.16: shows [7d Tc] (a pair of Tens)
AzureCaper: mucks hand
sda.80.16 collected $29.50 from pot
*** SUMMARY ***
Total pot $30 | Rake $0.50
Board [3c 8c 2h Jc Ts]
Seat 4: AzureCaper (button) (small blind) mucked
Seat 6: sda.80.16 (big blind) showed [7d Tc] and won ($29.50) with a pair of Tens


PokerStars Hand #156921685168:  Hold'em Limit ($3/$6 USD) - 2016/08/05 23:46:24 ET
Table 'Sagitta II' 6-max Seat #6 is the button
Seat 4: AzureCaper ($72 in chips)
Seat 6: sda.80.16 ($158.66 in chips)
sda.80.16: posts small blind $1
AzureCaper: posts big blind $3
*** HOLE CARDS ***
sda.80.16: calls $2
AzureCaper: raises $3 to $6
TbIP-TbIP 88 joins the table at seat #1
sda.80.16: calls $3
*** FLOP *** [7d Tc Ad]
AzureCaper: bets $3
sda.80.16: calls $3
*** TURN *** [7d Tc Ad] [6d]
AzureCaper: bets $6
sda.80.16: raises $6 to $12
AzureCaper: calls $6
*** RIVER *** [7d Tc Ad 6d] [4d]
AzureCaper: checks
sda.80.16: checks
*** SHOW DOWN ***
AzureCaper: shows [As 3h] (a pair of Aces)
sda.80.16: shows [8c 9c] (a straight, Six to Ten)
sda.80.16 collected $41.50 from pot
*** SUMMARY ***
Total pot $42 | Rake $0.50
Board [7d Tc Ad 6d 4d]
Seat 4: AzureCaper (big blind) showed [As 3h] and lost with a pair of Aces
Seat 6: sda.80.16 (button) (small blind) showed [8c 9c] and won ($41.50) with a straight, Six to Ten


PokerStars Hand #156921683981:  Hold'em Limit ($3/$6 USD) - 2016/08/05 23:46:20 ET
Table 'Sagitta II' 6-max Seat #4 is the button
Seat 4: AzureCaper ($72 in chips)
Seat 6: sda.80.16 ($157.66 in chips)
AzureCaper: posts small blind $1
sda.80.16: posts big blind $3
*** HOLE CARDS ***
AzureCaper: folds
Uncalled bet ($2) returned to sda.80.16
sda.80.16 collected $2 from pot
sda.80.16: doesn't show hand
*** SUMMARY ***
Total pot $2 | Rake $0
Seat 4: AzureCaper (button) (small blind) folded before Flop
Seat 6: sda.80.16 (big blind) collected ($2)


PokerStars Hand #156921682222:  Hold'em Limit ($3/$6 USD) - 2016/08/05 23:46:14 ET
Table 'Sagitta II' 6-max Seat #6 is the button
Seat 4: AzureCaper ($72 in chips)
Seat 6: sda.80.16 ($154.66 in chips)
sda.80.16: posts small blind $1
AzureCaper: posts big blind $3
*** HOLE CARDS ***
sda.80.16: raises $3 to $6
AzureCaper: folds
Uncalled bet ($3) returned to sda.80.16
sda.80.16 collected $6 from pot
sda.80.16: doesn't show hand
*** SUMMARY ***
Total pot $6 | Rake $0
Seat 4: AzureCaper (big blind) folded before Flop
Seat 6: sda.80.16 (button) (small blind) collected ($6)


PokerStars Hand #156921696494:  Hold'em Limit ($3/$6 USD) - 2016/08/05 23:47:05 ET
Table 'Sagitta II' 6-max Seat #4 is the button
Seat 4: AzureCaper ($72 in chips)
Seat 6: sda.80.16 ($179.16 in chips)
AzureCaper: posts small blind $1
sda.80.16: posts big blind $3
*** HOLE CARDS ***
AzureCaper: raises $3 to $6
sda.80.16: raises $3 to $9
AzureCaper: calls $3
*** FLOP *** [Qd Tc Jd]
sda.80.16: bets $3
AzureCaper: calls $3
*** TURN *** [Qd Tc Jd] [5d]
sda.80.16: bets $6
AzureCaper: calls $6
*** RIVER *** [Qd Tc Jd 5d] [Ts]
sda.80.16: bets $6
AzureCaper: raises $6 to $12
sda.80.16: folds
Uncalled bet ($6) returned to AzureCaper
AzureCaper collected $47.50 from pot
AzureCaper: doesn't show hand
*** SUMMARY ***
Total pot $48 | Rake $0.50
Board [Qd Tc Jd 5d Ts]
Seat 4: AzureCaper (button) (small blind) collected ($47.50)
Seat 6: sda.80.16 (big blind) folded on the River


PokerStars Hand #156921758608:  Hold'em Limit ($3/$6 USD) - 2016/08/05 23:50:48 ET
Table 'Sagitta II' 6-max Seat #1 is the button
Seat 1: TbIP-TbIP 88 ($72 in chips)
Seat 5: I M GOIN OFF ($147.28 in chips)
TbIP-TbIP 88: posts small blind $1
I M GOIN OFF: posts big blind $3
*** HOLE CARDS ***
TbIP-TbIP 88: folds
Uncalled bet ($2) returned to I M GOIN OFF
I M GOIN OFF collected $2 from pot
I M GOIN OFF: doesn't show hand
*** SUMMARY ***
Total pot $2 | Rake $0
Seat 1: TbIP-TbIP 88 (button) (small blind) folded before Flop
Seat 5: I M GOIN OFF (big blind) collected ($2)


