PokerStars Hand #148955296115:  Hold'em Limit ($3/$6 USD) - 2016/02/17 9:53:49 ET
Table 'Sagittarius' 10-max Seat #7 is the button
Seat 7: mishkamoya ($120 in chips)
Seat 8: Pandakey ($120 in chips)
mishkamoya: posts small blind $1
Pandakey: posts big blind $3
*** HOLE CARDS ***
mishkamoya: raises $3 to $6
Pandakey: calls $3
*** FLOP *** [Jc 8d 5d]
Pandakey: checks
mishkamoya: bets $3
Pandakey: calls $3
*** TURN *** [Jc 8d 5d] [3h]
Pandakey: checks
mishkamoya: checks
*** RIVER *** [Jc 8d 5d 3h] [2h]
Pandakey: checks
mishkamoya: bets $6
Pandakey: folds
Uncalled bet ($6) returned to mishkamoya
mishkamoya collected $17.64 from pot
mishkamoya: doesn't show hand
*** SUMMARY ***
Total pot $18 | Rake $0.36
Board [Jc 8d 5d 3h 2h]
Seat 7: mishkamoya (button) (small blind) collected ($17.64)
Seat 8: Pandakey (big blind) folded on the River


PokerStars Hand #148955338805:  Hold'em Limit ($3/$6 USD) - 2016/02/17 9:54:46 ET
Table 'Sagittarius' 10-max Seat #8 is the button
Seat 7: mishkamoya ($148.80 in chips)
Seat 8: Pandakey ($90 in chips)
Pandakey: posts small blind $1
mishkamoya: posts big blind $3
*** HOLE CARDS ***
Pandakey: raises $3 to $6
mishkamoya: calls $3
*** FLOP *** [3d 8d Kc]
mishkamoya: checks
Pandakey: bets $3
mishkamoya: raises $3 to $6
Pandakey: calls $3
*** TURN *** [3d 8d Kc] [6s]
mishkamoya: bets $6
Pandakey: calls $6
*** RIVER *** [3d 8d Kc 6s] [4h]
mishkamoya: bets $6
Pandakey: calls $6
*** SHOW DOWN ***
mishkamoya: shows [Qd 8h] (a pair of Eights)
Pandakey: mucks hand
mishkamoya collected $47.50 from pot
*** SUMMARY ***
Total pot $48 | Rake $0.50
Board [3d 8d Kc 6s 4h]
Seat 7: mishkamoya (big blind) showed [Qd 8h] and won ($47.50) with a pair of Eights
Seat 8: Pandakey (button) (small blind) mucked


PokerStars Hand #148955327262:  Hold'em Limit ($3/$6 USD) - 2016/02/17 9:54:30 ET
Table 'Sagittarius' 10-max Seat #7 is the button
Seat 7: mishkamoya ($137.28 in chips)
Seat 8: Pandakey ($102 in chips)
mishkamoya: posts small blind $1
Pandakey: posts big blind $3
*** HOLE CARDS ***
mishkamoya: raises $3 to $6
Pandakey: calls $3
*** FLOP *** [7s Qs 9h]
Pandakey: checks
mishkamoya: checks
*** TURN *** [7s Qs 9h] [5d]
Pandakey: checks
mishkamoya: checks
*** RIVER *** [7s Qs 9h 5d] [2h]
Pandakey: bets $6
mishkamoya: raises $6 to $12
Pandakey: folds
Uncalled bet ($6) returned to mishkamoya
mishkamoya collected $23.52 from pot
mishkamoya: doesn't show hand
*** SUMMARY ***
Total pot $24 | Rake $0.48
Board [7s Qs 9h 5d 2h]
Seat 7: mishkamoya (button) (small blind) collected ($23.52)
Seat 8: Pandakey (big blind) folded on the River


PokerStars Hand #148955323836:  Hold'em Limit ($3/$6 USD) - 2016/02/17 9:54:26 ET
Table 'Sagittarius' 10-max Seat #8 is the button
Seat 7: mishkamoya ($136.28 in chips)
Seat 8: Pandakey ($103 in chips)
Pandakey: posts small blind $1
mishkamoya: posts big blind $3
*** HOLE CARDS ***
Pandakey: folds
Uncalled bet ($2) returned to mishkamoya
mishkamoya collected $2 from pot
mishkamoya: doesn't show hand
*** SUMMARY ***
Total pot $2 | Rake $0
Seat 7: mishkamoya (big blind) collected ($2)
Seat 8: Pandakey (button) (small blind) folded before Flop


PokerStars Hand #148955320639:  Hold'em Limit ($3/$6 USD) - 2016/02/17 9:54:22 ET
Table 'Sagittarius' 10-max Seat #7 is the button
Seat 7: mishkamoya ($137.28 in chips)
Seat 8: Pandakey ($102 in chips)
mishkamoya: posts small blind $1
Pandakey: posts big blind $3
*** HOLE CARDS ***
mishkamoya: folds
Uncalled bet ($2) returned to Pandakey
Pandakey collected $2 from pot
Pandakey: doesn't show hand
*** SUMMARY ***
Total pot $2 | Rake $0
Seat 7: mishkamoya (button) (small blind) folded before Flop
Seat 8: Pandakey (big blind) collected ($2)


PokerStars Hand #148955314419:  Hold'em Limit ($3/$6 USD) - 2016/02/17 9:54:13 ET
Table 'Sagittarius' 10-max Seat #8 is the button
Seat 7: mishkamoya ($128.64 in chips)
Seat 8: Pandakey ($111 in chips)
Pandakey: posts small blind $1
mishkamoya: posts big blind $3
*** HOLE CARDS ***
Pandakey: raises $3 to $6
mishkamoya: raises $3 to $9
Pandakey: calls $3
*** FLOP *** [Qc Qd 9d]
mishkamoya: bets $3
Pandakey: folds
Uncalled bet ($3) returned to mishkamoya
mishkamoya collected $17.64 from pot
mishkamoya: doesn't show hand
*** SUMMARY ***
Total pot $18 | Rake $0.36
Board [Qc Qd 9d]
Seat 7: mishkamoya (big blind) collected ($17.64)
Seat 8: Pandakey (button) (small blind) folded on the Flop


PokerStars Hand #148955385076:  Hold'em Limit ($3/$6 USD) - 2016/02/17 9:55:54 ET
Table 'Sagittarius' 10-max Seat #8 is the button
Seat 7: mishkamoya ($144.30 in chips)
Seat 8: Pandakey ($93.04 in chips)
Pandakey: posts small blind $1
mishkamoya: posts big blind $3
*** HOLE CARDS ***
Pandakey: raises $3 to $6
mishkamoya: folds
Uncalled bet ($3) returned to Pandakey
mishkamoya leaves the table
Pandakey collected $6 from pot
Pandakey: doesn't show hand
*** SUMMARY ***
Total pot $6 | Rake $0
Seat 7: mishkamoya (big blind) folded before Flop
Seat 8: Pandakey (button) (small blind) collected ($6)


PokerStars Hand #148955382113:  Hold'em Limit ($3/$6 USD) - 2016/02/17 9:55:49 ET
Table 'Sagittarius' 10-max Seat #7 is the button
Seat 7: mishkamoya ($145.30 in chips)
Seat 8: Pandakey ($92.04 in chips)
mishkamoya: posts small blind $1
Pandakey: posts big blind $3
*** HOLE CARDS ***
mishkamoya: folds
Uncalled bet ($2) returned to Pandakey
Pandakey collected $2 from pot
Pandakey: doesn't show hand
*** SUMMARY ***
Total pot $2 | Rake $0
Seat 7: mishkamoya (button) (small blind) folded before Flop
Seat 8: Pandakey (big blind) collected ($2)


PokerStars Hand #148955376171:  Hold'em Limit ($3/$6 USD) - 2016/02/17 9:55:40 ET
Table 'Sagittarius' 10-max Seat #8 is the button
Seat 7: mishkamoya ($151.30 in chips)
Seat 8: Pandakey ($86.28 in chips)
Pandakey: posts small blind $1
mishkamoya: posts big blind $3
*** HOLE CARDS ***
Pandakey: raises $3 to $6
mishkamoya: calls $3
*** FLOP *** [Th 3h 6c]
mishkamoya: checks
Pandakey: bets $3
mishkamoya: folds
Uncalled bet ($3) returned to Pandakey
Pandakey collected $11.76 from pot
Pandakey: doesn't show hand
*** SUMMARY ***
Total pot $12 | Rake $0.24
Board [Th 3h 6c]
Seat 7: mishkamoya (big blind) folded on the Flop
Seat 8: Pandakey (button) (small blind) collected ($11.76)


PokerStars Hand #148955366491:  Hold'em Limit ($3/$6 USD) - 2016/02/17 9:55:25 ET
Table 'Sagittarius' 10-max Seat #7 is the button
Seat 7: mishkamoya ($160.30 in chips)
Seat 8: Pandakey ($77.64 in chips)
mishkamoya: posts small blind $1
Pandakey: posts big blind $3
*** HOLE CARDS ***
mishkamoya: raises $3 to $6
Pandakey: calls $3
*** FLOP *** [7s Qs 2s]
Pandakey: checks
mishkamoya: bets $3
Pandakey: calls $3
*** TURN *** [7s Qs 2s] [5c]
Pandakey: checks
mishkamoya: checks
*** RIVER *** [7s Qs 2s 5c] [Ad]
Pandakey: checks
mishkamoya: checks
*** SHOW DOWN ***
Pandakey: shows [2d 8d] (a pair of Deuces)
mishkamoya: mucks hand
Pandakey collected $17.64 from pot
*** SUMMARY ***
Total pot $18 | Rake $0.36
Board [7s Qs 2s 5c Ad]
Seat 7: mishkamoya (button) (small blind) mucked
Seat 8: Pandakey (big blind) showed [2d 8d] and won ($17.64) with a pair of Deuces


PokerStars Hand #148955363304:  Hold'em Limit ($3/$6 USD) - 2016/02/17 9:55:20 ET
Table 'Sagittarius' 10-max Seat #8 is the button
Seat 7: mishkamoya ($163.30 in chips)
Seat 8: Pandakey ($74.64 in chips)
Pandakey: posts small blind $1
mishkamoya: posts big blind $3
*** HOLE CARDS ***
Pandakey: raises $3 to $6
mishkamoya: folds
Uncalled bet ($3) returned to Pandakey
Pandakey collected $6 from pot
Pandakey: doesn't show hand
*** SUMMARY ***
Total pot $6 | Rake $0
Seat 7: mishkamoya (big blind) folded before Flop
Seat 8: Pandakey (button) (small blind) collected ($6)


PokerStars Hand #148955355221:  Hold'em Limit ($3/$6 USD) - 2016/02/17 9:55:07 ET
Table 'Sagittarius' 10-max Seat #7 is the button
Seat 7: mishkamoya ($172.30 in chips)
Seat 8: Pandakey ($66 in chips)
mishkamoya: posts small blind $1
Pandakey: posts big blind $3
*** HOLE CARDS ***
mishkamoya: raises $3 to $6
Pandakey: calls $3
*** FLOP *** [9s 7s Qh]
Pandakey: checks
mishkamoya: bets $3
Pandakey: calls $3
*** TURN *** [9s 7s Qh] [8s]
Pandakey: checks
mishkamoya: checks
*** RIVER *** [9s 7s Qh 8s] [5s]
Pandakey: bets $6
mishkamoya: folds
Uncalled bet ($6) returned to Pandakey
Pandakey collected $17.64 from pot
Pandakey: doesn't show hand
*** SUMMARY ***
Total pot $18 | Rake $0.36
Board [9s 7s Qh 8s 5s]
Seat 7: mishkamoya (button) (small blind) folded on the River
Seat 8: Pandakey (big blind) collected ($17.64)


PokerStars Hand #148955467322:  Hold'em Limit ($3/$6 USD) - 2016/02/17 9:58:00 ET
Table 'Sagittarius' 10-max Seat #6 is the button
Seat 6: Bablonaut ($129.63 in chips)
Seat 8: Pandakey ($49.80 in chips)
Bablonaut: posts small blind $1
Pandakey: posts big blind $3
*** HOLE CARDS ***
Bablonaut: raises $3 to $6
Pandakey: calls $3
*** FLOP *** [8s 7d 5s]
Pandakey: bets $3
Bablonaut: calls $3
*** TURN *** [8s 7d 5s] [4d]
Pandakey: bets $6
Bablonaut: folds
Uncalled bet ($6) returned to Pandakey
Pandakey collected $17.64 from pot
*** SUMMARY ***
Total pot $18 | Rake $0.36
Board [8s 7d 5s 4d]
Seat 6: Bablonaut (button) (small blind) folded on the Turn
Seat 8: Pandakey (big blind) collected ($17.64)


PokerStars Hand #148955460314:  Hold'em Limit ($3/$6 USD) - 2016/02/17 9:57:49 ET
Table 'Sagittarius' 10-max Seat #8 is the button
Seat 6: Bablonaut ($135.63 in chips)
Seat 8: Pandakey ($44.04 in chips)
Pandakey: posts small blind $1
Bablonaut: posts big blind $3
*** HOLE CARDS ***
Pandakey: raises $3 to $6
Bablonaut: calls $3
*** FLOP *** [Ad 6h 6s]
Bablonaut: checks
Pandakey: bets $3
Bablonaut: folds
Uncalled bet ($3) returned to Pandakey
Pandakey collected $11.76 from pot
Pandakey: doesn't show hand
*** SUMMARY ***
Total pot $12 | Rake $0.24
Board [Ad 6h 6s]
Seat 6: Bablonaut (big blind) folded on the Flop
Seat 8: Pandakey (button) (small blind) collected ($11.76)


PokerStars Hand #148955445061:  Hold'em Limit ($3/$6 USD) - 2016/02/17 9:57:26 ET
Table 'Sagittarius' 10-max Seat #6 is the button
Seat 6: Bablonaut ($109.13 in chips)
Seat 8: Pandakey ($71.04 in chips)
Bablonaut: posts small blind $1
Pandakey: posts big blind $3
*** HOLE CARDS ***
Bablonaut: calls $2
Pandakey: raises $3 to $6
Bablonaut: calls $3
*** FLOP *** [Qc Ad 7h]
Pandakey: bets $3
Bablonaut: calls $3
*** TURN *** [Qc Ad 7h] [7c]
Pandakey: bets $6
Bablonaut: calls $6
*** RIVER *** [Qc Ad 7h 7c] [2h]
Pandakey: bets $6
Bablonaut: raises $6 to $12
Pandakey: calls $6
*** SHOW DOWN ***
Bablonaut: shows [7s 6c] (three of a kind, Sevens)
Pandakey: mucks hand
Bablonaut collected $53.50 from pot
*** SUMMARY ***
Total pot $54 | Rake $0.50
Board [Qc Ad 7h 7c 2h]
Seat 6: Bablonaut (button) (small blind) showed [7s 6c] and won ($53.50) with three of a kind, Sevens
Seat 8: Pandakey (big blind) mucked


PokerStars Hand #148955441744:  Hold'em Limit ($3/$6 USD) - 2016/02/17 9:57:21 ET
Table 'Sagittarius' 10-max Seat #8 is the button
Seat 6: Bablonaut ($108.13 in chips)
Seat 8: Pandakey ($72.04 in chips)
Pandakey: posts small blind $1
Bablonaut: posts big blind $3
*** HOLE CARDS ***
Pandakey: folds
Uncalled bet ($2) returned to Bablonaut
Bablonaut collected $2 from pot
Bablonaut: doesn't show hand
*** SUMMARY ***
Total pot $2 | Rake $0
Seat 6: Bablonaut (big blind) collected ($2)
Seat 8: Pandakey (button) (small blind) folded before Flop


PokerStars Hand #148955430437:  Hold'em Limit ($3/$6 USD) - 2016/02/17 9:57:04 ET
Table 'Sagittarius' 10-max Seat #6 is the button
Seat 6: Bablonaut ($84.63 in chips)
Seat 8: Pandakey ($96.04 in chips)
Bablonaut: posts small blind $1
Pandakey: posts big blind $3
*** HOLE CARDS ***
Bablonaut: raises $3 to $6
Pandakey: raises $3 to $9
Bablonaut: calls $3
*** FLOP *** [Jd 6c 3c]
Pandakey: bets $3
Bablonaut: calls $3
*** TURN *** [Jd 6c 3c] [7h]
Pandakey: bets $6
Bablonaut: calls $6
*** RIVER *** [Jd 6c 3c 7h] [5h]
Pandakey: bets $6
Bablonaut: calls $6
*** SHOW DOWN ***
Pandakey: shows [Qh Ks] (high card King)
Bablonaut: shows [Qs Ad] (high card Ace)
Bablonaut collected $47.50 from pot
*** SUMMARY ***
Total pot $48 | Rake $0.50
Board [Jd 6c 3c 7h 5h]
Seat 6: Bablonaut (button) (small blind) showed [Qs Ad] and won ($47.50) with high card Ace
Seat 8: Pandakey (big blind) showed [Qh Ks] and lost with high card King


PokerStars Hand #148955488371:  Hold'em Limit ($3/$6 USD) - 2016/02/17 9:58:20 ET
Table 'Sagittarius' 10-max Seat #6 is the button
Seat 6: Bablonaut ($117.63 in chips)
Seat 8: Pandakey ($61.44 in chips)
Bablonaut: posts small blind $1
Pandakey: posts big blind $3
*** HOLE CARDS ***
Bablonaut: calls $2
BuzovaPro joins the table at seat #7
Pandakey: raises $3 to $6
Bablonaut: calls $3
*** FLOP *** [4d 2c 7h]
Pandakey: bets $3
Bablonaut: calls $3
*** TURN *** [4d 2c 7h] [2d]
Pandakey: bets $6
Bablonaut: calls $6
*** RIVER *** [4d 2c 7h 2d] [3h]
Pandakey: bets $6
Bablonaut: folds
Uncalled bet ($6) returned to Pandakey
Pandakey collected $29.50 from pot
*** SUMMARY ***
Total pot $30 | Rake $0.50
Board [4d 2c 7h 2d 3h]
Seat 6: Bablonaut (button) (small blind) folded on the River
Seat 8: Pandakey (big blind) collected ($29.50)


PokerStars Hand #148955479407:  Hold'em Limit ($3/$6 USD) - 2016/02/17 9:58:12 ET
Table 'Sagittarius' 10-max Seat #8 is the button
Seat 6: Bablonaut ($120.63 in chips)
Seat 8: Pandakey ($58.44 in chips)
Pandakey: posts small blind $1
Bablonaut: posts big blind $3
*** HOLE CARDS ***
Pandakey: raises $3 to $6
Bablonaut: folds
Uncalled bet ($3) returned to Pandakey
Pandakey collected $6 from pot
Pandakey: doesn't show hand
*** SUMMARY ***
Total pot $6 | Rake $0
Seat 6: Bablonaut (big blind) folded before Flop
Seat 8: Pandakey (button) (small blind) collected ($6)


PokerStars Hand #148956450006:  Hold'em Limit ($3/$6 USD) - 2016/02/17 10:18:56 ET
Table 'Sagittarius' 10-max Seat #6 is the button
Seat 5: Kriksis66 ($58.06 in chips)
Seat 6: kolaz03 ($117.88 in chips)
kolaz03: posts small blind $1
Kriksis66: posts big blind $3
*** HOLE CARDS ***
kolaz03: raises $3 to $6
Kriksis66: folds
Uncalled bet ($3) returned to kolaz03
kolaz03 collected $6 from pot
kolaz03: doesn't show hand
*** SUMMARY ***
Total pot $6 | Rake $0
Seat 5: Kriksis66 (big blind) folded before Flop
Seat 6: kolaz03 (button) (small blind) collected ($6)


