PokerStars Hand #167266666081:  Hold'em Limit ($3/$6 USD) - 2017/03/07 17:28:32 ET
Table 'Sagittarius II' 6-max Seat #3 is the button
Seat 3: NAUTJE1337 ($41 in chips)
Seat 5: Koraseg ($126.52 in chips)
NAUTJE1337: posts small blind $1
Koraseg: posts big blind $3
*** HOLE CARDS ***
NAUTJE1337: raises $3 to $6
Koraseg: calls $3
*** FLOP *** [3d 5h Jc]
Koraseg: checks
NAUTJE1337: bets $3
Koraseg: raises $3 to $6
NAUTJE1337: calls $3
*** TURN *** [3d 5h Jc] [2s]
Koraseg: bets $6
NAUTJE1337: calls $6
*** RIVER *** [3d 5h Jc 2s] [4h]
Koraseg: bets $6
NAUTJE1337: raises $6 to $12
Koraseg: folds
Uncalled bet ($6) returned to NAUTJE1337
NAUTJE1337 collected $47.50 from pot
*** SUMMARY ***
Total pot $48 | Rake $0.50
Board [3d 5h Jc 2s 4h]
Seat 3: NAUTJE1337 (button) (small blind) collected ($47.50)
Seat 5: Koraseg (big blind) folded on the River


PokerStars Hand #167266656410:  Hold'em Limit ($3/$6 USD) - 2017/03/07 17:28:20 ET
Table 'Sagittarius II' 6-max Seat #5 is the button
Seat 3: NAUTJE1337 ($40 in chips)
Seat 5: Koraseg ($127.52 in chips)
Koraseg: posts small blind $1
NAUTJE1337: posts big blind $3
*** HOLE CARDS ***
Koraseg: folds
Uncalled bet ($2) returned to NAUTJE1337
NAUTJE1337 collected $2 from pot
*** SUMMARY ***
Total pot $2 | Rake $0
Seat 3: NAUTJE1337 (big blind) collected ($2)
Seat 5: Koraseg (button) (small blind) folded before Flop


PokerStars Hand #167266649892:  Hold'em Limit ($3/$6 USD) - 2017/03/07 17:28:13 ET
Table 'Sagittarius II' 6-max Seat #3 is the button
Seat 3: NAUTJE1337 ($37 in chips)
Seat 5: Koraseg ($130.52 in chips)
NAUTJE1337: posts small blind $1
Koraseg: posts big blind $3
*** HOLE CARDS ***
NAUTJE1337: raises $3 to $6
Koraseg: folds
Uncalled bet ($3) returned to NAUTJE1337
NAUTJE1337 collected $6 from pot
*** SUMMARY ***
Total pot $6 | Rake $0
Seat 3: NAUTJE1337 (button) (small blind) collected ($6)
Seat 5: Koraseg (big blind) folded before Flop


PokerStars Hand #167266701730:  Hold'em Limit ($3/$6 USD) - 2017/03/07 17:29:15 ET
Table 'Sagittarius II' 6-max Seat #5 is the button
Seat 3: NAUTJE1337 ($64.50 in chips)
Seat 5: Koraseg ($102.52 in chips)
Koraseg: posts small blind $1
NAUTJE1337: posts big blind $3
*** HOLE CARDS ***
Koraseg: raises $3 to $6
NAUTJE1337: calls $3
*** FLOP *** [5d Kd Ad]
NAUTJE1337: checks
Koraseg: bets $3
NAUTJE1337: calls $3
*** TURN *** [5d Kd Ad] [Qh]
NAUTJE1337: checks
Koraseg: bets $6
NAUTJE1337: calls $6
*** RIVER *** [5d Kd Ad Qh] [8s]
NAUTJE1337: checks
Koraseg: bets $6
NAUTJE1337: calls $6
*** SHOW DOWN ***
Koraseg: shows [Ks 5s] (two pair, Kings and Fives)
NAUTJE1337: mucks hand
Koraseg collected $41.50 from pot
*** SUMMARY ***
Total pot $42 | Rake $0.50
Board [5d Kd Ad Qh 8s]
Seat 3: NAUTJE1337 (big blind) mucked
Seat 5: Koraseg (button) (small blind) showed [Ks 5s] and won ($41.50) with two pair, Kings and Fives


PokerStars Hand #167266697969:  Hold'em Limit ($3/$6 USD) - 2017/03/07 17:29:10 ET
Table 'Sagittarius II' 6-max Seat #3 is the button
Seat 3: NAUTJE1337 ($65.50 in chips)
Seat 5: Koraseg ($101.52 in chips)
NAUTJE1337: posts small blind $1
Koraseg: posts big blind $3
*** HOLE CARDS ***
NAUTJE1337: folds
Uncalled bet ($2) returned to Koraseg
Koraseg collected $2 from pot
Koraseg: doesn't show hand
*** SUMMARY ***
Total pot $2 | Rake $0
Seat 3: NAUTJE1337 (button) (small blind) folded before Flop
Seat 5: Koraseg (big blind) collected ($2)


PokerStars Hand #167266686442:  Hold'em Limit ($3/$6 USD) - 2017/03/07 17:28:57 ET
Table 'Sagittarius II' 6-max Seat #5 is the button
Seat 3: NAUTJE1337 ($64.50 in chips)
Seat 5: Koraseg ($102.52 in chips)
Koraseg: posts small blind $1
NAUTJE1337: posts big blind $3
*** HOLE CARDS ***
Koraseg: folds
Uncalled bet ($2) returned to NAUTJE1337
NAUTJE1337 collected $2 from pot
*** SUMMARY ***
Total pot $2 | Rake $0
Seat 3: NAUTJE1337 (big blind) collected ($2)
Seat 5: Koraseg (button) (small blind) folded before Flop


PokerStars Hand #167266764967:  Hold'em Limit ($3/$6 USD) - 2017/03/07 17:30:31 ET
Table 'Sagittarius II' 6-max Seat #3 is the button
Seat 3: NAUTJE1337 ($74 in chips)
Seat 5: Koraseg ($92.02 in chips)
NAUTJE1337: posts small blind $1
Koraseg: posts big blind $3
*** HOLE CARDS ***
NAUTJE1337: raises $3 to $6
Koraseg: calls $3
*** FLOP *** [2s 8c Ks]
Koraseg: checks
NAUTJE1337: bets $3
Koraseg: calls $3
*** TURN *** [2s 8c Ks] [6s]
Koraseg: bets $6
NAUTJE1337: raises $6 to $12
Koraseg: calls $6
*** RIVER *** [2s 8c Ks 6s] [5h]
Koraseg: checks
NAUTJE1337: bets $6
Koraseg: calls $6
*** SHOW DOWN ***
NAUTJE1337: shows [8h Ts] (a pair of Eights)
Koraseg: shows [Jc Kh] (a pair of Kings)
Koraseg collected $53.50 from pot
*** SUMMARY ***
Total pot $54 | Rake $0.50
Board [2s 8c Ks 6s 5h]
Seat 3: NAUTJE1337 (button) (small blind) showed [8h Ts] and lost with a pair of Eights
Seat 5: Koraseg (big blind) showed [Jc Kh] and won ($53.50) with a pair of Kings


PokerStars Hand #167266760686:  Hold'em Limit ($3/$6 USD) - 2017/03/07 17:30:26 ET
Table 'Sagittarius II' 6-max Seat #5 is the button
Seat 3: NAUTJE1337 ($73 in chips)
Seat 5: Koraseg ($93.02 in chips)
Koraseg: posts small blind $1
NAUTJE1337: posts big blind $3
*** HOLE CARDS ***
Koraseg: folds
Uncalled bet ($2) returned to NAUTJE1337
NAUTJE1337 collected $2 from pot
*** SUMMARY ***
Total pot $2 | Rake $0
Seat 3: NAUTJE1337 (big blind) collected ($2)
Seat 5: Koraseg (button) (small blind) folded before Flop


PokerStars Hand #167266739301:  Hold'em Limit ($3/$6 USD) - 2017/03/07 17:30:00 ET
Table 'Sagittarius II' 6-max Seat #3 is the button
Seat 3: NAUTJE1337 ($43.50 in chips)
Seat 5: Koraseg ($123.02 in chips)
NAUTJE1337: posts small blind $1
Koraseg: posts big blind $3
*** HOLE CARDS ***
NAUTJE1337: raises $3 to $6
Koraseg: calls $3
*** FLOP *** [Ks 8c Td]
Koraseg: checks
NAUTJE1337: bets $3
Koraseg: raises $3 to $6
NAUTJE1337: calls $3
*** TURN *** [Ks 8c Td] [5c]
Koraseg: bets $6
NAUTJE1337: calls $6
*** RIVER *** [Ks 8c Td 5c] [Ah]
Koraseg: checks
NAUTJE1337: bets $6
Koraseg: raises $6 to $12
NAUTJE1337: raises $6 to $18
Koraseg: folds
Uncalled bet ($6) returned to NAUTJE1337
NAUTJE1337 collected $59.50 from pot
*** SUMMARY ***
Total pot $60 | Rake $0.50
Board [Ks 8c Td 5c Ah]
Seat 3: NAUTJE1337 (button) (small blind) collected ($59.50)
Seat 5: Koraseg (big blind) folded on the River


PokerStars Hand #167266790369:  Hold'em Limit ($3/$6 USD) - 2017/03/07 17:31:01 ET
Table 'Sagittarius II' 6-max Seat #5 is the button
Seat 3: NAUTJE1337 ($47 in chips)
Seat 5: Koraseg ($118.52 in chips)
Koraseg: posts small blind $1
NAUTJE1337: posts big blind $3
*** HOLE CARDS ***
Koraseg: raises $3 to $6
NAUTJE1337: calls $3
*** FLOP *** [4h Ad Ac]
NAUTJE1337: checks
Koraseg: bets $3
NAUTJE1337: raises $3 to $6
Zubasa07 joins the table at seat #4
Koraseg: calls $3
*** TURN *** [4h Ad Ac] [Jd]
NAUTJE1337: bets $6
Koraseg: folds
Uncalled bet ($6) returned to NAUTJE1337
NAUTJE1337 collected $23.52 from pot
*** SUMMARY ***
Total pot $24 | Rake $0.48
Board [4h Ad Ac Jd]
Seat 3: NAUTJE1337 (big blind) collected ($23.52)
Seat 5: Koraseg (button) (small blind) folded on the Turn


PokerStars Hand #167266892188:  Hold'em Limit ($3/$6 USD) - 2017/03/07 17:33:04 ET
Table 'Sagittarius II' 6-max Seat #5 is the button
Seat 4: Zubasa07 ($277 in chips)
Seat 5: Koraseg ($67.52 in chips)
Koraseg: posts small blind $1
NAUTJE1337: is sitting out
Zubasa07: posts big blind $3
*** HOLE CARDS ***
Koraseg: folds
Uncalled bet ($2) returned to Zubasa07
Zubasa07 collected $2 from pot
Zubasa07: doesn't show hand
*** SUMMARY ***
Total pot $2 | Rake $0
Seat 4: Zubasa07 (big blind) collected ($2)
Seat 5: Koraseg (button) (small blind) folded before Flop


