PokerStars Hand #149855380610:  Hold'em Limit ($3/$6 USD) - 2016/03/04 22:03:29 ET
Table 'Sagitta' 6-max Seat #4 is the button
Seat 3: RICARDOMG_77 ($128.64 in chips)
Seat 4: wlungW ($91 in chips)
wlungW: posts small blind $1
RICARDOMG_77: posts big blind $3
*** HOLE CARDS ***
wlungW: raises $3 to $6
RICARDOMG_77: raises $3 to $9
wlungW: raises $3 to $12
Betting is capped
RICARDOMG_77: calls $3
*** FLOP *** [Qs 9h 3s]
RICARDOMG_77: checks
wlungW: checks
*** TURN *** [Qs 9h 3s] [2d]
RICARDOMG_77: bets $6
wlungW: raises $6 to $12
RICARDOMG_77: raises $6 to $18
wlungW: raises $6 to $24
Betting is capped
RICARDOMG_77: folds
Uncalled bet ($6) returned to wlungW
wlungW collected $59.50 from pot
*** SUMMARY ***
Total pot $60 | Rake $0.50
Board [Qs 9h 3s 2d]
Seat 3: RICARDOMG_77 (big blind) folded on the Turn
Seat 4: wlungW (button) (small blind) collected ($59.50)


PokerStars Hand #149855427844:  Hold'em Limit ($3/$6 USD) - 2016/03/04 22:05:21 ET
Table 'Sagitta' 6-max Seat #4 is the button
Seat 3: RICARDOMG_77 ($62.64 in chips)
Seat 4: wlungW ($156 in chips)
wlungW: posts small blind $1
RICARDOMG_77: posts big blind $3
*** HOLE CARDS ***
wlungW: raises $3 to $6
RICARDOMG_77: calls $3
*** FLOP *** [Qc As 7h]
RICARDOMG_77: checks
wlungW: bets $3
RICARDOMG_77: folds
Uncalled bet ($3) returned to wlungW
wlungW collected $11.76 from pot
*** SUMMARY ***
Total pot $12 | Rake $0.24
Board [Qc As 7h]
Seat 3: RICARDOMG_77 (big blind) folded on the Flop
Seat 4: wlungW (button) (small blind) collected ($11.76)


PokerStars Hand #149855437165:  Hold'em Limit ($3/$6 USD) - 2016/03/04 22:05:44 ET
Table 'Sagitta' 6-max Seat #3 is the button
Seat 3: RICARDOMG_77 ($56.64 in chips)
Seat 4: wlungW ($161.76 in chips)
RICARDOMG_77: posts small blind $1
wlungW: posts big blind $3
*** HOLE CARDS ***
RICARDOMG_77: raises $3 to $6
wlungW: calls $3
*** FLOP *** [8d Th 7s]
wlungW: checks
RICARDOMG_77: bets $3
wlungW: calls $3
*** TURN *** [8d Th 7s] [Qs]
wlungW: checks
RICARDOMG_77: bets $6
wlungW: folds [Ac]
Uncalled bet ($6) returned to RICARDOMG_77
RICARDOMG_77 collected $17.64 from pot
RICARDOMG_77: doesn't show hand
*** SUMMARY ***
Total pot $18 | Rake $0.36
Board [8d Th 7s Qs]
Seat 3: RICARDOMG_77 (button) (small blind) collected ($17.64)
Seat 4: wlungW (big blind) folded on the Turn


PokerStars Hand #149855488947:  Hold'em Limit ($3/$6 USD) - 2016/03/04 22:07:49 ET
Table 'Sagitta' 6-max Seat #3 is the button
Seat 3: RICARDOMG_77 ($92.28 in chips)
Seat 4: wlungW ($175.26 in chips)
RICARDOMG_77: posts small blind $1
wlungW: posts big blind $3
*** HOLE CARDS ***
RICARDOMG_77: raises $3 to $6
wlungW: folds
Uncalled bet ($3) returned to RICARDOMG_77
RICARDOMG_77 collected $6 from pot
*** SUMMARY ***
Total pot $6 | Rake $0
Seat 3: RICARDOMG_77 (button) (small blind) collected ($6)
Seat 4: wlungW (big blind) folded before Flop


PokerStars Hand #149855485978:  Hold'em Limit ($3/$6 USD) - 2016/03/04 22:07:42 ET
Table 'Sagitta' 6-max Seat #4 is the button
Seat 3: RICARDOMG_77 ($91.28 in chips)
Seat 4: wlungW ($176.26 in chips)
wlungW: posts small blind $1
RICARDOMG_77: posts big blind $3
*** HOLE CARDS ***
wlungW: folds
Uncalled bet ($2) returned to RICARDOMG_77
RICARDOMG_77 collected $2 from pot
*** SUMMARY ***
Total pot $2 | Rake $0
Seat 3: RICARDOMG_77 (big blind) collected ($2)
Seat 4: wlungW (button) (small blind) folded before Flop


PokerStars Hand #149855482770:  Hold'em Limit ($3/$6 USD) - 2016/03/04 22:07:34 ET
Table 'Sagitta' 6-max Seat #3 is the button
Seat 3: RICARDOMG_77 ($88.28 in chips)
Seat 4: wlungW ($179.26 in chips)
RICARDOMG_77: posts small blind $1
wlungW: posts big blind $3
*** HOLE CARDS ***
RICARDOMG_77: raises $3 to $6
wlungW: folds
Uncalled bet ($3) returned to RICARDOMG_77
RICARDOMG_77 collected $6 from pot
RICARDOMG_77: doesn't show hand
*** SUMMARY ***
Total pot $6 | Rake $0
Seat 3: RICARDOMG_77 (button) (small blind) collected ($6)
Seat 4: wlungW (big blind) folded before Flop


PokerStars Hand #149855478501:  Hold'em Limit ($3/$6 USD) - 2016/03/04 22:07:24 ET
Table 'Sagitta' 6-max Seat #4 is the button
Seat 3: RICARDOMG_77 ($91.28 in chips)
Seat 4: wlungW ($176.26 in chips)
wlungW: posts small blind $1
RICARDOMG_77: posts big blind $3
*** HOLE CARDS ***
wlungW: raises $3 to $6
RICARDOMG_77: folds
Uncalled bet ($3) returned to wlungW
wlungW collected $6 from pot
*** SUMMARY ***
Total pot $6 | Rake $0
Seat 3: RICARDOMG_77 (big blind) folded before Flop
Seat 4: wlungW (button) (small blind) collected ($6)


PokerStars Hand #149855473732:  Hold'em Limit ($3/$6 USD) - 2016/03/04 22:07:12 ET
Table 'Sagitta' 6-max Seat #3 is the button
Seat 3: RICARDOMG_77 ($88.28 in chips)
Seat 4: wlungW ($179.26 in chips)
RICARDOMG_77: posts small blind $1
wlungW: posts big blind $3
*** HOLE CARDS ***
wlungW said, "lol"
RICARDOMG_77: raises $3 to $6
wlungW: folds
Uncalled bet ($3) returned to RICARDOMG_77
RICARDOMG_77 collected $6 from pot
RICARDOMG_77: doesn't show hand
*** SUMMARY ***
Total pot $6 | Rake $0
Seat 3: RICARDOMG_77 (button) (small blind) collected ($6)
Seat 4: wlungW (big blind) folded before Flop


PokerStars Hand #149855454709:  Hold'em Limit ($3/$6 USD) - 2016/03/04 22:06:26 ET
Table 'Sagitta' 6-max Seat #4 is the button
Seat 3: RICARDOMG_77 ($115.28 in chips)
Seat 4: wlungW ($152.76 in chips)
wlungW: posts small blind $1
RICARDOMG_77: posts big blind $3
*** HOLE CARDS ***
wlungW: raises $3 to $6
RICARDOMG_77: raises $3 to $9
wlungW: calls $3
*** FLOP *** [Qc Kc 4s]
RICARDOMG_77: bets $3
wlungW: raises $3 to $6
RICARDOMG_77: calls $3
*** TURN *** [Qc Kc 4s] [9d]
RICARDOMG_77: bets $6
wlungW: raises $6 to $12
RICARDOMG_77: calls $6
*** RIVER *** [Qc Kc 4s 9d] [9h]
RICARDOMG_77: checks
wlungW: checks
*** SHOW DOWN ***
RICARDOMG_77: shows [7h 3h] (a pair of Nines)
wlungW: shows [Qh 7d] (two pair, Queens and Nines)
wlungW collected $53.50 from pot
*** SUMMARY ***
Total pot $54 | Rake $0.50
Board [Qc Kc 4s 9d 9h]
Seat 3: RICARDOMG_77 (big blind) showed [7h 3h] and lost with a pair of Nines
Seat 4: wlungW (button) (small blind) showed [Qh 7d] and won ($53.50) with two pair, Queens and Nines


PokerStars Hand #149855494443:  Hold'em Limit ($3/$6 USD) - 2016/03/04 22:08:02 ET
Table 'Sagitta' 6-max Seat #4 is the button
Seat 3: RICARDOMG_77 ($95.28 in chips)
Seat 4: wlungW ($172.26 in chips)
wlungW: posts small blind $1
RICARDOMG_77: posts big blind $3
*** HOLE CARDS ***
wlungW: raises $3 to $6
RICARDOMG_77: raises $3 to $9
wlungW: raises $3 to $12
Betting is capped
RICARDOMG_77: calls $3
*** FLOP *** [Kh Qh Ks]
RICARDOMG_77: checks
wlungW: checks
*** TURN *** [Kh Qh Ks] [Qs]
RICARDOMG_77: bets $6
wlungW: raises $6 to $12
RICARDOMG_77: folds
Uncalled bet ($6) returned to wlungW
wlungW collected $35.50 from pot
*** SUMMARY ***
Total pot $36 | Rake $0.50
Board [Kh Qh Ks Qs]
Seat 3: RICARDOMG_77 (big blind) folded on the Turn
Seat 4: wlungW (button) (small blind) collected ($35.50)


PokerStars Hand #149855522727:  Hold'em Limit ($3/$6 USD) - 2016/03/04 22:09:11 ET
Table 'Sagitta' 6-max Seat #4 is the button
Seat 3: RICARDOMG_77 ($83.04 in chips)
Seat 4: wlungW ($183.76 in chips)
wlungW: posts small blind $1
RICARDOMG_77: posts big blind $3
*** HOLE CARDS ***
wlungW: folds
Uncalled bet ($2) returned to RICARDOMG_77
RICARDOMG_77 collected $2 from pot
*** SUMMARY ***
Total pot $2 | Rake $0
Seat 3: RICARDOMG_77 (big blind) collected ($2)
Seat 4: wlungW (button) (small blind) folded before Flop


PokerStars Hand #149855512341:  Hold'em Limit ($3/$6 USD) - 2016/03/04 22:08:46 ET
Table 'Sagitta' 6-max Seat #3 is the button
Seat 3: RICARDOMG_77 ($77.28 in chips)
Seat 4: wlungW ($189.76 in chips)
RICARDOMG_77: posts small blind $1
wlungW: posts big blind $3
*** HOLE CARDS ***
RICARDOMG_77: raises $3 to $6
wlungW: calls $3
*** FLOP *** [9h Ks Kh]
wlungW: checks
RICARDOMG_77: bets $3
wlungW: folds
Uncalled bet ($3) returned to RICARDOMG_77
RICARDOMG_77 collected $11.76 from pot
*** SUMMARY ***
Total pot $12 | Rake $0.24
Board [9h Ks Kh]
Seat 3: RICARDOMG_77 (button) (small blind) collected ($11.76)
Seat 4: wlungW (big blind) folded on the Flop


PokerStars Hand #149855525222:  Hold'em Limit ($3/$6 USD) - 2016/03/04 22:09:17 ET
Table 'Sagitta' 6-max Seat #3 is the button
Seat 3: RICARDOMG_77 ($84.04 in chips)
Seat 4: wlungW ($182.76 in chips)
RICARDOMG_77: posts small blind $1
wlungW: posts big blind $3
*** HOLE CARDS ***
RICARDOMG_77: raises $3 to $6
wlungW: calls $3
*** FLOP *** [4s As 3c]
wlungW: checks
RICARDOMG_77: bets $3
wlungW: calls $3
*** TURN *** [4s As 3c] [8c]
wlungW: checks
RICARDOMG_77: bets $6
wlungW: calls $6
*** RIVER *** [4s As 3c 8c] [6c]
wlungW: checks
RICARDOMG_77: checks
*** SHOW DOWN ***
wlungW: shows [5s 6h] (a pair of Sixes)
RICARDOMG_77: shows [Ad 9c] (a pair of Aces)
RICARDOMG_77 collected $29.50 from pot
*** SUMMARY ***
Total pot $30 | Rake $0.50
Board [4s As 3c 8c 6c]
Seat 3: RICARDOMG_77 (button) (small blind) showed [Ad 9c] and won ($29.50) with a pair of Aces
Seat 4: wlungW (big blind) showed [5s 6h] and lost with a pair of Sixes


PokerStars Hand #149855550036:  Hold'em Limit ($3/$6 USD) - 2016/03/04 22:10:18 ET
Table 'Sagitta' 6-max Seat #4 is the button
Seat 3: RICARDOMG_77 ($98.54 in chips)
Seat 4: wlungW ($167.76 in chips)
wlungW: posts small blind $1
RICARDOMG_77: posts big blind $3
*** HOLE CARDS ***
wlungW: raises $3 to $6
RICARDOMG_77: raises $3 to $9
wlungW: raises $3 to $12
Betting is capped
RICARDOMG_77: calls $3
*** FLOP *** [6h 7h 8d]
RICARDOMG_77: checks
wlungW: bets $3
RICARDOMG_77: calls $3
*** TURN *** [6h 7h 8d] [Js]
RICARDOMG_77: checks
wlungW: bets $6
RICARDOMG_77: calls $6
*** RIVER *** [6h 7h 8d Js] [2c]
RICARDOMG_77: checks
wlungW: bets $6
RICARDOMG_77: folds
Uncalled bet ($6) returned to wlungW
wlungW collected $41.50 from pot
*** SUMMARY ***
Total pot $42 | Rake $0.50
Board [6h 7h 8d Js 2c]
Seat 3: RICARDOMG_77 (big blind) folded on the River
Seat 4: wlungW (button) (small blind) collected ($41.50)


PokerStars Hand #149855633402:  Hold'em Limit ($3/$6 USD) - 2016/03/04 22:13:45 ET
Table 'Sagitta' 6-max Seat #4 is the button
Seat 3: RICARDOMG_77 ($134.04 in chips)
Seat 4: wlungW ($161.26 in chips)
wlungW: posts small blind $1
RICARDOMG_77: posts big blind $3
*** HOLE CARDS ***
wlungW: raises $3 to $6
RICARDOMG_77: folds
Uncalled bet ($3) returned to wlungW
wlungW collected $6 from pot
*** SUMMARY ***
Total pot $6 | Rake $0
Seat 3: RICARDOMG_77 (big blind) folded before Flop
Seat 4: wlungW (button) (small blind) collected ($6)


PokerStars Hand #149855574887:  Hold'em Limit ($3/$6 USD) - 2016/03/04 22:11:19 ET
Table 'Sagitta' 6-max Seat #3 is the button
Seat 3: RICARDOMG_77 ($77.54 in chips)
Seat 4: wlungW ($188.26 in chips)
RICARDOMG_77: posts small blind $1
wlungW: posts big blind $3
*** HOLE CARDS ***
RICARDOMG_77: raises $3 to $6
wlungW: calls $3
*** FLOP *** [4c 2s Js]
wlungW: checks
RICARDOMG_77: bets $3
wlungW: calls $3
*** TURN *** [4c 2s Js] [9c]
wlungW: checks
RICARDOMG_77: bets $6
wlungW: raises $6 to $12
RICARDOMG_77: calls $6
*** RIVER *** [4c 2s Js 9c] [Kh]
wlungW: bets $6
RICARDOMG_77: calls $6
*** SHOW DOWN ***
wlungW: shows [3c 6c] (high card King)
RICARDOMG_77: shows [Jc 8d] (a pair of Jacks)
RICARDOMG_77 collected $53.50 from pot
*** SUMMARY ***
Total pot $54 | Rake $0.50
Board [4c 2s Js 9c Kh]
Seat 3: RICARDOMG_77 (button) (small blind) showed [Jc 8d] and won ($53.50) with a pair of Jacks
Seat 4: wlungW (big blind) showed [3c 6c] and lost with high card King


PokerStars Hand #149855657896:  Hold'em Limit ($3/$6 USD) - 2016/03/04 22:14:47 ET
Table 'Sagitta' 6-max Seat #3 is the button
Seat 3: RICARDOMG_77 ($114.04 in chips)
Seat 4: wlungW ($180.76 in chips)
RICARDOMG_77: posts small blind $1
wlungW: posts big blind $3
*** HOLE CARDS ***
RICARDOMG_77: raises $3 to $6
wlungW: folds
Uncalled bet ($3) returned to RICARDOMG_77
RICARDOMG_77 collected $6 from pot
RICARDOMG_77: doesn't show hand
*** SUMMARY ***
Total pot $6 | Rake $0
Seat 3: RICARDOMG_77 (button) (small blind) collected ($6)
Seat 4: wlungW (big blind) folded before Flop


PokerStars Hand #149855655487:  Hold'em Limit ($3/$6 USD) - 2016/03/04 22:14:41 ET
Table 'Sagitta' 6-max Seat #4 is the button
Seat 3: RICARDOMG_77 ($113.04 in chips)
Seat 4: wlungW ($181.76 in chips)
wlungW: posts small blind $1
RICARDOMG_77: posts big blind $3
*** HOLE CARDS ***
wlungW: folds
Uncalled bet ($2) returned to RICARDOMG_77
RICARDOMG_77 collected $2 from pot
*** SUMMARY ***
Total pot $2 | Rake $0
Seat 3: RICARDOMG_77 (big blind) collected ($2)
Seat 4: wlungW (button) (small blind) folded before Flop


PokerStars Hand #149855637405:  Hold'em Limit ($3/$6 USD) - 2016/03/04 22:13:55 ET
Table 'Sagitta' 6-max Seat #3 is the button
Seat 3: RICARDOMG_77 ($131.04 in chips)
Seat 4: wlungW ($164.26 in chips)
RICARDOMG_77: posts small blind $1
wlungW: posts big blind $3
*** HOLE CARDS ***
RICARDOMG_77: raises $3 to $6
wlungW: raises $3 to $9
RICARDOMG_77: calls $3
*** FLOP *** [Kc 9c Qc]
wlungW: bets $3
RICARDOMG_77: calls $3
*** TURN *** [Kc 9c Qc] [6h]
wlungW: bets $6
RICARDOMG_77: calls $6
*** RIVER *** [Kc 9c Qc 6h] [4c]
wlungW: bets $6
RICARDOMG_77: folds
Uncalled bet ($6) returned to wlungW
wlungW collected $35.50 from pot
*** SUMMARY ***
Total pot $36 | Rake $0.50
Board [Kc 9c Qc 6h 4c]
Seat 3: RICARDOMG_77 (button) (small blind) folded on the River
Seat 4: wlungW (big blind) collected ($35.50)


PokerStars Hand #149855662736:  Hold'em Limit ($3/$6 USD) - 2016/03/04 22:14:59 ET
Table 'Sagitta' 6-max Seat #4 is the button
Seat 3: RICARDOMG_77 ($117.04 in chips)
Seat 4: wlungW ($177.76 in chips)
wlungW: posts small blind $1
RICARDOMG_77: posts big blind $3
*** HOLE CARDS ***
wlungW: raises $3 to $6
RICARDOMG_77: raises $3 to $9
wlungW: raises $3 to $12
Betting is capped
RICARDOMG_77: calls $3
*** FLOP *** [6d 2d Kc]
RICARDOMG_77: checks
wlungW: bets $3
RICARDOMG_77: calls $3
*** TURN *** [6d 2d Kc] [3h]
RICARDOMG_77: checks
wlungW: bets $6
RICARDOMG_77: folds
Uncalled bet ($6) returned to wlungW
wlungW collected $29.50 from pot
*** SUMMARY ***
Total pot $30 | Rake $0.50
Board [6d 2d Kc 3h]
Seat 3: RICARDOMG_77 (big blind) folded on the Turn
Seat 4: wlungW (button) (small blind) collected ($29.50)


PokerStars Hand #149855680431:  Hold'em Limit ($3/$6 USD) - 2016/03/04 22:15:42 ET
Table 'Sagitta' 6-max Seat #3 is the button
Seat 3: RICARDOMG_77 ($102.04 in chips)
Seat 4: wlungW ($192.26 in chips)
RICARDOMG_77: posts small blind $1
wlungW: posts big blind $3
*** HOLE CARDS ***
RICARDOMG_77: raises $3 to $6
wlungW: raises $3 to $9
RICARDOMG_77: calls $3
*** FLOP *** [Td 4s 9h]
wlungW: checks
RICARDOMG_77: checks
*** TURN *** [Td 4s 9h] [6h]
wlungW: bets $6
RICARDOMG_77: raises $6 to $12
wlungW: raises $6 to $18
RICARDOMG_77: folds
Uncalled bet ($6) returned to wlungW
wlungW collected $41.50 from pot
*** SUMMARY ***
Total pot $42 | Rake $0.50
Board [Td 4s 9h 6h]
Seat 3: RICARDOMG_77 (button) (small blind) folded on the Turn
Seat 4: wlungW (big blind) collected ($41.50)


