PokerStars Hand #147966983947:  Hold'em Limit ($3/$6 USD) - 2016/01/30 20:05:32 ET
Table 'Sagittarius II' 2-max Seat #1 is the button
Seat 1: nrJitsu ($433.33 in chips)
Seat 2: robyn02 ($125.76 in chips)
nrJitsu: posts small blind $1
robyn02: posts big blind $3
*** HOLE CARDS ***
nrJitsu: folds
Uncalled bet ($2) returned to robyn02
robyn02 collected $2 from pot
*** SUMMARY ***
Total pot $2 | Rake $0
Seat 1: nrJitsu (button) (small blind) folded before Flop
Seat 2: robyn02 (big blind) collected ($2)


PokerStars Hand #147967016714:  Hold'em Limit ($3/$6 USD) - 2016/01/30 20:06:24 ET
Table 'Sagittarius II' 2-max Seat #2 is the button
Seat 1: nrJitsu ($410.33 in chips)
Seat 2: robyn02 ($169.81 in chips)
robyn02: posts small blind $1
nrJitsu: posts big blind $3
*** HOLE CARDS ***
robyn02: raises $3 to $6
nrJitsu: calls $3
*** FLOP *** [9d 3s 8d]
nrJitsu: checks
robyn02: bets $3
nrJitsu: calls $3
*** TURN *** [9d 3s 8d] [Kd]
nrJitsu: checks
robyn02: bets $6
nrJitsu: folds
Uncalled bet ($6) returned to robyn02
robyn02 collected $17.64 from pot
robyn02: doesn't show hand
*** SUMMARY ***
Total pot $18 | Rake $0.36
Board [9d 3s 8d Kd]
Seat 1: nrJitsu (big blind) folded on the Turn
Seat 2: robyn02 (button) (small blind) collected ($17.64)


PokerStars Hand #147967011493:  Hold'em Limit ($3/$6 USD) - 2016/01/30 20:06:16 ET
Table 'Sagittarius II' 2-max Seat #1 is the button
Seat 1: nrJitsu ($411.33 in chips)
Seat 2: robyn02 ($168.81 in chips)
nrJitsu: posts small blind $1
robyn02: posts big blind $3
*** HOLE CARDS ***
nrJitsu: folds
Uncalled bet ($2) returned to robyn02
robyn02 collected $2 from pot
robyn02: doesn't show hand
*** SUMMARY ***
Total pot $2 | Rake $0
Seat 1: nrJitsu (button) (small blind) folded before Flop
Seat 2: robyn02 (big blind) collected ($2)


PokerStars Hand #147967006824:  Hold'em Limit ($3/$6 USD) - 2016/01/30 20:06:08 ET
Table 'Sagittarius II' 2-max Seat #2 is the button
Seat 1: nrJitsu ($414.33 in chips)
Seat 2: robyn02 ($144.26 in chips)
robyn02: posts small blind $1
nrJitsu: posts big blind $3
*** HOLE CARDS ***
robyn02: raises $3 to $6
nrJitsu: folds
Uncalled bet ($3) returned to robyn02
robyn02 collected $6 from pot
robyn02: doesn't show hand
*** SUMMARY ***
Total pot $6 | Rake $0
Seat 1: nrJitsu (big blind) folded before Flop
Seat 2: robyn02 (button) (small blind) collected ($6)


PokerStars Hand #147967002483:  Hold'em Limit ($3/$6 USD) - 2016/01/30 20:06:01 ET
Table 'Sagittarius II' 2-max Seat #1 is the button
Seat 1: nrJitsu ($411.33 in chips)
Seat 2: robyn02 ($147.26 in chips)
nrJitsu: posts small blind $1
robyn02: posts big blind $3
*** HOLE CARDS ***
nrJitsu: raises $3 to $6
robyn02: folds
Uncalled bet ($3) returned to nrJitsu
nrJitsu collected $6 from pot
nrJitsu: doesn't show hand
*** SUMMARY ***
Total pot $6 | Rake $0
Seat 1: nrJitsu (button) (small blind) collected ($6)
Seat 2: robyn02 (big blind) folded before Flop


PokerStars Hand #147966987269:  Hold'em Limit ($3/$6 USD) - 2016/01/30 20:05:37 ET
Table 'Sagittarius II' 2-max Seat #2 is the button
Seat 1: nrJitsu ($432.33 in chips)
Seat 2: robyn02 ($126.76 in chips)
robyn02: posts small blind $1
nrJitsu: posts big blind $3
*** HOLE CARDS ***
robyn02: raises $3 to $6
nrJitsu: calls $3
*** FLOP *** [Qd 6h 5s]
nrJitsu: checks
robyn02: bets $3
nrJitsu: calls $3
*** TURN *** [Qd 6h 5s] [5d]
nrJitsu: checks
robyn02: bets $6
nrJitsu: calls $6
*** RIVER *** [Qd 6h 5s 5d] [Qs]
nrJitsu: checks
robyn02: bets $6
nrJitsu: calls $6
*** SHOW DOWN ***
robyn02: shows [4s 5h] (a full house, Fives full of Queens)
nrJitsu: mucks hand
robyn02 collected $41.50 from pot
*** SUMMARY ***
Total pot $42 | Rake $0.50
Board [Qd 6h 5s 5d Qs]
Seat 1: nrJitsu (big blind) mucked
Seat 2: robyn02 (button) (small blind) showed [4s 5h] and won ($41.50) with a full house, Fives full of Queens


PokerStars Hand #147967037425:  Hold'em Limit ($3/$6 USD) - 2016/01/30 20:06:57 ET
Table 'Sagittarius II' 2-max Seat #2 is the button
Seat 1: nrJitsu ($400.33 in chips)
Seat 2: robyn02 ($179.45 in chips)
robyn02: posts small blind $1
nrJitsu: posts big blind $3
*** HOLE CARDS ***
robyn02: raises $3 to $6
nrJitsu: calls $3
*** FLOP *** [Js 6d 8s]
nrJitsu: checks
robyn02: bets $3
nrJitsu: raises $3 to $6
robyn02: calls $3
*** TURN *** [Js 6d 8s] [5h]
nrJitsu: bets $6
robyn02: raises $6 to $12
nrJitsu: calls $6
*** RIVER *** [Js 6d 8s 5h] [5d]
nrJitsu: checks
robyn02: bets $6
nrJitsu: calls $6
*** SHOW DOWN ***
robyn02: shows [7d 9s] (a straight, Five to Nine)
nrJitsu: mucks hand
robyn02 collected $59.50 from pot
*** SUMMARY ***
Total pot $60 | Rake $0.50
Board [Js 6d 8s 5h 5d]
Seat 1: nrJitsu (big blind) mucked
Seat 2: robyn02 (button) (small blind) showed [7d 9s] and won ($59.50) with a straight, Five to Nine


PokerStars Hand #147967033480:  Hold'em Limit ($3/$6 USD) - 2016/01/30 20:06:51 ET
Table 'Sagittarius II' 2-max Seat #1 is the button
Seat 1: nrJitsu ($401.33 in chips)
Seat 2: robyn02 ($178.45 in chips)
nrJitsu: posts small blind $1
robyn02: posts big blind $3
*** HOLE CARDS ***
nrJitsu: folds
Uncalled bet ($2) returned to robyn02
robyn02 collected $2 from pot
robyn02: doesn't show hand
*** SUMMARY ***
Total pot $2 | Rake $0
Seat 1: nrJitsu (button) (small blind) folded before Flop
Seat 2: robyn02 (big blind) collected ($2)


PokerStars Hand #147967082995:  Hold'em Limit ($3/$6 USD) - 2016/01/30 20:08:10 ET
Table 'Sagittarius II' 2-max Seat #2 is the button
Seat 1: nrJitsu ($364.33 in chips)
Seat 2: robyn02 ($214.71 in chips)
robyn02: posts small blind $1
nrJitsu: posts big blind $3
*** HOLE CARDS ***
robyn02: raises $3 to $6
nrJitsu: calls $3
*** FLOP *** [9s 5h Td]
nrJitsu: checks
robyn02: checks
*** TURN *** [9s 5h Td] [Jh]
nrJitsu: bets $6
robyn02: calls $6
*** RIVER *** [9s 5h Td Jh] [2h]
nrJitsu: bets $6
robyn02: calls $6
*** SHOW DOWN ***
nrJitsu: shows [7c Jc] (a pair of Jacks)
robyn02: mucks hand
nrJitsu collected $35.50 from pot
*** SUMMARY ***
Total pot $36 | Rake $0.50
Board [9s 5h Td Jh 2h]
Seat 1: nrJitsu (big blind) showed [7c Jc] and won ($35.50) with a pair of Jacks
Seat 2: robyn02 (button) (small blind) mucked


PokerStars Hand #147967115631:  Hold'em Limit ($3/$6 USD) - 2016/01/30 20:09:02 ET
Table 'Sagittarius II' 2-max Seat #2 is the button
Seat 1: nrJitsu ($408.33 in chips)
Seat 2: robyn02 ($169.71 in chips)
robyn02: posts small blind $1
nrJitsu: posts big blind $3
*** HOLE CARDS ***
robyn02: raises $3 to $6
nrJitsu: calls $3
*** FLOP *** [6c 7s 4h]
nrJitsu: checks
robyn02: bets $3
nrJitsu: raises $3 to $6
robyn02: raises $3 to $9
nrJitsu: calls $3
*** TURN *** [6c 7s 4h] [Ad]
nrJitsu: checks
robyn02: bets $6
nrJitsu: calls $6
*** RIVER *** [6c 7s 4h Ad] [5h]
nrJitsu: checks
robyn02: bets $6
nrJitsu: calls $6
*** SHOW DOWN ***
robyn02: shows [8s 5d] (a straight, Four to Eight)
nrJitsu: mucks hand
robyn02 collected $53.50 from pot
*** SUMMARY ***
Total pot $54 | Rake $0.50
Board [6c 7s 4h Ad 5h]
Seat 1: nrJitsu (big blind) mucked
Seat 2: robyn02 (button) (small blind) showed [8s 5d] and won ($53.50) with a straight, Four to Eight


PokerStars Hand #147967093933:  Hold'em Limit ($3/$6 USD) - 2016/01/30 20:08:28 ET
Table 'Sagittarius II' 2-max Seat #1 is the button
Seat 1: nrJitsu ($381.83 in chips)
Seat 2: robyn02 ($196.71 in chips)
nrJitsu: posts small blind $1
robyn02: posts big blind $3
*** HOLE CARDS ***
nrJitsu: raises $3 to $6
robyn02: calls $3
*** FLOP *** [9h Ac 6h]
robyn02: checks
nrJitsu: bets $3
robyn02: calls $3
*** TURN *** [9h Ac 6h] [5h]
robyn02: checks
nrJitsu: bets $6
robyn02: raises $6 to $12
nrJitsu: raises $6 to $18
robyn02: calls $6
*** RIVER *** [9h Ac 6h 5h] [Ts]
robyn02: checks
nrJitsu: bets $6
robyn02: folds
Uncalled bet ($6) returned to nrJitsu
nrJitsu collected $53.50 from pot
*** SUMMARY ***
Total pot $54 | Rake $0.50
Board [9h Ac 6h 5h Ts]
Seat 1: nrJitsu (button) (small blind) collected ($53.50)
Seat 2: robyn02 (big blind) folded on the River


PokerStars Hand #147967148875:  Hold'em Limit ($3/$6 USD) - 2016/01/30 20:09:56 ET
Table 'Sagittarius II' 2-max Seat #2 is the button
Seat 1: nrJitsu ($363.33 in chips)
Seat 2: robyn02 ($213.71 in chips)
robyn02: posts small blind $1
nrJitsu: posts big blind $3
*** HOLE CARDS ***
robyn02: raises $3 to $6
nrJitsu: calls $3
*** FLOP *** [8d 2c 8c]
nrJitsu: checks
robyn02: bets $3
nrJitsu: calls $3
*** TURN *** [8d 2c 8c] [Ts]
nrJitsu: checks
robyn02: bets $6
nrJitsu: calls $6
*** RIVER *** [8d 2c 8c Ts] [Qs]
nrJitsu: checks
robyn02: bets $6
nrJitsu: calls $6
*** SHOW DOWN ***
robyn02: shows [Kh 8h] (three of a kind, Eights)
nrJitsu: mucks hand
robyn02 collected $41.50 from pot
*** SUMMARY ***
Total pot $42 | Rake $0.50
Board [8d 2c 8c Ts Qs]
Seat 1: nrJitsu (big blind) mucked
Seat 2: robyn02 (button) (small blind) showed [Kh 8h] and won ($41.50) with three of a kind, Eights


PokerStars Hand #147967137583:  Hold'em Limit ($3/$6 USD) - 2016/01/30 20:09:38 ET
Table 'Sagittarius II' 2-max Seat #1 is the button
Seat 1: nrJitsu ($381.33 in chips)
Seat 2: robyn02 ($196.21 in chips)
nrJitsu: posts small blind $1
robyn02: posts big blind $3
*** HOLE CARDS ***
nrJitsu: raises $3 to $6
robyn02: raises $3 to $9
nrJitsu: calls $3
*** FLOP *** [Ts 4d 4h]
robyn02: bets $3
nrJitsu: calls $3
*** TURN *** [Ts 4d 4h] [7c]
robyn02: bets $6
nrJitsu: calls $6
*** RIVER *** [Ts 4d 4h 7c] [2s]
robyn02: bets $6
nrJitsu: folds
Uncalled bet ($6) returned to robyn02
robyn02 collected $35.50 from pot
robyn02: doesn't show hand
*** SUMMARY ***
Total pot $36 | Rake $0.50
Board [Ts 4d 4h 7c 2s]
Seat 1: nrJitsu (button) (small blind) folded on the River
Seat 2: robyn02 (big blind) collected ($35.50)


PokerStars Hand #147967208531:  Hold'em Limit ($3/$6 USD) - 2016/01/30 20:11:33 ET
Table 'Sagittarius II' 2-max Seat #2 is the button
Seat 1: nrJitsu ($362.58 in chips)
Seat 2: robyn02 ($212.96 in chips)
robyn02: posts small blind $1
nrJitsu: posts big blind $3
*** HOLE CARDS ***
robyn02: raises $3 to $6
nrJitsu: calls $3
*** FLOP *** [4c 2h 3d]
nrJitsu: checks
robyn02: bets $3
nrJitsu: calls $3
*** TURN *** [4c 2h 3d] [5h]
nrJitsu: checks
robyn02: checks
*** RIVER *** [4c 2h 3d 5h] [Ad]
nrJitsu: bets $6
robyn02: calls $6
*** SHOW DOWN ***
nrJitsu: shows [Kd 9c] (a straight, Ace to Five)
robyn02: shows [3s Qc] (a straight, Ace to Five)
nrJitsu collected $14.75 from pot
robyn02 collected $14.75 from pot
*** SUMMARY ***
Total pot $30 | Rake $0.50
Board [4c 2h 3d 5h Ad]
Seat 1: nrJitsu (big blind) showed [Kd 9c] and won ($14.75) with a straight, Ace to Five
Seat 2: robyn02 (button) (small blind) showed [3s Qc] and won ($14.75) with a straight, Ace to Five


PokerStars Hand #147967190845:  Hold'em Limit ($3/$6 USD) - 2016/01/30 20:11:04 ET
Table 'Sagittarius II' 2-max Seat #1 is the button
Seat 1: nrJitsu ($339.08 in chips)
Seat 2: robyn02 ($236.96 in chips)
nrJitsu: posts small blind $1
robyn02: posts big blind $3
*** HOLE CARDS ***
nrJitsu: raises $3 to $6
robyn02: raises $3 to $9
nrJitsu: calls $3
*** FLOP *** [Jc 5s 2s]
robyn02: bets $3
nrJitsu: calls $3
*** TURN *** [Jc 5s 2s] [3s]
robyn02: checks
nrJitsu: bets $6
robyn02: calls $6
*** RIVER *** [Jc 5s 2s 3s] [3c]
robyn02: checks
nrJitsu: bets $6
robyn02: calls $6
*** SHOW DOWN ***
nrJitsu: shows [6c Js] (two pair, Jacks and Threes)
robyn02: mucks hand
nrJitsu collected $47.50 from pot
*** SUMMARY ***
Total pot $48 | Rake $0.50
Board [Jc 5s 2s 3s 3c]
Seat 1: nrJitsu (button) (small blind) showed [6c Js] and won ($47.50) with two pair, Jacks and Threes
Seat 2: robyn02 (big blind) mucked


PokerStars Hand #147967186941:  Hold'em Limit ($3/$6 USD) - 2016/01/30 20:10:58 ET
Table 'Sagittarius II' 2-max Seat #2 is the button
Seat 1: nrJitsu ($342.08 in chips)
Seat 2: robyn02 ($233.96 in chips)
robyn02: posts small blind $1
nrJitsu: posts big blind $3
*** HOLE CARDS ***
robyn02: raises $3 to $6
nrJitsu: folds
Uncalled bet ($3) returned to robyn02
robyn02 collected $6 from pot
robyn02: doesn't show hand
*** SUMMARY ***
Total pot $6 | Rake $0
Seat 1: nrJitsu (big blind) folded before Flop
Seat 2: robyn02 (button) (small blind) collected ($6)


PokerStars Hand #147967169065:  Hold'em Limit ($3/$6 USD) - 2016/01/30 20:10:29 ET
Table 'Sagittarius II' 2-max Seat #1 is the button
Seat 1: nrJitsu ($342.33 in chips)
Seat 2: robyn02 ($234.21 in chips)
nrJitsu: posts small blind $1
robyn02: posts big blind $3
*** HOLE CARDS ***
nrJitsu: raises $3 to $6
robyn02: calls $3
*** FLOP *** [9c Kd 9d]
robyn02: checks
nrJitsu: bets $3
robyn02: calls $3
*** TURN *** [9c Kd 9d] [Jh]
robyn02: checks
nrJitsu: bets $6
robyn02: calls $6
*** RIVER *** [9c Kd 9d Jh] [3h]
robyn02: checks
nrJitsu: checks
*** SHOW DOWN ***
robyn02: shows [2c Ac] (a pair of Nines)
nrJitsu: shows [Ad Th] (a pair of Nines)
robyn02 collected $14.75 from pot
nrJitsu collected $14.75 from pot
*** SUMMARY ***
Total pot $30 | Rake $0.50
Board [9c Kd 9d Jh 3h]
Seat 1: nrJitsu (button) (small blind) showed [Ad Th] and won ($14.75) with a pair of Nines
Seat 2: robyn02 (big blind) showed [2c Ac] and won ($14.75) with a pair of Nines


PokerStars Hand #147967248805:  Hold'em Limit ($3/$6 USD) - 2016/01/30 20:12:39 ET
Table 'Sagittarius II' 2-max Seat #2 is the button
Seat 1: nrJitsu ($373.59 in chips)
Seat 2: robyn02 ($200.23 in chips)
robyn02: posts small blind $1
nrJitsu: posts big blind $3
*** HOLE CARDS ***
robyn02: raises $3 to $6
nrJitsu: folds
Uncalled bet ($3) returned to robyn02
robyn02 collected $6 from pot
robyn02: doesn't show hand
*** SUMMARY ***
Total pot $6 | Rake $0
Seat 1: nrJitsu (big blind) folded before Flop
Seat 2: robyn02 (button) (small blind) collected ($6)


PokerStars Hand #147967231740:  Hold'em Limit ($3/$6 USD) - 2016/01/30 20:12:12 ET
Table 'Sagittarius II' 2-max Seat #1 is the button
Seat 1: nrJitsu ($356.09 in chips)
Seat 2: robyn02 ($218.23 in chips)
nrJitsu: posts small blind $1
robyn02: posts big blind $3
*** HOLE CARDS ***
nrJitsu: raises $3 to $6
robyn02: calls $3
*** FLOP *** [4h Jh 2h]
robyn02: checks
nrJitsu: checks
*** TURN *** [4h Jh 2h] [3d]
robyn02: bets $6
nrJitsu: raises $6 to $12
robyn02: calls $6
*** RIVER *** [4h Jh 2h 3d] [5c]
robyn02: checks
nrJitsu: bets $6
robyn02: folds
Uncalled bet ($6) returned to nrJitsu
nrJitsu collected $35.50 from pot
nrJitsu: doesn't show hand
*** SUMMARY ***
Total pot $36 | Rake $0.50
Board [4h Jh 2h 3d 5c]
Seat 1: nrJitsu (button) (small blind) collected ($35.50)
Seat 2: robyn02 (big blind) folded on the River


PokerStars Hand #147967223360:  Hold'em Limit ($3/$6 USD) - 2016/01/30 20:11:57 ET
Table 'Sagittarius II' 2-max Seat #2 is the button
Seat 1: nrJitsu ($356.33 in chips)
Seat 2: robyn02 ($218.47 in chips)
robyn02: posts small blind $1
nrJitsu: posts big blind $3
*** HOLE CARDS ***
robyn02: raises $3 to $6
nrJitsu: calls $3
*** FLOP *** [3h 8h Td]
nrJitsu: checks
robyn02: checks
*** TURN *** [3h 8h Td] [8s]
nrJitsu: checks
robyn02: bets $6
nrJitsu: calls $6
*** RIVER *** [3h 8h Td 8s] [5d]
nrJitsu: checks
robyn02: checks
*** SHOW DOWN ***
nrJitsu: shows [6h Ad] (a pair of Eights)
robyn02: shows [6s Ac] (a pair of Eights)
nrJitsu collected $11.76 from pot
robyn02 collected $11.76 from pot
*** SUMMARY ***
Total pot $24 | Rake $0.48
Board [3h 8h Td 8s 5d]
Seat 1: nrJitsu (big blind) showed [6h Ad] and won ($11.76) with a pair of Eights
Seat 2: robyn02 (button) (small blind) showed [6s Ac] and won ($11.76) with a pair of Eights


PokerStars Hand #147967217156:  Hold'em Limit ($3/$6 USD) - 2016/01/30 20:11:47 ET
Table 'Sagittarius II' 2-max Seat #1 is the button
Seat 1: nrJitsu ($362.33 in chips)
Seat 2: robyn02 ($212.71 in chips)
nrJitsu: posts small blind $1
robyn02: posts big blind $3
*** HOLE CARDS ***
nrJitsu: raises $3 to $6
robyn02: calls $3
*** FLOP *** [Ts Qs 7h]
robyn02: checks
nrJitsu: checks
*** TURN *** [Ts Qs 7h] [5s]
robyn02: bets $6
nrJitsu: folds
Uncalled bet ($6) returned to robyn02
robyn02 collected $11.76 from pot
robyn02: doesn't show hand
*** SUMMARY ***
Total pot $12 | Rake $0.24
Board [Ts Qs 7h 5s]
Seat 1: nrJitsu (button) (small blind) folded on the Turn
Seat 2: robyn02 (big blind) collected ($11.76)


PokerStars Hand #147967261790:  Hold'em Limit ($3/$6 USD) - 2016/01/30 20:13:01 ET
Table 'Sagittarius II' 2-max Seat #2 is the button
Seat 1: nrJitsu ($364.59 in chips)
Seat 2: robyn02 ($208.99 in chips)
robyn02: posts small blind $1
nrJitsu: posts big blind $3
*** HOLE CARDS ***
robyn02: raises $3 to $6
nrJitsu: calls $3
*** FLOP *** [7s Ac 4h]
nrJitsu: checks
robyn02: checks
*** TURN *** [7s Ac 4h] [Jc]
nrJitsu: bets $6
robyn02: calls $6
*** RIVER *** [7s Ac 4h Jc] [6c]
nrJitsu: bets $6
robyn02: raises $6 to $12
nrJitsu: folds
Uncalled bet ($6) returned to robyn02
robyn02 collected $35.50 from pot
robyn02: doesn't show hand
*** SUMMARY ***
Total pot $36 | Rake $0.50
Board [7s Ac 4h Jc 6c]
Seat 1: nrJitsu (big blind) folded on the River
Seat 2: robyn02 (button) (small blind) collected ($35.50)


PokerStars Hand #147967252731:  Hold'em Limit ($3/$6 USD) - 2016/01/30 20:12:46 ET
Table 'Sagittarius II' 2-max Seat #1 is the button
Seat 1: nrJitsu ($370.59 in chips)
Seat 2: robyn02 ($203.23 in chips)
nrJitsu: posts small blind $1
robyn02: posts big blind $3
*** HOLE CARDS ***
nrJitsu: raises $3 to $6
robyn02: calls $3
*** FLOP *** [Jd 6d Kh]
robyn02: checks
nrJitsu: checks
*** TURN *** [Jd 6d Kh] [5h]
robyn02: bets $6
nrJitsu: folds
Uncalled bet ($6) returned to robyn02
robyn02 collected $11.76 from pot
robyn02: doesn't show hand
*** SUMMARY ***
Total pot $12 | Rake $0.24
Board [Jd 6d Kh 5h]
Seat 1: nrJitsu (button) (small blind) folded on the Turn
Seat 2: robyn02 (big blind) collected ($11.76)


PokerStars Hand #147967326206:  Hold'em Limit ($3/$6 USD) - 2016/01/30 20:14:47 ET
Table 'Sagittarius II' 2-max Seat #2 is the button
Seat 1: nrJitsu ($365.61 in chips)
Seat 2: robyn02 ($205.75 in chips)
robyn02: posts small blind $1
nrJitsu: posts big blind $3
*** HOLE CARDS ***
robyn02: folds
Uncalled bet ($2) returned to nrJitsu
nrJitsu collected $2 from pot
nrJitsu: doesn't show hand
*** SUMMARY ***
Total pot $2 | Rake $0
Seat 1: nrJitsu (big blind) collected ($2)
Seat 2: robyn02 (button) (small blind) folded before Flop


PokerStars Hand #147967315876:  Hold'em Limit ($3/$6 USD) - 2016/01/30 20:14:30 ET
Table 'Sagittarius II' 2-max Seat #1 is the button
Seat 1: nrJitsu ($336.11 in chips)
Seat 2: robyn02 ($235.75 in chips)
nrJitsu: posts small blind $1
robyn02: posts big blind $3
*** HOLE CARDS ***
nrJitsu: raises $3 to $6
robyn02: raises $3 to $9
nrJitsu: calls $3
*** FLOP *** [Td Qs Kd]
robyn02: bets $3
nrJitsu: calls $3
*** TURN *** [Td Qs Kd] [5h]
robyn02: bets $6
nrJitsu: raises $6 to $12
robyn02: calls $6
*** RIVER *** [Td Qs Kd 5h] [4h]
robyn02: checks
nrJitsu: bets $6
robyn02: calls $6
*** SHOW DOWN ***
nrJitsu: shows [7d Kh] (a pair of Kings)
robyn02: mucks hand
nrJitsu collected $59.50 from pot
*** SUMMARY ***
Total pot $60 | Rake $0.50
Board [Td Qs Kd 5h 4h]
Seat 1: nrJitsu (button) (small blind) showed [7d Kh] and won ($59.50) with a pair of Kings
Seat 2: robyn02 (big blind) mucked


PokerStars Hand #147967306378:  Hold'em Limit ($3/$6 USD) - 2016/01/30 20:14:14 ET
Table 'Sagittarius II' 2-max Seat #2 is the button
Seat 1: nrJitsu ($342.11 in chips)
Seat 2: robyn02 ($229.99 in chips)
robyn02: posts small blind $1
nrJitsu: posts big blind $3
*** HOLE CARDS ***
robyn02: raises $3 to $6
nrJitsu: calls $3
*** FLOP *** [4c Tc As]
nrJitsu: checks
robyn02: bets $3
nrJitsu: folds
Uncalled bet ($3) returned to robyn02
robyn02 collected $11.76 from pot
robyn02: doesn't show hand
*** SUMMARY ***
Total pot $12 | Rake $0.24
Board [4c Tc As]
Seat 1: nrJitsu (big blind) folded on the Flop
Seat 2: robyn02 (button) (small blind) collected ($11.76)


PokerStars Hand #147967279422:  Hold'em Limit ($3/$6 USD) - 2016/01/30 20:13:30 ET
Table 'Sagittarius II' 2-max Seat #1 is the button
Seat 1: nrJitsu ($346.59 in chips)
Seat 2: robyn02 ($226.49 in chips)
nrJitsu: posts small blind $1
robyn02: posts big blind $3
*** HOLE CARDS ***
nrJitsu: raises $3 to $6
robyn02: calls $3
*** FLOP *** [6h 3d Ks]
robyn02: checks
nrJitsu: bets $3
robyn02: calls $3
*** TURN *** [6h 3d Ks] [4s]
robyn02: checks
nrJitsu: bets $6
robyn02: calls $6
*** RIVER *** [6h 3d Ks 4s] [2d]
robyn02: bets $6
nrJitsu: folds
Uncalled bet ($6) returned to robyn02
robyn02 collected $29.50 from pot
robyn02: doesn't show hand
*** SUMMARY ***
Total pot $30 | Rake $0.50
Board [6h 3d Ks 4s 2d]
Seat 1: nrJitsu (button) (small blind) folded on the River
Seat 2: robyn02 (big blind) collected ($29.50)


PokerStars Hand #147967303925:  Hold'em Limit ($3/$6 USD) - 2016/01/30 20:14:10 ET
Table 'Sagittarius II' 2-max Seat #1 is the button
Seat 1: nrJitsu ($343.11 in chips)
Seat 2: robyn02 ($228.99 in chips)
nrJitsu: posts small blind $1
robyn02: posts big blind $3
*** HOLE CARDS ***
nrJitsu: folds
Uncalled bet ($2) returned to robyn02
robyn02 collected $2 from pot
robyn02: doesn't show hand
*** SUMMARY ***
Total pot $2 | Rake $0
Seat 1: nrJitsu (button) (small blind) folded before Flop
Seat 2: robyn02 (big blind) collected ($2)


PokerStars Hand #147967295571:  Hold'em Limit ($3/$6 USD) - 2016/01/30 20:13:56 ET
Table 'Sagittarius II' 2-max Seat #2 is the button
Seat 1: nrJitsu ($331.59 in chips)
Seat 2: robyn02 ($240.99 in chips)
robyn02: posts small blind $1
nrJitsu: posts big blind $3
*** HOLE CARDS ***
robyn02: raises $3 to $6
nrJitsu: raises $3 to $9
robyn02: calls $3
*** FLOP *** [3d Tc 7c]
nrJitsu: bets $3
robyn02: calls $3
*** TURN *** [3d Tc 7c] [Jc]
nrJitsu: bets $6
robyn02: folds
Uncalled bet ($6) returned to nrJitsu
nrJitsu collected $23.52 from pot
nrJitsu: doesn't show hand
*** SUMMARY ***
Total pot $24 | Rake $0.48
Board [3d Tc 7c Jc]
Seat 1: nrJitsu (big blind) collected ($23.52)
Seat 2: robyn02 (button) (small blind) folded on the Turn


PokerStars Hand #147967362103:  Hold'em Limit ($3/$6 USD) - 2016/01/30 20:15:46 ET
Table 'Sagittarius II' 2-max Seat #2 is the button
Seat 1: nrJitsu ($357.25 in chips)
Seat 2: robyn02 ($213.03 in chips)
robyn02: posts small blind $1
nrJitsu: posts big blind $3
*** HOLE CARDS ***
robyn02: raises $3 to $6
nrJitsu: folds
Uncalled bet ($3) returned to robyn02
robyn02 collected $6 from pot
robyn02: doesn't show hand
*** SUMMARY ***
Total pot $6 | Rake $0
Seat 1: nrJitsu (big blind) folded before Flop
Seat 2: robyn02 (button) (small blind) collected ($6)


PokerStars Hand #147967329000:  Hold'em Limit ($3/$6 USD) - 2016/01/30 20:14:51 ET
Table 'Sagittarius II' 2-max Seat #1 is the button
Seat 1: nrJitsu ($366.61 in chips)
Seat 2: robyn02 ($204.75 in chips)
nrJitsu: posts small blind $1
robyn02: posts big blind $3
*** HOLE CARDS ***
nrJitsu: raises $3 to $6
robyn02: raises $3 to $9
nrJitsu: calls $3
*** FLOP *** [4d 2s 3h]
robyn02: bets $3
nrJitsu: calls $3
*** TURN *** [4d 2s 3h] [Kd]
robyn02: bets $6
nrJitsu: folds
Uncalled bet ($6) returned to robyn02
robyn02 collected $23.52 from pot
robyn02: doesn't show hand
*** SUMMARY ***
Total pot $24 | Rake $0.48
Board [4d 2s 3h Kd]
Seat 1: nrJitsu (button) (small blind) folded on the Turn
Seat 2: robyn02 (big blind) collected ($23.52)


PokerStars Hand #147967340255:  Hold'em Limit ($3/$6 USD) - 2016/01/30 20:15:10 ET
Table 'Sagittarius II' 2-max Seat #2 is the button
Seat 1: nrJitsu ($354.61 in chips)
Seat 2: robyn02 ($216.27 in chips)
robyn02: posts small blind $1
nrJitsu: posts big blind $3
*** HOLE CARDS ***
robyn02: raises $3 to $6
nrJitsu: calls $3
*** FLOP *** [4c 2c 7s]
nrJitsu: checks
robyn02: bets $3
nrJitsu: folds
Uncalled bet ($3) returned to robyn02
robyn02 collected $11.76 from pot
robyn02: doesn't show hand
*** SUMMARY ***
Total pot $12 | Rake $0.24
Board [4c 2c 7s]
Seat 1: nrJitsu (big blind) folded on the Flop
Seat 2: robyn02 (button) (small blind) collected ($11.76)


PokerStars Hand #147967352461:  Hold'em Limit ($3/$6 USD) - 2016/01/30 20:15:30 ET
Table 'Sagittarius II' 2-max Seat #1 is the button
Seat 1: nrJitsu ($348.61 in chips)
Seat 2: robyn02 ($222.03 in chips)
nrJitsu: posts small blind $1
robyn02: posts big blind $3
*** HOLE CARDS ***
nrJitsu: raises $3 to $6
robyn02: calls $3
*** FLOP *** [2c Ah 8s]
robyn02: checks
nrJitsu: bets $3
robyn02: calls $3
*** TURN *** [2c Ah 8s] [Th]
robyn02: checks
nrJitsu: bets $6
robyn02: folds
Uncalled bet ($6) returned to nrJitsu
nrJitsu collected $17.64 from pot
nrJitsu: doesn't show hand
*** SUMMARY ***
Total pot $18 | Rake $0.36
Board [2c Ah 8s Th]
Seat 1: nrJitsu (button) (small blind) collected ($17.64)
Seat 2: robyn02 (big blind) folded on the Turn


PokerStars Hand #147967388083:  Hold'em Limit ($3/$6 USD) - 2016/01/30 20:16:29 ET
Table 'Sagittarius II' 2-max Seat #1 is the button
Seat 1: nrJitsu ($371.75 in chips)
Seat 2: robyn02 ($197.79 in chips)
nrJitsu: posts small blind $1
robyn02: posts big blind $3
*** HOLE CARDS ***
nrJitsu: raises $3 to $6
robyn02: calls $3
*** FLOP *** [Qd 9h Td]
robyn02: checks
nrJitsu: bets $3
robyn02: raises $3 to $6
nrJitsu: calls $3
*** TURN *** [Qd 9h Td] [Ad]
robyn02: bets $6
nrJitsu: calls $6
*** RIVER *** [Qd 9h Td Ad] [Th]
robyn02: bets $6
nrJitsu: folds
Uncalled bet ($6) returned to robyn02
robyn02 collected $35.50 from pot
robyn02: doesn't show hand
*** SUMMARY ***
Total pot $36 | Rake $0.50
Board [Qd 9h Td Ad Th]
Seat 1: nrJitsu (button) (small blind) folded on the River
Seat 2: robyn02 (big blind) collected ($35.50)


PokerStars Hand #147967366180:  Hold'em Limit ($3/$6 USD) - 2016/01/30 20:15:52 ET
Table 'Sagittarius II' 2-max Seat #1 is the button
Seat 1: nrJitsu ($354.25 in chips)
Seat 2: robyn02 ($216.03 in chips)
nrJitsu: posts small blind $1
robyn02: posts big blind $3
*** HOLE CARDS ***
nrJitsu: raises $3 to $6
robyn02: raises $3 to $9
nrJitsu: calls $3
*** FLOP *** [Tc 2c 4s]
robyn02: bets $3
nrJitsu: calls $3
*** TURN *** [Tc 2c 4s] [Ts]
robyn02: bets $6
nrJitsu: calls $6
*** RIVER *** [Tc 2c 4s Ts] [3c]
robyn02: bets $6
nrJitsu: calls $6
*** SHOW DOWN ***
robyn02: shows [7s 5h] (a pair of Tens)
nrJitsu: shows [Js 4d] (two pair, Tens and Fours)
nrJitsu collected $47.50 from pot
*** SUMMARY ***
Total pot $48 | Rake $0.50
Board [Tc 2c 4s Ts 3c]
Seat 1: nrJitsu (button) (small blind) showed [Js 4d] and won ($47.50) with two pair, Tens and Fours
Seat 2: robyn02 (big blind) showed [7s 5h] and lost with a pair of Tens


PokerStars Hand #147967383009:  Hold'em Limit ($3/$6 USD) - 2016/01/30 20:16:20 ET
Table 'Sagittarius II' 2-max Seat #2 is the button
Seat 1: nrJitsu ($377.75 in chips)
Seat 2: robyn02 ($192.03 in chips)
robyn02: posts small blind $1
nrJitsu: posts big blind $3
*** HOLE CARDS ***
robyn02: raises $3 to $6
nrJitsu: calls $3
*** FLOP *** [8s 8d Ts]
nrJitsu: checks
robyn02: bets $3
nrJitsu: folds
Uncalled bet ($3) returned to robyn02
robyn02 collected $11.76 from pot
robyn02: doesn't show hand
*** SUMMARY ***
Total pot $12 | Rake $0.24
Board [8s 8d Ts]
Seat 1: nrJitsu (big blind) folded on the Flop
Seat 2: robyn02 (button) (small blind) collected ($11.76)


PokerStars Hand #147967403686:  Hold'em Limit ($3/$6 USD) - 2016/01/30 20:16:55 ET
Table 'Sagittarius II' 2-max Seat #2 is the button
Seat 1: nrJitsu ($353.75 in chips)
Seat 2: robyn02 ($215.29 in chips)
robyn02: posts small blind $1
nrJitsu: posts big blind $3
*** HOLE CARDS ***
robyn02: raises $3 to $6
nrJitsu: raises $3 to $9
robyn02: calls $3
*** FLOP *** [5s 8d Tc]
nrJitsu: bets $3
robyn02: calls $3
*** TURN *** [5s 8d Tc] [Ac]
nrJitsu: bets $6
robyn02: folds
Uncalled bet ($6) returned to nrJitsu
nrJitsu collected $23.52 from pot
nrJitsu: doesn't show hand
*** SUMMARY ***
Total pot $24 | Rake $0.48
Board [5s 8d Tc Ac]
Seat 1: nrJitsu (big blind) collected ($23.52)
Seat 2: robyn02 (button) (small blind) folded on the Turn


PokerStars Hand #147967415818:  Hold'em Limit ($3/$6 USD) - 2016/01/30 20:17:15 ET
Table 'Sagittarius II' 2-max Seat #1 is the button
Seat 1: nrJitsu ($365.27 in chips)
Seat 2: robyn02 ($203.29 in chips)
nrJitsu: posts small blind $1
robyn02: posts big blind $3
*** HOLE CARDS ***
nrJitsu: raises $3 to $6
robyn02: calls $3
*** FLOP *** [2c 8s 5d]
robyn02: checks
nrJitsu: bets $3
robyn02: calls $3
*** TURN *** [2c 8s 5d] [2s]
robyn02: checks
nrJitsu: bets $6
robyn02: folds
Uncalled bet ($6) returned to nrJitsu
nrJitsu collected $17.64 from pot
nrJitsu: doesn't show hand
*** SUMMARY ***
Total pot $18 | Rake $0.36
Board [2c 8s 5d 2s]
Seat 1: nrJitsu (button) (small blind) collected ($17.64)
Seat 2: robyn02 (big blind) folded on the Turn


PokerStars Hand #147967423245:  Hold'em Limit ($3/$6 USD) - 2016/01/30 20:17:27 ET
Table 'Sagittarius II' 2-max Seat #2 is the button
Seat 1: nrJitsu ($373.91 in chips)
Seat 2: robyn02 ($194.29 in chips)
robyn02: posts small blind $1
nrJitsu: posts big blind $3
*** HOLE CARDS ***
robyn02: raises $3 to $6
nrJitsu: calls $3
*** FLOP *** [5c Jc Th]
nrJitsu: checks
robyn02: bets $3
nrJitsu: folds
Uncalled bet ($3) returned to robyn02
robyn02 collected $11.76 from pot
robyn02: doesn't show hand
*** SUMMARY ***
Total pot $12 | Rake $0.24
Board [5c Jc Th]
Seat 1: nrJitsu (big blind) folded on the Flop
Seat 2: robyn02 (button) (small blind) collected ($11.76)


PokerStars Hand #147967465000:  Hold'em Limit ($3/$6 USD) - 2016/01/30 20:18:37 ET
Table 'Sagittarius II' 2-max Seat #1 is the button
Seat 1: nrJitsu ($429.55 in chips)
Seat 2: robyn02 ($137.05 in chips)
nrJitsu: posts small blind $1
robyn02: posts big blind $3
*** HOLE CARDS ***
nrJitsu: raises $3 to $6
robyn02: calls $3
*** FLOP *** [9s 3h Tc]
robyn02: checks
nrJitsu: checks
*** TURN *** [9s 3h Tc] [5s]
robyn02: checks
nrJitsu: checks
*** RIVER *** [9s 3h Tc 5s] [Kh]
robyn02: checks
nrJitsu: bets $6
robyn02: calls $6
*** SHOW DOWN ***
nrJitsu: shows [2s Ks] (a pair of Kings)
robyn02: mucks hand
nrJitsu collected $23.52 from pot
*** SUMMARY ***
Total pot $24 | Rake $0.48
Board [9s 3h Tc 5s Kh]
Seat 1: nrJitsu (button) (small blind) showed [2s Ks] and won ($23.52) with a pair of Kings
Seat 2: robyn02 (big blind) mucked


PokerStars Hand #147967431378:  Hold'em Limit ($3/$6 USD) - 2016/01/30 20:17:41 ET
Table 'Sagittarius II' 2-max Seat #1 is the button
Seat 1: nrJitsu ($367.91 in chips)
Seat 2: robyn02 ($200.05 in chips)
nrJitsu: posts small blind $1
robyn02: posts big blind $3
*** HOLE CARDS ***
nrJitsu: raises $3 to $6
robyn02: raises $3 to $9
nrJitsu: calls $3
*** FLOP *** [4s 3d 6d]
robyn02: bets $3
nrJitsu: raises $3 to $6
robyn02: calls $3
*** TURN *** [4s 3d 6d] [9h]
robyn02: checks
nrJitsu: bets $6
robyn02: raises $6 to $12
nrJitsu: calls $6
*** RIVER *** [4s 3d 6d 9h] [8h]
robyn02: bets $6
nrJitsu: calls $6
*** SHOW DOWN ***
robyn02: shows [5s 3c] (a pair of Threes)
nrJitsu: shows [6s Qd] (a pair of Sixes)
nrJitsu collected $65.50 from pot
*** SUMMARY ***
Total pot $66 | Rake $0.50
Board [4s 3d 6d 9h 8h]
Seat 1: nrJitsu (button) (small blind) showed [6s Qd] and won ($65.50) with a pair of Sixes
Seat 2: robyn02 (big blind) showed [5s 3c] and lost with a pair of Threes


PokerStars Hand #147967449938:  Hold'em Limit ($3/$6 USD) - 2016/01/30 20:18:12 ET
Table 'Sagittarius II' 2-max Seat #1 is the button
Seat 1: nrJitsu ($397.41 in chips)
Seat 2: robyn02 ($170.05 in chips)
nrJitsu: posts small blind $1
robyn02: posts big blind $3
*** HOLE CARDS ***
nrJitsu: raises $3 to $6
robyn02: raises $3 to $9
nrJitsu: calls $3
*** FLOP *** [8d Ac Qd]
robyn02: bets $3
nrJitsu: calls $3
*** TURN *** [8d Ac Qd] [As]
robyn02: bets $6
nrJitsu: calls $6
*** RIVER *** [8d Ac Qd As] [6d]
robyn02: checks
nrJitsu: bets $6
robyn02: calls $6
*** SHOW DOWN ***
nrJitsu: shows [2d Td] (a flush, Queen high)
robyn02: mucks hand
nrJitsu collected $47.50 from pot
*** SUMMARY ***
Total pot $48 | Rake $0.50
Board [8d Ac Qd As 6d]
Seat 1: nrJitsu (button) (small blind) showed [2d Td] and won ($47.50) with a flush, Queen high
Seat 2: robyn02 (big blind) mucked


PokerStars Hand #147967459659:  Hold'em Limit ($3/$6 USD) - 2016/01/30 20:18:28 ET
Table 'Sagittarius II' 2-max Seat #2 is the button
Seat 1: nrJitsu ($420.91 in chips)
Seat 2: robyn02 ($146.05 in chips)
robyn02: posts small blind $1
nrJitsu: posts big blind $3
*** HOLE CARDS ***
robyn02: raises $3 to $6
nrJitsu: calls $3
*** FLOP *** [Jh 5h Td]
nrJitsu: checks
robyn02: bets $3
nrJitsu: raises $3 to $6
robyn02: folds
Uncalled bet ($3) returned to nrJitsu
nrJitsu collected $17.64 from pot
nrJitsu: doesn't show hand
*** SUMMARY ***
Total pot $18 | Rake $0.36
Board [Jh 5h Td]
Seat 1: nrJitsu (big blind) collected ($17.64)
Seat 2: robyn02 (button) (small blind) folded on the Flop


PokerStars Hand #147967503548:  Hold'em Limit ($3/$6 USD) - 2016/01/30 20:19:42 ET
Table 'Sagittarius II' 2-max Seat #1 is the button
Seat 1: nrJitsu ($474.97 in chips)
Seat 2: robyn02 ($90.05 in chips)
nrJitsu: posts small blind $1
robyn02: posts big blind $3
*** HOLE CARDS ***
nrJitsu: raises $3 to $6
robyn02: raises $3 to $9
nrJitsu: raises $3 to $12
Betting is capped
robyn02: calls $3
*** FLOP *** [5c Qd As]
robyn02: checks
nrJitsu: bets $3
robyn02: calls $3
*** TURN *** [5c Qd As] [6s]
robyn02: checks
nrJitsu: bets $6
robyn02: folds
Uncalled bet ($6) returned to nrJitsu
nrJitsu collected $29.50 from pot
nrJitsu: doesn't show hand
*** SUMMARY ***
Total pot $30 | Rake $0.50
Board [5c Qd As 6s]
Seat 1: nrJitsu (button) (small blind) collected ($29.50)
Seat 2: robyn02 (big blind) folded on the Turn


PokerStars Hand #147967477911:  Hold'em Limit ($3/$6 USD) - 2016/01/30 20:18:59 ET
Table 'Sagittarius II' 2-max Seat #1 is the button
Seat 1: nrJitsu ($438.07 in chips)
Seat 2: robyn02 ($128.05 in chips)
nrJitsu: posts small blind $1
robyn02: posts big blind $3
*** HOLE CARDS ***
nrJitsu: folds
Uncalled bet ($2) returned to robyn02
robyn02 collected $2 from pot
robyn02: doesn't show hand
*** SUMMARY ***
Total pot $2 | Rake $0
Seat 1: nrJitsu (button) (small blind) folded before Flop
Seat 2: robyn02 (big blind) collected ($2)


PokerStars Hand #147967474156:  Hold'em Limit ($3/$6 USD) - 2016/01/30 20:18:53 ET
Table 'Sagittarius II' 2-max Seat #2 is the button
Seat 1: nrJitsu ($441.07 in chips)
Seat 2: robyn02 ($125.05 in chips)
robyn02: posts small blind $1
nrJitsu: posts big blind $3
*** HOLE CARDS ***
robyn02: raises $3 to $6
nrJitsu: folds
Uncalled bet ($3) returned to robyn02
robyn02 collected $6 from pot
robyn02: doesn't show hand
*** SUMMARY ***
Total pot $6 | Rake $0
Seat 1: nrJitsu (big blind) folded before Flop
Seat 2: robyn02 (button) (small blind) collected ($6)


PokerStars Hand #147967482042:  Hold'em Limit ($3/$6 USD) - 2016/01/30 20:19:06 ET
Table 'Sagittarius II' 2-max Seat #2 is the button
Seat 1: nrJitsu ($437.07 in chips)
Seat 2: robyn02 ($129.05 in chips)
robyn02: posts small blind $1
nrJitsu: posts big blind $3
*** HOLE CARDS ***
robyn02: raises $3 to $6
nrJitsu: calls $3
*** FLOP *** [3s 8d 2c]
nrJitsu: checks
robyn02: bets $3
nrJitsu: calls $3
*** TURN *** [3s 8d 2c] [Kc]
nrJitsu: checks
robyn02: checks
*** RIVER *** [3s 8d 2c Kc] [7c]
nrJitsu: checks
robyn02: checks
*** SHOW DOWN ***
nrJitsu: shows [Qc 4c] (a flush, King high)
robyn02: mucks hand
nrJitsu collected $17.64 from pot
*** SUMMARY ***
Total pot $18 | Rake $0.36
Board [3s 8d 2c Kc 7c]
Seat 1: nrJitsu (big blind) showed [Qc 4c] and won ($17.64) with a flush, King high
Seat 2: robyn02 (button) (small blind) mucked


PokerStars Hand #147967490198:  Hold'em Limit ($3/$6 USD) - 2016/01/30 20:19:19 ET
Table 'Sagittarius II' 2-max Seat #1 is the button
Seat 1: nrJitsu ($445.71 in chips)
Seat 2: robyn02 ($120.05 in chips)
nrJitsu: posts small blind $1
robyn02: posts big blind $3
*** HOLE CARDS ***
nrJitsu: raises $3 to $6
robyn02: calls $3
*** FLOP *** [Ad 5c 3h]
robyn02: checks
nrJitsu: bets $3
robyn02: folds
Uncalled bet ($3) returned to nrJitsu
nrJitsu collected $11.76 from pot
nrJitsu: doesn't show hand
*** SUMMARY ***
Total pot $12 | Rake $0.24
Board [Ad 5c 3h]
Seat 1: nrJitsu (button) (small blind) collected ($11.76)
Seat 2: robyn02 (big blind) folded on the Flop


PokerStars Hand #147967496044:  Hold'em Limit ($3/$6 USD) - 2016/01/30 20:19:29 ET
Table 'Sagittarius II' 2-max Seat #2 is the button
Seat 1: nrJitsu ($451.47 in chips)
Seat 2: robyn02 ($114.05 in chips)
robyn02: posts small blind $1
nrJitsu: posts big blind $3
*** HOLE CARDS ***
robyn02: raises $3 to $6
nrJitsu: calls $3
*** FLOP *** [5d 8c 5h]
nrJitsu: checks
robyn02: bets $3
nrJitsu: raises $3 to $6
robyn02: calls $3
*** TURN *** [5d 8c 5h] [Th]
nrJitsu: bets $6
robyn02: raises $6 to $12
nrJitsu: raises $6 to $18
robyn02: folds
Uncalled bet ($6) returned to nrJitsu
nrJitsu collected $47.50 from pot
nrJitsu: doesn't show hand
*** SUMMARY ***
Total pot $48 | Rake $0.50
Board [5d 8c 5h Th]
Seat 1: nrJitsu (big blind) collected ($47.50)
Seat 2: robyn02 (button) (small blind) folded on the Turn


PokerStars Hand #147967511109:  Hold'em Limit ($3/$6 USD) - 2016/01/30 20:19:55 ET
Table 'Sagittarius II' 2-max Seat #2 is the button
Seat 1: nrJitsu ($489.47 in chips)
Seat 2: robyn02 ($75.05 in chips)
robyn02: posts small blind $1
nrJitsu: posts big blind $3
*** HOLE CARDS ***
robyn02: raises $3 to $6
nrJitsu: calls $3
*** FLOP *** [5d 5h 7c]
nrJitsu: checks
robyn02: bets $3
nrJitsu: calls $3
*** TURN *** [5d 5h 7c] [4s]
nrJitsu: checks
robyn02: bets $6
nrJitsu: folds
Uncalled bet ($6) returned to robyn02
robyn02 collected $17.64 from pot
robyn02: doesn't show hand
*** SUMMARY ***
Total pot $18 | Rake $0.36
Board [5d 5h 7c 4s]
Seat 1: nrJitsu (big blind) folded on the Turn
Seat 2: robyn02 (button) (small blind) collected ($17.64)


PokerStars Hand #147967527221:  Hold'em Limit ($3/$6 USD) - 2016/01/30 20:20:22 ET
Table 'Sagittarius II' 2-max Seat #1 is the button
Seat 1: nrJitsu ($480.47 in chips)
Seat 2: robyn02 ($83.69 in chips)
nrJitsu: posts small blind $1
robyn02: posts big blind $3
*** HOLE CARDS ***
nrJitsu: raises $3 to $6
robyn02: calls $3
*** FLOP *** [Ac 2s 7d]
robyn02: checks
nrJitsu: bets $3
robyn02: raises $3 to $6
nrJitsu: calls $3
*** TURN *** [Ac 2s 7d] [5d]
robyn02: bets $6
nrJitsu: calls $6
*** RIVER *** [Ac 2s 7d 5d] [8d]
robyn02: checks
nrJitsu: bets $6
robyn02: calls $6
*** SHOW DOWN ***
nrJitsu: shows [8c 7c] (two pair, Eights and Sevens)
robyn02: mucks hand
nrJitsu collected $47.50 from pot
*** SUMMARY ***
Total pot $48 | Rake $0.50
Board [Ac 2s 7d 5d 8d]
Seat 1: nrJitsu (button) (small blind) showed [8c 7c] and won ($47.50) with two pair, Eights and Sevens
Seat 2: robyn02 (big blind) mucked


PokerStars Hand #147967537645:  Hold'em Limit ($3/$6 USD) - 2016/01/30 20:20:40 ET
Table 'Sagittarius II' 2-max Seat #2 is the button
Seat 1: nrJitsu ($503.97 in chips)
Seat 2: robyn02 ($59.69 in chips)
robyn02: posts small blind $1
nrJitsu: posts big blind $3
*** HOLE CARDS ***
robyn02: raises $3 to $6
nrJitsu: calls $3
*** FLOP *** [3d Th Js]
nrJitsu: checks
robyn02: bets $3
nrJitsu: raises $3 to $6
robyn02: calls $3
*** TURN *** [3d Th Js] [Tc]
nrJitsu: bets $6
robyn02: calls $6
*** RIVER *** [3d Th Js Tc] [9c]
nrJitsu: bets $6
robyn02: calls $6
*** SHOW DOWN ***
nrJitsu: shows [5c Jh] (two pair, Jacks and Tens)
robyn02: mucks hand
nrJitsu collected $47.50 from pot
*** SUMMARY ***
Total pot $48 | Rake $0.50
Board [3d Th Js Tc 9c]
Seat 1: nrJitsu (big blind) showed [5c Jh] and won ($47.50) with two pair, Jacks and Tens
Seat 2: robyn02 (button) (small blind) mucked


