PokerStars Hand #153212329367:  Hold'em Limit ($3/$6 USD) - 2016/05/12 13:03:59 ET
Table 'Sagittarius' 6-max Seat #1 is the button
Seat 1: partyalex92 ($92.83 in chips)
Seat 2: TbIP-TbIP 88 ($72 in chips)
partyalex92: posts small blind $1
TbIP-TbIP 88: posts big blind $3
*** HOLE CARDS ***
partyalex92: calls $2
TbIP-TbIP 88: raises $3 to $6
partyalex92: calls $3
*** FLOP *** [Ts 2d 3d]
Zubasa07 joins the table at seat #3
TbIP-TbIP 88: bets $3
partyalex92: calls $3
*** TURN *** [Ts 2d 3d] [Qs]
TbIP-TbIP 88: checks
partyalex92: checks
*** RIVER *** [Ts 2d 3d Qs] [6d]
TbIP-TbIP 88: checks
partyalex92: checks
*** SHOW DOWN ***
TbIP-TbIP 88: shows [Kc 8h] (high card King)
partyalex92: shows [Kh 2s] (a pair of Deuces)
partyalex92 collected $17.64 from pot
*** SUMMARY ***
Total pot $18 | Rake $0.36
Board [Ts 2d 3d Qs 6d]
Seat 1: partyalex92 (button) (small blind) showed [Kh 2s] and won ($17.64) with a pair of Deuces
Seat 2: TbIP-TbIP 88 (big blind) showed [Kc 8h] and lost with high card King


