PokerStars Hand #172960480182:  Hold'em Limit ($3/$6 USD) - 2017/07/12 21:01:42 ET
Table 'Sahade' 6-max Seat #3 is the button
Seat 1: loukis0902 ($177.89 in chips)
Seat 3: Verti1325 ($45.47 in chips)
Verti1325: posts small blind $1
kurt-ola: is sitting out
loukis0902: posts big blind $3
*** HOLE CARDS ***
Verti1325: raises $3 to $6
loukis0902: calls $3
*** FLOP *** [3s Jh 2d]
kurt-ola leaves the table
loukis0902: checks
Verti1325: bets $3
loukis0902: calls $3
*** TURN *** [3s Jh 2d] [As]
loukis0902: checks
Verti1325: checks
*** RIVER *** [3s Jh 2d As] [Qh]
loukis0902: bets $6
Verti1325: folds
Uncalled bet ($6) returned to loukis0902
loukis0902 collected $17.64 from pot
loukis0902: doesn't show hand
*** SUMMARY ***
Total pot $18 | Rake $0.36
Board [3s Jh 2d As Qh]
Seat 1: loukis0902 (big blind) collected ($17.64)
Seat 3: Verti1325 (button) (small blind) folded on the River


PokerStars Hand #172960486668:  Hold'em Limit ($3/$6 USD) - 2017/07/12 21:01:57 ET
Table 'Sahade' 6-max Seat #1 is the button
Seat 1: loukis0902 ($186.53 in chips)
Seat 3: Verti1325 ($36.47 in chips)
loukis0902: posts small blind $1
Verti1325: posts big blind $3
*** HOLE CARDS ***
loukis0902: raises $3 to $6
Verti1325: calls $3
*** FLOP *** [9h Jc 6c]
happyshine88 joins the table at seat #6
Verti1325: checks
loukis0902: bets $3
Verti1325: calls $3
*** TURN *** [9h Jc 6c] [2s]
Verti1325: checks
loukis0902: bets $6
Verti1325: calls $6
*** RIVER *** [9h Jc 6c 2s] [3d]
Verti1325: checks
loukis0902: bets $6
Verti1325: calls $6
*** SHOW DOWN ***
loukis0902: shows [Ts 9d] (a pair of Nines)
Verti1325: mucks hand
loukis0902 collected $41.50 from pot
*** SUMMARY ***
Total pot $42 | Rake $0.50
Board [9h Jc 6c 2s 3d]
Seat 1: loukis0902 (button) (small blind) showed [Ts 9d] and won ($41.50) with a pair of Nines
Seat 3: Verti1325 (big blind) mucked


