PokerStars Hand #145115880356:  Hold'em Limit ($3/$6 USD) - 2015/12/10 6:55:13 ET
Table 'Sahade II' 2-max Seat #2 is the button
Seat 1: covasa andre ($36.66 in chips)
Seat 2: fifaliga ($36 in chips)
fifaliga: posts small blind $1
covasa andre: posts big blind $3
*** HOLE CARDS ***
fifaliga: raises $3 to $6
covasa andre: folds
Uncalled bet ($3) returned to fifaliga
fifaliga collected $6 from pot
fifaliga: doesn't show hand
*** SUMMARY ***
Total pot $6 | Rake $0
Seat 1: covasa andre (big blind) folded before Flop
Seat 2: fifaliga (button) (small blind) collected ($6)


PokerStars Hand #145115887371:  Hold'em Limit ($3/$6 USD) - 2015/12/10 6:55:29 ET
Table 'Sahade II' 2-max Seat #1 is the button
Seat 1: covasa andre ($33.66 in chips)
Seat 2: fifaliga ($120 in chips)
covasa andre: posts small blind $1
fifaliga: posts big blind $3
*** HOLE CARDS ***
covasa andre: raises $3 to $6
fifaliga: calls $3
*** FLOP *** [3s 2h 4h]
fifaliga: checks
covasa andre: bets $3
fifaliga: calls $3
*** TURN *** [3s 2h 4h] [7h]
fifaliga: checks
covasa andre: bets $6
fifaliga: calls $6
*** RIVER *** [3s 2h 4h 7h] [Jd]
fifaliga: checks
covasa andre: bets $6
fifaliga: folds
Uncalled bet ($6) returned to covasa andre
covasa andre collected $29.50 from pot
covasa andre: doesn't show hand
*** SUMMARY ***
Total pot $30 | Rake $0.50
Board [3s 2h 4h 7h Jd]
Seat 1: covasa andre (button) (small blind) collected ($29.50)
Seat 2: fifaliga (big blind) folded on the River


PokerStars Hand #145115898921:  Hold'em Limit ($3/$6 USD) - 2015/12/10 6:55:55 ET
Table 'Sahade II' 2-max Seat #2 is the button
Seat 1: covasa andre ($48.16 in chips)
Seat 2: fifaliga ($120 in chips)
fifaliga: posts small blind $1
covasa andre: posts big blind $3
*** HOLE CARDS ***
fifaliga: raises $3 to $6
covasa andre: calls $3
*** FLOP *** [Kh 8d Qs]
covasa andre: checks
fifaliga: bets $3
covasa andre: folds
Uncalled bet ($3) returned to fifaliga
fifaliga collected $11.76 from pot
fifaliga: doesn't show hand
*** SUMMARY ***
Total pot $12 | Rake $0.24
Board [Kh 8d Qs]
Seat 1: covasa andre (big blind) folded on the Flop
Seat 2: fifaliga (button) (small blind) collected ($11.76)


PokerStars Hand #145115906219:  Hold'em Limit ($3/$6 USD) - 2015/12/10 6:56:11 ET
Table 'Sahade II' 2-max Seat #2 is the button
Seat 1: covasa andre ($41.16 in chips)
Seat 2: fifaliga ($126.76 in chips)
fifaliga: posts small blind $1
covasa andre: posts big blind $3
*** HOLE CARDS ***
fifaliga: folds
Uncalled bet ($2) returned to covasa andre
covasa andre collected $2 from pot
covasa andre: doesn't show hand
*** SUMMARY ***
Total pot $2 | Rake $0
Seat 1: covasa andre (big blind) collected ($2)
Seat 2: fifaliga (button) (small blind) folded before Flop


PokerStars Hand #145115903956:  Hold'em Limit ($3/$6 USD) - 2015/12/10 6:56:06 ET
Table 'Sahade II' 2-max Seat #1 is the button
Seat 1: covasa andre ($42.16 in chips)
Seat 2: fifaliga ($125.76 in chips)
covasa andre: posts small blind $1
fifaliga: posts big blind $3
*** HOLE CARDS ***
covasa andre: folds
Uncalled bet ($2) returned to fifaliga
fifaliga collected $2 from pot
fifaliga: doesn't show hand
*** SUMMARY ***
Total pot $2 | Rake $0
Seat 1: covasa andre (button) (small blind) folded before Flop
Seat 2: fifaliga (big blind) collected ($2)


PokerStars Hand #145115914429:  Hold'em Limit ($3/$6 USD) - 2015/12/10 6:56:29 ET
Table 'Sahade II' 2-max Seat #1 is the button
Seat 1: covasa andre ($46.16 in chips)
Seat 2: fifaliga ($121.76 in chips)
covasa andre: posts small blind $1
fifaliga: posts big blind $3
*** HOLE CARDS ***
covasa andre: folds
Uncalled bet ($2) returned to fifaliga
fifaliga collected $2 from pot
fifaliga: doesn't show hand
*** SUMMARY ***
Total pot $2 | Rake $0
Seat 1: covasa andre (button) (small blind) folded before Flop
Seat 2: fifaliga (big blind) collected ($2)


PokerStars Hand #145115912213:  Hold'em Limit ($3/$6 USD) - 2015/12/10 6:56:24 ET
Table 'Sahade II' 2-max Seat #2 is the button
Seat 1: covasa andre ($45.16 in chips)
Seat 2: fifaliga ($122.76 in chips)
fifaliga: posts small blind $1
covasa andre: posts big blind $3
*** HOLE CARDS ***
fifaliga: folds
Uncalled bet ($2) returned to covasa andre
covasa andre collected $2 from pot
covasa andre: doesn't show hand
*** SUMMARY ***
Total pot $2 | Rake $0
Seat 1: covasa andre (big blind) collected ($2)
Seat 2: fifaliga (button) (small blind) folded before Flop


PokerStars Hand #145115908751:  Hold'em Limit ($3/$6 USD) - 2015/12/10 6:56:16 ET
Table 'Sahade II' 2-max Seat #1 is the button
Seat 1: covasa andre ($42.16 in chips)
Seat 2: fifaliga ($125.76 in chips)
covasa andre: posts small blind $1
fifaliga: posts big blind $3
*** HOLE CARDS ***
covasa andre: raises $3 to $6
fifaliga: folds
Uncalled bet ($3) returned to covasa andre
covasa andre collected $6 from pot
covasa andre: doesn't show hand
*** SUMMARY ***
Total pot $6 | Rake $0
Seat 1: covasa andre (button) (small blind) collected ($6)
Seat 2: fifaliga (big blind) folded before Flop


PokerStars Hand #145115920088:  Hold'em Limit ($3/$6 USD) - 2015/12/10 6:56:42 ET
Table 'Sahade II' 2-max Seat #1 is the button
Seat 1: covasa andre ($42.16 in chips)
Seat 2: fifaliga ($125.76 in chips)
covasa andre: posts small blind $1
fifaliga: posts big blind $3
*** HOLE CARDS ***
covasa andre: folds
Uncalled bet ($2) returned to fifaliga
fifaliga collected $2 from pot
fifaliga: doesn't show hand
*** SUMMARY ***
Total pot $2 | Rake $0
Seat 1: covasa andre (button) (small blind) folded before Flop
Seat 2: fifaliga (big blind) collected ($2)


PokerStars Hand #145115916630:  Hold'em Limit ($3/$6 USD) - 2015/12/10 6:56:34 ET
Table 'Sahade II' 2-max Seat #2 is the button
Seat 1: covasa andre ($45.16 in chips)
Seat 2: fifaliga ($122.76 in chips)
fifaliga: posts small blind $1
covasa andre: posts big blind $3
*** HOLE CARDS ***
fifaliga: raises $3 to $6
covasa andre: folds
Uncalled bet ($3) returned to fifaliga
fifaliga collected $6 from pot
fifaliga: doesn't show hand
*** SUMMARY ***
Total pot $6 | Rake $0
Seat 1: covasa andre (big blind) folded before Flop
Seat 2: fifaliga (button) (small blind) collected ($6)


PokerStars Hand #145115940852:  Hold'em Limit ($3/$6 USD) - 2015/12/10 6:57:27 ET
Table 'Sahade II' 2-max Seat #2 is the button
Seat 1: covasa andre ($24.16 in chips)
Seat 2: fifaliga ($143.28 in chips)
fifaliga: posts small blind $1
covasa andre: posts big blind $3
*** HOLE CARDS ***
fifaliga: raises $3 to $6
covasa andre: calls $3
*** FLOP *** [4h Qh 2d]
covasa andre: checks
fifaliga: bets $3
covasa andre: folds
Uncalled bet ($3) returned to fifaliga
fifaliga collected $11.76 from pot
fifaliga: doesn't show hand
*** SUMMARY ***
Total pot $12 | Rake $0.24
Board [4h Qh 2d]
Seat 1: covasa andre (big blind) folded on the Flop
Seat 2: fifaliga (button) (small blind) collected ($11.76)


PokerStars Hand #145115936158:  Hold'em Limit ($3/$6 USD) - 2015/12/10 6:57:17 ET
Table 'Sahade II' 2-max Seat #2 is the button
Seat 1: covasa andre ($28.16 in chips)
Seat 2: fifaliga ($139.28 in chips)
fifaliga: posts small blind $1
covasa andre: posts big blind $3
*** HOLE CARDS ***
fifaliga: raises $3 to $6
covasa andre: folds
Uncalled bet ($3) returned to fifaliga
fifaliga collected $6 from pot
fifaliga: doesn't show hand
*** SUMMARY ***
Total pot $6 | Rake $0
Seat 1: covasa andre (big blind) folded before Flop
Seat 2: fifaliga (button) (small blind) collected ($6)


PokerStars Hand #145115930568:  Hold'em Limit ($3/$6 USD) - 2015/12/10 6:57:05 ET
Table 'Sahade II' 2-max Seat #1 is the button
Seat 1: covasa andre ($29.16 in chips)
Seat 2: fifaliga ($138.28 in chips)
covasa andre: posts small blind $1
fifaliga: posts big blind $3
*** HOLE CARDS ***
covasa andre: folds
Uncalled bet ($2) returned to fifaliga
fifaliga collected $2 from pot
fifaliga: doesn't show hand
*** SUMMARY ***
Total pot $2 | Rake $0
Seat 1: covasa andre (button) (small blind) folded before Flop
Seat 2: fifaliga (big blind) collected ($2)


PokerStars Hand #145115922306:  Hold'em Limit ($3/$6 USD) - 2015/12/10 6:56:46 ET
Table 'Sahade II' 2-max Seat #2 is the button
Seat 1: covasa andre ($41.16 in chips)
Seat 2: fifaliga ($126.76 in chips)
fifaliga: posts small blind $1
covasa andre: posts big blind $3
*** HOLE CARDS ***
fifaliga: raises $3 to $6
covasa andre: calls $3
*** FLOP *** [5c Ts 4h]
covasa andre: bets $3
fifaliga: raises $3 to $6
covasa andre: calls $3
*** TURN *** [5c Ts 4h] [Jh]
covasa andre: checks
fifaliga: checks
*** RIVER *** [5c Ts 4h Jh] [6c]
covasa andre: checks
fifaliga: bets $6
covasa andre: folds
Uncalled bet ($6) returned to fifaliga
fifaliga collected $23.52 from pot
fifaliga: doesn't show hand
*** SUMMARY ***
Total pot $24 | Rake $0.48
Board [5c Ts 4h Jh 6c]
Seat 1: covasa andre (big blind) folded on the River
Seat 2: fifaliga (button) (small blind) collected ($23.52)


PokerStars Hand #145115962191:  Hold'em Limit ($3/$6 USD) - 2015/12/10 6:58:15 ET
Table 'Sahade II' 2-max Seat #1 is the button
Seat 1: covasa andre ($14.92 in chips)
Seat 2: fifaliga ($151.68 in chips)
covasa andre: posts small blind $1
fifaliga: posts big blind $3
*** HOLE CARDS ***
covasa andre: raises $3 to $6
fifaliga: folds
Uncalled bet ($3) returned to covasa andre
covasa andre collected $6 from pot
covasa andre: doesn't show hand
*** SUMMARY ***
Total pot $6 | Rake $0
Seat 1: covasa andre (button) (small blind) collected ($6)
Seat 2: fifaliga (big blind) folded before Flop


PokerStars Hand #145115954998:  Hold'em Limit ($3/$6 USD) - 2015/12/10 6:57:59 ET
Table 'Sahade II' 2-max Seat #2 is the button
Seat 1: covasa andre ($23.92 in chips)
Seat 2: fifaliga ($143.04 in chips)
fifaliga: posts small blind $1
covasa andre: posts big blind $3
*** HOLE CARDS ***
fifaliga: raises $3 to $6
covasa andre: calls $3
*** FLOP *** [Js 3d Ah]
covasa andre: checks
fifaliga: bets $3
covasa andre: calls $3
*** TURN *** [Js 3d Ah] [Tc]
covasa andre: checks
fifaliga: bets $6
covasa andre: folds
Uncalled bet ($6) returned to fifaliga
fifaliga collected $17.64 from pot
fifaliga: doesn't show hand
*** SUMMARY ***
Total pot $18 | Rake $0.36
Board [Js 3d Ah Tc]
Seat 1: covasa andre (big blind) folded on the Turn
Seat 2: fifaliga (button) (small blind) collected ($17.64)


PokerStars Hand #145115950579:  Hold'em Limit ($3/$6 USD) - 2015/12/10 6:57:49 ET
Table 'Sahade II' 2-max Seat #1 is the button
Seat 1: covasa andre ($18.16 in chips)
Seat 2: fifaliga ($149.04 in chips)
covasa andre: posts small blind $1
fifaliga: posts big blind $3
*** HOLE CARDS ***
covasa andre: raises $3 to $6
fifaliga: calls $3
*** FLOP *** [Ac Jc 9d]
fifaliga: checks
covasa andre: bets $3
fifaliga: folds
Uncalled bet ($3) returned to covasa andre
covasa andre collected $11.76 from pot
covasa andre: doesn't show hand
*** SUMMARY ***
Total pot $12 | Rake $0.24
Board [Ac Jc 9d]
Seat 1: covasa andre (button) (small blind) collected ($11.76)
Seat 2: fifaliga (big blind) folded on the Flop


PokerStars Hand #145115948014:  Hold'em Limit ($3/$6 USD) - 2015/12/10 6:57:43 ET
Table 'Sahade II' 2-max Seat #2 is the button
Seat 1: covasa andre ($21.16 in chips)
Seat 2: fifaliga ($146.04 in chips)
fifaliga: posts small blind $1
covasa andre: posts big blind $3
*** HOLE CARDS ***
fifaliga: raises $3 to $6
covasa andre: folds
Uncalled bet ($3) returned to fifaliga
fifaliga collected $6 from pot
fifaliga: doesn't show hand
*** SUMMARY ***
Total pot $6 | Rake $0
Seat 1: covasa andre (big blind) folded before Flop
Seat 2: fifaliga (button) (small blind) collected ($6)


PokerStars Hand #145115945361:  Hold'em Limit ($3/$6 USD) - 2015/12/10 6:57:37 ET
Table 'Sahade II' 2-max Seat #1 is the button
Seat 1: covasa andre ($18.16 in chips)
Seat 2: fifaliga ($149.04 in chips)
covasa andre: posts small blind $1
fifaliga: posts big blind $3
*** HOLE CARDS ***
covasa andre: raises $3 to $6
fifaliga: folds
Uncalled bet ($3) returned to covasa andre
covasa andre collected $6 from pot
covasa andre: doesn't show hand
*** SUMMARY ***
Total pot $6 | Rake $0
Seat 1: covasa andre (button) (small blind) collected ($6)
Seat 2: fifaliga (big blind) folded before Flop


PokerStars Hand #145115965035:  Hold'em Limit ($3/$6 USD) - 2015/12/10 6:58:21 ET
Table 'Sahade II' 2-max Seat #2 is the button
Seat 1: covasa andre ($17.92 in chips)
Seat 2: fifaliga ($148.68 in chips)
fifaliga: posts small blind $1
covasa andre: posts big blind $3
*** HOLE CARDS ***
fifaliga: raises $3 to $6
covasa andre: raises $3 to $9
fifaliga: raises $3 to $12
Betting is capped
covasa andre: calls $3
*** FLOP *** [7s 7c Jc]
covasa andre: bets $3
fifaliga: raises $3 to $6
covasa andre: calls $2.92 and is all-in
Uncalled bet ($0.08) returned to fifaliga
*** TURN *** [7s 7c Jc] [6d]
*** RIVER *** [7s 7c Jc 6d] [5c]
*** SHOW DOWN ***
covasa andre: shows [As Qh] (a pair of Sevens)
fifaliga: shows [Th Td] (two pair, Tens and Sevens)
fifaliga collected $35.34 from pot
*** SUMMARY ***
Total pot $35.84 | Rake $0.50
Board [7s 7c Jc 6d 5c]
Seat 1: covasa andre (big blind) showed [As Qh] and lost with a pair of Sevens
Seat 2: fifaliga (button) (small blind) showed [Th Td] and won ($35.34) with two pair, Tens and Sevens


PokerStars Hand #145115990035:  Hold'em Limit ($3/$6 USD) - 2015/12/10 6:59:16 ET
Table 'Sahade II' 2-max Seat #1 is the button
Seat 1: covasa andre ($32.66 in chips)
Seat 2: fifaliga ($170.10 in chips)
covasa andre: posts small blind $1
fifaliga: posts big blind $3
*** HOLE CARDS ***
covasa andre: folds
Uncalled bet ($2) returned to fifaliga
fifaliga collected $2 from pot
fifaliga: doesn't show hand
*** SUMMARY ***
Total pot $2 | Rake $0
Seat 1: covasa andre (button) (small blind) folded before Flop
Seat 2: fifaliga (big blind) collected ($2)


PokerStars Hand #145115984565:  Hold'em Limit ($3/$6 USD) - 2015/12/10 6:59:04 ET
Table 'Sahade II' 2-max Seat #2 is the button
Seat 1: covasa andre ($35.66 in chips)
Seat 2: fifaliga ($167.10 in chips)
fifaliga: posts small blind $1
covasa andre: posts big blind $3
*** HOLE CARDS ***
fifaliga: raises $3 to $6
covasa andre: folds
Uncalled bet ($3) returned to fifaliga
fifaliga collected $6 from pot
fifaliga: doesn't show hand
*** SUMMARY ***
Total pot $6 | Rake $0
Seat 1: covasa andre (big blind) folded before Flop
Seat 2: fifaliga (button) (small blind) collected ($6)


PokerStars Hand #145115992201:  Hold'em Limit ($3/$6 USD) - 2015/12/10 6:59:21 ET
Table 'Sahade II' 2-max Seat #2 is the button
Seat 1: covasa andre ($31.66 in chips)
Seat 2: fifaliga ($171.10 in chips)
fifaliga: posts small blind $1
covasa andre: posts big blind $3
*** HOLE CARDS ***
fifaliga: raises $3 to $6
covasa andre: calls $3
*** FLOP *** [2s 8c 9c]
covasa andre: checks
fifaliga: bets $3
covasa andre: raises $3 to $6
fifaliga: calls $3
*** TURN *** [2s 8c 9c] [As]
covasa andre: checks
fifaliga: checks
*** RIVER *** [2s 8c 9c As] [2h]
covasa andre: bets $6
fifaliga: folds
Uncalled bet ($6) returned to covasa andre
covasa andre collected $23.52 from pot
covasa andre: doesn't show hand
*** SUMMARY ***
Total pot $24 | Rake $0.48
Board [2s 8c 9c As 2h]
Seat 1: covasa andre (big blind) collected ($23.52)
Seat 2: fifaliga (button) (small blind) folded on the River


