PokerStars Hand #172950267642:  Hold'em Limit ($3/$6 USD) - 2017/07/12 16:28:49 ET
Table 'Sahade' 6-max Seat #2 is the button
Seat 2: krytalex ($115.22 in chips)
Seat 4: B_loJkl ($146 in chips)
krytalex: posts small blind $1
B_loJkl: posts big blind $3
*** HOLE CARDS ***
krytalex: raises $3 to $6
B_loJkl: calls $3
*** FLOP *** [3d Jh 7h]
B_loJkl: checks
krytalex: bets $3
Kikimor1220 leaves the table
B_loJkl: calls $3
*** TURN *** [3d Jh 7h] [8c]
B_loJkl: bets $6
krytalex: calls $6
*** RIVER *** [3d Jh 7h 8c] [Qh]
B_loJkl: bets $6
krytalex: folds
Uncalled bet ($6) returned to B_loJkl
B_loJkl collected $29.50 from pot
B_loJkl: doesn't show hand
*** SUMMARY ***
Total pot $30 | Rake $0.50
Board [3d Jh 7h 8c Qh]
Seat 2: krytalex (button) (small blind) folded on the River
Seat 4: B_loJkl (big blind) collected ($29.50)


PokerStars Hand #172950307594:  Hold'em Limit ($3/$6 USD) - 2017/07/12 16:29:38 ET
Table 'Sahade' 6-max Seat #4 is the button
Seat 2: krytalex ($100.22 in chips)
Seat 4: B_loJkl ($160.50 in chips)
B_loJkl: posts small blind $1
krytalex: posts big blind $3
*** HOLE CARDS ***
B_loJkl: raises $3 to $6
krytalex: calls $3
*** FLOP *** [Kc Jc Th]
krytalex: checks
B_loJkl: checks
*** TURN *** [Kc Jc Th] [8d]
krytalex: checks
B_loJkl: checks
*** RIVER *** [Kc Jc Th 8d] [7h]
krytalex: checks
B_loJkl: bets $6
krytalex: calls $6
*** SHOW DOWN ***
B_loJkl: shows [Td 4c] (a pair of Tens)
krytalex: mucks hand
B_loJkl collected $23.52 from pot
*** SUMMARY ***
Total pot $24 | Rake $0.48
Board [Kc Jc Th 8d 7h]
Seat 2: krytalex (big blind) mucked
Seat 4: B_loJkl (button) (small blind) showed [Td 4c] and won ($23.52) with a pair of Tens


PokerStars Hand #172951024835:  Hold'em Limit ($3/$6 USD) - 2017/07/12 16:44:13 ET
Table 'Sahade' 6-max Seat #2 is the button
Seat 2: krytalex ($88.22 in chips)
Seat 4: artecris ($173.64 in chips)
krytalex: posts small blind $1
artecris: posts big blind $3
*** HOLE CARDS ***
B_loJkl joins the table at seat #5
krytalex: folds
Uncalled bet ($2) returned to artecris
artecris collected $2 from pot
artecris: doesn't show hand
*** SUMMARY ***
Total pot $2 | Rake $0
Seat 2: krytalex (button) (small blind) folded before Flop
Seat 4: artecris (big blind) collected ($2)


PokerStars Hand #172952452858:  Hold'em Limit ($3/$6 USD) - 2017/07/12 17:14:46 ET
Table 'Sahade' 6-max Seat #4 is the button
Seat 2: krytalex ($150.38 in chips)
Seat 4: Donald ($88.32 in chips)
Donald: posts small blind $1
B_loJkl was removed from the table for failing to post
Isenvaden: is sitting out
krytalex: posts big blind $3
*** HOLE CARDS ***
Donald: folds
Uncalled bet ($2) returned to krytalex
krytalex collected $2 from pot
*** SUMMARY ***
Total pot $2 | Rake $0
Seat 2: krytalex (big blind) collected ($2)
Seat 4: Donald (button) (small blind) folded before Flop


