PokerStars Hand #172679301327:  Hold'em Limit ($3/$6 USD) - 2017/07/06 11:56:52 ET
Table 'Sahade II' 6-max Seat #3 is the button
Seat 1: Anchig ($123 in chips)
Seat 3: bekooi ($72 in chips)
bekooi: posts small blind $1
Anchig: posts big blind $3
*** HOLE CARDS ***
bekooi: folds
Uncalled bet ($2) returned to Anchig
Anchig collected $2 from pot
Anchig: doesn't show hand
*** SUMMARY ***
Total pot $2 | Rake $0
Seat 1: Anchig (big blind) collected ($2)
Seat 3: bekooi (button) (small blind) folded before Flop


PokerStars Hand #172679295661:  Hold'em Limit ($3/$6 USD) - 2017/07/06 11:56:41 ET
Table 'Sahade II' 6-max Seat #1 is the button
Seat 1: Anchig ($120 in chips)
Seat 3: bekooi ($75 in chips)
Anchig: posts small blind $1
bekooi: posts big blind $3
*** HOLE CARDS ***
Anchig: raises $3 to $6
bekooi: folds
Uncalled bet ($3) returned to Anchig
Anchig collected $6 from pot
Anchig: doesn't show hand
*** SUMMARY ***
Total pot $6 | Rake $0
Seat 1: Anchig (button) (small blind) collected ($6)
Seat 3: bekooi (big blind) folded before Flop


PokerStars Hand #172679303820:  Hold'em Limit ($3/$6 USD) - 2017/07/06 11:56:57 ET
Table 'Sahade II' 6-max Seat #1 is the button
Seat 1: Anchig ($124 in chips)
Seat 3: bekooi ($71 in chips)
Anchig: posts small blind $1
bekooi: posts big blind $3
*** HOLE CARDS ***
Anchig: raises $3 to $6
bekooi: calls $3
*** FLOP *** [Ah As 9d]
bekooi: checks
Anchig: bets $3
bekooi: raises $3 to $6
Anchig: calls $3
*** TURN *** [Ah As 9d] [8c]
bekooi: bets $6
Anchig: calls $6
*** RIVER *** [Ah As 9d 8c] [Ts]
bekooi: bets $6
Anchig: folds
Uncalled bet ($6) returned to bekooi
bekooi collected $35.50 from pot
bekooi: doesn't show hand
*** SUMMARY ***
Total pot $36 | Rake $0.50
Board [Ah As 9d 8c Ts]
Seat 1: Anchig (button) (small blind) folded on the River
Seat 3: bekooi (big blind) collected ($35.50)


PokerStars Hand #172679317569:  Hold'em Limit ($3/$6 USD) - 2017/07/06 11:57:23 ET
Table 'Sahade II' 6-max Seat #3 is the button
Seat 1: Anchig ($106 in chips)
Seat 3: bekooi ($88.50 in chips)
bekooi: posts small blind $1
Anchig: posts big blind $3
*** HOLE CARDS ***
bekooi: raises $3 to $6
Anchig: raises $3 to $9
bekooi: calls $3
*** FLOP *** [9h 2c 6s]
Anchig: bets $3
bekooi: calls $3
*** TURN *** [9h 2c 6s] [9d]
Anchig: bets $6
bekooi: calls $6
*** RIVER *** [9h 2c 6s 9d] [8h]
Anchig: checks
Whatze Phuck joins the table at seat #4
bekooi: bets $6
Anchig: folds
Uncalled bet ($6) returned to bekooi
bekooi collected $35.50 from pot
bekooi: doesn't show hand
*** SUMMARY ***
Total pot $36 | Rake $0.50
Board [9h 2c 6s 9d 8h]
Seat 1: Anchig (big blind) folded on the River
Seat 3: bekooi (button) (small blind) collected ($35.50)


PokerStars Hand #172679326290:  Hold'em Limit ($3/$6 USD) - 2017/07/06 11:57:39 ET
Table 'Sahade II' 6-max Seat #1 is the button
Seat 1: Anchig ($88 in chips)
Seat 3: bekooi ($106 in chips)
Anchig: posts small blind $1
bekooi: posts big blind $3
*** HOLE CARDS ***
Anchig: raises $3 to $6
bekooi: calls $3
*** FLOP *** [8s 9s 6h]
bekooi: checks
Anchig: bets $3
bekooi: calls $3
*** TURN *** [8s 9s 6h] [As]
bekooi: checks
Anchig: bets $6
bekooi: calls $6
*** RIVER *** [8s 9s 6h As] [Jc]
bekooi: checks
Anchig: bets $6
bekooi: calls $6
*** SHOW DOWN ***
Anchig: shows [Ah Js] (two pair, Aces and Jacks)
bekooi: mucks hand
Anchig collected $41.50 from pot
*** SUMMARY ***
Total pot $42 | Rake $0.50
Board [8s 9s 6h As Jc]
Seat 1: Anchig (button) (small blind) showed [Ah Js] and won ($41.50) with two pair, Aces and Jacks
Seat 3: bekooi (big blind) mucked


PokerStars Hand #172680664814:  Hold'em Limit ($3/$6 USD) - 2017/07/06 12:33:13 ET
Table 'Sahade II' 6-max Seat #4 is the button
Seat 3: Aragorn ll ($64.42 in chips)
Seat 4: Actionni13 ($159.07 in chips)
Actionni13: posts small blind $1
Aragorn ll: posts big blind $3
*** HOLE CARDS ***
Actionni13: raises $3 to $6
Aragorn ll: raises $3 to $9
Actionni13: folds
Uncalled bet ($3) returned to Aragorn ll
Aragorn ll collected $12 from pot
Aragorn ll: doesn't show hand
*** SUMMARY ***
Total pot $12 | Rake $0
Seat 3: Aragorn ll (big blind) collected ($12)
Seat 4: Actionni13 (button) (small blind) folded before Flop


PokerStars Hand #172680693506:  Hold'em Limit ($3/$6 USD) - 2017/07/06 12:33:57 ET
Table 'Sahade II' 6-max Seat #4 is the button
Seat 3: Aragorn ll ($84.92 in chips)
Seat 4: Actionni13 ($150 in chips)
Actionni13: posts small blind $1
Aragorn ll: posts big blind $3
*** HOLE CARDS ***
Actionni13: folds
Uncalled bet ($2) returned to Aragorn ll
Aragorn ll collected $2 from pot
Aragorn ll: doesn't show hand
*** SUMMARY ***
Total pot $2 | Rake $0
Seat 3: Aragorn ll (big blind) collected ($2)
Seat 4: Actionni13 (button) (small blind) folded before Flop


PokerStars Hand #172680679511:  Hold'em Limit ($3/$6 USD) - 2017/07/06 12:33:35 ET
Table 'Sahade II' 6-max Seat #3 is the button
Seat 3: Aragorn ll ($70.42 in chips)
Seat 4: Actionni13 ($153.07 in chips)
Aragorn ll: posts small blind $1
Actionni13: posts big blind $3
*** HOLE CARDS ***
Aragorn ll: raises $3 to $6
Actionni13: calls $3
*** FLOP *** [3h 5d Qd]
Actionni13: checks
Aragorn ll: bets $3
Actionni13: calls $3
*** TURN *** [3h 5d Qd] [Ah]
Actionni13: checks
Aragorn ll: checks
*** RIVER *** [3h 5d Qd Ah] [4d]
Actionni13: checks
Aragorn ll: bets $6
Actionni13: calls $6
*** SHOW DOWN ***
Aragorn ll: shows [8d 6d] (a flush, Queen high)
Actionni13: mucks hand
Aragorn ll collected $29.50 from pot
*** SUMMARY ***
Total pot $30 | Rake $0.50
Board [3h 5d Qd Ah 4d]
Seat 3: Aragorn ll (button) (small blind) showed [8d 6d] and won ($29.50) with a flush, Queen high
Seat 4: Actionni13 (big blind) mucked


PokerStars Hand #172680713828:  Hold'em Limit ($3/$6 USD) - 2017/07/06 12:34:29 ET
Table 'Sahade II' 6-max Seat #3 is the button
Seat 3: Aragorn ll ($68.92 in chips)
Seat 4: Actionni13 ($166.50 in chips)
Aragorn ll: posts small blind $1
Actionni13: posts big blind $3
*** HOLE CARDS ***
Aragorn ll: folds
Uncalled bet ($2) returned to Actionni13
Actionni13 collected $2 from pot
Actionni13: doesn't show hand
*** SUMMARY ***
Total pot $2 | Rake $0
Seat 3: Aragorn ll (button) (small blind) folded before Flop
Seat 4: Actionni13 (big blind) collected ($2)


PokerStars Hand #172680710077:  Hold'em Limit ($3/$6 USD) - 2017/07/06 12:34:23 ET
Table 'Sahade II' 6-max Seat #4 is the button
Seat 3: Aragorn ll ($67.92 in chips)
Seat 4: Actionni13 ($167.50 in chips)
Actionni13: posts small blind $1
Aragorn ll: posts big blind $3
*** HOLE CARDS ***
Actionni13: folds
Uncalled bet ($2) returned to Aragorn ll
Aragorn ll collected $2 from pot
Aragorn ll: doesn't show hand
*** SUMMARY ***
Total pot $2 | Rake $0
Seat 3: Aragorn ll (big blind) collected ($2)
Seat 4: Actionni13 (button) (small blind) folded before Flop


PokerStars Hand #172680717152:  Hold'em Limit ($3/$6 USD) - 2017/07/06 12:34:34 ET
Table 'Sahade II' 6-max Seat #4 is the button
Seat 3: Aragorn ll ($67.92 in chips)
Seat 4: Actionni13 ($167.50 in chips)
Actionni13: posts small blind $1
Aragorn ll: posts big blind $3
*** HOLE CARDS ***
Actionni13: raises $3 to $6
Aragorn ll: calls $3
*** FLOP *** [9s Ad 6h]
Aragorn ll: bets $3
Actionni13: calls $3
*** TURN *** [9s Ad 6h] [8s]
Aragorn ll: bets $6
Actionni13: folds
Uncalled bet ($6) returned to Aragorn ll
Aragorn ll collected $17.64 from pot
Aragorn ll: doesn't show hand
*** SUMMARY ***
Total pot $18 | Rake $0.36
Board [9s Ad 6h 8s]
Seat 3: Aragorn ll (big blind) collected ($17.64)
Seat 4: Actionni13 (button) (small blind) folded on the Turn


PokerStars Hand #172680696303:  Hold'em Limit ($3/$6 USD) - 2017/07/06 12:34:01 ET
Table 'Sahade II' 6-max Seat #3 is the button
Seat 3: Aragorn ll ($85.92 in chips)
Seat 4: Actionni13 ($150 in chips)
Aragorn ll: posts small blind $1
Actionni13: posts big blind $3
*** HOLE CARDS ***
Aragorn ll: raises $3 to $6
Actionni13: raises $3 to $9
Aragorn ll: calls $3
*** FLOP *** [Td 4s 9h]
Actionni13: bets $3
Aragorn ll: calls $3
*** TURN *** [Td 4s 9h] [7c]
Actionni13: checks
Aragorn ll: checks
*** RIVER *** [Td 4s 9h 7c] [Tc]
Actionni13: bets $6
Aragorn ll: calls $6
*** SHOW DOWN ***
Actionni13: shows [9d Ah] (two pair, Tens and Nines)
Aragorn ll: mucks hand
Actionni13 collected $35.50 from pot
*** SUMMARY ***
Total pot $36 | Rake $0.50
Board [Td 4s 9h 7c Tc]
Seat 3: Aragorn ll (button) (small blind) mucked
Seat 4: Actionni13 (big blind) showed [9d Ah] and won ($35.50) with two pair, Tens and Nines


PokerStars Hand #172680746072:  Hold'em Limit ($3/$6 USD) - 2017/07/06 12:35:18 ET
Table 'Sahade II' 6-max Seat #4 is the button
Seat 3: Aragorn ll ($49.56 in chips)
Seat 4: Actionni13 ($185 in chips)
Actionni13: posts small blind $1
Aragorn ll: posts big blind $3
*** HOLE CARDS ***
Actionni13: folds
Uncalled bet ($2) returned to Aragorn ll
Aragorn ll collected $2 from pot
Aragorn ll: doesn't show hand
*** SUMMARY ***
Total pot $2 | Rake $0
Seat 3: Aragorn ll (big blind) collected ($2)
Seat 4: Actionni13 (button) (small blind) folded before Flop


PokerStars Hand #172680729424:  Hold'em Limit ($3/$6 USD) - 2017/07/06 12:34:53 ET
Table 'Sahade II' 6-max Seat #3 is the button
Seat 3: Aragorn ll ($76.56 in chips)
Seat 4: Actionni13 ($158.50 in chips)
Aragorn ll: posts small blind $1
Actionni13: posts big blind $3
*** HOLE CARDS ***
Aragorn ll: raises $3 to $6
Actionni13: raises $3 to $9
Aragorn ll: calls $3
*** FLOP *** [7d Qs 8c]
Actionni13: bets $3
Aragorn ll: raises $3 to $6
Actionni13: calls $3
*** TURN *** [7d Qs 8c] [4d]
Actionni13: checks
Aragorn ll: bets $6
Actionni13: calls $6
*** RIVER *** [7d Qs 8c 4d] [6h]
Actionni13: checks
Aragorn ll: bets $6
Actionni13: calls $6
*** SHOW DOWN ***
Aragorn ll: shows [8h Kh] (a pair of Eights)
Actionni13: shows [Tc Qc] (a pair of Queens)
Actionni13 collected $53.50 from pot
*** SUMMARY ***
Total pot $54 | Rake $0.50
Board [7d Qs 8c 4d 6h]
Seat 3: Aragorn ll (button) (small blind) showed [8h Kh] and lost with a pair of Eights
Seat 4: Actionni13 (big blind) showed [Tc Qc] and won ($53.50) with a pair of Queens


PokerStars Hand #172680748671:  Hold'em Limit ($3/$6 USD) - 2017/07/06 12:35:22 ET
Table 'Sahade II' 6-max Seat #3 is the button
Seat 3: Aragorn ll ($50.56 in chips)
Seat 4: Actionni13 ($184 in chips)
Aragorn ll: posts small blind $1
Actionni13: posts big blind $3
*** HOLE CARDS ***
Aragorn ll: folds
Uncalled bet ($2) returned to Actionni13
Actionni13 collected $2 from pot
Actionni13: doesn't show hand
*** SUMMARY ***
Total pot $2 | Rake $0
Seat 3: Aragorn ll (button) (small blind) folded before Flop
Seat 4: Actionni13 (big blind) collected ($2)


PokerStars Hand #172680751757:  Hold'em Limit ($3/$6 USD) - 2017/07/06 12:35:27 ET
Table 'Sahade II' 6-max Seat #4 is the button
Seat 3: Aragorn ll ($49.56 in chips)
Seat 4: Actionni13 ($185 in chips)
Actionni13: posts small blind $1
Aragorn ll: posts big blind $3
*** HOLE CARDS ***
Actionni13: raises $3 to $6
Aragorn ll: calls $3
*** FLOP *** [9s 3s 2h]
Aragorn ll: checks
Actionni13: checks
*** TURN *** [9s 3s 2h] [Qc]
Aragorn ll: checks
Actionni13: checks
*** RIVER *** [9s 3s 2h Qc] [7h]
Aragorn ll: checks
Actionni13: checks
*** SHOW DOWN ***
Aragorn ll: shows [Tc 5h] (high card Queen)
Actionni13: shows [6s Th] (high card Queen - Ten+Nine+Seven+Six kicker)
Actionni13 collected $11.76 from pot
*** SUMMARY ***
Total pot $12 | Rake $0.24
Board [9s 3s 2h Qc 7h]
Seat 3: Aragorn ll (big blind) showed [Tc 5h] and lost with high card Queen
Seat 4: Actionni13 (button) (small blind) showed [6s Th] and won ($11.76) with high card Queen


PokerStars Hand #172680764139:  Hold'em Limit ($3/$6 USD) - 2017/07/06 12:35:46 ET
Table 'Sahade II' 6-max Seat #3 is the button
Seat 3: Aragorn ll ($43.56 in chips)
Seat 4: Actionni13 ($190.76 in chips)
Aragorn ll: posts small blind $1
Actionni13: posts big blind $3
*** HOLE CARDS ***
Aragorn ll: raises $3 to $6
Actionni13: calls $3
*** FLOP *** [Qh 4h 2c]
Actionni13: checks
Aragorn ll: checks
*** TURN *** [Qh 4h 2c] [Jc]
Actionni13: checks
Aragorn ll: checks
*** RIVER *** [Qh 4h 2c Jc] [Ks]
Actionni13: checks
Aragorn ll: checks
*** SHOW DOWN ***
Actionni13: shows [Td 5d] (high card King)
Aragorn ll: shows [9s Ad] (high card Ace)
Aragorn ll collected $11.76 from pot
*** SUMMARY ***
Total pot $12 | Rake $0.24
Board [Qh 4h 2c Jc Ks]
Seat 3: Aragorn ll (button) (small blind) showed [9s Ad] and won ($11.76) with high card Ace
Seat 4: Actionni13 (big blind) showed [Td 5d] and lost with high card King


PokerStars Hand #172680785823:  Hold'em Limit ($3/$6 USD) - 2017/07/06 12:36:20 ET
Table 'Sahade II' 6-max Seat #3 is the button
Seat 3: Aragorn ll ($50.32 in chips)
Seat 4: Actionni13 ($183.76 in chips)
Aragorn ll: posts small blind $1
Actionni13: posts big blind $3
*** HOLE CARDS ***
Aragorn ll: raises $3 to $6
Actionni13: folds
Uncalled bet ($3) returned to Aragorn ll
Aragorn ll collected $6 from pot
Aragorn ll: doesn't show hand
*** SUMMARY ***
Total pot $6 | Rake $0
Seat 3: Aragorn ll (button) (small blind) collected ($6)
Seat 4: Actionni13 (big blind) folded before Flop


PokerStars Hand #172680782302:  Hold'em Limit ($3/$6 USD) - 2017/07/06 12:36:14 ET
Table 'Sahade II' 6-max Seat #4 is the button
Seat 3: Aragorn ll ($49.32 in chips)
Seat 4: Actionni13 ($184.76 in chips)
Actionni13: posts small blind $1
Aragorn ll: posts big blind $3
*** HOLE CARDS ***
Actionni13: folds
Uncalled bet ($2) returned to Aragorn ll
Aragorn ll collected $2 from pot
Aragorn ll: doesn't show hand
*** SUMMARY ***
Total pot $2 | Rake $0
Seat 3: Aragorn ll (big blind) collected ($2)
Seat 4: Actionni13 (button) (small blind) folded before Flop


PokerStars Hand #172680809459:  Hold'em Limit ($3/$6 USD) - 2017/07/06 12:36:56 ET
Table 'Sahade II' 6-max Seat #3 is the button
Seat 3: Aragorn ll ($40.32 in chips)
Seat 4: Actionni13 ($193.26 in chips)
Aragorn ll: posts small blind $1
Actionni13: posts big blind $3
*** HOLE CARDS ***
Aragorn ll: folds
Uncalled bet ($2) returned to Actionni13
Actionni13 collected $2 from pot
Actionni13: doesn't show hand
*** SUMMARY ***
Total pot $2 | Rake $0
Seat 3: Aragorn ll (button) (small blind) folded before Flop
Seat 4: Actionni13 (big blind) collected ($2)


PokerStars Hand #172680789683:  Hold'em Limit ($3/$6 USD) - 2017/07/06 12:36:26 ET
Table 'Sahade II' 6-max Seat #4 is the button
Seat 3: Aragorn ll ($53.32 in chips)
Seat 4: Actionni13 ($180.76 in chips)
Actionni13: posts small blind $1
Aragorn ll: posts big blind $3
*** HOLE CARDS ***
Actionni13: folds
Uncalled bet ($2) returned to Aragorn ll
Aragorn ll collected $2 from pot
Aragorn ll: doesn't show hand
*** SUMMARY ***
Total pot $2 | Rake $0
Seat 3: Aragorn ll (big blind) collected ($2)
Seat 4: Actionni13 (button) (small blind) folded before Flop


PokerStars Hand #172680806198:  Hold'em Limit ($3/$6 USD) - 2017/07/06 12:36:51 ET
Table 'Sahade II' 6-max Seat #4 is the button
Seat 3: Aragorn ll ($39.32 in chips)
Seat 4: Actionni13 ($194.26 in chips)
Actionni13: posts small blind $1
Aragorn ll: posts big blind $3
*** HOLE CARDS ***
Actionni13: folds
Uncalled bet ($2) returned to Aragorn ll
Aragorn ll collected $2 from pot
Aragorn ll: doesn't show hand
*** SUMMARY ***
Total pot $2 | Rake $0
Seat 3: Aragorn ll (big blind) collected ($2)
Seat 4: Actionni13 (button) (small blind) folded before Flop


PokerStars Hand #172680792447:  Hold'em Limit ($3/$6 USD) - 2017/07/06 12:36:30 ET
Table 'Sahade II' 6-max Seat #3 is the button
Seat 3: Aragorn ll ($54.32 in chips)
Seat 4: Actionni13 ($179.76 in chips)
Aragorn ll: posts small blind $1
Actionni13: posts big blind $3
*** HOLE CARDS ***
Aragorn ll: raises $3 to $6
Actionni13: calls $3
*** FLOP *** [2h 7s 9c]
Actionni13: checks
Aragorn ll: bets $3
Actionni13: calls $3
*** TURN *** [2h 7s 9c] [Kc]
Actionni13: checks
Aragorn ll: checks
*** RIVER *** [2h 7s 9c Kc] [Kd]
Actionni13: bets $6
Aragorn ll: calls $6
*** SHOW DOWN ***
Actionni13: shows [7c Kh] (a full house, Kings full of Sevens)
Aragorn ll: mucks hand
Actionni13 collected $29.50 from pot
*** SUMMARY ***
Total pot $30 | Rake $0.50
Board [2h 7s 9c Kc Kd]
Seat 3: Aragorn ll (button) (small blind) mucked
Seat 4: Actionni13 (big blind) showed [7c Kh] and won ($29.50) with a full house, Kings full of Sevens


PokerStars Hand #172680825108:  Hold'em Limit ($3/$6 USD) - 2017/07/06 12:37:20 ET
Table 'Sahade II' 6-max Seat #3 is the button
Seat 3: Aragorn ll ($50.84 in chips)
Seat 4: Actionni13 ($182.26 in chips)
Aragorn ll: posts small blind $1
Actionni13: posts big blind $3
*** HOLE CARDS ***
Aragorn ll: calls $2
Actionni13: checks
*** FLOP *** [2c 3c Jc]
Actionni13: checks
Aragorn ll: checks
*** TURN *** [2c 3c Jc] [7h]
Actionni13: checks
Aragorn ll: checks
*** RIVER *** [2c 3c Jc 7h] [5h]
Actionni13: checks
Aragorn ll: bets $6
Actionni13: raises $6 to $12
Aragorn ll: calls $6
*** SHOW DOWN ***
Actionni13: shows [5d 3s] (two pair, Fives and Threes)
Aragorn ll: mucks hand
Actionni13 collected $29.50 from pot
*** SUMMARY ***
Total pot $30 | Rake $0.50
Board [2c 3c Jc 7h 5h]
Seat 3: Aragorn ll (button) (small blind) mucked
Seat 4: Actionni13 (big blind) showed [5d 3s] and won ($29.50) with two pair, Fives and Threes


PokerStars Hand #172680838569:  Hold'em Limit ($3/$6 USD) - 2017/07/06 12:37:40 ET
Table 'Sahade II' 6-max Seat #4 is the button
Seat 3: Aragorn ll ($35.84 in chips)
Seat 4: Actionni13 ($196.76 in chips)
Actionni13: posts small blind $1
Aragorn ll: posts big blind $3
*** HOLE CARDS ***
Actionni13: raises $3 to $6
Aragorn ll: calls $3
*** FLOP *** [6s Ac 3c]
Aragorn ll: bets $3
Actionni13: calls $3
*** TURN *** [6s Ac 3c] [Kd]
Aragorn ll: bets $6
Actionni13: folds
Uncalled bet ($6) returned to Aragorn ll
Aragorn ll collected $17.64 from pot
Aragorn ll: doesn't show hand
*** SUMMARY ***
Total pot $18 | Rake $0.36
Board [6s Ac 3c Kd]
Seat 3: Aragorn ll (big blind) collected ($17.64)
Seat 4: Actionni13 (button) (small blind) folded on the Turn


PokerStars Hand #172680848314:  Hold'em Limit ($3/$6 USD) - 2017/07/06 12:37:55 ET
Table 'Sahade II' 6-max Seat #3 is the button
Seat 3: Aragorn ll ($44.48 in chips)
Seat 4: Actionni13 ($187.76 in chips)
Aragorn ll: posts small blind $1
Actionni13: posts big blind $3
*** HOLE CARDS ***
Aragorn ll: calls $2
Actionni13: checks
*** FLOP *** [4c 4d 2s]
Actionni13: checks
Aragorn ll: checks
*** TURN *** [4c 4d 2s] [7d]
Actionni13: checks
Aragorn ll: checks
*** RIVER *** [4c 4d 2s 7d] [5d]
Actionni13: checks
Aragorn ll: checks
*** SHOW DOWN ***
Actionni13: shows [Qs 3s] (a pair of Fours)
Aragorn ll: mucks hand
Actionni13 collected $5.88 from pot
*** SUMMARY ***
Total pot $6 | Rake $0.12
Board [4c 4d 2s 7d 5d]
Seat 3: Aragorn ll (button) (small blind) mucked
Seat 4: Actionni13 (big blind) showed [Qs 3s] and won ($5.88) with a pair of Fours


PokerStars Hand #172680813253:  Hold'em Limit ($3/$6 USD) - 2017/07/06 12:37:02 ET
Table 'Sahade II' 6-max Seat #4 is the button
Seat 3: Aragorn ll ($39.32 in chips)
Seat 4: Actionni13 ($194.26 in chips)
Actionni13: posts small blind $1
Aragorn ll: posts big blind $3
*** HOLE CARDS ***
Actionni13: raises $3 to $6
Aragorn ll: raises $3 to $9
Actionni13: calls $3
*** FLOP *** [4h 8s 2d]
Aragorn ll: bets $3
Actionni13: calls $3
*** TURN *** [4h 8s 2d] [3s]
Aragorn ll: bets $6
Actionni13: folds
Uncalled bet ($6) returned to Aragorn ll
Aragorn ll collected $23.52 from pot
Aragorn ll: doesn't show hand
*** SUMMARY ***
Total pot $24 | Rake $0.48
Board [4h 8s 2d 3s]
Seat 3: Aragorn ll (big blind) collected ($23.52)
Seat 4: Actionni13 (button) (small blind) folded on the Turn


PokerStars Hand #172680858853:  Hold'em Limit ($3/$6 USD) - 2017/07/06 12:38:11 ET
Table 'Sahade II' 6-max Seat #4 is the button
Seat 3: Aragorn ll ($41.48 in chips)
Seat 4: Actionni13 ($190.64 in chips)
Actionni13: posts small blind $1
Aragorn ll: posts big blind $3
*** HOLE CARDS ***
Actionni13: raises $3 to $6
Aragorn ll: calls $3
*** FLOP *** [Ah 7h 9c]
Aragorn ll: checks
Actionni13: bets $3
Aragorn ll: calls $3
*** TURN *** [Ah 7h 9c] [8d]
Aragorn ll: checks
Actionni13: checks
*** RIVER *** [Ah 7h 9c 8d] [5s]
Aragorn ll: bets $6
Actionni13: folds
Uncalled bet ($6) returned to Aragorn ll
Aragorn ll collected $17.64 from pot
Aragorn ll: doesn't show hand
*** SUMMARY ***
Total pot $18 | Rake $0.36
Board [Ah 7h 9c 8d 5s]
Seat 3: Aragorn ll (big blind) collected ($17.64)
Seat 4: Actionni13 (button) (small blind) folded on the River


PokerStars Hand #172680873191:  Hold'em Limit ($3/$6 USD) - 2017/07/06 12:38:33 ET
Table 'Sahade II' 6-max Seat #3 is the button
Seat 3: Aragorn ll ($50.12 in chips)
Seat 4: Actionni13 ($181.64 in chips)
Aragorn ll: posts small blind $1
Actionni13: posts big blind $3
*** HOLE CARDS ***
Aragorn ll: raises $3 to $6
Actionni13: calls $3
*** FLOP *** [5c As Ts]
Actionni13: checks
Aragorn ll: checks
*** TURN *** [5c As Ts] [9c]
Actionni13: checks
Aragorn ll: checks
*** RIVER *** [5c As Ts 9c] [Kc]
Actionni13: bets $6
Aragorn ll: folds
Uncalled bet ($6) returned to Actionni13
Actionni13 collected $11.76 from pot
Actionni13: doesn't show hand
*** SUMMARY ***
Total pot $12 | Rake $0.24
Board [5c As Ts 9c Kc]
Seat 3: Aragorn ll (button) (small blind) folded on the River
Seat 4: Actionni13 (big blind) collected ($11.76)


PokerStars Hand #172680922031:  Hold'em Limit ($3/$6 USD) - 2017/07/06 12:39:48 ET
Table 'Sahade II' 6-max Seat #4 is the button
Seat 3: Aragorn ll ($49.64 in chips)
Seat 4: Actionni13 ($181.16 in chips)
Actionni13: posts small blind $1
Aragorn ll: posts big blind $3
*** HOLE CARDS ***
Actionni13: raises $3 to $6
Aragorn ll: calls $3
*** FLOP *** [3h 5s 9d]
Aragorn ll: bets $3
Actionni13: calls $3
*** TURN *** [3h 5s 9d] [Kh]
Aragorn ll: bets $6
Actionni13: folds
Uncalled bet ($6) returned to Aragorn ll
Aragorn ll collected $17.64 from pot
Aragorn ll: doesn't show hand
*** SUMMARY ***
Total pot $18 | Rake $0.36
Board [3h 5s 9d Kh]
Seat 3: Aragorn ll (big blind) collected ($17.64)
Seat 4: Actionni13 (button) (small blind) folded on the Turn


PokerStars Hand #172680897854:  Hold'em Limit ($3/$6 USD) - 2017/07/06 12:39:11 ET
Table 'Sahade II' 6-max Seat #4 is the button
Seat 3: Aragorn ll ($44.12 in chips)
Seat 4: Actionni13 ($187.40 in chips)
Actionni13: posts small blind $1
Aragorn ll: posts big blind $3
*** HOLE CARDS ***
Actionni13: raises $3 to $6
Aragorn ll: calls $3
*** FLOP *** [9d 5c 3h]
Aragorn ll: checks
Actionni13: checks
*** TURN *** [9d 5c 3h] [5s]
Aragorn ll: checks
Actionni13: checks
*** RIVER *** [9d 5c 3h 5s] [As]
Aragorn ll: checks
Actionni13: bets $6
Aragorn ll: calls $6
*** SHOW DOWN ***
Actionni13: shows [8d 7c] (a pair of Fives)
Aragorn ll: shows [8s Qs] (a pair of Fives - Ace+Queen kicker)
Aragorn ll collected $23.52 from pot
*** SUMMARY ***
Total pot $24 | Rake $0.48
Board [9d 5c 3h 5s As]
Seat 3: Aragorn ll (big blind) showed [8s Qs] and won ($23.52) with a pair of Fives
Seat 4: Actionni13 (button) (small blind) showed [8d 7c] and lost with a pair of Fives


PokerStars Hand #172680913250:  Hold'em Limit ($3/$6 USD) - 2017/07/06 12:39:34 ET
Table 'Sahade II' 6-max Seat #3 is the button
Seat 3: Aragorn ll ($55.64 in chips)
Seat 4: Actionni13 ($175.40 in chips)
Aragorn ll: posts small blind $1
Actionni13: posts big blind $3
*** HOLE CARDS ***
Aragorn ll: raises $3 to $6
Actionni13: calls $3
*** FLOP *** [8s 9d Kd]
Actionni13: checks
Aragorn ll: checks
*** TURN *** [8s 9d Kd] [Jh]
Actionni13: bets $6
Aragorn ll: folds
Uncalled bet ($6) returned to Actionni13
Actionni13 collected $11.76 from pot
Actionni13: doesn't show hand
*** SUMMARY ***
Total pot $12 | Rake $0.24
Board [8s 9d Kd Jh]
Seat 3: Aragorn ll (button) (small blind) folded on the Turn
Seat 4: Actionni13 (big blind) collected ($11.76)


PokerStars Hand #172680966829:  Hold'em Limit ($3/$6 USD) - 2017/07/06 12:40:56 ET
Table 'Sahade II' 6-max Seat #4 is the button
Seat 3: Aragorn ll ($62.04 in chips)
Seat 4: Actionni13 ($168.04 in chips)
Actionni13: posts small blind $1
Aragorn ll: posts big blind $3
*** HOLE CARDS ***
Actionni13: folds
Uncalled bet ($2) returned to Aragorn ll
Aragorn ll collected $2 from pot
Aragorn ll: doesn't show hand
*** SUMMARY ***
Total pot $2 | Rake $0
Seat 3: Aragorn ll (big blind) collected ($2)
Seat 4: Actionni13 (button) (small blind) folded before Flop


PokerStars Hand #172680945393:  Hold'em Limit ($3/$6 USD) - 2017/07/06 12:40:23 ET
Table 'Sahade II' 6-max Seat #4 is the button
Seat 3: Aragorn ll ($55.28 in chips)
Seat 4: Actionni13 ($175.04 in chips)
Actionni13: posts small blind $1
Aragorn ll: posts big blind $3
*** HOLE CARDS ***
Actionni13: folds
Uncalled bet ($2) returned to Aragorn ll
Aragorn ll collected $2 from pot
Aragorn ll: doesn't show hand
*** SUMMARY ***
Total pot $2 | Rake $0
Seat 3: Aragorn ll (big blind) collected ($2)
Seat 4: Actionni13 (button) (small blind) folded before Flop


PokerStars Hand #172680948109:  Hold'em Limit ($3/$6 USD) - 2017/07/06 12:40:27 ET
Table 'Sahade II' 6-max Seat #3 is the button
Seat 3: Aragorn ll ($56.28 in chips)
Seat 4: Actionni13 ($174.04 in chips)
Aragorn ll: posts small blind $1
Actionni13: posts big blind $3
*** HOLE CARDS ***
Aragorn ll: raises $3 to $6
Actionni13: calls $3
*** FLOP *** [5h 4s Qc]
Actionni13: checks
Aragorn ll: checks
*** TURN *** [5h 4s Qc] [6s]
Actionni13: checks
Aragorn ll: checks
*** RIVER *** [5h 4s Qc 6s] [4c]
Actionni13: checks
Aragorn ll: bets $6
Actionni13: folds
Uncalled bet ($6) returned to Aragorn ll
Aragorn ll collected $11.76 from pot
Aragorn ll: doesn't show hand
*** SUMMARY ***
Total pot $12 | Rake $0.24
Board [5h 4s Qc 6s 4c]
Seat 3: Aragorn ll (button) (small blind) collected ($11.76)
Seat 4: Actionni13 (big blind) folded on the River


PokerStars Hand #172680936141:  Hold'em Limit ($3/$6 USD) - 2017/07/06 12:40:09 ET
Table 'Sahade II' 6-max Seat #3 is the button
Seat 3: Aragorn ll ($58.28 in chips)
Seat 4: Actionni13 ($172.16 in chips)
Aragorn ll: posts small blind $1
Actionni13: posts big blind $3
*** HOLE CARDS ***
Aragorn ll: calls $2
Actionni13: checks
*** FLOP *** [Ks 6s 6d]
Actionni13: bets $3
Aragorn ll: folds
Uncalled bet ($3) returned to Actionni13
Actionni13 collected $5.88 from pot
Actionni13: doesn't show hand
*** SUMMARY ***
Total pot $6 | Rake $0.12
Board [Ks 6s 6d]
Seat 3: Aragorn ll (button) (small blind) folded on the Flop
Seat 4: Actionni13 (big blind) collected ($5.88)


PokerStars Hand #172680985999:  Hold'em Limit ($3/$6 USD) - 2017/07/06 12:41:25 ET
Table 'Sahade II' 6-max Seat #3 is the button
Seat 3: Aragorn ll ($34.04 in chips)
Seat 4: Actionni13 ($195.54 in chips)
Aragorn ll: posts small blind $1
Actionni13: posts big blind $3
*** HOLE CARDS ***
Aragorn ll: raises $3 to $6
Actionni13: folds
Uncalled bet ($3) returned to Aragorn ll
Aragorn ll collected $6 from pot
Aragorn ll: doesn't show hand
*** SUMMARY ***
Total pot $6 | Rake $0
Seat 3: Aragorn ll (button) (small blind) collected ($6)
Seat 4: Actionni13 (big blind) folded before Flop


PokerStars Hand #172680982910:  Hold'em Limit ($3/$6 USD) - 2017/07/06 12:41:21 ET
Table 'Sahade II' 6-max Seat #4 is the button
Seat 3: Aragorn ll ($33.04 in chips)
Seat 4: Actionni13 ($196.54 in chips)
Actionni13: posts small blind $1
Aragorn ll: posts big blind $3
*** HOLE CARDS ***
Actionni13: folds
Uncalled bet ($2) returned to Aragorn ll
Aragorn ll collected $2 from pot
Aragorn ll: doesn't show hand
*** SUMMARY ***
Total pot $2 | Rake $0
Seat 3: Aragorn ll (big blind) collected ($2)
Seat 4: Actionni13 (button) (small blind) folded before Flop


PokerStars Hand #172680969834:  Hold'em Limit ($3/$6 USD) - 2017/07/06 12:41:01 ET
Table 'Sahade II' 6-max Seat #3 is the button
Seat 3: Aragorn ll ($63.04 in chips)
Seat 4: Actionni13 ($167.04 in chips)
Aragorn ll: posts small blind $1
Actionni13: posts big blind $3
*** HOLE CARDS ***
Aragorn ll: raises $3 to $6
Actionni13: raises $3 to $9
Aragorn ll: calls $3
*** FLOP *** [Td 2c Tc]
Actionni13: bets $3
Aragorn ll: calls $3
*** TURN *** [Td 2c Tc] [7s]
Actionni13: bets $6
Aragorn ll: calls $6
*** RIVER *** [Td 2c Tc 7s] [9d]
Actionni13: bets $6
Aragorn ll: raises $6 to $12
Actionni13: calls $6
*** SHOW DOWN ***
Aragorn ll: shows [Kh 9h] (two pair, Tens and Nines)
Actionni13: shows [Qs Qc] (two pair, Queens and Tens)
Actionni13 collected $59.50 from pot
*** SUMMARY ***
Total pot $60 | Rake $0.50
Board [Td 2c Tc 7s 9d]
Seat 3: Aragorn ll (button) (small blind) showed [Kh 9h] and lost with two pair, Tens and Nines
Seat 4: Actionni13 (big blind) showed [Qs Qc] and won ($59.50) with two pair, Queens and Tens


PokerStars Hand #172680989396:  Hold'em Limit ($3/$6 USD) - 2017/07/06 12:41:31 ET
Table 'Sahade II' 6-max Seat #4 is the button
Seat 3: Aragorn ll ($37.04 in chips)
Seat 4: Actionni13 ($192.54 in chips)
Actionni13: posts small blind $1
Aragorn ll: posts big blind $3
*** HOLE CARDS ***
Actionni13: raises $3 to $6
Aragorn ll: raises $3 to $9
Actionni13: calls $3
*** FLOP *** [3d Qs Js]
Aragorn ll: bets $3
Actionni13: calls $3
*** TURN *** [3d Qs Js] [Ah]
Aragorn ll: bets $6
Actionni13: calls $6
*** RIVER *** [3d Qs Js Ah] [3h]
Aragorn ll: bets $6
Actionni13: calls $6
*** SHOW DOWN ***
Aragorn ll: shows [Td 8d] (a pair of Threes)
Actionni13: shows [Qd 4s] (two pair, Queens and Threes)
Actionni13 collected $47.50 from pot
*** SUMMARY ***
Total pot $48 | Rake $0.50
Board [3d Qs Js Ah 3h]
Seat 3: Aragorn ll (big blind) showed [Td 8d] and lost with a pair of Threes
Seat 4: Actionni13 (button) (small blind) showed [Qd 4s] and won ($47.50) with two pair, Queens and Threes


PokerStars Hand #172681034342:  Hold'em Limit ($3/$6 USD) - 2017/07/06 12:42:39 ET
Table 'Sahade II' 6-max Seat #3 is the button
Seat 3: Aragorn ll ($119.80 in chips)
Seat 4: Actionni13 ($227.58 in chips)
Aragorn ll: posts small blind $1
Actionni13: posts big blind $3
*** HOLE CARDS ***
Aragorn ll: folds
Uncalled bet ($2) returned to Actionni13
Actionni13 collected $2 from pot
Actionni13: doesn't show hand
*** SUMMARY ***
Total pot $2 | Rake $0
Seat 3: Aragorn ll (button) (small blind) folded before Flop
Seat 4: Actionni13 (big blind) collected ($2)


PokerStars Hand #172681031233:  Hold'em Limit ($3/$6 USD) - 2017/07/06 12:42:35 ET
Table 'Sahade II' 6-max Seat #4 is the button
Seat 3: Aragorn ll ($118.80 in chips)
Seat 4: Actionni13 ($228.58 in chips)
Actionni13: posts small blind $1
Aragorn ll: posts big blind $3
*** HOLE CARDS ***
Actionni13: folds
Uncalled bet ($2) returned to Aragorn ll
Aragorn ll collected $2 from pot
Aragorn ll: doesn't show hand
*** SUMMARY ***
Total pot $2 | Rake $0
Seat 3: Aragorn ll (big blind) collected ($2)
Seat 4: Actionni13 (button) (small blind) folded before Flop


PokerStars Hand #172681037295:  Hold'em Limit ($3/$6 USD) - 2017/07/06 12:42:44 ET
Table 'Sahade II' 6-max Seat #4 is the button
Seat 3: Aragorn ll ($118.80 in chips)
Seat 4: Actionni13 ($228.58 in chips)
Actionni13: posts small blind $1
Aragorn ll: posts big blind $3
*** HOLE CARDS ***
Actionni13: raises $3 to $6
Aragorn ll: raises $3 to $9
Actionni13: calls $3
*** FLOP *** [Kd 4c Ac]
Aragorn ll: bets $3
Actionni13: calls $3
*** TURN *** [Kd 4c Ac] [8s]
Aragorn ll: bets $6
Actionni13: calls $6
*** RIVER *** [Kd 4c Ac 8s] [Jc]
Aragorn ll: bets $6
Actionni13: calls $6
*** SHOW DOWN ***
Aragorn ll: shows [Jd Qd] (a pair of Jacks)
Actionni13: shows [Ad 2h] (a pair of Aces)
Actionni13 collected $47.50 from pot
*** SUMMARY ***
Total pot $48 | Rake $0.50
Board [Kd 4c Ac 8s Jc]
Seat 3: Aragorn ll (big blind) showed [Jd Qd] and lost with a pair of Jacks
Seat 4: Actionni13 (button) (small blind) showed [Ad 2h] and won ($47.50) with a pair of Aces


PokerStars Hand #172681007155:  Hold'em Limit ($3/$6 USD) - 2017/07/06 12:41:58 ET
Table 'Sahade II' 6-max Seat #3 is the button
Seat 3: Aragorn ll ($13.04 in chips)
Seat 4: Actionni13 ($216.04 in chips)
Aragorn ll: posts small blind $1
Actionni13: posts big blind $3
*** HOLE CARDS ***
Aragorn ll: raises $3 to $6
Actionni13: calls $3
*** FLOP *** [Qc 7c 6h]
Actionni13: checks
Aragorn ll: bets $3
Actionni13: calls $3
*** TURN *** [Qc 7c 6h] [4s]
Actionni13: checks
Aragorn ll: bets $4.04 and is all-in
Actionni13: calls $4.04
*** RIVER *** [Qc 7c 6h 4s] [Kh]
*** SHOW DOWN ***
Actionni13: shows [Kc 5s] (a pair of Kings)
Aragorn ll: shows [6s 9h] (a pair of Sixes)
Actionni13 collected $25.58 from pot
*** SUMMARY ***
Total pot $26.08 | Rake $0.50
Board [Qc 7c 6h 4s Kh]
Seat 3: Aragorn ll (button) (small blind) showed [6s 9h] and lost with a pair of Sixes
Seat 4: Actionni13 (big blind) showed [Kc 5s] and won ($25.58) with a pair of Kings


PokerStars Hand #172681092436:  Hold'em Limit ($3/$6 USD) - 2017/07/06 12:44:07 ET
Table 'Sahade II' 6-max Seat #3 is the button
Seat 3: Aragorn ll ($85.44 in chips)
Seat 4: Actionni13 ($260.58 in chips)
Aragorn ll: posts small blind $1
Actionni13: posts big blind $3
*** HOLE CARDS ***
Aragorn ll: raises $3 to $6
Actionni13: folds
Uncalled bet ($3) returned to Aragorn ll
Aragorn ll collected $6 from pot
Aragorn ll: doesn't show hand
*** SUMMARY ***
Total pot $6 | Rake $0
Seat 3: Aragorn ll (button) (small blind) collected ($6)
Seat 4: Actionni13 (big blind) folded before Flop


PokerStars Hand #172681073177:  Hold'em Limit ($3/$6 USD) - 2017/07/06 12:43:38 ET
Table 'Sahade II' 6-max Seat #4 is the button
Seat 3: Aragorn ll ($103.44 in chips)
Seat 4: Actionni13 ($243.08 in chips)
Actionni13: posts small blind $1
Aragorn ll: posts big blind $3
*** HOLE CARDS ***
Actionni13: raises $3 to $6
Aragorn ll: calls $3
*** FLOP *** [Td Jc 3d]
Aragorn ll: checks
Actionni13: bets $3
Aragorn ll: raises $3 to $6
happyyak joins the table at seat #5
Actionni13: calls $3
*** TURN *** [Td Jc 3d] [Tc]
Aragorn ll: bets $6
Actionni13: raises $6 to $12
Aragorn ll: folds
Uncalled bet ($6) returned to Actionni13
Actionni13 collected $35.50 from pot
Actionni13: doesn't show hand
*** SUMMARY ***
Total pot $36 | Rake $0.50
Board [Td Jc 3d Tc]
Seat 3: Aragorn ll (big blind) folded on the Turn
Seat 4: Actionni13 (button) (small blind) collected ($35.50)


PokerStars Hand #172681058203:  Hold'em Limit ($3/$6 USD) - 2017/07/06 12:43:15 ET
Table 'Sahade II' 6-max Seat #3 is the button
Seat 3: Aragorn ll ($94.80 in chips)
Seat 4: Actionni13 ($252.08 in chips)
Aragorn ll: posts small blind $1
Actionni13: posts big blind $3
*** HOLE CARDS ***
Aragorn ll: raises $3 to $6
Actionni13: calls $3
*** FLOP *** [7d Tc 3d]
Actionni13: bets $3
Aragorn ll: calls $3
*** TURN *** [7d Tc 3d] [Ah]
Actionni13: checks
Aragorn ll: checks
*** RIVER *** [7d Tc 3d Ah] [2s]
Actionni13: checks
Aragorn ll: bets $6
Actionni13: folds
Uncalled bet ($6) returned to Aragorn ll
Aragorn ll collected $17.64 from pot
Aragorn ll: doesn't show hand
*** SUMMARY ***
Total pot $18 | Rake $0.36
Board [7d Tc 3d Ah 2s]
Seat 3: Aragorn ll (button) (small blind) collected ($17.64)
Seat 4: Actionni13 (big blind) folded on the River


PokerStars Hand #172681808284:  Hold'em Limit ($3/$6 USD) - 2017/07/06 13:02:55 ET
Table 'Sahade II' 6-max Seat #4 is the button
Seat 1: krossguard ($172.57 in chips)
Seat 4: Actionni13 ($177.09 in chips)
Actionni13: posts small blind $1
happyyak: is sitting out
krossguard: posts big blind $3
*** HOLE CARDS ***
happyyak leaves the table
Actionni13: folds
Uncalled bet ($2) returned to krossguard
krossguard collected $2 from pot
krossguard: doesn't show hand
*** SUMMARY ***
Total pot $2 | Rake $0
Seat 1: krossguard (big blind) collected ($2)
Seat 4: Actionni13 (button) (small blind) folded before Flop


