PokerStars Hand #162511995046:  Hold'em Limit ($3/$6 USD) - 2016/12/06 12:43:13 ET
Table 'Sahlia' 10-max Seat #3 is the button
Seat 3: marcelo v121 ($127.28 in chips)
Seat 8: Great_Kang ($120 in chips)
marcelo v121: posts small blind $1
Great_Kang: posts big blind $3
*** HOLE CARDS ***
marcelo v121: raises $3 to $6
Great_Kang: calls $3
*** FLOP *** [9c 8d 5c]
Great_Kang: checks
marcelo v121: checks
*** TURN *** [9c 8d 5c] [Kh]
Great_Kang: checks
marcelo v121: bets $6
Great_Kang: calls $6
*** RIVER *** [9c 8d 5c Kh] [Jd]
Great_Kang: checks
marcelo v121: checks
*** SHOW DOWN ***
Great_Kang: shows [Ah Qc] (high card Ace)
marcelo v121: shows [4d 4s] (a pair of Fours)
marcelo v121 collected $23.52 from pot
*** SUMMARY ***
Total pot $24 | Rake $0.48
Board [9c 8d 5c Kh Jd]
Seat 3: marcelo v121 (button) (small blind) showed [4d 4s] and won ($23.52) with a pair of Fours
Seat 8: Great_Kang (big blind) showed [Ah Qc] and lost with high card Ace


PokerStars Hand #162512087796:  Hold'em Limit ($3/$6 USD) - 2016/12/06 12:44:58 ET
Table 'Sahlia' 10-max Seat #3 is the button
Seat 3: marcelo v121 ($132.30 in chips)
Seat 8: Great_Kang ($143.50 in chips)
marcelo v121: posts small blind $1
Great_Kang: posts big blind $3
*** HOLE CARDS ***
marcelo v121: folds
Uncalled bet ($2) returned to Great_Kang
Great_Kang collected $2 from pot
Great_Kang: doesn't show hand
*** SUMMARY ***
Total pot $2 | Rake $0
Seat 3: marcelo v121 (button) (small blind) folded before Flop
Seat 8: Great_Kang (big blind) collected ($2)


PokerStars Hand #162512071244:  Hold'em Limit ($3/$6 USD) - 2016/12/06 12:44:39 ET
Table 'Sahlia' 10-max Seat #8 is the button
Seat 3: marcelo v121 ($135.30 in chips)
Seat 8: Great_Kang ($140.50 in chips)
Great_Kang: posts small blind $1
marcelo v121: posts big blind $3
*** HOLE CARDS ***
Great_Kang: raises $3 to $6
marcelo v121: folds
Uncalled bet ($3) returned to Great_Kang
Great_Kang collected $6 from pot
*** SUMMARY ***
Total pot $6 | Rake $0
Seat 3: marcelo v121 (big blind) folded before Flop
Seat 8: Great_Kang (button) (small blind) collected ($6)


PokerStars Hand #162512049005:  Hold'em Limit ($3/$6 USD) - 2016/12/06 12:44:14 ET
Table 'Sahlia' 10-max Seat #3 is the button
Seat 3: marcelo v121 ($156.30 in chips)
Seat 8: Great_Kang ($120 in chips)
marcelo v121: posts small blind $1
Great_Kang: posts big blind $3
*** HOLE CARDS ***
marcelo v121: raises $3 to $6
Great_Kang: calls $3
*** FLOP *** [Ks 3h Kc]
Great_Kang: checks
marcelo v121: bets $3
Great_Kang: calls $3
*** TURN *** [Ks 3h Kc] [Jh]
Great_Kang: bets $6
marcelo v121: calls $6
*** RIVER *** [Ks 3h Kc Jh] [Tc]
Great_Kang: bets $6
marcelo v121: calls $6
*** SHOW DOWN ***
Great_Kang: shows [8d Js] (two pair, Kings and Jacks)
marcelo v121: mucks hand
Great_Kang collected $41.50 from pot
*** SUMMARY ***
Total pot $42 | Rake $0.50
Board [Ks 3h Kc Jh Tc]
Seat 3: marcelo v121 (button) (small blind) mucked
Seat 8: Great_Kang (big blind) showed [8d Js] and won ($41.50) with two pair, Kings and Jacks


PokerStars Hand #162512042666:  Hold'em Limit ($3/$6 USD) - 2016/12/06 12:44:07 ET
Table 'Sahlia' 10-max Seat #8 is the button
Seat 3: marcelo v121 ($155.30 in chips)
Seat 8: Great_Kang ($121 in chips)
Great_Kang: posts small blind $1
marcelo v121: posts big blind $3
*** HOLE CARDS ***
Great_Kang: folds
Uncalled bet ($2) returned to marcelo v121
marcelo v121 collected $2 from pot
*** SUMMARY ***
Total pot $2 | Rake $0
Seat 3: marcelo v121 (big blind) collected ($2)
Seat 8: Great_Kang (button) (small blind) folded before Flop


PokerStars Hand #162511782822:  Hold'em Limit ($3/$6 USD) - 2016/12/06 12:39:13 ET
Table 'Sahlia' 10-max Seat #3 is the button
Seat 3: marcelo v121 ($90 in chips)
Seat 8: Great_Kang ($128.53 in chips)
marcelo v121: posts small blind $1
Ale4o: is sitting out
vestimokrec: is sitting out
Great_Kang: posts big blind $3
*** HOLE CARDS ***
marcelo v121: folds
Uncalled bet ($2) returned to Great_Kang
Great_Kang collected $2 from pot
Great_Kang: doesn't show hand
*** SUMMARY ***
Total pot $2 | Rake $0
Seat 3: marcelo v121 (button) (small blind) folded before Flop
Seat 8: Great_Kang (big blind) collected ($2)


PokerStars Hand #162511788880:  Hold'em Limit ($3/$6 USD) - 2016/12/06 12:39:20 ET
Table 'Sahlia' 10-max Seat #8 is the button
Seat 3: marcelo v121 ($89 in chips)
Seat 8: Great_Kang ($129.53 in chips)
Great_Kang: posts small blind $1
marcelo v121: posts big blind $3
*** HOLE CARDS ***
Great_Kang: raises $3 to $6
vestimokrec leaves the table
marcelo v121: calls $3
*** FLOP *** [5d 9d Ts]
marcelo v121: checks
Great_Kang: bets $3
Ale4o leaves the table
marcelo v121: raises $3 to $6
Great_Kang: calls $3
*** TURN *** [5d 9d Ts] [5h]
marcelo v121: bets $6
Great_Kang: calls $6
*** RIVER *** [5d 9d Ts 5h] [2c]
marcelo v121: bets $6
Great_Kang: calls $6
*** SHOW DOWN ***
marcelo v121: shows [Th Ad] (two pair, Tens and Fives)
Great_Kang: mucks hand
marcelo v121 collected $47.50 from pot
*** SUMMARY ***
Total pot $48 | Rake $0.50
Board [5d 9d Ts 5h 2c]
Seat 3: marcelo v121 (big blind) showed [Th Ad] and won ($47.50) with two pair, Tens and Fives
Seat 8: Great_Kang (button) (small blind) mucked


PokerStars Hand #162511876460:  Hold'em Limit ($3/$6 USD) - 2016/12/06 12:40:59 ET
Table 'Sahlia' 10-max Seat #3 is the button
Seat 3: marcelo v121 ($108.26 in chips)
Seat 8: Great_Kang ($129.76 in chips)
marcelo v121: posts small blind $1
Great_Kang: posts big blind $3
*** HOLE CARDS ***
marcelo v121: folds
Uncalled bet ($2) returned to Great_Kang
Great_Kang collected $2 from pot
Great_Kang: doesn't show hand
*** SUMMARY ***
Total pot $2 | Rake $0
Seat 3: marcelo v121 (button) (small blind) folded before Flop
Seat 8: Great_Kang (big blind) collected ($2)


PokerStars Hand #162511833526:  Hold'em Limit ($3/$6 USD) - 2016/12/06 12:40:10 ET
Table 'Sahlia' 10-max Seat #3 is the button
Seat 3: marcelo v121 ($112.50 in chips)
Seat 8: Great_Kang ($120 in chips)
marcelo v121: posts small blind $1
Great_Kang: posts big blind $3
*** HOLE CARDS ***
marcelo v121: raises $3 to $6
Great_Kang: calls $3
*** FLOP *** [Ah 6d 5c]
Great_Kang: checks
marcelo v121: bets $3
Great_Kang: folds
Uncalled bet ($3) returned to marcelo v121
marcelo v121 collected $11.76 from pot
*** SUMMARY ***
Total pot $12 | Rake $0.24
Board [Ah 6d 5c]
Seat 3: marcelo v121 (button) (small blind) collected ($11.76)
Seat 8: Great_Kang (big blind) folded on the Flop


PokerStars Hand #162511852134:  Hold'em Limit ($3/$6 USD) - 2016/12/06 12:40:31 ET
Table 'Sahlia' 10-max Seat #8 is the button
Seat 3: marcelo v121 ($118.26 in chips)
Seat 8: Great_Kang ($120 in chips)
Great_Kang: posts small blind $1
marcelo v121: posts big blind $3
*** HOLE CARDS ***
Great_Kang: raises $3 to $6
marcelo v121: folds
Uncalled bet ($3) returned to Great_Kang
Great_Kang collected $6 from pot
Great_Kang: doesn't show hand
*** SUMMARY ***
Total pot $6 | Rake $0
Seat 3: marcelo v121 (big blind) folded before Flop
Seat 8: Great_Kang (button) (small blind) collected ($6)


PokerStars Hand #162511863179:  Hold'em Limit ($3/$6 USD) - 2016/12/06 12:40:44 ET
Table 'Sahlia' 10-max Seat #8 is the button
Seat 3: marcelo v121 ($114.26 in chips)
Seat 8: Great_Kang ($124 in chips)
Great_Kang: posts small blind $1
marcelo v121: posts big blind $3
*** HOLE CARDS ***
Great_Kang: raises $3 to $6
marcelo v121: calls $3
*** FLOP *** [Tc Kh 8d]
marcelo v121: checks
Great_Kang: bets $3
marcelo v121: folds
Uncalled bet ($3) returned to Great_Kang
Great_Kang collected $11.76 from pot
Great_Kang: doesn't show hand
*** SUMMARY ***
Total pot $12 | Rake $0.24
Board [Tc Kh 8d]
Seat 3: marcelo v121 (big blind) folded on the Flop
Seat 8: Great_Kang (button) (small blind) collected ($11.76)


PokerStars Hand #162511880772:  Hold'em Limit ($3/$6 USD) - 2016/12/06 12:41:04 ET
Table 'Sahlia' 10-max Seat #8 is the button
Seat 3: marcelo v121 ($107.26 in chips)
Seat 8: Great_Kang ($130.76 in chips)
Great_Kang: posts small blind $1
marcelo v121: posts big blind $3
*** HOLE CARDS ***
Great_Kang: folds
Uncalled bet ($2) returned to marcelo v121
marcelo v121 collected $2 from pot
*** SUMMARY ***
Total pot $2 | Rake $0
Seat 3: marcelo v121 (big blind) collected ($2)
Seat 8: Great_Kang (button) (small blind) folded before Flop


PokerStars Hand #162511858075:  Hold'em Limit ($3/$6 USD) - 2016/12/06 12:40:38 ET
Table 'Sahlia' 10-max Seat #3 is the button
Seat 3: marcelo v121 ($115.26 in chips)
Seat 8: Great_Kang ($123 in chips)
marcelo v121: posts small blind $1
Great_Kang: posts big blind $3
*** HOLE CARDS ***
marcelo v121: folds
Uncalled bet ($2) returned to Great_Kang
Great_Kang collected $2 from pot
Great_Kang: doesn't show hand
*** SUMMARY ***
Total pot $2 | Rake $0
Seat 3: marcelo v121 (button) (small blind) folded before Flop
Seat 8: Great_Kang (big blind) collected ($2)


PokerStars Hand #162511896610:  Hold'em Limit ($3/$6 USD) - 2016/12/06 12:41:22 ET
Table 'Sahlia' 10-max Seat #3 is the button
Seat 3: marcelo v121 ($104.26 in chips)
Seat 8: Great_Kang ($133.76 in chips)
marcelo v121: posts small blind $1
Great_Kang: posts big blind $3
*** HOLE CARDS ***
marcelo v121: raises $3 to $6
Great_Kang: raises $3 to $9
marcelo v121: calls $3
*** FLOP *** [5d 8c 5c]
Great_Kang: bets $3
marcelo v121: folds
Uncalled bet ($3) returned to Great_Kang
Great_Kang collected $17.64 from pot
Great_Kang: doesn't show hand
*** SUMMARY ***
Total pot $18 | Rake $0.36
Board [5d 8c 5c]
Seat 3: marcelo v121 (button) (small blind) folded on the Flop
Seat 8: Great_Kang (big blind) collected ($17.64)


PokerStars Hand #162511886333:  Hold'em Limit ($3/$6 USD) - 2016/12/06 12:41:10 ET
Table 'Sahlia' 10-max Seat #3 is the button
Seat 3: marcelo v121 ($108.26 in chips)
Seat 8: Great_Kang ($129.76 in chips)
marcelo v121: posts small blind $1
Great_Kang: posts big blind $3
*** HOLE CARDS ***
marcelo v121: folds
Uncalled bet ($2) returned to Great_Kang
Great_Kang collected $2 from pot
Great_Kang: doesn't show hand
*** SUMMARY ***
Total pot $2 | Rake $0
Seat 3: marcelo v121 (button) (small blind) folded before Flop
Seat 8: Great_Kang (big blind) collected ($2)


PokerStars Hand #162511891603:  Hold'em Limit ($3/$6 USD) - 2016/12/06 12:41:16 ET
Table 'Sahlia' 10-max Seat #8 is the button
Seat 3: marcelo v121 ($107.26 in chips)
Seat 8: Great_Kang ($130.76 in chips)
Great_Kang: posts small blind $1
marcelo v121: posts big blind $3
*** HOLE CARDS ***
Great_Kang: raises $3 to $6
marcelo v121: folds
Uncalled bet ($3) returned to Great_Kang
Great_Kang collected $6 from pot
Great_Kang: doesn't show hand
*** SUMMARY ***
Total pot $6 | Rake $0
Seat 3: marcelo v121 (big blind) folded before Flop
Seat 8: Great_Kang (button) (small blind) collected ($6)


PokerStars Hand #162511949787:  Hold'em Limit ($3/$6 USD) - 2016/12/06 12:42:22 ET
Table 'Sahlia' 10-max Seat #8 is the button
Seat 3: marcelo v121 ($109.78 in chips)
Seat 8: Great_Kang ($127.40 in chips)
Great_Kang: posts small blind $1
marcelo v121: posts big blind $3
*** HOLE CARDS ***
Great_Kang: folds
Uncalled bet ($2) returned to marcelo v121
marcelo v121 collected $2 from pot
*** SUMMARY ***
Total pot $2 | Rake $0
Seat 3: marcelo v121 (big blind) collected ($2)
Seat 8: Great_Kang (button) (small blind) folded before Flop


PokerStars Hand #162511958065:  Hold'em Limit ($3/$6 USD) - 2016/12/06 12:42:31 ET
Table 'Sahlia' 10-max Seat #3 is the button
Seat 3: marcelo v121 ($110.78 in chips)
Seat 8: Great_Kang ($126.40 in chips)
marcelo v121: posts small blind $1
Great_Kang: posts big blind $3
*** HOLE CARDS ***
marcelo v121: folds
Uncalled bet ($2) returned to Great_Kang
Great_Kang collected $2 from pot
Great_Kang: doesn't show hand
*** SUMMARY ***
Total pot $2 | Rake $0
Seat 3: marcelo v121 (button) (small blind) folded before Flop
Seat 8: Great_Kang (big blind) collected ($2)


PokerStars Hand #162511943008:  Hold'em Limit ($3/$6 USD) - 2016/12/06 12:42:14 ET
Table 'Sahlia' 10-max Seat #3 is the button
Seat 3: marcelo v121 ($106.78 in chips)
Seat 8: Great_Kang ($130.40 in chips)
marcelo v121: posts small blind $1
Great_Kang: posts big blind $3
*** HOLE CARDS ***
marcelo v121: raises $3 to $6
Great_Kang: folds
Uncalled bet ($3) returned to marcelo v121
marcelo v121 collected $6 from pot
*** SUMMARY ***
Total pot $6 | Rake $0
Seat 3: marcelo v121 (button) (small blind) collected ($6)
Seat 8: Great_Kang (big blind) folded before Flop


PokerStars Hand #162511917162:  Hold'em Limit ($3/$6 USD) - 2016/12/06 12:41:45 ET
Table 'Sahlia' 10-max Seat #8 is the button
Seat 3: marcelo v121 ($95.26 in chips)
Seat 8: Great_Kang ($142.40 in chips)
Great_Kang: posts small blind $1
marcelo v121: posts big blind $3
*** HOLE CARDS ***
Great_Kang: raises $3 to $6
marcelo v121: raises $3 to $9
Great_Kang: calls $3
*** FLOP *** [3s 5h 2c]
marcelo v121: bets $3
Great_Kang: calls $3
*** TURN *** [3s 5h 2c] [4s]
marcelo v121: bets $6
Great_Kang: folds
Uncalled bet ($6) returned to marcelo v121
marcelo v121 collected $23.52 from pot
*** SUMMARY ***
Total pot $24 | Rake $0.48
Board [3s 5h 2c 4s]
Seat 3: marcelo v121 (big blind) collected ($23.52)
Seat 8: Great_Kang (button) (small blind) folded on the Turn


PokerStars Hand #162512037867:  Hold'em Limit ($3/$6 USD) - 2016/12/06 12:44:01 ET
Table 'Sahlia' 10-max Seat #3 is the button
Seat 3: marcelo v121 ($156.30 in chips)
Seat 8: Great_Kang ($120 in chips)
marcelo v121: posts small blind $1
Great_Kang: posts big blind $3
*** HOLE CARDS ***
marcelo v121: folds
Uncalled bet ($2) returned to Great_Kang
Great_Kang collected $2 from pot
Great_Kang: doesn't show hand
*** SUMMARY ***
Total pot $2 | Rake $0
Seat 3: marcelo v121 (button) (small blind) folded before Flop
Seat 8: Great_Kang (big blind) collected ($2)


PokerStars Hand #162512012166:  Hold'em Limit ($3/$6 USD) - 2016/12/06 12:43:32 ET
Table 'Sahlia' 10-max Seat #8 is the button
Seat 3: marcelo v121 ($138.80 in chips)
Seat 8: Great_Kang ($120 in chips)
Great_Kang: posts small blind $1
marcelo v121: posts big blind $3
*** HOLE CARDS ***
Great_Kang: raises $3 to $6
marcelo v121: raises $3 to $9
Great_Kang: calls $3
*** FLOP *** [7c Ts 3h]
marcelo v121: checks
Great_Kang: bets $3
marcelo v121: calls $3
*** TURN *** [7c Ts 3h] [Th]
marcelo v121: checks
Great_Kang: checks
*** RIVER *** [7c Ts 3h Th] [5d]
marcelo v121: checks
Great_Kang: bets $6
marcelo v121: calls $6
*** SHOW DOWN ***
Great_Kang: shows [6s 9h] (a pair of Tens)
marcelo v121: shows [6c Ac] (a pair of Tens - Ace kicker)
marcelo v121 collected $35.50 from pot
*** SUMMARY ***
Total pot $36 | Rake $0.50
Board [7c Ts 3h Th 5d]
Seat 3: marcelo v121 (big blind) showed [6c Ac] and won ($35.50) with a pair of Tens
Seat 8: Great_Kang (button) (small blind) showed [6s 9h] and lost with a pair of Tens


PokerStars Hand #162511963744:  Hold'em Limit ($3/$6 USD) - 2016/12/06 12:42:38 ET
Table 'Sahlia' 10-max Seat #8 is the button
Seat 3: marcelo v121 ($109.78 in chips)
Seat 8: Great_Kang ($127.40 in chips)
Great_Kang: posts small blind $1
marcelo v121: posts big blind $3
*** HOLE CARDS ***
Great_Kang: raises $3 to $6
marcelo v121: raises $3 to $9
Great_Kang: calls $3
*** FLOP *** [Jh 8d 6c]
marcelo v121: bets $3
Great_Kang: calls $3
*** TURN *** [Jh 8d 6c] [4c]
marcelo v121: bets $6
Great_Kang: calls $6
*** RIVER *** [Jh 8d 6c 4c] [3c]
marcelo v121: checks
Great_Kang: checks
*** SHOW DOWN ***
marcelo v121: shows [6s Ad] (a pair of Sixes)
Great_Kang: mucks hand
marcelo v121 collected $35.50 from pot
*** SUMMARY ***
Total pot $36 | Rake $0.50
Board [Jh 8d 6c 4c 3c]
Seat 3: marcelo v121 (big blind) showed [6s Ad] and won ($35.50) with a pair of Sixes
Seat 8: Great_Kang (button) (small blind) mucked


PokerStars Hand #162512845632:  Hold'em Limit ($3/$6 USD) - 2016/12/06 12:59:27 ET
Table 'Sahlia' 10-max Seat #3 is the button
Seat 3: marcelo v121 ($80.93 in chips)
Seat 8: Great_Kang ($191.27 in chips)
marcelo v121: posts small blind $1
Great_Kang: posts big blind $3
*** HOLE CARDS ***
marcelo v121: folds
Uncalled bet ($2) returned to Great_Kang
Great_Kang collected $2 from pot
Great_Kang: doesn't show hand
*** SUMMARY ***
Total pot $2 | Rake $0
Seat 3: marcelo v121 (button) (small blind) folded before Flop
Seat 8: Great_Kang (big blind) collected ($2)


PokerStars Hand #162512860931:  Hold'em Limit ($3/$6 USD) - 2016/12/06 12:59:47 ET
Table 'Sahlia' 10-max Seat #3 is the button
Seat 3: marcelo v121 ($76.93 in chips)
Seat 8: Great_Kang ($195.27 in chips)
marcelo v121: posts small blind $1
Great_Kang: posts big blind $3
*** HOLE CARDS ***
marcelo v121: folds
Uncalled bet ($2) returned to Great_Kang
Great_Kang collected $2 from pot
Great_Kang: doesn't show hand
*** SUMMARY ***
Total pot $2 | Rake $0
Seat 3: marcelo v121 (button) (small blind) folded before Flop
Seat 8: Great_Kang (big blind) collected ($2)


PokerStars Hand #162512850328:  Hold'em Limit ($3/$6 USD) - 2016/12/06 12:59:33 ET
Table 'Sahlia' 10-max Seat #8 is the button
Seat 3: marcelo v121 ($79.93 in chips)
Seat 8: Great_Kang ($192.27 in chips)
Great_Kang: posts small blind $1
marcelo v121: posts big blind $3
*** HOLE CARDS ***
Great_Kang: raises $3 to $6
marcelo v121: folds
Uncalled bet ($3) returned to Great_Kang
Great_Kang collected $6 from pot
Great_Kang: doesn't show hand
*** SUMMARY ***
Total pot $6 | Rake $0
Seat 3: marcelo v121 (big blind) folded before Flop
Seat 8: Great_Kang (button) (small blind) collected ($6)


PokerStars Hand #162512840726:  Hold'em Limit ($3/$6 USD) - 2016/12/06 12:59:20 ET
Table 'Sahlia' 10-max Seat #8 is the button
Seat 3: marcelo v121 ($79.93 in chips)
Seat 8: Great_Kang ($192.27 in chips)
Great_Kang: posts small blind $1
marcelo v121: posts big blind $3
*** HOLE CARDS ***
Great_Kang: folds
Uncalled bet ($2) returned to marcelo v121
marcelo v121 collected $2 from pot
*** SUMMARY ***
Total pot $2 | Rake $0
Seat 3: marcelo v121 (big blind) collected ($2)
Seat 8: Great_Kang (button) (small blind) folded before Flop


PokerStars Hand #162512802036:  Hold'em Limit ($3/$6 USD) - 2016/12/06 12:58:29 ET
Table 'Sahlia' 10-max Seat #3 is the button
Seat 3: marcelo v121 ($112.93 in chips)
Seat 8: Great_Kang ($159.77 in chips)
marcelo v121: posts small blind $1
Great_Kang: posts big blind $3
*** HOLE CARDS ***
marcelo v121: raises $3 to $6
Great_Kang: raises $3 to $9
marcelo v121: calls $3
*** FLOP *** [Td 5h 7c]
Great_Kang: bets $3
marcelo v121: raises $3 to $6
Great_Kang: calls $3
*** TURN *** [Td 5h 7c] [6c]
Great_Kang: checks
marcelo v121: bets $6
Great_Kang: raises $6 to $12
marcelo v121: calls $6
*** RIVER *** [Td 5h 7c 6c] [Js]
Great_Kang: bets $6
marcelo v121: calls $6
*** SHOW DOWN ***
Great_Kang: shows [5d 6d] (two pair, Sixes and Fives)
marcelo v121: mucks hand
Great_Kang collected $65.50 from pot
*** SUMMARY ***
Total pot $66 | Rake $0.50
Board [Td 5h 7c 6c Js]
Seat 3: marcelo v121 (button) (small blind) mucked
Seat 8: Great_Kang (big blind) showed [5d 6d] and won ($65.50) with two pair, Sixes and Fives


PokerStars Hand #162512894795:  Hold'em Limit ($3/$6 USD) - 2016/12/06 13:00:30 ET
Table 'Sahlia' 10-max Seat #3 is the button
Seat 3: marcelo v121 ($93.43 in chips)
Seat 8: Great_Kang ($178.27 in chips)
marcelo v121: posts small blind $1
Great_Kang: posts big blind $3
*** HOLE CARDS ***
marcelo v121: folds
Uncalled bet ($2) returned to Great_Kang
Great_Kang collected $2 from pot
Great_Kang: doesn't show hand
*** SUMMARY ***
Total pot $2 | Rake $0
Seat 3: marcelo v121 (button) (small blind) folded before Flop
Seat 8: Great_Kang (big blind) collected ($2)


PokerStars Hand #162512865155:  Hold'em Limit ($3/$6 USD) - 2016/12/06 12:59:52 ET
Table 'Sahlia' 10-max Seat #8 is the button
Seat 3: marcelo v121 ($75.93 in chips)
Seat 8: Great_Kang ($196.27 in chips)
Great_Kang: posts small blind $1
marcelo v121: posts big blind $3
*** HOLE CARDS ***
Great_Kang: raises $3 to $6
marcelo v121: calls $3
*** FLOP *** [8s Kd Th]
marcelo v121: checks
Great_Kang: checks
*** TURN *** [8s Kd Th] [7h]
marcelo v121: bets $6
Great_Kang: calls $6
*** RIVER *** [8s Kd Th 7h] [Ac]
marcelo v121: bets $6
Great_Kang: calls $6
*** SHOW DOWN ***
marcelo v121: shows [5h Kh] (a pair of Kings)
Great_Kang: mucks hand
marcelo v121 collected $35.50 from pot
*** SUMMARY ***
Total pot $36 | Rake $0.50
Board [8s Kd Th 7h Ac]
Seat 3: marcelo v121 (big blind) showed [5h Kh] and won ($35.50) with a pair of Kings
Seat 8: Great_Kang (button) (small blind) mucked


PokerStars Hand #162512947416:  Hold'em Limit ($3/$6 USD) - 2016/12/06 13:01:35 ET
Table 'Sahlia' 10-max Seat #8 is the button
Seat 3: marcelo v121 ($70.43 in chips)
Seat 8: Great_Kang ($200.77 in chips)
Great_Kang: posts small blind $1
marcelo v121: posts big blind $3
*** HOLE CARDS ***
Great_Kang: raises $3 to $6
marcelo v121: calls $3
*** FLOP *** [3d 4d 5d]
marcelo v121: checks
Great_Kang: bets $3
marcelo v121: calls $3
*** TURN *** [3d 4d 5d] [Ac]
marcelo v121: checks
Great_Kang: bets $6
marcelo v121: raises $6 to $12
Great_Kang: folds
Uncalled bet ($6) returned to marcelo v121
marcelo v121 collected $29.50 from pot
marcelo v121: doesn't show hand
*** SUMMARY ***
Total pot $30 | Rake $0.50
Board [3d 4d 5d Ac]
Seat 3: marcelo v121 (big blind) collected ($29.50)
Seat 8: Great_Kang (button) (small blind) folded on the Turn


PokerStars Hand #162512927548:  Hold'em Limit ($3/$6 USD) - 2016/12/06 13:01:11 ET
Table 'Sahlia' 10-max Seat #3 is the button
Seat 3: marcelo v121 ($71.43 in chips)
Seat 8: Great_Kang ($199.77 in chips)
marcelo v121: posts small blind $1
Great_Kang: posts big blind $3
*** HOLE CARDS ***
marcelo v121: folds
Uncalled bet ($2) returned to Great_Kang
Great_Kang collected $2 from pot
Great_Kang: doesn't show hand
*** SUMMARY ***
Total pot $2 | Rake $0
Seat 3: marcelo v121 (button) (small blind) folded before Flop
Seat 8: Great_Kang (big blind) collected ($2)


PokerStars Hand #162512898964:  Hold'em Limit ($3/$6 USD) - 2016/12/06 13:00:36 ET
Table 'Sahlia' 10-max Seat #8 is the button
Seat 3: marcelo v121 ($92.43 in chips)
Seat 8: Great_Kang ($179.27 in chips)
Great_Kang: posts small blind $1
marcelo v121: posts big blind $3
*** HOLE CARDS ***
Great_Kang: raises $3 to $6
marcelo v121: calls $3
*** FLOP *** [2c 8h 5s]
marcelo v121: bets $3
Great_Kang: calls $3
*** TURN *** [2c 8h 5s] [Qc]
marcelo v121: checks
Great_Kang: bets $6
marcelo v121: calls $6
*** RIVER *** [2c 8h 5s Qc] [6d]
marcelo v121: checks
Great_Kang: bets $6
marcelo v121: calls $6
*** SHOW DOWN ***
Great_Kang: shows [Qd Ah] (a pair of Queens)
marcelo v121: mucks hand
Great_Kang collected $41.50 from pot
*** SUMMARY ***
Total pot $42 | Rake $0.50
Board [2c 8h 5s Qc 6d]
Seat 3: marcelo v121 (big blind) mucked
Seat 8: Great_Kang (button) (small blind) showed [Qd Ah] and won ($41.50) with a pair of Queens


PokerStars Hand #162512934530:  Hold'em Limit ($3/$6 USD) - 2016/12/06 13:01:19 ET
Table 'Sahlia' 10-max Seat #8 is the button
Seat 3: marcelo v121 ($70.43 in chips)
Seat 8: Great_Kang ($200.77 in chips)
Great_Kang: posts small blind $1
marcelo v121: posts big blind $3
*** HOLE CARDS ***
Great_Kang: folds
Uncalled bet ($2) returned to marcelo v121
marcelo v121 collected $2 from pot
*** SUMMARY ***
Total pot $2 | Rake $0
Seat 3: marcelo v121 (big blind) collected ($2)
Seat 8: Great_Kang (button) (small blind) folded before Flop


PokerStars Hand #162512941976:  Hold'em Limit ($3/$6 USD) - 2016/12/06 13:01:28 ET
Table 'Sahlia' 10-max Seat #3 is the button
Seat 3: marcelo v121 ($71.43 in chips)
Seat 8: Great_Kang ($199.77 in chips)
marcelo v121: posts small blind $1
Great_Kang: posts big blind $3
*** HOLE CARDS ***
marcelo v121: folds
Uncalled bet ($2) returned to Great_Kang
Great_Kang collected $2 from pot
Great_Kang: doesn't show hand
*** SUMMARY ***
Total pot $2 | Rake $0
Seat 3: marcelo v121 (button) (small blind) folded before Flop
Seat 8: Great_Kang (big blind) collected ($2)


PokerStars Hand #162512975370:  Hold'em Limit ($3/$6 USD) - 2016/12/06 13:02:07 ET
Table 'Sahlia' 10-max Seat #3 is the button
Seat 3: marcelo v121 ($84.93 in chips)
Seat 8: Great_Kang ($185.77 in chips)
marcelo v121: posts small blind $1
Great_Kang: posts big blind $3
*** HOLE CARDS ***
marcelo v121: folds
Uncalled bet ($2) returned to Great_Kang
Great_Kang collected $2 from pot
Great_Kang: doesn't show hand
*** SUMMARY ***
Total pot $2 | Rake $0
Seat 3: marcelo v121 (button) (small blind) folded before Flop
Seat 8: Great_Kang (big blind) collected ($2)


PokerStars Hand #162512980164:  Hold'em Limit ($3/$6 USD) - 2016/12/06 13:02:13 ET
Table 'Sahlia' 10-max Seat #8 is the button
Seat 3: marcelo v121 ($83.93 in chips)
Seat 8: Great_Kang ($186.77 in chips)
Great_Kang: posts small blind $1
marcelo v121: posts big blind $3
*** HOLE CARDS ***
Great_Kang: raises $3 to $6
marcelo v121: folds
Uncalled bet ($3) returned to Great_Kang
Great_Kang collected $6 from pot
*** SUMMARY ***
Total pot $6 | Rake $0
Seat 3: marcelo v121 (big blind) folded before Flop
Seat 8: Great_Kang (button) (small blind) collected ($6)


PokerStars Hand #162512986286:  Hold'em Limit ($3/$6 USD) - 2016/12/06 13:02:20 ET
Table 'Sahlia' 10-max Seat #3 is the button
Seat 3: marcelo v121 ($80.93 in chips)
Seat 8: Great_Kang ($189.77 in chips)
marcelo v121: posts small blind $1
Great_Kang: posts big blind $3
*** HOLE CARDS ***
marcelo v121: folds
Uncalled bet ($2) returned to Great_Kang
Great_Kang collected $2 from pot
Great_Kang: doesn't show hand
*** SUMMARY ***
Total pot $2 | Rake $0
Seat 3: marcelo v121 (button) (small blind) folded before Flop
Seat 8: Great_Kang (big blind) collected ($2)


PokerStars Hand #162512991681:  Hold'em Limit ($3/$6 USD) - 2016/12/06 13:02:26 ET
Table 'Sahlia' 10-max Seat #8 is the button
Seat 3: marcelo v121 ($79.93 in chips)
Seat 8: Great_Kang ($190.77 in chips)
Great_Kang: posts small blind $1
marcelo v121: posts big blind $3
*** HOLE CARDS ***
Great_Kang: raises $3 to $6
marcelo v121: calls $3
*** FLOP *** [2c 5d 3c]
marcelo v121: checks
Great_Kang: bets $3
marcelo v121: raises $3 to $6
Great_Kang: calls $3
*** TURN *** [2c 5d 3c] [Ac]
marcelo v121: checks
Great_Kang: bets $6
marcelo v121: calls $6
*** RIVER *** [2c 5d 3c Ac] [Tc]
marcelo v121: checks
Great_Kang: checks
*** SHOW DOWN ***
marcelo v121: shows [3h 8h] (a pair of Threes)
Great_Kang: shows [Jd Ah] (a pair of Aces)
Great_Kang collected $35.50 from pot
*** SUMMARY ***
Total pot $36 | Rake $0.50
Board [2c 5d 3c Ac Tc]
Seat 3: marcelo v121 (big blind) showed [3h 8h] and lost with a pair of Threes
Seat 8: Great_Kang (button) (small blind) showed [Jd Ah] and won ($35.50) with a pair of Aces


PokerStars Hand #162513025428:  Hold'em Limit ($3/$6 USD) - 2016/12/06 13:03:02 ET
Table 'Sahlia' 10-max Seat #3 is the button
Seat 3: marcelo v121 ($61.93 in chips)
Seat 8: Great_Kang ($208.27 in chips)
marcelo v121: posts small blind $1
Great_Kang: posts big blind $3
*** HOLE CARDS ***
marcelo v121: calls $2
Great_Kang: raises $3 to $6
marcelo v121: calls $3
*** FLOP *** [7c 2h 5c]
Great_Kang: bets $3
marcelo v121: folds
Uncalled bet ($3) returned to Great_Kang
Great_Kang collected $11.76 from pot
Great_Kang: doesn't show hand
*** SUMMARY ***
Total pot $12 | Rake $0.24
Board [7c 2h 5c]
Seat 3: marcelo v121 (button) (small blind) folded on the Flop
Seat 8: Great_Kang (big blind) collected ($11.76)


PokerStars Hand #162513043349:  Hold'em Limit ($3/$6 USD) - 2016/12/06 13:03:21 ET
Table 'Sahlia' 10-max Seat #8 is the button
Seat 3: marcelo v121 ($55.93 in chips)
Seat 8: Great_Kang ($214.03 in chips)
Great_Kang: posts small blind $1
marcelo v121: posts big blind $3
*** HOLE CARDS ***
Great_Kang: raises $3 to $6
marcelo v121: raises $3 to $9
Great_Kang: calls $3
*** FLOP *** [6c 7c 6s]
marcelo v121: bets $3
Great_Kang: calls $3
*** TURN *** [6c 7c 6s] [5h]
marcelo v121: bets $6
Great_Kang: raises $6 to $12
marcelo v121: calls $6
*** RIVER *** [6c 7c 6s 5h] [7h]
marcelo v121: checks
Great_Kang: bets $6
marcelo v121: folds
Uncalled bet ($6) returned to Great_Kang
Great_Kang collected $47.50 from pot
Great_Kang: doesn't show hand
*** SUMMARY ***
Total pot $48 | Rake $0.50
Board [6c 7c 6s 5h 7h]
Seat 3: marcelo v121 (big blind) folded on the River
Seat 8: Great_Kang (button) (small blind) collected ($47.50)


PokerStars Hand #162513131471:  Hold'em Limit ($3/$6 USD) - 2016/12/06 13:04:54 ET
Table 'Sahlia' 10-max Seat #8 is the button
Seat 3: marcelo v121 ($100 in chips)
Seat 8: Great_Kang ($268.96 in chips)
Great_Kang: posts small blind $1
marcelo v121: posts big blind $3
*** HOLE CARDS ***
Great_Kang: raises $3 to $6
marcelo v121: folds
Uncalled bet ($3) returned to Great_Kang
Great_Kang collected $6 from pot
Great_Kang: doesn't show hand
*** SUMMARY ***
Total pot $6 | Rake $0
Seat 3: marcelo v121 (big blind) folded before Flop
Seat 8: Great_Kang (button) (small blind) collected ($6)


PokerStars Hand #162513064811:  Hold'em Limit ($3/$6 USD) - 2016/12/06 13:03:44 ET
Table 'Sahlia' 10-max Seat #3 is the button
Seat 3: marcelo v121 ($31.93 in chips)
Seat 8: Great_Kang ($237.53 in chips)
marcelo v121: posts small blind $1
Great_Kang: posts big blind $3
*** HOLE CARDS ***
marcelo v121: raises $3 to $6
Great_Kang: calls $3
*** FLOP *** [Tc 3c 6c]
Great_Kang: checks
marcelo v121: bets $3
Great_Kang: calls $3
*** TURN *** [Tc 3c 6c] [7s]
Great_Kang: checks
marcelo v121: bets $6
Great_Kang: raises $6 to $12
marcelo v121: raises $6 to $18
Great_Kang: calls $6
*** RIVER *** [Tc 3c 6c 7s] [4h]
Great_Kang: checks
marcelo v121: bets $4.93 and is all-in
Great_Kang: calls $4.93
*** SHOW DOWN ***
marcelo v121: shows [Ac Td] (a pair of Tens)
Great_Kang: shows [3h 7h] (two pair, Sevens and Threes)
Great_Kang collected $63.36 from pot
*** SUMMARY ***
Total pot $63.86 | Rake $0.50
Board [Tc 3c 6c 7s 4h]
Seat 3: marcelo v121 (button) (small blind) showed [Ac Td] and lost with a pair of Tens
Seat 8: Great_Kang (big blind) showed [3h 7h] and won ($63.36) with two pair, Sevens and Threes


PokerStars Hand #162513188964:  Hold'em Limit ($3/$6 USD) - 2016/12/06 13:05:53 ET
Table 'Sahlia' 10-max Seat #8 is the button
Seat 3: marcelo v121 ($113.28 in chips)
Seat 8: Great_Kang ($254.96 in chips)
Great_Kang: posts small blind $1
marcelo v121: posts big blind $3
*** HOLE CARDS ***
Great_Kang: raises $3 to $6
marcelo v121: folds
Uncalled bet ($3) returned to Great_Kang
Great_Kang collected $6 from pot
Great_Kang: doesn't show hand
*** SUMMARY ***
Total pot $6 | Rake $0
Seat 3: marcelo v121 (big blind) folded before Flop
Seat 8: Great_Kang (button) (small blind) collected ($6)


PokerStars Hand #162513150120:  Hold'em Limit ($3/$6 USD) - 2016/12/06 13:05:12 ET
Table 'Sahlia' 10-max Seat #8 is the button
Seat 3: marcelo v121 ($96 in chips)
Seat 8: Great_Kang ($272.96 in chips)
Great_Kang: posts small blind $1
marcelo v121: posts big blind $3
*** HOLE CARDS ***
Great_Kang: raises $3 to $6
marcelo v121: raises $3 to $9
Great_Kang: calls $3
*** FLOP *** [2s 9h Js]
marcelo v121: bets $3
Great_Kang: folds
Uncalled bet ($3) returned to marcelo v121
marcelo v121 collected $17.64 from pot
marcelo v121: doesn't show hand
*** SUMMARY ***
Total pot $18 | Rake $0.36
Board [2s 9h Js]
Seat 3: marcelo v121 (big blind) collected ($17.64)
Seat 8: Great_Kang (button) (small blind) folded on the Flop


PokerStars Hand #162513142648:  Hold'em Limit ($3/$6 USD) - 2016/12/06 13:05:06 ET
Table 'Sahlia' 10-max Seat #3 is the button
Seat 3: marcelo v121 ($97 in chips)
Seat 8: Great_Kang ($271.96 in chips)
marcelo v121: posts small blind $1
Great_Kang: posts big blind $3
*** HOLE CARDS ***
marcelo v121: folds
Uncalled bet ($2) returned to Great_Kang
Great_Kang collected $2 from pot
Great_Kang: doesn't show hand
*** SUMMARY ***
Total pot $2 | Rake $0
Seat 3: marcelo v121 (button) (small blind) folded before Flop
Seat 8: Great_Kang (big blind) collected ($2)


PokerStars Hand #162513165994:  Hold'em Limit ($3/$6 USD) - 2016/12/06 13:05:29 ET
Table 'Sahlia' 10-max Seat #3 is the button
Seat 3: marcelo v121 ($104.64 in chips)
Seat 8: Great_Kang ($263.96 in chips)
marcelo v121: posts small blind $1
Great_Kang: posts big blind $3
*** HOLE CARDS ***
marcelo v121: raises $3 to $6
Great_Kang: calls $3
*** FLOP *** [Ac 3d 8s]
Great_Kang: checks
marcelo v121: bets $3
Great_Kang: calls $3
*** TURN *** [Ac 3d 8s] [Qh]
Great_Kang: checks
marcelo v121: bets $6
Great_Kang: folds
Uncalled bet ($6) returned to marcelo v121
marcelo v121 collected $17.64 from pot
*** SUMMARY ***
Total pot $18 | Rake $0.36
Board [Ac 3d 8s Qh]
Seat 3: marcelo v121 (button) (small blind) collected ($17.64)
Seat 8: Great_Kang (big blind) folded on the Turn


PokerStars Hand #162513236856:  Hold'em Limit ($3/$6 USD) - 2016/12/06 13:06:44 ET
Table 'Sahlia' 10-max Seat #8 is the button
Seat 3: marcelo v121 ($95.28 in chips)
Seat 8: Great_Kang ($272.46 in chips)
Great_Kang: posts small blind $1
marcelo v121: posts big blind $3
*** HOLE CARDS ***
Great_Kang: raises $3 to $6
marcelo v121: calls $3
*** FLOP *** [8s 9h Ks]
marcelo v121: checks
Great_Kang: bets $3
marcelo v121: raises $3 to $6
Great_Kang: folds
Uncalled bet ($3) returned to marcelo v121
marcelo v121 collected $17.64 from pot
*** SUMMARY ***
Total pot $18 | Rake $0.36
Board [8s 9h Ks]
Seat 3: marcelo v121 (big blind) collected ($17.64)
Seat 8: Great_Kang (button) (small blind) folded on the Flop


PokerStars Hand #162513254264:  Hold'em Limit ($3/$6 USD) - 2016/12/06 13:07:01 ET
Table 'Sahlia' 10-max Seat #3 is the button
Seat 3: marcelo v121 ($103.92 in chips)
Seat 8: Great_Kang ($263.46 in chips)
marcelo v121: posts small blind $1
Great_Kang: posts big blind $3
*** HOLE CARDS ***
marcelo v121: raises $3 to $6
Great_Kang: calls $3
*** FLOP *** [4c 6s 9c]
Great_Kang: checks
marcelo v121: checks
*** TURN *** [4c 6s 9c] [7h]
Great_Kang: bets $6
marcelo v121: calls $6
*** RIVER *** [4c 6s 9c 7h] [Qc]
Great_Kang: bets $6
marcelo v121: calls $6
*** SHOW DOWN ***
Great_Kang: shows [Js 8h] (high card Queen)
marcelo v121: shows [8d Ah] (high card Ace)
marcelo v121 collected $35.50 from pot
*** SUMMARY ***
Total pot $36 | Rake $0.50
Board [4c 6s 9c 7h Qc]
Seat 3: marcelo v121 (button) (small blind) showed [8d Ah] and won ($35.50) with high card Ace
Seat 8: Great_Kang (big blind) showed [Js 8h] and lost with high card Queen


PokerStars Hand #162513289372:  Hold'em Limit ($3/$6 USD) - 2016/12/06 13:07:38 ET
Table 'Sahlia' 10-max Seat #3 is the button
Seat 3: marcelo v121 ($138.92 in chips)
Seat 8: Great_Kang ($227.46 in chips)
marcelo v121: posts small blind $1
Great_Kang: posts big blind $3
*** HOLE CARDS ***
marcelo v121: raises $3 to $6
Great_Kang: calls $3
*** FLOP *** [Qd Th 3s]
Great_Kang: checks
marcelo v121: checks
*** TURN *** [Qd Th 3s] [9c]
Great_Kang: checks
marcelo v121: bets $6
Great_Kang: calls $6
*** RIVER *** [Qd Th 3s 9c] [7d]
Great_Kang: checks
marcelo v121: bets $6
Great_Kang: folds
Uncalled bet ($6) returned to marcelo v121
marcelo v121 collected $23.52 from pot
*** SUMMARY ***
Total pot $24 | Rake $0.48
Board [Qd Th 3s 9c 7d]
Seat 3: marcelo v121 (button) (small blind) collected ($23.52)
Seat 8: Great_Kang (big blind) folded on the River


PokerStars Hand #162513272081:  Hold'em Limit ($3/$6 USD) - 2016/12/06 13:07:20 ET
Table 'Sahlia' 10-max Seat #8 is the button
Seat 3: marcelo v121 ($121.42 in chips)
Seat 8: Great_Kang ($245.46 in chips)
Great_Kang: posts small blind $1
marcelo v121: posts big blind $3
*** HOLE CARDS ***
Great_Kang: raises $3 to $6
marcelo v121: calls $3
*** FLOP *** [7s Kc 4s]
marcelo v121: checks
Great_Kang: bets $3
marcelo v121: raises $3 to $6
Great_Kang: calls $3
*** TURN *** [7s Kc 4s] [5c]
marcelo v121: checks
Great_Kang: bets $6
marcelo v121: raises $6 to $12
Great_Kang: folds
Uncalled bet ($6) returned to marcelo v121
marcelo v121 collected $35.50 from pot
*** SUMMARY ***
Total pot $36 | Rake $0.50
Board [7s Kc 4s 5c]
Seat 3: marcelo v121 (big blind) collected ($35.50)
Seat 8: Great_Kang (button) (small blind) folded on the Turn


PokerStars Hand #162513351322:  Hold'em Limit ($3/$6 USD) - 2016/12/06 13:08:43 ET
Table 'Sahlia' 10-max Seat #3 is the button
Seat 3: marcelo v121 ($116.44 in chips)
Seat 8: Great_Kang ($248.96 in chips)
marcelo v121: posts small blind $1
Great_Kang: posts big blind $3
*** HOLE CARDS ***
marcelo v121: folds
Uncalled bet ($2) returned to Great_Kang
Great_Kang collected $2 from pot
Great_Kang: doesn't show hand
*** SUMMARY ***
Total pot $2 | Rake $0
Seat 3: marcelo v121 (button) (small blind) folded before Flop
Seat 8: Great_Kang (big blind) collected ($2)


PokerStars Hand #162513337140:  Hold'em Limit ($3/$6 USD) - 2016/12/06 13:08:28 ET
Table 'Sahlia' 10-max Seat #3 is the button
Seat 3: marcelo v121 ($120.44 in chips)
Seat 8: Great_Kang ($244.96 in chips)
marcelo v121: posts small blind $1
Great_Kang: posts big blind $3
*** HOLE CARDS ***
marcelo v121: folds
Uncalled bet ($2) returned to Great_Kang
Great_Kang collected $2 from pot
*** SUMMARY ***
Total pot $2 | Rake $0
Seat 3: marcelo v121 (button) (small blind) folded before Flop
Seat 8: Great_Kang (big blind) collected ($2)


PokerStars Hand #162513307375:  Hold'em Limit ($3/$6 USD) - 2016/12/06 13:07:57 ET
Table 'Sahlia' 10-max Seat #8 is the button
Seat 3: marcelo v121 ($150.44 in chips)
Seat 8: Great_Kang ($215.46 in chips)
Great_Kang: posts small blind $1
marcelo v121: posts big blind $3
*** HOLE CARDS ***
Great_Kang: raises $3 to $6
marcelo v121: raises $3 to $9
Great_Kang: calls $3
*** FLOP *** [2c 9h 3d]
marcelo v121: bets $3
Great_Kang: calls $3
*** TURN *** [2c 9h 3d] [8c]
marcelo v121: bets $6
Great_Kang: raises $6 to $12
marcelo v121: calls $6
*** RIVER *** [2c 9h 3d 8c] [4d]
marcelo v121: checks
Great_Kang: bets $6
marcelo v121: calls $6
*** SHOW DOWN ***
Great_Kang: shows [Jd Jh] (a pair of Jacks)
marcelo v121: mucks hand
Great_Kang collected $59.50 from pot
*** SUMMARY ***
Total pot $60 | Rake $0.50
Board [2c 9h 3d 8c 4d]
Seat 3: marcelo v121 (big blind) mucked
Seat 8: Great_Kang (button) (small blind) showed [Jd Jh] and won ($59.50) with a pair of Jacks


PokerStars Hand #162513343848:  Hold'em Limit ($3/$6 USD) - 2016/12/06 13:08:35 ET
Table 'Sahlia' 10-max Seat #8 is the button
Seat 3: marcelo v121 ($119.44 in chips)
Seat 8: Great_Kang ($245.96 in chips)
Great_Kang: posts small blind $1
marcelo v121: posts big blind $3
*** HOLE CARDS ***
Great_Kang: raises $3 to $6
marcelo v121: folds
Uncalled bet ($3) returned to Great_Kang
Great_Kang collected $6 from pot
Great_Kang: doesn't show hand
*** SUMMARY ***
Total pot $6 | Rake $0
Seat 3: marcelo v121 (big blind) folded before Flop
Seat 8: Great_Kang (button) (small blind) collected ($6)


PokerStars Hand #162513359197:  Hold'em Limit ($3/$6 USD) - 2016/12/06 13:08:51 ET
Table 'Sahlia' 10-max Seat #8 is the button
Seat 3: marcelo v121 ($115.44 in chips)
Seat 8: Great_Kang ($249.96 in chips)
Great_Kang: posts small blind $1
marcelo v121: posts big blind $3
*** HOLE CARDS ***
Great_Kang: raises $3 to $6
marcelo v121: calls $3
*** FLOP *** [6d 9d Tc]
marcelo v121: checks
Great_Kang: checks
*** TURN *** [6d 9d Tc] [Qc]
marcelo v121: checks
Great_Kang: bets $6
marcelo v121: calls $6
*** RIVER *** [6d 9d Tc Qc] [Kh]
marcelo v121: bets $6
Great_Kang: calls $6
*** SHOW DOWN ***
marcelo v121: shows [Jd 6c] (a straight, Nine to King)
Great_Kang: mucks hand
marcelo v121 collected $35.50 from pot
*** SUMMARY ***
Total pot $36 | Rake $0.50
Board [6d 9d Tc Qc Kh]
Seat 3: marcelo v121 (big blind) showed [Jd 6c] and won ($35.50) with a straight, Nine to King
Seat 8: Great_Kang (button) (small blind) mucked


PokerStars Hand #162513396985:  Hold'em Limit ($3/$6 USD) - 2016/12/06 13:09:30 ET
Table 'Sahlia' 10-max Seat #8 is the button
Seat 3: marcelo v121 ($138.70 in chips)
Seat 8: Great_Kang ($225.96 in chips)
Great_Kang: posts small blind $1
marcelo v121: posts big blind $3
*** HOLE CARDS ***
Great_Kang: raises $3 to $6
marcelo v121: folds
Uncalled bet ($3) returned to Great_Kang
Great_Kang collected $6 from pot
Great_Kang: doesn't show hand
*** SUMMARY ***
Total pot $6 | Rake $0
Seat 3: marcelo v121 (big blind) folded before Flop
Seat 8: Great_Kang (button) (small blind) collected ($6)


PokerStars Hand #162513382760:  Hold'em Limit ($3/$6 USD) - 2016/12/06 13:09:15 ET
Table 'Sahlia' 10-max Seat #3 is the button
Seat 3: marcelo v121 ($132.94 in chips)
Seat 8: Great_Kang ($231.96 in chips)
marcelo v121: posts small blind $1
Great_Kang: posts big blind $3
*** HOLE CARDS ***
marcelo v121: raises $3 to $6
Great_Kang: calls $3
*** FLOP *** [3c Ks Qc]
Great_Kang: checks
marcelo v121: bets $3
Great_Kang: folds
Uncalled bet ($3) returned to marcelo v121
marcelo v121 collected $11.76 from pot
*** SUMMARY ***
Total pot $12 | Rake $0.24
Board [3c Ks Qc]
Seat 3: marcelo v121 (button) (small blind) collected ($11.76)
Seat 8: Great_Kang (big blind) folded on the Flop


PokerStars Hand #162513445350:  Hold'em Limit ($3/$6 USD) - 2016/12/06 13:10:21 ET
Table 'Sahlia' 10-max Seat #8 is the button
Seat 3: marcelo v121 ($165.20 in chips)
Seat 8: Great_Kang ($198.96 in chips)
Great_Kang: posts small blind $1
marcelo v121: posts big blind $3
*** HOLE CARDS ***
Great_Kang: raises $3 to $6
marcelo v121: raises $3 to $9
Great_Kang: calls $3
*** FLOP *** [8s Ad 8c]
marcelo v121: bets $3
Great_Kang: folds
Uncalled bet ($3) returned to marcelo v121
marcelo v121 collected $17.64 from pot
*** SUMMARY ***
Total pot $18 | Rake $0.36
Board [8s Ad 8c]
Seat 3: marcelo v121 (big blind) collected ($17.64)
Seat 8: Great_Kang (button) (small blind) folded on the Flop


PokerStars Hand #162513403944:  Hold'em Limit ($3/$6 USD) - 2016/12/06 13:09:38 ET
Table 'Sahlia' 10-max Seat #3 is the button
Seat 3: marcelo v121 ($135.70 in chips)
Seat 8: Great_Kang ($228.96 in chips)
marcelo v121: posts small blind $1
Great_Kang: posts big blind $3
*** HOLE CARDS ***
marcelo v121: raises $3 to $6
Great_Kang: raises $3 to $9
marcelo v121: calls $3
*** FLOP *** [Tc 3h 5s]
Great_Kang: bets $3
marcelo v121: calls $3
*** TURN *** [Tc 3h 5s] [Kh]
Great_Kang: bets $6
marcelo v121: raises $6 to $12
Great_Kang: calls $6
*** RIVER *** [Tc 3h 5s Kh] [8c]
Great_Kang: checks
marcelo v121: bets $6
Great_Kang: calls $6
*** SHOW DOWN ***
marcelo v121: shows [3s Kc] (two pair, Kings and Threes)
Great_Kang: mucks hand
marcelo v121 collected $59.50 from pot
*** SUMMARY ***
Total pot $60 | Rake $0.50
Board [Tc 3h 5s Kh 8c]
Seat 3: marcelo v121 (button) (small blind) showed [3s Kc] and won ($59.50) with two pair, Kings and Threes
Seat 8: Great_Kang (big blind) mucked


PokerStars Hand #162513469498:  Hold'em Limit ($3/$6 USD) - 2016/12/06 13:10:47 ET
Table 'Sahlia' 10-max Seat #3 is the button
Seat 3: marcelo v121 ($173.84 in chips)
Seat 8: Great_Kang ($189.96 in chips)
marcelo v121: posts small blind $1
Great_Kang: posts big blind $3
*** HOLE CARDS ***
marcelo v121: folds
Uncalled bet ($2) returned to Great_Kang
Great_Kang collected $2 from pot
Great_Kang: doesn't show hand
*** SUMMARY ***
Total pot $2 | Rake $0
Seat 3: marcelo v121 (button) (small blind) folded before Flop
Seat 8: Great_Kang (big blind) collected ($2)


PokerStars Hand #162513475598:  Hold'em Limit ($3/$6 USD) - 2016/12/06 13:10:53 ET
Table 'Sahlia' 10-max Seat #8 is the button
Seat 3: marcelo v121 ($172.84 in chips)
Seat 8: Great_Kang ($190.96 in chips)
Great_Kang: posts small blind $1
marcelo v121: posts big blind $3
*** HOLE CARDS ***
Great_Kang: raises $3 to $6
marcelo v121: folds
Uncalled bet ($3) returned to Great_Kang
Great_Kang collected $6 from pot
Great_Kang: doesn't show hand
*** SUMMARY ***
Total pot $6 | Rake $0
Seat 3: marcelo v121 (big blind) folded before Flop
Seat 8: Great_Kang (button) (small blind) collected ($6)


PokerStars Hand #162513520086:  Hold'em Limit ($3/$6 USD) - 2016/12/06 13:11:39 ET
Table 'Sahlia' 10-max Seat #8 is the button
Seat 3: marcelo v121 ($157.84 in chips)
Seat 8: Great_Kang ($205.36 in chips)
Great_Kang: posts small blind $1
marcelo v121: posts big blind $3
*** HOLE CARDS ***
Great_Kang: raises $3 to $6
marcelo v121: calls $3
*** FLOP *** [8s 6c Qc]
marcelo v121: checks
Great_Kang: checks
*** TURN *** [8s 6c Qc] [2h]
marcelo v121: checks
Great_Kang: checks
*** RIVER *** [8s 6c Qc 2h] [2s]
marcelo v121: bets $6
Great_Kang: calls $6
*** SHOW DOWN ***
marcelo v121: shows [6d 4d] (two pair, Sixes and Deuces)
Great_Kang: mucks hand
marcelo v121 collected $23.52 from pot
*** SUMMARY ***
Total pot $24 | Rake $0.48
Board [8s 6c Qc 2h 2s]
Seat 3: marcelo v121 (big blind) showed [6d 4d] and won ($23.52) with two pair, Sixes and Deuces
Seat 8: Great_Kang (button) (small blind) mucked


PokerStars Hand #162513514238:  Hold'em Limit ($3/$6 USD) - 2016/12/06 13:11:33 ET
Table 'Sahlia' 10-max Seat #3 is the button
Seat 3: marcelo v121 ($154.84 in chips)
Seat 8: Great_Kang ($208.36 in chips)
marcelo v121: posts small blind $1
Great_Kang: posts big blind $3
*** HOLE CARDS ***
marcelo v121: raises $3 to $6
Great_Kang: folds
Uncalled bet ($3) returned to marcelo v121
marcelo v121 collected $6 from pot
*** SUMMARY ***
Total pot $6 | Rake $0
Seat 3: marcelo v121 (button) (small blind) collected ($6)
Seat 8: Great_Kang (big blind) folded before Flop


PokerStars Hand #162513484367:  Hold'em Limit ($3/$6 USD) - 2016/12/06 13:11:02 ET
Table 'Sahlia' 10-max Seat #3 is the button
Seat 3: marcelo v121 ($169.84 in chips)
Seat 8: Great_Kang ($193.96 in chips)
marcelo v121: posts small blind $1
Great_Kang: posts big blind $3
*** HOLE CARDS ***
marcelo v121: calls $2
Great_Kang: raises $3 to $6
marcelo v121: calls $3
*** FLOP *** [Ts 2h Ah]
Great_Kang: bets $3
marcelo v121: folds
Uncalled bet ($3) returned to Great_Kang
Great_Kang collected $11.76 from pot
Great_Kang: doesn't show hand
*** SUMMARY ***
Total pot $12 | Rake $0.24
Board [Ts 2h Ah]
Seat 3: marcelo v121 (button) (small blind) folded on the Flop
Seat 8: Great_Kang (big blind) collected ($11.76)


PokerStars Hand #162513495187:  Hold'em Limit ($3/$6 USD) - 2016/12/06 13:11:13 ET
Table 'Sahlia' 10-max Seat #8 is the button
Seat 3: marcelo v121 ($163.84 in chips)
Seat 8: Great_Kang ($199.72 in chips)
Great_Kang: posts small blind $1
marcelo v121: posts big blind $3
*** HOLE CARDS ***
Great_Kang: raises $3 to $6
marcelo v121: calls $3
*** FLOP *** [Ah 6c 8s]
marcelo v121: checks
Great_Kang: bets $3
marcelo v121: calls $3
*** TURN *** [Ah 6c 8s] [Qh]
marcelo v121: checks
Great_Kang: checks
*** RIVER *** [Ah 6c 8s Qh] [Jc]
marcelo v121: checks
Great_Kang: checks
*** SHOW DOWN ***
marcelo v121: shows [Kd 3s] (high card Ace)
Great_Kang: shows [7h 8c] (a pair of Eights)
Great_Kang collected $17.64 from pot
*** SUMMARY ***
Total pot $18 | Rake $0.36
Board [Ah 6c 8s Qh Jc]
Seat 3: marcelo v121 (big blind) showed [Kd 3s] and lost with high card Ace
Seat 8: Great_Kang (button) (small blind) showed [7h 8c] and won ($17.64) with a pair of Eights


PokerStars Hand #162513537566:  Hold'em Limit ($3/$6 USD) - 2016/12/06 13:11:57 ET
Table 'Sahlia' 10-max Seat #3 is the button
Seat 3: marcelo v121 ($169.36 in chips)
Seat 8: Great_Kang ($193.36 in chips)
marcelo v121: posts small blind $1
Great_Kang: posts big blind $3
*** HOLE CARDS ***
marcelo v121: raises $3 to $6
Great_Kang: calls $3
*** FLOP *** [Kh 4c 2d]
Great_Kang: checks
marcelo v121: checks
*** TURN *** [Kh 4c 2d] [5c]
Great_Kang: checks
marcelo v121: bets $6
Great_Kang: folds
Uncalled bet ($6) returned to marcelo v121
marcelo v121 collected $11.76 from pot
*** SUMMARY ***
Total pot $12 | Rake $0.24
Board [Kh 4c 2d 5c]
Seat 3: marcelo v121 (button) (small blind) collected ($11.76)
Seat 8: Great_Kang (big blind) folded on the Turn


PokerStars Hand #162513565745:  Hold'em Limit ($3/$6 USD) - 2016/12/06 13:12:26 ET
Table 'Sahlia' 10-max Seat #8 is the button
Seat 3: marcelo v121 ($171.12 in chips)
Seat 8: Great_Kang ($191.36 in chips)
Great_Kang: posts small blind $1
marcelo v121: posts big blind $3
*** HOLE CARDS ***
Great_Kang: raises $3 to $6
marcelo v121: calls $3
*** FLOP *** [5d 7d Qd]
marcelo v121: checks
Great_Kang: bets $3
marcelo v121: folds
Uncalled bet ($3) returned to Great_Kang
Great_Kang collected $11.76 from pot
Great_Kang: doesn't show hand
*** SUMMARY ***
Total pot $12 | Rake $0.24
Board [5d 7d Qd]
Seat 3: marcelo v121 (big blind) folded on the Flop
Seat 8: Great_Kang (button) (small blind) collected ($11.76)


PokerStars Hand #162513560641:  Hold'em Limit ($3/$6 USD) - 2016/12/06 13:12:21 ET
Table 'Sahlia' 10-max Seat #3 is the button
Seat 3: marcelo v121 ($172.12 in chips)
Seat 8: Great_Kang ($190.36 in chips)
marcelo v121: posts small blind $1
Great_Kang: posts big blind $3
*** HOLE CARDS ***
marcelo v121: folds
Uncalled bet ($2) returned to Great_Kang
Great_Kang collected $2 from pot
Great_Kang: doesn't show hand
*** SUMMARY ***
Total pot $2 | Rake $0
Seat 3: marcelo v121 (button) (small blind) folded before Flop
Seat 8: Great_Kang (big blind) collected ($2)


PokerStars Hand #162513577471:  Hold'em Limit ($3/$6 USD) - 2016/12/06 13:12:38 ET
Table 'Sahlia' 10-max Seat #3 is the button
Seat 3: marcelo v121 ($165.12 in chips)
Seat 8: Great_Kang ($197.12 in chips)
marcelo v121: posts small blind $1
Great_Kang: posts big blind $3
*** HOLE CARDS ***
marcelo v121: calls $2
Great_Kang: checks
*** FLOP *** [3d Kc Tc]
Great_Kang: checks
marcelo v121: bets $3
Great_Kang: folds
Uncalled bet ($3) returned to marcelo v121
marcelo v121 collected $5.88 from pot
*** SUMMARY ***
Total pot $6 | Rake $0.12
Board [3d Kc Tc]
Seat 3: marcelo v121 (button) (small blind) collected ($5.88)
Seat 8: Great_Kang (big blind) folded on the Flop


PokerStars Hand #162513553848:  Hold'em Limit ($3/$6 USD) - 2016/12/06 13:12:14 ET
Table 'Sahlia' 10-max Seat #8 is the button
Seat 3: marcelo v121 ($175.12 in chips)
Seat 8: Great_Kang ($187.36 in chips)
Great_Kang: posts small blind $1
marcelo v121: posts big blind $3
*** HOLE CARDS ***
Great_Kang: raises $3 to $6
marcelo v121: folds
Uncalled bet ($3) returned to Great_Kang
Great_Kang collected $6 from pot
Great_Kang: doesn't show hand
*** SUMMARY ***
Total pot $6 | Rake $0
Seat 3: marcelo v121 (big blind) folded before Flop
Seat 8: Great_Kang (button) (small blind) collected ($6)


PokerStars Hand #162513622172:  Hold'em Limit ($3/$6 USD) - 2016/12/06 13:13:25 ET
Table 'Sahlia' 10-max Seat #8 is the button
Seat 3: marcelo v121 ($175.64 in chips)
Seat 8: Great_Kang ($186.12 in chips)
Great_Kang: posts small blind $1
marcelo v121: posts big blind $3
*** HOLE CARDS ***
Great_Kang: raises $3 to $6
marcelo v121: folds
Uncalled bet ($3) returned to Great_Kang
Great_Kang collected $6 from pot
Great_Kang: doesn't show hand
*** SUMMARY ***
Total pot $6 | Rake $0
Seat 3: marcelo v121 (big blind) folded before Flop
Seat 8: Great_Kang (button) (small blind) collected ($6)


PokerStars Hand #162513592080:  Hold'em Limit ($3/$6 USD) - 2016/12/06 13:12:54 ET
Table 'Sahlia' 10-max Seat #8 is the button
Seat 3: marcelo v121 ($168 in chips)
Seat 8: Great_Kang ($194.12 in chips)
Great_Kang: posts small blind $1
marcelo v121: posts big blind $3
*** HOLE CARDS ***
Great_Kang: raises $3 to $6
marcelo v121: calls $3
*** FLOP *** [Kh 7h Ad]
marcelo v121: checks
Great_Kang: bets $3
marcelo v121: calls $3
*** TURN *** [Kh 7h Ad] [Js]
marcelo v121: checks
Great_Kang: checks
*** RIVER *** [Kh 7h Ad Js] [As]
marcelo v121: bets $6
Great_Kang: folds
Uncalled bet ($6) returned to marcelo v121
marcelo v121 collected $17.64 from pot
*** SUMMARY ***
Total pot $18 | Rake $0.36
Board [Kh 7h Ad Js As]
Seat 3: marcelo v121 (big blind) collected ($17.64)
Seat 8: Great_Kang (button) (small blind) folded on the River


PokerStars Hand #162513628613:  Hold'em Limit ($3/$6 USD) - 2016/12/06 13:13:32 ET
Table 'Sahlia' 10-max Seat #3 is the button
Seat 3: marcelo v121 ($172.64 in chips)
Seat 8: Great_Kang ($189.12 in chips)
marcelo v121: posts small blind $1
Great_Kang: posts big blind $3
*** HOLE CARDS ***
marcelo v121: raises $3 to $6
Great_Kang: raises $3 to $9
marcelo v121: calls $3
*** FLOP *** [8d 6s Td]
Great_Kang: bets $3
marcelo v121: calls $3
*** TURN *** [8d 6s Td] [Jd]
Great_Kang: checks
marcelo v121: bets $6
Great_Kang: raises $6 to $12
marcelo v121: calls $6
*** RIVER *** [8d 6s Td Jd] [6d]
Great_Kang: bets $6
marcelo v121: calls $6
*** SHOW DOWN ***
Great_Kang: shows [Ad Kd] (a flush, Ace high)
marcelo v121: mucks hand
Great_Kang collected $59.50 from pot
*** SUMMARY ***
Total pot $60 | Rake $0.50
Board [8d 6s Td Jd 6d]
Seat 3: marcelo v121 (button) (small blind) mucked
Seat 8: Great_Kang (big blind) showed [Ad Kd] and won ($59.50) with a flush, Ace high


PokerStars Hand #162513617017:  Hold'em Limit ($3/$6 USD) - 2016/12/06 13:13:20 ET
Table 'Sahlia' 10-max Seat #3 is the button
Seat 3: marcelo v121 ($176.64 in chips)
Seat 8: Great_Kang ($185.12 in chips)
marcelo v121: posts small blind $1
Great_Kang: posts big blind $3
*** HOLE CARDS ***
marcelo v121: folds
Uncalled bet ($2) returned to Great_Kang
Great_Kang collected $2 from pot
Great_Kang: doesn't show hand
*** SUMMARY ***
Total pot $2 | Rake $0
Seat 3: marcelo v121 (button) (small blind) folded before Flop
Seat 8: Great_Kang (big blind) collected ($2)


PokerStars Hand #162513673444:  Hold'em Limit ($3/$6 USD) - 2016/12/06 13:14:20 ET
Table 'Sahlia' 10-max Seat #8 is the button
Seat 3: marcelo v121 ($138.64 in chips)
Seat 8: Great_Kang ($222.62 in chips)
Great_Kang: posts small blind $1
marcelo v121: posts big blind $3
*** HOLE CARDS ***
Great_Kang: raises $3 to $6
marcelo v121: raises $3 to $9
Great_Kang: calls $3
*** FLOP *** [Ac Qh 9s]
marcelo v121: bets $3
Great_Kang: calls $3
*** TURN *** [Ac Qh 9s] [Ts]
marcelo v121: bets $6
Great_Kang: calls $6
*** RIVER *** [Ac Qh 9s Ts] [3d]
marcelo v121: bets $6
Great_Kang: calls $6
*** SHOW DOWN ***
marcelo v121: shows [8s 7c] (high card Ace)
Great_Kang: shows [Jc Tc] (a pair of Tens)
Great_Kang collected $47.50 from pot
*** SUMMARY ***
Total pot $48 | Rake $0.50
Board [Ac Qh 9s Ts 3d]
Seat 3: marcelo v121 (big blind) showed [8s 7c] and lost with high card Ace
Seat 8: Great_Kang (button) (small blind) showed [Jc Tc] and won ($47.50) with a pair of Tens


PokerStars Hand #162513692147:  Hold'em Limit ($3/$6 USD) - 2016/12/06 13:14:40 ET
Table 'Sahlia' 10-max Seat #3 is the button
Seat 3: marcelo v121 ($114.64 in chips)
Seat 8: Great_Kang ($246.12 in chips)
marcelo v121: posts small blind $1
Great_Kang: posts big blind $3
*** HOLE CARDS ***
marcelo v121: raises $3 to $6
Great_Kang: calls $3
*** FLOP *** [4h Td 5h]
Great_Kang: checks
marcelo v121: bets $3
Great_Kang: raises $3 to $6
marcelo v121: calls $3
*** TURN *** [4h Td 5h] [Qh]
Great_Kang: bets $6
marcelo v121: raises $6 to $12
Great_Kang: raises $6 to $18
marcelo v121: folds
Uncalled bet ($6) returned to Great_Kang
Great_Kang collected $47.50 from pot
Great_Kang: doesn't show hand
*** SUMMARY ***
Total pot $48 | Rake $0.50
Board [4h Td 5h Qh]
Seat 3: marcelo v121 (button) (small blind) folded on the Turn
Seat 8: Great_Kang (big blind) collected ($47.50)


PokerStars Hand #162513657790:  Hold'em Limit ($3/$6 USD) - 2016/12/06 13:14:03 ET
Table 'Sahlia' 10-max Seat #8 is the button
Seat 3: marcelo v121 ($142.64 in chips)
Seat 8: Great_Kang ($218.62 in chips)
Great_Kang: posts small blind $1
marcelo v121: posts big blind $3
*** HOLE CARDS ***
Great_Kang: raises $3 to $6
marcelo v121: folds
Uncalled bet ($3) returned to Great_Kang
Great_Kang collected $6 from pot
Great_Kang: doesn't show hand
*** SUMMARY ***
Total pot $6 | Rake $0
Seat 3: marcelo v121 (big blind) folded before Flop
Seat 8: Great_Kang (button) (small blind) collected ($6)


PokerStars Hand #162513664234:  Hold'em Limit ($3/$6 USD) - 2016/12/06 13:14:10 ET
Table 'Sahlia' 10-max Seat #3 is the button
Seat 3: marcelo v121 ($139.64 in chips)
Seat 8: Great_Kang ($221.62 in chips)
marcelo v121: posts small blind $1
Great_Kang: posts big blind $3
*** HOLE CARDS ***
marcelo v121: folds
Uncalled bet ($2) returned to Great_Kang
Great_Kang collected $2 from pot
Great_Kang: doesn't show hand
*** SUMMARY ***
Total pot $2 | Rake $0
Seat 3: marcelo v121 (button) (small blind) folded before Flop
Seat 8: Great_Kang (big blind) collected ($2)


PokerStars Hand #162513745661:  Hold'em Limit ($3/$6 USD) - 2016/12/06 13:15:36 ET
Table 'Sahlia' 10-max Seat #3 is the button
Seat 3: marcelo v121 ($84.64 in chips)
Seat 8: Great_Kang ($275.38 in chips)
marcelo v121: posts small blind $1
Great_Kang: posts big blind $3
*** HOLE CARDS ***
marcelo v121: folds
Uncalled bet ($2) returned to Great_Kang
Great_Kang collected $2 from pot
Great_Kang: doesn't show hand
*** SUMMARY ***
Total pot $2 | Rake $0
Seat 3: marcelo v121 (button) (small blind) folded before Flop
Seat 8: Great_Kang (big blind) collected ($2)


PokerStars Hand #162513715662:  Hold'em Limit ($3/$6 USD) - 2016/12/06 13:15:04 ET
Table 'Sahlia' 10-max Seat #8 is the button
Seat 3: marcelo v121 ($90.64 in chips)
Seat 8: Great_Kang ($269.62 in chips)
Great_Kang: posts small blind $1
marcelo v121: posts big blind $3
*** HOLE CARDS ***
Great_Kang: raises $3 to $6
marcelo v121: folds
Uncalled bet ($3) returned to Great_Kang
Great_Kang collected $6 from pot
Great_Kang: doesn't show hand
*** SUMMARY ***
Total pot $6 | Rake $0
Seat 3: marcelo v121 (big blind) folded before Flop
Seat 8: Great_Kang (button) (small blind) collected ($6)


PokerStars Hand #162513751942:  Hold'em Limit ($3/$6 USD) - 2016/12/06 13:15:42 ET
Table 'Sahlia' 10-max Seat #8 is the button
Seat 3: marcelo v121 ($83.64 in chips)
Seat 8: Great_Kang ($276.38 in chips)
Great_Kang: posts small blind $1
marcelo v121: posts big blind $3
*** HOLE CARDS ***
Great_Kang: raises $3 to $6
marcelo v121: folds
Uncalled bet ($3) returned to Great_Kang
Great_Kang collected $6 from pot
Great_Kang: doesn't show hand
*** SUMMARY ***
Total pot $6 | Rake $0
Seat 3: marcelo v121 (big blind) folded before Flop
Seat 8: Great_Kang (button) (small blind) collected ($6)


PokerStars Hand #162513724434:  Hold'em Limit ($3/$6 USD) - 2016/12/06 13:15:13 ET
Table 'Sahlia' 10-max Seat #3 is the button
Seat 3: marcelo v121 ($87.64 in chips)
Seat 8: Great_Kang ($272.62 in chips)
marcelo v121: posts small blind $1
Great_Kang: posts big blind $3
*** HOLE CARDS ***
marcelo v121: raises $3 to $6
Great_Kang: folds
Uncalled bet ($3) returned to marcelo v121
marcelo v121 collected $6 from pot
*** SUMMARY ***
Total pot $6 | Rake $0
Seat 3: marcelo v121 (button) (small blind) collected ($6)
Seat 8: Great_Kang (big blind) folded before Flop


PokerStars Hand #162513761127:  Hold'em Limit ($3/$6 USD) - 2016/12/06 13:15:52 ET
Table 'Sahlia' 10-max Seat #3 is the button
Seat 3: marcelo v121 ($80.64 in chips)
Seat 8: Great_Kang ($279.38 in chips)
marcelo v121: posts small blind $1
Great_Kang: posts big blind $3
*** HOLE CARDS ***
marcelo v121: folds
Uncalled bet ($2) returned to Great_Kang
Great_Kang collected $2 from pot
Great_Kang: doesn't show hand
*** SUMMARY ***
Total pot $2 | Rake $0
Seat 3: marcelo v121 (button) (small blind) folded before Flop
Seat 8: Great_Kang (big blind) collected ($2)


PokerStars Hand #162513732786:  Hold'em Limit ($3/$6 USD) - 2016/12/06 13:15:22 ET
Table 'Sahlia' 10-max Seat #8 is the button
Seat 3: marcelo v121 ($90.64 in chips)
Seat 8: Great_Kang ($269.62 in chips)
Great_Kang: posts small blind $1
marcelo v121: posts big blind $3
*** HOLE CARDS ***
Great_Kang: raises $3 to $6
marcelo v121: calls $3
*** FLOP *** [9s Js 4d]
marcelo v121: checks
Great_Kang: bets $3
marcelo v121: folds
Uncalled bet ($3) returned to Great_Kang
Great_Kang collected $11.76 from pot
Great_Kang: doesn't show hand
*** SUMMARY ***
Total pot $12 | Rake $0.24
Board [9s Js 4d]
Seat 3: marcelo v121 (big blind) folded on the Flop
Seat 8: Great_Kang (button) (small blind) collected ($11.76)


PokerStars Hand #162513813258:  Hold'em Limit ($3/$6 USD) - 2016/12/06 13:16:47 ET
Table 'Sahlia' 10-max Seat #8 is the button
Seat 3: marcelo v121 ($108.90 in chips)
Seat 8: Great_Kang ($250.38 in chips)
Great_Kang: posts small blind $1
marcelo v121: posts big blind $3
*** HOLE CARDS ***
Great_Kang: folds
Uncalled bet ($2) returned to marcelo v121
marcelo v121 collected $2 from pot
*** SUMMARY ***
Total pot $2 | Rake $0
Seat 3: marcelo v121 (big blind) collected ($2)
Seat 8: Great_Kang (button) (small blind) folded before Flop


PokerStars Hand #162513766516:  Hold'em Limit ($3/$6 USD) - 2016/12/06 13:15:58 ET
Table 'Sahlia' 10-max Seat #8 is the button
Seat 3: marcelo v121 ($79.64 in chips)
Seat 8: Great_Kang ($280.38 in chips)
Great_Kang: posts small blind $1
marcelo v121: posts big blind $3
*** HOLE CARDS ***
Great_Kang: raises $3 to $6
marcelo v121: calls $3
*** FLOP *** [9h 5h Jh]
marcelo v121: checks
Great_Kang: bets $3
marcelo v121: raises $3 to $6
Great_Kang: calls $3
*** TURN *** [9h 5h Jh] [Ah]
marcelo v121: bets $6
Great_Kang: calls $6
*** RIVER *** [9h 5h Jh Ah] [Jc]
marcelo v121: bets $6
Great_Kang: calls $6
*** SHOW DOWN ***
marcelo v121: shows [Jd 8h] (a flush, Ace high)
Great_Kang: mucks hand
marcelo v121 collected $47.50 from pot
*** SUMMARY ***
Total pot $48 | Rake $0.50
Board [9h 5h Jh Ah Jc]
Seat 3: marcelo v121 (big blind) showed [Jd 8h] and won ($47.50) with a flush, Ace high
Seat 8: Great_Kang (button) (small blind) mucked


PokerStars Hand #162513818358:  Hold'em Limit ($3/$6 USD) - 2016/12/06 13:16:52 ET
Table 'Sahlia' 10-max Seat #3 is the button
Seat 3: marcelo v121 ($109.90 in chips)
Seat 8: Great_Kang ($249.38 in chips)
marcelo v121: posts small blind $1
Great_Kang: posts big blind $3
*** HOLE CARDS ***
marcelo v121: folds
Uncalled bet ($2) returned to Great_Kang
Great_Kang collected $2 from pot
Great_Kang: doesn't show hand
*** SUMMARY ***
Total pot $2 | Rake $0
Seat 3: marcelo v121 (button) (small blind) folded before Flop
Seat 8: Great_Kang (big blind) collected ($2)


PokerStars Hand #162513784341:  Hold'em Limit ($3/$6 USD) - 2016/12/06 13:16:16 ET
Table 'Sahlia' 10-max Seat #3 is the button
Seat 3: marcelo v121 ($103.14 in chips)
Seat 8: Great_Kang ($256.38 in chips)
marcelo v121: posts small blind $1
Great_Kang: posts big blind $3
*** HOLE CARDS ***
marcelo v121: raises $3 to $6
Great_Kang: calls $3
*** FLOP *** [7c Qh Ts]
Great_Kang: checks
marcelo v121: bets $3
Great_Kang: folds
Uncalled bet ($3) returned to marcelo v121
marcelo v121 collected $11.76 from pot
*** SUMMARY ***
Total pot $12 | Rake $0.24
Board [7c Qh Ts]
Seat 3: marcelo v121 (button) (small blind) collected ($11.76)
Seat 8: Great_Kang (big blind) folded on the Flop


PokerStars Hand #162513846311:  Hold'em Limit ($3/$6 USD) - 2016/12/06 13:17:21 ET
Table 'Sahlia' 10-max Seat #8 is the button
Seat 3: marcelo v121 ($86.90 in chips)
Seat 8: Great_Kang ($271.88 in chips)
Great_Kang: posts small blind $1
marcelo v121: posts big blind $3
*** HOLE CARDS ***
Great_Kang: raises $3 to $6
marcelo v121: folds
Uncalled bet ($3) returned to Great_Kang
Great_Kang collected $6 from pot
Great_Kang: doesn't show hand
*** SUMMARY ***
Total pot $6 | Rake $0
Seat 3: marcelo v121 (big blind) folded before Flop
Seat 8: Great_Kang (button) (small blind) collected ($6)


PokerStars Hand #162513823678:  Hold'em Limit ($3/$6 USD) - 2016/12/06 13:16:57 ET
Table 'Sahlia' 10-max Seat #8 is the button
Seat 3: marcelo v121 ($108.90 in chips)
Seat 8: Great_Kang ($250.38 in chips)
Great_Kang: posts small blind $1
marcelo v121: posts big blind $3
*** HOLE CARDS ***
Great_Kang: raises $3 to $6
marcelo v121: raises $3 to $9
Great_Kang: calls $3
*** FLOP *** [Ah 5c 7c]
marcelo v121: checks
Great_Kang: checks
*** TURN *** [Ah 5c 7c] [5h]
marcelo v121: bets $6
Great_Kang: calls $6
*** RIVER *** [Ah 5c 7c 5h] [3d]
marcelo v121: bets $6
Great_Kang: calls $6
*** SHOW DOWN ***
marcelo v121: shows [Th Kc] (a pair of Fives)
Great_Kang: shows [Ks Jd] (a pair of Fives - Ace+King+Jack kicker)
Great_Kang collected $41.50 from pot
*** SUMMARY ***
Total pot $42 | Rake $0.50
Board [Ah 5c 7c 5h 3d]
Seat 3: marcelo v121 (big blind) showed [Th Kc] and lost with a pair of Fives
Seat 8: Great_Kang (button) (small blind) showed [Ks Jd] and won ($41.50) with a pair of Fives


PokerStars Hand #162513852041:  Hold'em Limit ($3/$6 USD) - 2016/12/06 13:17:27 ET
Table 'Sahlia' 10-max Seat #3 is the button
Seat 3: marcelo v121 ($83.90 in chips)
Seat 8: Great_Kang ($274.88 in chips)
marcelo v121: posts small blind $1
Great_Kang: posts big blind $3
*** HOLE CARDS ***
marcelo v121: folds
Uncalled bet ($2) returned to Great_Kang
Great_Kang collected $2 from pot
Great_Kang: doesn't show hand
*** SUMMARY ***
Total pot $2 | Rake $0
Seat 3: marcelo v121 (button) (small blind) folded before Flop
Seat 8: Great_Kang (big blind) collected ($2)


PokerStars Hand #162513841008:  Hold'em Limit ($3/$6 USD) - 2016/12/06 13:17:16 ET
Table 'Sahlia' 10-max Seat #3 is the button
Seat 3: marcelo v121 ($87.90 in chips)
Seat 8: Great_Kang ($270.88 in chips)
marcelo v121: posts small blind $1
Great_Kang: posts big blind $3
*** HOLE CARDS ***
marcelo v121: folds
Uncalled bet ($2) returned to Great_Kang
Great_Kang collected $2 from pot
Great_Kang: doesn't show hand
*** SUMMARY ***
Total pot $2 | Rake $0
Seat 3: marcelo v121 (button) (small blind) folded before Flop
Seat 8: Great_Kang (big blind) collected ($2)


PokerStars Hand #162513901244:  Hold'em Limit ($3/$6 USD) - 2016/12/06 13:18:19 ET
Table 'Sahlia' 10-max Seat #3 is the button
Seat 3: marcelo v121 ($109.40 in chips)
Seat 8: Great_Kang ($248.88 in chips)
marcelo v121: posts small blind $1
Great_Kang: posts big blind $3
*** HOLE CARDS ***
marcelo v121: raises $3 to $6
Great_Kang: calls $3
*** FLOP *** [Jd Ad 3d]
Great_Kang: checks
marcelo v121: checks
*** TURN *** [Jd Ad 3d] [7h]
Great_Kang: bets $6
marcelo v121: calls $6
*** RIVER *** [Jd Ad 3d 7h] [8s]
Great_Kang: checks
marcelo v121: bets $6
Great_Kang: calls $6
*** SHOW DOWN ***
marcelo v121: shows [Ks 8d] (a pair of Eights)
Great_Kang: mucks hand
marcelo v121 collected $35.50 from pot
*** SUMMARY ***
Total pot $36 | Rake $0.50
Board [Jd Ad 3d 7h 8s]
Seat 3: marcelo v121 (button) (small blind) showed [Ks 8d] and won ($35.50) with a pair of Eights
Seat 8: Great_Kang (big blind) mucked


PokerStars Hand #162513857518:  Hold'em Limit ($3/$6 USD) - 2016/12/06 13:17:33 ET
Table 'Sahlia' 10-max Seat #8 is the button
Seat 3: marcelo v121 ($82.90 in chips)
Seat 8: Great_Kang ($275.88 in chips)
Great_Kang: posts small blind $1
marcelo v121: posts big blind $3
*** HOLE CARDS ***
Great_Kang: raises $3 to $6
marcelo v121: calls $3
*** FLOP *** [3c 9s 8h]
marcelo v121: checks
Great_Kang: bets $3
marcelo v121: calls $3
*** TURN *** [3c 9s 8h] [7c]
marcelo v121: checks
Great_Kang: bets $6
marcelo v121: raises $6 to $12
Great_Kang: calls $6
*** RIVER *** [3c 9s 8h 7c] [5s]
marcelo v121: bets $6
Great_Kang: calls $6
*** SHOW DOWN ***
marcelo v121: shows [6h Jh] (a straight, Five to Nine)
Great_Kang: mucks hand
marcelo v121 collected $53.50 from pot
*** SUMMARY ***
Total pot $54 | Rake $0.50
Board [3c 9s 8h 7c 5s]
Seat 3: marcelo v121 (big blind) showed [6h Jh] and won ($53.50) with a straight, Five to Nine
Seat 8: Great_Kang (button) (small blind) mucked


PokerStars Hand #162513946597:  Hold'em Limit ($3/$6 USD) - 2016/12/06 13:19:07 ET
Table 'Sahlia' 10-max Seat #8 is the button
Seat 3: marcelo v121 ($126.90 in chips)
Seat 8: Great_Kang ($230.88 in chips)
Great_Kang: posts small blind $1
marcelo v121: posts big blind $3
*** HOLE CARDS ***
Great_Kang: raises $3 to $6
marcelo v121: folds
Uncalled bet ($3) returned to Great_Kang
Great_Kang collected $6 from pot
Great_Kang: doesn't show hand
*** SUMMARY ***
Total pot $6 | Rake $0
Seat 3: marcelo v121 (big blind) folded before Flop
Seat 8: Great_Kang (button) (small blind) collected ($6)


PokerStars Hand #162513987611:  Hold'em Limit ($3/$6 USD) - 2016/12/06 13:19:50 ET
Table 'Sahlia' 10-max Seat #3 is the button
Seat 3: marcelo v121 ($116.90 in chips)
Seat 8: Great_Kang ($240.64 in chips)
marcelo v121: posts small blind $1
Great_Kang: posts big blind $3
*** HOLE CARDS ***
marcelo v121: folds
Uncalled bet ($2) returned to Great_Kang
Great_Kang collected $2 from pot
Great_Kang: doesn't show hand
*** SUMMARY ***
Total pot $2 | Rake $0
Seat 3: marcelo v121 (button) (small blind) folded before Flop
Seat 8: Great_Kang (big blind) collected ($2)


PokerStars Hand #162513952619:  Hold'em Limit ($3/$6 USD) - 2016/12/06 13:19:13 ET
Table 'Sahlia' 10-max Seat #3 is the button
Seat 3: marcelo v121 ($123.90 in chips)
Seat 8: Great_Kang ($233.88 in chips)
marcelo v121: posts small blind $1
Great_Kang: posts big blind $3
*** HOLE CARDS ***
marcelo v121: folds
Uncalled bet ($2) returned to Great_Kang
Great_Kang collected $2 from pot
Great_Kang: doesn't show hand
*** SUMMARY ***
Total pot $2 | Rake $0
Seat 3: marcelo v121 (button) (small blind) folded before Flop
Seat 8: Great_Kang (big blind) collected ($2)


PokerStars Hand #162513992640:  Hold'em Limit ($3/$6 USD) - 2016/12/06 13:19:55 ET
Table 'Sahlia' 10-max Seat #8 is the button
Seat 3: marcelo v121 ($115.90 in chips)
Seat 8: Great_Kang ($241.64 in chips)
Great_Kang: posts small blind $1
marcelo v121: posts big blind $3
*** HOLE CARDS ***
Great_Kang: folds
Uncalled bet ($2) returned to marcelo v121
marcelo v121 collected $2 from pot
*** SUMMARY ***
Total pot $2 | Rake $0
Seat 3: marcelo v121 (big blind) collected ($2)
Seat 8: Great_Kang (button) (small blind) folded before Flop


PokerStars Hand #162513970260:  Hold'em Limit ($3/$6 USD) - 2016/12/06 13:19:31 ET
Table 'Sahlia' 10-max Seat #8 is the button
Seat 3: marcelo v121 ($122.90 in chips)
Seat 8: Great_Kang ($234.88 in chips)
Great_Kang: posts small blind $1
marcelo v121: posts big blind $3
*** HOLE CARDS ***
Great_Kang: raises $3 to $6
marcelo v121: calls $3
*** FLOP *** [4c 8d 2c]
marcelo v121: checks
Great_Kang: bets $3
marcelo v121: folds
Uncalled bet ($3) returned to Great_Kang
Great_Kang collected $11.76 from pot
Great_Kang: doesn't show hand
*** SUMMARY ***
Total pot $12 | Rake $0.24
Board [4c 8d 2c]
Seat 3: marcelo v121 (big blind) folded on the Flop
Seat 8: Great_Kang (button) (small blind) collected ($11.76)


PokerStars Hand #162514028614:  Hold'em Limit ($3/$6 USD) - 2016/12/06 13:20:33 ET
Table 'Sahlia' 10-max Seat #8 is the button
Seat 3: marcelo v121 ($149.40 in chips)
Seat 8: Great_Kang ($207.64 in chips)
Great_Kang: posts small blind $1
marcelo v121: posts big blind $3
*** HOLE CARDS ***
Great_Kang: raises $3 to $6
marcelo v121: calls $3
*** FLOP *** [Ac Kh Jc]
marcelo v121: checks
Great_Kang: bets $3
marcelo v121: folds
Uncalled bet ($3) returned to Great_Kang
Great_Kang collected $11.76 from pot
Great_Kang: doesn't show hand
*** SUMMARY ***
Total pot $12 | Rake $0.24
Board [Ac Kh Jc]
Seat 3: marcelo v121 (big blind) folded on the Flop
Seat 8: Great_Kang (button) (small blind) collected ($11.76)


PokerStars Hand #162513999300:  Hold'em Limit ($3/$6 USD) - 2016/12/06 13:20:02 ET
Table 'Sahlia' 10-max Seat #3 is the button
Seat 3: marcelo v121 ($116.90 in chips)
Seat 8: Great_Kang ($240.64 in chips)
marcelo v121: posts small blind $1
Great_Kang: posts big blind $3
*** HOLE CARDS ***
marcelo v121: raises $3 to $6
Great_Kang: calls $3
*** FLOP *** [9c 2c Qd]
Great_Kang: checks
marcelo v121: bets $3
Great_Kang: calls $3
*** TURN *** [9c 2c Qd] [3h]
Great_Kang: checks
marcelo v121: bets $6
Great_Kang: raises $6 to $12
marcelo v121: raises $6 to $18
Great_Kang: calls $6
*** RIVER *** [9c 2c Qd 3h] [Kc]
Great_Kang: checks
marcelo v121: bets $6
Great_Kang: calls $6
*** SHOW DOWN ***
marcelo v121: shows [Jc Td] (a straight, Nine to King)
Great_Kang: mucks hand
marcelo v121 collected $65.50 from pot
*** SUMMARY ***
Total pot $66 | Rake $0.50
Board [9c 2c Qd 3h Kc]
Seat 3: marcelo v121 (button) (small blind) showed [Jc Td] and won ($65.50) with a straight, Nine to King
Seat 8: Great_Kang (big blind) mucked


PokerStars Hand #162514095671:  Hold'em Limit ($3/$6 USD) - 2016/12/06 13:21:43 ET
Table 'Sahlia' 10-max Seat #8 is the button
Seat 3: marcelo v121 ($164.56 in chips)
Seat 8: Great_Kang ($191.40 in chips)
Great_Kang: posts small blind $1
marcelo v121: posts big blind $3
*** HOLE CARDS ***
Great_Kang: raises $3 to $6
marcelo v121: folds
Uncalled bet ($3) returned to Great_Kang
Great_Kang collected $6 from pot
*** SUMMARY ***
Total pot $6 | Rake $0
Seat 3: marcelo v121 (big blind) folded before Flop
Seat 8: Great_Kang (button) (small blind) collected ($6)


PokerStars Hand #162514046325:  Hold'em Limit ($3/$6 USD) - 2016/12/06 13:20:52 ET
Table 'Sahlia' 10-max Seat #3 is the button
Seat 3: marcelo v121 ($143.40 in chips)
Seat 8: Great_Kang ($213.40 in chips)
marcelo v121: posts small blind $1
Great_Kang: posts big blind $3
*** HOLE CARDS ***
marcelo v121: calls $2
Great_Kang: raises $3 to $6
marcelo v121: raises $3 to $9
Great_Kang: calls $3
*** FLOP *** [9h Qh Js]
Great_Kang: checks
marcelo v121: bets $3
Great_Kang: calls $3
*** TURN *** [9h Qh Js] [3h]
Great_Kang: checks
marcelo v121: bets $6
Great_Kang: folds
Uncalled bet ($6) returned to marcelo v121
marcelo v121 collected $23.52 from pot
*** SUMMARY ***
Total pot $24 | Rake $0.48
Board [9h Qh Js 3h]
Seat 3: marcelo v121 (button) (small blind) collected ($23.52)
Seat 8: Great_Kang (big blind) folded on the Turn


PokerStars Hand #162514069813:  Hold'em Limit ($3/$6 USD) - 2016/12/06 13:21:16 ET
Table 'Sahlia' 10-max Seat #3 is the button
Seat 3: marcelo v121 ($155.92 in chips)
Seat 8: Great_Kang ($200.40 in chips)
marcelo v121: posts small blind $1
Great_Kang: posts big blind $3
*** HOLE CARDS ***
marcelo v121: calls $2
Great_Kang: raises $3 to $6
marcelo v121: calls $3
*** FLOP *** [Ac 5d 7d]
Great_Kang: checks
marcelo v121: bets $3
Great_Kang: calls $3
*** TURN *** [Ac 5d 7d] [As]
Great_Kang: checks
marcelo v121: bets $6
Great_Kang: folds
Uncalled bet ($6) returned to marcelo v121
marcelo v121 collected $17.64 from pot
*** SUMMARY ***
Total pot $18 | Rake $0.36
Board [Ac 5d 7d As]
Seat 3: marcelo v121 (button) (small blind) collected ($17.64)
Seat 8: Great_Kang (big blind) folded on the Turn


PokerStars Hand #162514064566:  Hold'em Limit ($3/$6 USD) - 2016/12/06 13:21:11 ET
Table 'Sahlia' 10-max Seat #8 is the button
Seat 3: marcelo v121 ($154.92 in chips)
Seat 8: Great_Kang ($201.40 in chips)
Great_Kang: posts small blind $1
marcelo v121: posts big blind $3
*** HOLE CARDS ***
Great_Kang: folds
Uncalled bet ($2) returned to marcelo v121
marcelo v121 collected $2 from pot
*** SUMMARY ***
Total pot $2 | Rake $0
Seat 3: marcelo v121 (big blind) collected ($2)
Seat 8: Great_Kang (button) (small blind) folded before Flop


PokerStars Hand #162514147502:  Hold'em Limit ($3/$6 USD) - 2016/12/06 13:22:38 ET
Table 'Sahlia' 10-max Seat #8 is the button
Seat 3: marcelo v121 ($131.56 in chips)
Seat 8: Great_Kang ($223.90 in chips)
Great_Kang: posts small blind $1
marcelo v121: posts big blind $3
*** HOLE CARDS ***
Great_Kang: raises $3 to $6
marcelo v121: folds
Uncalled bet ($3) returned to Great_Kang
Great_Kang collected $6 from pot
Great_Kang: doesn't show hand
*** SUMMARY ***
Total pot $6 | Rake $0
Seat 3: marcelo v121 (big blind) folded before Flop
Seat 8: Great_Kang (button) (small blind) collected ($6)


PokerStars Hand #162514161779:  Hold'em Limit ($3/$6 USD) - 2016/12/06 13:22:53 ET
Table 'Sahlia' 10-max Seat #8 is the button
Seat 3: marcelo v121 ($127.56 in chips)
Seat 8: Great_Kang ($227.90 in chips)
Great_Kang: posts small blind $1
marcelo v121: posts big blind $3
*** HOLE CARDS ***
Great_Kang: raises $3 to $6
marcelo v121: folds
Uncalled bet ($3) returned to Great_Kang
Great_Kang collected $6 from pot
Great_Kang: doesn't show hand
*** SUMMARY ***
Total pot $6 | Rake $0
Seat 3: marcelo v121 (big blind) folded before Flop
Seat 8: Great_Kang (button) (small blind) collected ($6)


PokerStars Hand #162514156800:  Hold'em Limit ($3/$6 USD) - 2016/12/06 13:22:48 ET
Table 'Sahlia' 10-max Seat #3 is the button
Seat 3: marcelo v121 ($128.56 in chips)
Seat 8: Great_Kang ($226.90 in chips)
marcelo v121: posts small blind $1
Great_Kang: posts big blind $3
*** HOLE CARDS ***
marcelo v121: folds
Uncalled bet ($2) returned to Great_Kang
Great_Kang collected $2 from pot
Great_Kang: doesn't show hand
*** SUMMARY ***
Total pot $2 | Rake $0
Seat 3: marcelo v121 (button) (small blind) folded before Flop
Seat 8: Great_Kang (big blind) collected ($2)


PokerStars Hand #162514105602:  Hold'em Limit ($3/$6 USD) - 2016/12/06 13:21:54 ET
Table 'Sahlia' 10-max Seat #3 is the button
Seat 3: marcelo v121 ($161.56 in chips)
Seat 8: Great_Kang ($194.40 in chips)
marcelo v121: posts small blind $1
Great_Kang: posts big blind $3
*** HOLE CARDS ***
marcelo v121: raises $3 to $6
Great_Kang: raises $3 to $9
marcelo v121: raises $3 to $12
Betting is capped
Great_Kang: calls $3
*** FLOP *** [2c Qs 3d]
Great_Kang: checks
marcelo v121: checks
*** TURN *** [2c Qs 3d] [3s]
Great_Kang: checks
marcelo v121: bets $6
Great_Kang: raises $6 to $12
marcelo v121: calls $6
*** RIVER *** [2c Qs 3d 3s] [6s]
Great_Kang: bets $6
marcelo v121: calls $6
*** SHOW DOWN ***
Great_Kang: shows [Qh As] (two pair, Queens and Threes)
marcelo v121: shows [Td Th] (two pair, Tens and Threes)
Great_Kang collected $59.50 from pot
*** SUMMARY ***
Total pot $60 | Rake $0.50
Board [2c Qs 3d 3s 6s]
Seat 3: marcelo v121 (button) (small blind) showed [Td Th] and lost with two pair, Tens and Threes
Seat 8: Great_Kang (big blind) showed [Qh As] and won ($59.50) with two pair, Queens and Threes


PokerStars Hand #162514223924:  Hold'em Limit ($3/$6 USD) - 2016/12/06 13:23:59 ET
Table 'Sahlia' 10-max Seat #8 is the button
Seat 3: marcelo v121 ($131.06 in chips)
Seat 8: Great_Kang ($223.42 in chips)
Great_Kang: posts small blind $1
marcelo v121: posts big blind $3
*** HOLE CARDS ***
Great_Kang: raises $3 to $6
marcelo v121: folds
Uncalled bet ($3) returned to Great_Kang
Great_Kang collected $6 from pot
*** SUMMARY ***
Total pot $6 | Rake $0
Seat 3: marcelo v121 (big blind) folded before Flop
Seat 8: Great_Kang (button) (small blind) collected ($6)


PokerStars Hand #162514197029:  Hold'em Limit ($3/$6 USD) - 2016/12/06 13:23:31 ET
Table 'Sahlia' 10-max Seat #8 is the button
Seat 3: marcelo v121 ($112.56 in chips)
Seat 8: Great_Kang ($242.42 in chips)
Great_Kang: posts small blind $1
marcelo v121: posts big blind $3
*** HOLE CARDS ***
Great_Kang: folds
Uncalled bet ($2) returned to marcelo v121
marcelo v121 collected $2 from pot
*** SUMMARY ***
Total pot $2 | Rake $0
Seat 3: marcelo v121 (big blind) collected ($2)
Seat 8: Great_Kang (button) (small blind) folded before Flop


PokerStars Hand #162514168520:  Hold'em Limit ($3/$6 USD) - 2016/12/06 13:23:00 ET
Table 'Sahlia' 10-max Seat #3 is the button
Seat 3: marcelo v121 ($124.56 in chips)
Seat 8: Great_Kang ($230.90 in chips)
marcelo v121: posts small blind $1
Great_Kang: posts big blind $3
*** HOLE CARDS ***
marcelo v121: raises $3 to $6
Great_Kang: raises $3 to $9
marcelo v121: calls $3
*** FLOP *** [7c Jh Td]
Great_Kang: bets $3
marcelo v121: calls $3
*** TURN *** [7c Jh Td] [Th]
Great_Kang: checks
marcelo v121: checks
*** RIVER *** [7c Jh Td Th] [Ac]
Great_Kang: checks
marcelo v121: checks
*** SHOW DOWN ***
Great_Kang: shows [Ad 9c] (two pair, Aces and Tens)
marcelo v121: mucks hand
Great_Kang collected $23.52 from pot
*** SUMMARY ***
Total pot $24 | Rake $0.48
Board [7c Jh Td Th Ac]
Seat 3: marcelo v121 (button) (small blind) mucked
Seat 8: Great_Kang (big blind) showed [Ad 9c] and won ($23.52) with two pair, Aces and Tens


PokerStars Hand #162514204338:  Hold'em Limit ($3/$6 USD) - 2016/12/06 13:23:38 ET
Table 'Sahlia' 10-max Seat #3 is the button
Seat 3: marcelo v121 ($113.56 in chips)
Seat 8: Great_Kang ($241.42 in chips)
marcelo v121: posts small blind $1
Great_Kang: posts big blind $3
*** HOLE CARDS ***
marcelo v121: calls $2
Great_Kang: checks
*** FLOP *** [8s 7h 4s]
Great_Kang: checks
marcelo v121: bets $3
Great_Kang: calls $3
*** TURN *** [8s 7h 4s] [Ks]
Great_Kang: checks
marcelo v121: bets $6
Great_Kang: calls $6
*** RIVER *** [8s 7h 4s Ks] [6h]
Great_Kang: checks
marcelo v121: bets $6
Great_Kang: calls $6
*** SHOW DOWN ***
marcelo v121: shows [6c 5c] (a straight, Four to Eight)
Great_Kang: mucks hand
marcelo v121 collected $35.50 from pot
*** SUMMARY ***
Total pot $36 | Rake $0.50
Board [8s 7h 4s Ks 6h]
Seat 3: marcelo v121 (button) (small blind) showed [6c 5c] and won ($35.50) with a straight, Four to Eight
Seat 8: Great_Kang (big blind) mucked


PokerStars Hand #162514253947:  Hold'em Limit ($3/$6 USD) - 2016/12/06 13:24:30 ET
Table 'Sahlia' 10-max Seat #8 is the button
Seat 3: marcelo v121 ($142.56 in chips)
Seat 8: Great_Kang ($211.42 in chips)
Great_Kang: posts small blind $1
marcelo v121: posts big blind $3
*** HOLE CARDS ***
EwardoHoekie joins the table at seat #4
Great_Kang: raises $3 to $6
marcelo v121: raises $3 to $9
Great_Kang: calls $3
*** FLOP *** [Ac Qc 7h]
marcelo v121: bets $3
Great_Kang: calls $3
*** TURN *** [Ac Qc 7h] [4d]
marcelo v121: bets $6
Great_Kang: folds
Uncalled bet ($6) returned to marcelo v121
marcelo v121 collected $23.52 from pot
*** SUMMARY ***
Total pot $24 | Rake $0.48
Board [Ac Qc 7h 4d]
Seat 3: marcelo v121 (big blind) collected ($23.52)
Seat 8: Great_Kang (button) (small blind) folded on the Turn


PokerStars Hand #162514234138:  Hold'em Limit ($3/$6 USD) - 2016/12/06 13:24:10 ET
Table 'Sahlia' 10-max Seat #3 is the button
Seat 3: marcelo v121 ($128.06 in chips)
Seat 8: Great_Kang ($226.42 in chips)
marcelo v121: posts small blind $1
Great_Kang: posts big blind $3
*** HOLE CARDS ***
marcelo v121: raises $3 to $6
Great_Kang: calls $3
*** FLOP *** [3h 3d Kd]
Great_Kang: checks
marcelo v121: bets $3
Great_Kang: calls $3
*** TURN *** [3h 3d Kd] [4d]
Great_Kang: checks
marcelo v121: checks
*** RIVER *** [3h 3d Kd 4d] [Ks]
Great_Kang: checks
marcelo v121: bets $6
Great_Kang: calls $6
*** SHOW DOWN ***
marcelo v121: shows [Tc Ah] (two pair, Kings and Threes)
Great_Kang: mucks hand
marcelo v121 collected $29.50 from pot
*** SUMMARY ***
Total pot $30 | Rake $0.50
Board [3h 3d Kd 4d Ks]
Seat 3: marcelo v121 (button) (small blind) showed [Tc Ah] and won ($29.50) with two pair, Kings and Threes
Seat 8: Great_Kang (big blind) mucked


PokerStars Hand #162514374897:  Hold'em Limit ($3/$6 USD) - 2016/12/06 13:26:38 ET
Table 'Sahlia' 10-max Seat #8 is the button
Seat 4: EwardoHoekie ($122.65 in chips)
Seat 8: Great_Kang ($170.34 in chips)
FaStBluff will be allowed to play after the button
Great_Kang: posts small blind $1
EwardoHoekie: posts big blind $3
*** HOLE CARDS ***
Great_Kang: raises $3 to $6
EwardoHoekie: raises $3 to $9
Great_Kang: calls $3
*** FLOP *** [Ah 2h 9s]
EwardoHoekie: bets $3
Great_Kang: folds
Uncalled bet ($3) returned to EwardoHoekie
EwardoHoekie collected $17.64 from pot
EwardoHoekie: doesn't show hand
*** SUMMARY ***
Total pot $18 | Rake $0.36
Board [Ah 2h 9s]
Seat 4: EwardoHoekie (big blind) collected ($17.64)
Seat 8: Great_Kang (button) (small blind) folded on the Flop


PokerStars Hand #162514419103:  Hold'em Limit ($3/$6 USD) - 2016/12/06 13:27:25 ET
Table 'Sahlia' 10-max Seat #8 is the button
Seat 5: FaStBluff ($101 in chips)
Seat 8: Great_Kang ($176.23 in chips)
Great_Kang: posts small blind $1
EwardoHoekie: is sitting out
FaStBluff: posts big blind $3
*** HOLE CARDS ***
Great_Kang: raises $3 to $6
EwardoHoekie leaves the table
FaStBluff: folds
Uncalled bet ($3) returned to Great_Kang
Great_Kang collected $6 from pot
Great_Kang: doesn't show hand
*** SUMMARY ***
Total pot $6 | Rake $0
Seat 5: FaStBluff (big blind) folded before Flop
Seat 8: Great_Kang (button) (small blind) collected ($6)


PokerStars Hand #162514428601:  Hold'em Limit ($3/$6 USD) - 2016/12/06 13:27:35 ET
Table 'Sahlia' 10-max Seat #5 is the button
Seat 5: FaStBluff ($98 in chips)
Seat 8: Great_Kang ($179.23 in chips)
FaStBluff: posts small blind $1
Great_Kang: posts big blind $3
*** HOLE CARDS ***
FaStBluff: folds
Uncalled bet ($2) returned to Great_Kang
Great_Kang collected $2 from pot
Great_Kang: doesn't show hand
*** SUMMARY ***
Total pot $2 | Rake $0
Seat 5: FaStBluff (button) (small blind) folded before Flop
Seat 8: Great_Kang (big blind) collected ($2)


PokerStars Hand #162514433083:  Hold'em Limit ($3/$6 USD) - 2016/12/06 13:27:40 ET
Table 'Sahlia' 10-max Seat #8 is the button
Seat 5: FaStBluff ($97 in chips)
Seat 8: Great_Kang ($180.23 in chips)
Great_Kang: posts small blind $1
FaStBluff: posts big blind $3
*** HOLE CARDS ***
Great_Kang: raises $3 to $6
FaStBluff: folds
Uncalled bet ($3) returned to Great_Kang
Great_Kang collected $6 from pot
Great_Kang: doesn't show hand
*** SUMMARY ***
Total pot $6 | Rake $0
Seat 5: FaStBluff (big blind) folded before Flop
Seat 8: Great_Kang (button) (small blind) collected ($6)


PokerStars Hand #162514439050:  Hold'em Limit ($3/$6 USD) - 2016/12/06 13:27:46 ET
Table 'Sahlia' 10-max Seat #5 is the button
Seat 5: FaStBluff ($94 in chips)
Seat 8: Great_Kang ($183.23 in chips)
FaStBluff: posts small blind $1
Great_Kang: posts big blind $3
*** HOLE CARDS ***
FaStBluff: raises $3 to $6
Great_Kang: raises $3 to $9
FaStBluff: calls $3
*** FLOP *** [2s Jc 6c]
Great_Kang: bets $3
FaStBluff: calls $3
*** TURN *** [2s Jc 6c] [7s]
Great_Kang: bets $6
FaStBluff: folds
Uncalled bet ($6) returned to Great_Kang
Great_Kang collected $23.52 from pot
*** SUMMARY ***
Total pot $24 | Rake $0.48
Board [2s Jc 6c 7s]
Seat 5: FaStBluff (button) (small blind) folded on the Turn
Seat 8: Great_Kang (big blind) collected ($23.52)


