PokerStars Hand #163503081047:  Hold'em Limit ($3/$6 USD) - 2016/12/25 13:19:43 ET
Table 'Sahlia II' 6-max Seat #2 is the button
Seat 2: RockKillerTY ($184.87 in chips)
Seat 6: vestimokrec ($349.88 in chips)
RockKillerTY: posts small blind $1
Ale4o: is sitting out
vestimokrec: posts big blind $3
*** HOLE CARDS ***
pokarinha joins the table at seat #5
RockKillerTY: raises $3 to $6
vestimokrec: calls $3
*** FLOP *** [Ad Tc 3h]
vestimokrec: checks
RockKillerTY: bets $3
vestimokrec: raises $3 to $6
RockKillerTY: calls $3
*** TURN *** [Ad Tc 3h] [5d]
ZOGI was removed from the table for failing to post
Ale4o leaves the table
vestimokrec: bets $6
RockKillerTY: calls $6
*** RIVER *** [Ad Tc 3h 5d] [Qs]
vestimokrec: checks
RockKillerTY: bets $6
vestimokrec: folds
Uncalled bet ($6) returned to RockKillerTY
RockKillerTY collected $35.50 from pot
RockKillerTY: doesn't show hand
*** SUMMARY ***
Total pot $36 | Rake $0.50
Board [Ad Tc 3h 5d Qs]
Seat 2: RockKillerTY (button) (small blind) collected ($35.50)
Seat 6: vestimokrec (big blind) folded on the River


PokerStars Hand #163503136687:  Hold'em Limit ($3/$6 USD) - 2016/12/25 13:20:42 ET
Table 'Sahlia II' 6-max Seat #6 is the button
Seat 2: RockKillerTY ($202.37 in chips)
Seat 6: vestimokrec ($331.88 in chips)
vestimokrec: posts small blind $1
RockKillerTY: posts big blind $3
*** HOLE CARDS ***
vestimokrec: raises $3 to $6
RockKillerTY: calls $3
*** FLOP *** [3h 5h 2c]
RockKillerTY: checks
vestimokrec: bets $3
RockKillerTY: calls $3
*** TURN *** [3h 5h 2c] [Kd]
RockKillerTY: checks
vestimokrec: bets $6
RockKillerTY: raises $6 to $12
vestimokrec: calls $6
*** RIVER *** [3h 5h 2c Kd] [Js]
RockKillerTY: bets $6
vestimokrec: calls $6
*** SHOW DOWN ***
RockKillerTY: shows [4s Ah] (a straight, Ace to Five)
vestimokrec: mucks hand
RockKillerTY collected $53.50 from pot
*** SUMMARY ***
Total pot $54 | Rake $0.50
Board [3h 5h 2c Kd Js]
Seat 2: RockKillerTY (big blind) showed [4s Ah] and won ($53.50) with a straight, Ace to Five
Seat 6: vestimokrec (button) (small blind) mucked


PokerStars Hand #163503174338:  Hold'em Limit ($3/$6 USD) - 2016/12/25 13:21:21 ET
Table 'Sahlia II' 6-max Seat #5 is the button
Seat 2: RockKillerTY ($227.87 in chips)
Seat 5: pokarinha ($117 in chips)
pokarinha: posts small blind $1
vestimokrec: is sitting out
RockKillerTY: posts big blind $3
*** HOLE CARDS ***
pokarinha: raises $3 to $6
RockKillerTY: calls $3
*** FLOP *** [Qc Ah Jc]
RockKillerTY: checks
pokarinha: bets $3
vestimokrec leaves the table
RockKillerTY: calls $3
*** TURN *** [Qc Ah Jc] [8h]
RockKillerTY: checks
pokarinha: bets $6
RockKillerTY: calls $6
*** RIVER *** [Qc Ah Jc 8h] [5c]
iskambil joins the table at seat #6
RockKillerTY: checks
pokarinha: bets $6
RockKillerTY: folds
Uncalled bet ($6) returned to pokarinha
pokarinha collected $29.50 from pot
pokarinha: doesn't show hand
*** SUMMARY ***
Total pot $30 | Rake $0.50
Board [Qc Ah Jc 8h 5c]
Seat 2: RockKillerTY (big blind) folded on the River
Seat 5: pokarinha (button) (small blind) collected ($29.50)


PokerStars Hand #163503196658:  Hold'em Limit ($3/$6 USD) - 2016/12/25 13:21:45 ET
Table 'Sahlia II' 6-max Seat #2 is the button
Seat 2: RockKillerTY ($212.87 in chips)
Seat 5: pokarinha ($131.50 in chips)
RockKillerTY: posts small blind $1
Luanto 14 was removed from the table for failing to post
pokarinha: posts big blind $3
*** HOLE CARDS ***
RockKillerTY: raises $3 to $6
pokarinha: calls $3
*** FLOP *** [Tc 2c 5d]
pokarinha: checks
RockKillerTY: bets $3
pokarinha: folds
Uncalled bet ($3) returned to RockKillerTY
RockKillerTY collected $11.76 from pot
RockKillerTY: doesn't show hand
*** SUMMARY ***
Total pot $12 | Rake $0.24
Board [Tc 2c 5d]
Seat 2: RockKillerTY (button) (small blind) collected ($11.76)
Seat 5: pokarinha (big blind) folded on the Flop


PokerStars Hand #163504374089:  Hold'em Limit ($3/$6 USD) - 2016/12/25 13:42:06 ET
Table 'Sahlia II' 6-max Seat #1 is the button
Seat 1: vestimokrec ($129.64 in chips)
Seat 6: cergei735 ($31.01 in chips)
vestimokrec: posts small blind $1
cergei735: posts big blind $3
*** HOLE CARDS ***
vestimokrec: raises $3 to $6
cergei735: folds
Uncalled bet ($3) returned to vestimokrec
vestimokrec collected $6 from pot
vestimokrec: doesn't show hand
*** SUMMARY ***
Total pot $6 | Rake $0
Seat 1: vestimokrec (button) (small blind) collected ($6)
Seat 6: cergei735 (big blind) folded before Flop


PokerStars Hand #163504368723:  Hold'em Limit ($3/$6 USD) - 2016/12/25 13:42:00 ET
Table 'Sahlia II' 6-max Seat #6 is the button
Seat 1: vestimokrec ($128.64 in chips)
Seat 6: cergei735 ($32.01 in chips)
cergei735: posts small blind $1
vestimokrec: posts big blind $3
*** HOLE CARDS ***
cergei735: folds
Uncalled bet ($2) returned to vestimokrec
vestimokrec collected $2 from pot
vestimokrec: doesn't show hand
*** SUMMARY ***
Total pot $2 | Rake $0
Seat 1: vestimokrec (big blind) collected ($2)
Seat 6: cergei735 (button) (small blind) folded before Flop


PokerStars Hand #163504316315:  Hold'em Limit ($3/$6 USD) - 2016/12/25 13:41:05 ET
Table 'Sahlia II' 6-max Seat #1 is the button
Seat 1: vestimokrec ($120 in chips)
Seat 6: cergei735 ($41.01 in chips)
vestimokrec: posts small blind $1
cergei735: posts big blind $3
*** HOLE CARDS ***
vestimokrec: raises $3 to $6
cergei735: calls $3
*** FLOP *** [5c Qd Ts]
cergei735: checks
vestimokrec: bets $3
cergei735: calls $3
*** TURN *** [5c Qd Ts] [2h]
cergei735: checks
vestimokrec: checks
*** RIVER *** [5c Qd Ts 2h] [9d]
cergei735: checks
vestimokrec: bets $6
cergei735: folds
Uncalled bet ($6) returned to vestimokrec
vestimokrec collected $17.64 from pot
vestimokrec: doesn't show hand
*** SUMMARY ***
Total pot $18 | Rake $0.36
Board [5c Qd Ts 2h 9d]
Seat 1: vestimokrec (button) (small blind) collected ($17.64)
Seat 6: cergei735 (big blind) folded on the River


PokerStars Hand #163504379625:  Hold'em Limit ($3/$6 USD) - 2016/12/25 13:42:11 ET
Table 'Sahlia II' 6-max Seat #6 is the button
Seat 1: vestimokrec ($132.64 in chips)
Seat 6: cergei735 ($28.01 in chips)
cergei735: posts small blind $1
vestimokrec: posts big blind $3
*** HOLE CARDS ***
cergei735: calls $2
vestimokrec: raises $3 to $6
cergei735: calls $3
*** FLOP *** [Jd 5c 6h]
vestimokrec: bets $3
cergei735: calls $3
*** TURN *** [Jd 5c 6h] [Kh]
vestimokrec: bets $6
cergei735: calls $6
*** RIVER *** [Jd 5c 6h Kh] [Ks]
vestimokrec: bets $6
cergei735: raises $6 to $12
vestimokrec: calls $6
*** SHOW DOWN ***
cergei735: shows [5s 6c] (two pair, Kings and Sixes)
vestimokrec: shows [Ah Jc] (two pair, Kings and Jacks)
vestimokrec collected $53.50 from pot
*** SUMMARY ***
Total pot $54 | Rake $0.50
Board [Jd 5c 6h Kh Ks]
Seat 1: vestimokrec (big blind) showed [Ah Jc] and won ($53.50) with two pair, Kings and Jacks
Seat 6: cergei735 (button) (small blind) showed [5s 6c] and lost with two pair, Kings and Sixes


PokerStars Hand #163504683664:  Hold'em Limit ($3/$6 USD) - 2016/12/25 13:47:28 ET
Table 'Sahlia II' 6-max Seat #1 is the button
Seat 1: VolkovDmitri ($120 in chips)
Seat 4: psycopato ($202.65 in chips)
VolkovDmitri: posts small blind $1
psycopato: posts big blind $3
*** HOLE CARDS ***
VolkovDmitri: raises $3 to $6
psycopato: folds
Uncalled bet ($3) returned to VolkovDmitri
VolkovDmitri collected $6 from pot
*** SUMMARY ***
Total pot $6 | Rake $0
Seat 1: VolkovDmitri (button) (small blind) collected ($6)
Seat 4: psycopato (big blind) folded before Flop


PokerStars Hand #163504690955:  Hold'em Limit ($3/$6 USD) - 2016/12/25 13:47:36 ET
Table 'Sahlia II' 6-max Seat #4 is the button
Seat 1: VolkovDmitri ($123 in chips)
Seat 4: psycopato ($199.65 in chips)
psycopato: posts small blind $1
VolkovDmitri: posts big blind $3
*** HOLE CARDS ***
psycopato: folds
Uncalled bet ($2) returned to VolkovDmitri
VolkovDmitri collected $2 from pot
VolkovDmitri: doesn't show hand
*** SUMMARY ***
Total pot $2 | Rake $0
Seat 1: VolkovDmitri (big blind) collected ($2)
Seat 4: psycopato (button) (small blind) folded before Flop


PokerStars Hand #163504696825:  Hold'em Limit ($3/$6 USD) - 2016/12/25 13:47:42 ET
Table 'Sahlia II' 6-max Seat #1 is the button
Seat 1: VolkovDmitri ($124 in chips)
Seat 4: psycopato ($198.65 in chips)
VolkovDmitri: posts small blind $1
psycopato: posts big blind $3
*** HOLE CARDS ***
VolkovDmitri: raises $3 to $6
psycopato: raises $3 to $9
VolkovDmitri: calls $3
*** FLOP *** [9h 3d 9c]
psycopato: bets $3
VolkovDmitri: calls $3
*** TURN *** [9h 3d 9c] [8d]
psycopato: bets $6
VolkovDmitri: folds
Uncalled bet ($6) returned to psycopato
psycopato collected $23.52 from pot
psycopato: doesn't show hand
*** SUMMARY ***
Total pot $24 | Rake $0.48
Board [9h 3d 9c 8d]
Seat 1: VolkovDmitri (button) (small blind) folded on the Turn
Seat 4: psycopato (big blind) collected ($23.52)


PokerStars Hand #163504720469:  Hold'em Limit ($3/$6 USD) - 2016/12/25 13:48:06 ET
Table 'Sahlia II' 6-max Seat #4 is the button
Seat 1: VolkovDmitri ($120 in chips)
Seat 4: psycopato ($210.17 in chips)
psycopato: posts small blind $1
VolkovDmitri: posts big blind $3
*** HOLE CARDS ***
psycopato: folds
Uncalled bet ($2) returned to VolkovDmitri
VolkovDmitri collected $2 from pot
VolkovDmitri: doesn't show hand
*** SUMMARY ***
Total pot $2 | Rake $0
Seat 1: VolkovDmitri (big blind) collected ($2)
Seat 4: psycopato (button) (small blind) folded before Flop


PokerStars Hand #163504771899:  Hold'em Limit ($3/$6 USD) - 2016/12/25 13:49:00 ET
Table 'Sahlia II' 6-max Seat #4 is the button
Seat 1: VolkovDmitri ($150.50 in chips)
Seat 4: psycopato ($179.17 in chips)
psycopato: posts small blind $1
VolkovDmitri: posts big blind $3
*** HOLE CARDS ***
psycopato: folds
Uncalled bet ($2) returned to VolkovDmitri
VolkovDmitri collected $2 from pot
*** SUMMARY ***
Total pot $2 | Rake $0
Seat 1: VolkovDmitri (big blind) collected ($2)
Seat 4: psycopato (button) (small blind) folded before Flop


PokerStars Hand #163504728220:  Hold'em Limit ($3/$6 USD) - 2016/12/25 13:48:14 ET
Table 'Sahlia II' 6-max Seat #1 is the button
Seat 1: VolkovDmitri ($121 in chips)
Seat 4: psycopato ($209.17 in chips)
VolkovDmitri: posts small blind $1
psycopato: posts big blind $3
*** HOLE CARDS ***
VolkovDmitri: raises $3 to $6
psycopato: raises $3 to $9
VolkovDmitri: calls $3
*** FLOP *** [Qs 4d Ad]
psycopato: bets $3
VolkovDmitri: calls $3
*** TURN *** [Qs 4d Ad] [5s]
psycopato: bets $6
VolkovDmitri: raises $6 to $12
psycopato: calls $6
*** RIVER *** [Qs 4d Ad 5s] [Ah]
psycopato: bets $6
VolkovDmitri: raises $6 to $12
psycopato: folds
Uncalled bet ($6) returned to VolkovDmitri
VolkovDmitri collected $59.50 from pot
VolkovDmitri: doesn't show hand
*** SUMMARY ***
Total pot $60 | Rake $0.50
Board [Qs 4d Ad 5s Ah]
Seat 1: VolkovDmitri (button) (small blind) collected ($59.50)
Seat 4: psycopato (big blind) folded on the River


PokerStars Hand #163504778028:  Hold'em Limit ($3/$6 USD) - 2016/12/25 13:49:06 ET
Table 'Sahlia II' 6-max Seat #1 is the button
Seat 1: VolkovDmitri ($151.50 in chips)
Seat 4: psycopato ($178.17 in chips)
VolkovDmitri: posts small blind $1
psycopato: posts big blind $3
*** HOLE CARDS ***
VolkovDmitri: raises $3 to $6
psycopato: folds
Uncalled bet ($3) returned to VolkovDmitri
VolkovDmitri collected $6 from pot
VolkovDmitri: doesn't show hand
*** SUMMARY ***
Total pot $6 | Rake $0
Seat 1: VolkovDmitri (button) (small blind) collected ($6)
Seat 4: psycopato (big blind) folded before Flop


PokerStars Hand #163504785989:  Hold'em Limit ($3/$6 USD) - 2016/12/25 13:49:15 ET
Table 'Sahlia II' 6-max Seat #4 is the button
Seat 1: VolkovDmitri ($154.50 in chips)
Seat 4: psycopato ($175.17 in chips)
psycopato: posts small blind $1
VolkovDmitri: posts big blind $3
*** HOLE CARDS ***
psycopato: raises $3 to $6
VolkovDmitri: calls $3
*** FLOP *** [9s 7s 4s]
VolkovDmitri: checks
psycopato: bets $3
VolkovDmitri: calls $3
*** TURN *** [9s 7s 4s] [8d]
VolkovDmitri: bets $6
psycopato: calls $6
*** RIVER *** [9s 7s 4s 8d] [Kc]
VolkovDmitri: bets $6
psycopato: folds
Uncalled bet ($6) returned to VolkovDmitri
VolkovDmitri collected $29.50 from pot
VolkovDmitri: doesn't show hand
*** SUMMARY ***
Total pot $30 | Rake $0.50
Board [9s 7s 4s 8d Kc]
Seat 1: VolkovDmitri (big blind) collected ($29.50)
Seat 4: psycopato (button) (small blind) folded on the River


PokerStars Hand #163504809316:  Hold'em Limit ($3/$6 USD) - 2016/12/25 13:49:39 ET
Table 'Sahlia II' 6-max Seat #1 is the button
Seat 1: VolkovDmitri ($169 in chips)
Seat 4: psycopato ($160.17 in chips)
VolkovDmitri: posts small blind $1
psycopato: posts big blind $3
*** HOLE CARDS ***
VolkovDmitri: raises $3 to $6
psycopato: calls $3
*** FLOP *** [6s 9d Kh]
psycopato: checks
VolkovDmitri: bets $3
psycopato: calls $3
*** TURN *** [6s 9d Kh] [8d]
psycopato: checks
VolkovDmitri: checks
*** RIVER *** [6s 9d Kh 8d] [Ts]
psycopato: bets $6
VolkovDmitri: folds
Uncalled bet ($6) returned to psycopato
psycopato collected $17.64 from pot
psycopato: doesn't show hand
*** SUMMARY ***
Total pot $18 | Rake $0.36
Board [6s 9d Kh 8d Ts]
Seat 1: VolkovDmitri (button) (small blind) folded on the River
Seat 4: psycopato (big blind) collected ($17.64)


PokerStars Hand #163504834967:  Hold'em Limit ($3/$6 USD) - 2016/12/25 13:50:05 ET
Table 'Sahlia II' 6-max Seat #4 is the button
Seat 1: VolkovDmitri ($160 in chips)
Seat 4: psycopato ($168.81 in chips)
psycopato: posts small blind $1
VolkovDmitri: posts big blind $3
*** HOLE CARDS ***
psycopato: raises $3 to $6
Apanage joins the table at seat #5
VolkovDmitri: raises $3 to $9
psycopato: calls $3
*** FLOP *** [2d Kd Ks]
VolkovDmitri: bets $3
psycopato: folds
Uncalled bet ($3) returned to VolkovDmitri
VolkovDmitri collected $17.64 from pot
VolkovDmitri: doesn't show hand
*** SUMMARY ***
Total pot $18 | Rake $0.36
Board [2d Kd Ks]
Seat 1: VolkovDmitri (big blind) collected ($17.64)
Seat 4: psycopato (button) (small blind) folded on the Flop


PokerStars Hand #163504857758:  Hold'em Limit ($3/$6 USD) - 2016/12/25 13:50:29 ET
Table 'Sahlia II' 6-max Seat #5 is the button
Seat 4: psycopato ($159.81 in chips)
Seat 5: Apanage ($80 in chips)
Apanage: posts small blind $1
psycopato: posts big blind $3
*** HOLE CARDS ***
Apanage: raises $3 to $6
psycopato: raises $3 to $9
popeluha joins the table at seat #6
Apanage: calls $3
*** FLOP *** [2c Td 5s]
vestimokrec joins the table at seat #1
psycopato: bets $3
Apanage: calls $3
*** TURN *** [2c Td 5s] [Ah]
kungsbjörn joins the table at seat #3
psycopato: bets $6
Apanage: folds
Uncalled bet ($6) returned to psycopato
psycopato collected $23.52 from pot
psycopato: doesn't show hand
*** SUMMARY ***
Total pot $24 | Rake $0.48
Board [2c Td 5s Ah]
Seat 4: psycopato (big blind) collected ($23.52)
Seat 5: Apanage (button) (small blind) folded on the Turn


PokerStars Hand #163510892150:  Hold'em Limit ($3/$6 USD) - 2016/12/25 15:31:58 ET
Table 'Sahlia II' 6-max Seat #3 is the button
Seat 1: 1BETEP1 ($64.48 in chips)
Seat 3: sandeep ($144.36 in chips)
sandeep: posts small blind $1
Apanage: is sitting out
1BETEP1: posts big blind $3
*** HOLE CARDS ***
sandeep: folds
Uncalled bet ($2) returned to 1BETEP1
1BETEP1 collected $2 from pot
1BETEP1: doesn't show hand
*** SUMMARY ***
Total pot $2 | Rake $0
Seat 1: 1BETEP1 (big blind) collected ($2)
Seat 3: sandeep (button) (small blind) folded before Flop


PokerStars Hand #163510925707:  Hold'em Limit ($3/$6 USD) - 2016/12/25 15:32:29 ET
Table 'Sahlia II' 6-max Seat #3 is the button
Seat 1: 1BETEP1 ($75 in chips)
Seat 3: sandeep ($133.36 in chips)
sandeep: posts small blind $1
1BETEP1: posts big blind $3
*** HOLE CARDS ***
sandeep: raises $3 to $6
1BETEP1: calls $3
*** FLOP *** [7s 5d 6h]
1BETEP1: bets $3
sandeep: raises $3 to $6
1BETEP1: calls $3
*** TURN *** [7s 5d 6h] [5s]
1BETEP1: checks
sandeep: bets $6
1BETEP1: raises $6 to $12
sandeep: calls $6
*** RIVER *** [7s 5d 6h 5s] [6c]
1BETEP1: bets $6
sandeep: folds
Uncalled bet ($6) returned to 1BETEP1
1BETEP1 collected $47.50 from pot
1BETEP1: doesn't show hand
*** SUMMARY ***
Total pot $48 | Rake $0.50
Board [7s 5d 6h 5s 6c]
Seat 1: 1BETEP1 (big blind) collected ($47.50)
Seat 3: sandeep (button) (small blind) folded on the River


PokerStars Hand #163510919834:  Hold'em Limit ($3/$6 USD) - 2016/12/25 15:32:24 ET
Table 'Sahlia II' 6-max Seat #1 is the button
Seat 1: 1BETEP1 ($76 in chips)
Seat 3: sandeep ($132.36 in chips)
1BETEP1: posts small blind $1
sandeep: posts big blind $3
*** HOLE CARDS ***
1BETEP1: folds
Uncalled bet ($2) returned to sandeep
sandeep collected $2 from pot
sandeep: doesn't show hand
*** SUMMARY ***
Total pot $2 | Rake $0
Seat 1: 1BETEP1 (button) (small blind) folded before Flop
Seat 3: sandeep (big blind) collected ($2)


PokerStars Hand #163510904318:  Hold'em Limit ($3/$6 USD) - 2016/12/25 15:32:09 ET
Table 'Sahlia II' 6-max Seat #3 is the button
Seat 1: 1BETEP1 ($64.48 in chips)
Seat 3: sandeep ($144.36 in chips)
sandeep: posts small blind $1
1BETEP1: posts big blind $3
*** HOLE CARDS ***
sandeep: raises $3 to $6
1BETEP1: raises $3 to $9
sandeep: calls $3
*** FLOP *** [Jd 6d 4d]
1BETEP1: bets $3
sandeep: calls $3
*** TURN *** [Jd 6d 4d] [Td]
1BETEP1: bets $6
sandeep: folds
Uncalled bet ($6) returned to 1BETEP1
1BETEP1 collected $23.52 from pot
1BETEP1: doesn't show hand
*** SUMMARY ***
Total pot $24 | Rake $0.48
Board [Jd 6d 4d Td]
Seat 1: 1BETEP1 (big blind) collected ($23.52)
Seat 3: sandeep (button) (small blind) folded on the Turn


PokerStars Hand #163510898648:  Hold'em Limit ($3/$6 USD) - 2016/12/25 15:32:03 ET
Table 'Sahlia II' 6-max Seat #1 is the button
Seat 1: 1BETEP1 ($65.48 in chips)
Seat 3: sandeep ($143.36 in chips)
1BETEP1: posts small blind $1
sandeep: posts big blind $3
*** HOLE CARDS ***
1BETEP1: folds
Uncalled bet ($2) returned to sandeep
Apanage leaves the table
sandeep collected $2 from pot
sandeep: doesn't show hand
*** SUMMARY ***
Total pot $2 | Rake $0
Seat 1: 1BETEP1 (button) (small blind) folded before Flop
Seat 3: sandeep (big blind) collected ($2)


PokerStars Hand #163510947959:  Hold'em Limit ($3/$6 USD) - 2016/12/25 15:32:50 ET
Table 'Sahlia II' 6-max Seat #1 is the button
Seat 1: 1BETEP1 ($98.50 in chips)
Seat 3: sandeep ($109.36 in chips)
1BETEP1: posts small blind $1
sandeep: posts big blind $3
*** HOLE CARDS ***
1BETEP1: raises $3 to $6
sandeep: folds
Uncalled bet ($3) returned to 1BETEP1
1BETEP1 collected $6 from pot
1BETEP1: doesn't show hand
*** SUMMARY ***
Total pot $6 | Rake $0
Seat 1: 1BETEP1 (button) (small blind) collected ($6)
Seat 3: sandeep (big blind) folded before Flop


PokerStars Hand #163511015447:  Hold'em Limit ($3/$6 USD) - 2016/12/25 15:33:52 ET
Table 'Sahlia II' 6-max Seat #1 is the button
Seat 1: 1BETEP1 ($41.50 in chips)
Seat 3: sandeep ($164.86 in chips)
1BETEP1: posts small blind $1
sandeep: posts big blind $3
*** HOLE CARDS ***
1BETEP1: raises $3 to $6
sandeep: folds
Uncalled bet ($3) returned to 1BETEP1
1BETEP1 collected $6 from pot
1BETEP1: doesn't show hand
*** SUMMARY ***
Total pot $6 | Rake $0
Seat 1: 1BETEP1 (button) (small blind) collected ($6)
Seat 3: sandeep (big blind) folded before Flop


PokerStars Hand #163510997072:  Hold'em Limit ($3/$6 USD) - 2016/12/25 15:33:36 ET
Table 'Sahlia II' 6-max Seat #3 is the button
Seat 1: 1BETEP1 ($59.50 in chips)
Seat 3: sandeep ($147.36 in chips)
sandeep: posts small blind $1
1BETEP1: posts big blind $3
*** HOLE CARDS ***
sandeep: raises $3 to $6
1BETEP1: raises $3 to $9
sandeep: calls $3
*** FLOP *** [8c Qc 3s]
1BETEP1: bets $3
sandeep: calls $3
*** TURN *** [8c Qc 3s] [Td]
1BETEP1: checks
sandeep: checks
*** RIVER *** [8c Qc 3s Td] [Ks]
1BETEP1: bets $6
sandeep: calls $6
*** SHOW DOWN ***
1BETEP1: shows [7d 6d] (high card King)
sandeep: shows [Th 9s] (a pair of Tens)
sandeep collected $35.50 from pot
*** SUMMARY ***
Total pot $36 | Rake $0.50
Board [8c Qc 3s Td Ks]
Seat 1: 1BETEP1 (big blind) showed [7d 6d] and lost with high card King
Seat 3: sandeep (button) (small blind) showed [Th 9s] and won ($35.50) with a pair of Tens


PokerStars Hand #163510974204:  Hold'em Limit ($3/$6 USD) - 2016/12/25 15:33:15 ET
Table 'Sahlia II' 6-max Seat #1 is the button
Seat 1: 1BETEP1 ($86.50 in chips)
Seat 3: sandeep ($120.86 in chips)
1BETEP1: posts small blind $1
sandeep: posts big blind $3
*** HOLE CARDS ***
1BETEP1: raises $3 to $6
sandeep: raises $3 to $9
1BETEP1: calls $3
*** FLOP *** [9d 4d 9c]
sandeep: checks
1BETEP1: checks
*** TURN *** [9d 4d 9c] [Qh]
sandeep: checks
1BETEP1: bets $6
sandeep: raises $6 to $12
1BETEP1: calls $6
*** RIVER *** [9d 4d 9c Qh] [2c]
sandeep: bets $6
1BETEP1: calls $6
*** SHOW DOWN ***
sandeep: shows [9s 9h] (four of a kind, Nines)
1BETEP1: mucks hand
sandeep collected $53.50 from pot
*** SUMMARY ***
Total pot $54 | Rake $0.50
Board [9d 4d 9c Qh 2c]
Seat 1: 1BETEP1 (button) (small blind) mucked
Seat 3: sandeep (big blind) showed [9s 9h] and won ($53.50) with four of a kind, Nines


PokerStars Hand #163510955183:  Hold'em Limit ($3/$6 USD) - 2016/12/25 15:32:57 ET
Table 'Sahlia II' 6-max Seat #3 is the button
Seat 1: 1BETEP1 ($101.50 in chips)
Seat 3: sandeep ($106.36 in chips)
sandeep: posts small blind $1
1BETEP1: posts big blind $3
*** HOLE CARDS ***
sandeep: raises $3 to $6
1BETEP1: calls $3
*** FLOP *** [5s Qc 6s]
1BETEP1: checks
sandeep: bets $3
1BETEP1: calls $3
*** TURN *** [5s Qc 6s] [Tc]
1BETEP1: checks
sandeep: bets $6
1BETEP1: calls $6
*** RIVER *** [5s Qc 6s Tc] [Jh]
1BETEP1: checks
sandeep: checks
*** SHOW DOWN ***
1BETEP1: shows [6d 3s] (a pair of Sixes)
sandeep: shows [Kc 6c] (a pair of Sixes - King kicker)
sandeep collected $29.50 from pot
*** SUMMARY ***
Total pot $30 | Rake $0.50
Board [5s Qc 6s Tc Jh]
Seat 1: 1BETEP1 (big blind) showed [6d 3s] and lost with a pair of Sixes
Seat 3: sandeep (button) (small blind) showed [Kc 6c] and won ($29.50) with a pair of Sixes


PokerStars Hand #163511057526:  Hold'em Limit ($3/$6 USD) - 2016/12/25 15:34:32 ET
Table 'Sahlia II' 6-max Seat #3 is the button
Seat 1: 1BETEP1 ($56.14 in chips)
Seat 3: sandeep ($149.86 in chips)
sandeep: posts small blind $1
1BETEP1: posts big blind $3
*** HOLE CARDS ***
sandeep: folds
Uncalled bet ($2) returned to 1BETEP1
1BETEP1 collected $2 from pot
1BETEP1: doesn't show hand
*** SUMMARY ***
Total pot $2 | Rake $0
Seat 1: 1BETEP1 (big blind) collected ($2)
Seat 3: sandeep (button) (small blind) folded before Flop


PokerStars Hand #163511051587:  Hold'em Limit ($3/$6 USD) - 2016/12/25 15:34:26 ET
Table 'Sahlia II' 6-max Seat #1 is the button
Seat 1: 1BETEP1 ($57.14 in chips)
Seat 3: sandeep ($148.86 in chips)
1BETEP1: posts small blind $1
sandeep: posts big blind $3
*** HOLE CARDS ***
1BETEP1: folds
Uncalled bet ($2) returned to sandeep
sandeep collected $2 from pot
sandeep: doesn't show hand
*** SUMMARY ***
Total pot $2 | Rake $0
Seat 1: 1BETEP1 (button) (small blind) folded before Flop
Seat 3: sandeep (big blind) collected ($2)


PokerStars Hand #163511045540:  Hold'em Limit ($3/$6 USD) - 2016/12/25 15:34:20 ET
Table 'Sahlia II' 6-max Seat #3 is the button
Seat 1: 1BETEP1 ($56.14 in chips)
Seat 3: sandeep ($149.86 in chips)
sandeep: posts small blind $1
1BETEP1: posts big blind $3
*** HOLE CARDS ***
sandeep: folds
Uncalled bet ($2) returned to 1BETEP1
1BETEP1 collected $2 from pot
1BETEP1: doesn't show hand
*** SUMMARY ***
Total pot $2 | Rake $0
Seat 1: 1BETEP1 (big blind) collected ($2)
Seat 3: sandeep (button) (small blind) folded before Flop


PokerStars Hand #163511039120:  Hold'em Limit ($3/$6 USD) - 2016/12/25 15:34:14 ET
Table 'Sahlia II' 6-max Seat #1 is the button
Seat 1: 1BETEP1 ($53.14 in chips)
Seat 3: sandeep ($152.86 in chips)
1BETEP1: posts small blind $1
sandeep: posts big blind $3
*** HOLE CARDS ***
1BETEP1: raises $3 to $6
sandeep: folds
Uncalled bet ($3) returned to 1BETEP1
1BETEP1 collected $6 from pot
1BETEP1: doesn't show hand
*** SUMMARY ***
Total pot $6 | Rake $0
Seat 1: 1BETEP1 (button) (small blind) collected ($6)
Seat 3: sandeep (big blind) folded before Flop


PokerStars Hand #163511023701:  Hold'em Limit ($3/$6 USD) - 2016/12/25 15:34:00 ET
Table 'Sahlia II' 6-max Seat #3 is the button
Seat 1: 1BETEP1 ($44.50 in chips)
Seat 3: sandeep ($161.86 in chips)
sandeep: posts small blind $1
1BETEP1: posts big blind $3
*** HOLE CARDS ***
sandeep: raises $3 to $6
1BETEP1: calls $3
*** FLOP *** [Qc 7c Qs]
1BETEP1: checks
sandeep: bets $3
1BETEP1: raises $3 to $6
sandeep: folds
Uncalled bet ($3) returned to 1BETEP1
1BETEP1 collected $17.64 from pot
1BETEP1: doesn't show hand
*** SUMMARY ***
Total pot $18 | Rake $0.36
Board [Qc 7c Qs]
Seat 1: 1BETEP1 (big blind) collected ($17.64)
Seat 3: sandeep (button) (small blind) folded on the Flop


PokerStars Hand #163511063184:  Hold'em Limit ($3/$6 USD) - 2016/12/25 15:34:37 ET
Table 'Sahlia II' 6-max Seat #1 is the button
Seat 1: 1BETEP1 ($57.14 in chips)
Seat 3: sandeep ($148.86 in chips)
1BETEP1: posts small blind $1
sandeep: posts big blind $3
*** HOLE CARDS ***
1BETEP1: raises $3 to $6
sandeep: calls $3
*** FLOP *** [9s 6h 2s]
sandeep: checks
1BETEP1: bets $3
sandeep: calls $3
*** TURN *** [9s 6h 2s] [6c]
sandeep: checks
1BETEP1: bets $6
sandeep: raises $6 to $12
1BETEP1: calls $6
*** RIVER *** [9s 6h 2s 6c] [9h]
sandeep: bets $6
1BETEP1: calls $6
*** SHOW DOWN ***
sandeep: shows [6s Tc] (a full house, Sixes full of Nines)
1BETEP1: mucks hand
sandeep collected $53.50 from pot
*** SUMMARY ***
Total pot $54 | Rake $0.50
Board [9s 6h 2s 6c 9h]
Seat 1: 1BETEP1 (button) (small blind) mucked
Seat 3: sandeep (big blind) showed [6s Tc] and won ($53.50) with a full house, Sixes full of Nines


PokerStars Hand #163511134887:  Hold'em Limit ($3/$6 USD) - 2016/12/25 15:35:43 ET
Table 'Sahlia II' 6-max Seat #3 is the button
Seat 1: 1BETEP1 ($47.39 in chips)
Seat 3: sandeep ($157.11 in chips)
sandeep: posts small blind $1
1BETEP1: posts big blind $3
*** HOLE CARDS ***
sandeep: raises $3 to $6
1BETEP1: raises $3 to $9
sandeep: calls $3
*** FLOP *** [7h 5c 2h]
1BETEP1: bets $3
sandeep: calls $3
*** TURN *** [7h 5c 2h] [5s]
1BETEP1: bets $6
sandeep: folds
Uncalled bet ($6) returned to 1BETEP1
1BETEP1 collected $23.52 from pot
1BETEP1: doesn't show hand
*** SUMMARY ***
Total pot $24 | Rake $0.48
Board [7h 5c 2h 5s]
Seat 1: 1BETEP1 (big blind) collected ($23.52)
Seat 3: sandeep (button) (small blind) folded on the Turn


PokerStars Hand #163511104456:  Hold'em Limit ($3/$6 USD) - 2016/12/25 15:35:15 ET
Table 'Sahlia II' 6-max Seat #1 is the button
Seat 1: 1BETEP1 ($47.64 in chips)
Seat 3: sandeep ($157.36 in chips)
1BETEP1: posts small blind $1
sandeep: posts big blind $3
*** HOLE CARDS ***
1BETEP1: raises $3 to $6
sandeep: calls $3
*** FLOP *** [4s As 6c]
sandeep: checks
1BETEP1: bets $3
sandeep: calls $3
*** TURN *** [4s As 6c] [6s]
sandeep: checks
1BETEP1: bets $6
sandeep: raises $6 to $12
1BETEP1: raises $6 to $18
sandeep: calls $6
*** RIVER *** [4s As 6c 6s] [4h]
sandeep: bets $6
1BETEP1: raises $6 to $12
sandeep: raises $6 to $18
1BETEP1: raises $2.64 to $20.64 and is all-in
Betting is capped
sandeep: calls $2.64
*** SHOW DOWN ***
1BETEP1: shows [6h Td] (a full house, Sixes full of Fours)
sandeep: shows [6d Ks] (a full house, Sixes full of Fours)
sandeep collected $47.39 from pot
1BETEP1 collected $47.39 from pot
*** SUMMARY ***
Total pot $95.28 | Rake $0.50
Board [4s As 6c 6s 4h]
Seat 1: 1BETEP1 (button) (small blind) showed [6h Td] and won ($47.39) with a full house, Sixes full of Fours
Seat 3: sandeep (big blind) showed [6d Ks] and won ($47.39) with a full house, Sixes full of Fours


PokerStars Hand #163511084083:  Hold'em Limit ($3/$6 USD) - 2016/12/25 15:34:56 ET
Table 'Sahlia II' 6-max Seat #3 is the button
Seat 1: 1BETEP1 ($30.14 in chips)
Seat 3: sandeep ($175.36 in chips)
sandeep: posts small blind $1
1BETEP1: posts big blind $3
*** HOLE CARDS ***
sandeep: raises $3 to $6
1BETEP1: raises $3 to $9
sandeep: calls $3
*** FLOP *** [6s 3d Jh]
1BETEP1: bets $3
sandeep: calls $3
*** TURN *** [6s 3d Jh] [9h]
1BETEP1: bets $6
sandeep: calls $6
*** RIVER *** [6s 3d Jh 9h] [Jc]
1BETEP1: bets $6
sandeep: folds
Uncalled bet ($6) returned to 1BETEP1
1BETEP1 collected $35.50 from pot
1BETEP1: doesn't show hand
*** SUMMARY ***
Total pot $36 | Rake $0.50
Board [6s 3d Jh 9h Jc]
Seat 1: 1BETEP1 (big blind) collected ($35.50)
Seat 3: sandeep (button) (small blind) folded on the River


PokerStars Hand #163511149682:  Hold'em Limit ($3/$6 USD) - 2016/12/25 15:35:57 ET
Table 'Sahlia II' 6-max Seat #1 is the button
Seat 1: 1BETEP1 ($58.91 in chips)
Seat 3: sandeep ($145.11 in chips)
1BETEP1: posts small blind $1
sandeep: posts big blind $3
*** HOLE CARDS ***
1BETEP1: raises $3 to $6
sandeep: calls $3
*** FLOP *** [9h 7s Td]
sandeep: checks
1BETEP1: bets $3
lanford joins the table at seat #4
sandeep: raises $3 to $6
1BETEP1: raises $3 to $9
sandeep: raises $3 to $12
Betting is capped
1BETEP1: calls $3
*** TURN *** [9h 7s Td] [7d]
sandeep: bets $6
1BETEP1: calls $6
*** RIVER *** [9h 7s Td 7d] [Ac]
sandeep: bets $6
1BETEP1: calls $6
*** SHOW DOWN ***
sandeep: shows [7h Tc] (a full house, Sevens full of Tens)
1BETEP1: mucks hand
sandeep collected $59.50 from pot
*** SUMMARY ***
Total pot $60 | Rake $0.50
Board [9h 7s Td 7d Ac]
Seat 1: 1BETEP1 (button) (small blind) mucked
Seat 3: sandeep (big blind) showed [7h Tc] and won ($59.50) with a full house, Sevens full of Tens


PokerStars Hand #163512190584:  Hold'em Limit ($3/$6 USD) - 2016/12/25 15:52:22 ET
Table 'Sahlia II' 6-max Seat #3 is the button
Seat 3: sandeep ($181.07 in chips)
Seat 5: Azrarn ($145.34 in chips)
sandeep: posts small blind $1
Azrarn: posts big blind $3
*** HOLE CARDS ***
sandeep: raises $3 to $6
Azrarn: calls $3
*** FLOP *** [4d 6h 4h]
Azrarn: checks
sandeep: checks
*** TURN *** [4d 6h 4h] [9c]
Azrarn: checks
sandeep: checks
*** RIVER *** [4d 6h 4h 9c] [Jc]
Hannibal2211 joins the table at seat #4
Azrarn: checks
sandeep: checks
*** SHOW DOWN ***
Azrarn: shows [5s Td] (a pair of Fours)
sandeep: shows [Ad 2s] (a pair of Fours - Ace kicker)
sandeep collected $11.76 from pot
*** SUMMARY ***
Total pot $12 | Rake $0.24
Board [4d 6h 4h 9c Jc]
Seat 3: sandeep (button) (small blind) showed [Ad 2s] and won ($11.76) with a pair of Fours
Seat 5: Azrarn (big blind) showed [5s Td] and lost with a pair of Fours


PokerStars Hand #163512178325:  Hold'em Limit ($3/$6 USD) - 2016/12/25 15:52:11 ET
Table 'Sahlia II' 6-max Seat #5 is the button
Seat 3: sandeep ($180.07 in chips)
Seat 5: Azrarn ($146.34 in chips)
Azrarn: posts small blind $1
lanford: is sitting out
sandeep: posts big blind $3
*** HOLE CARDS ***
lanford leaves the table
Azrarn: folds
Uncalled bet ($2) returned to sandeep
sandeep collected $2 from pot
sandeep: doesn't show hand
*** SUMMARY ***
Total pot $2 | Rake $0
Seat 3: sandeep (big blind) collected ($2)
Seat 5: Azrarn (button) (small blind) folded before Flop


PokerStars Hand #163512238674:  Hold'em Limit ($3/$6 USD) - 2016/12/25 15:53:09 ET
Table 'Sahlia II' 6-max Seat #5 is the button
Seat 3: sandeep ($186.83 in chips)
Seat 5: Azrarn ($139.34 in chips)
Azrarn: posts small blind $1
sandeep: posts big blind $3
*** HOLE CARDS ***
Azrarn: raises $3 to $6
sandeep: calls $3
*** FLOP *** [Kd Jc Qh]
sandeep: bets $3
Azrarn: calls $3
*** TURN *** [Kd Jc Qh] [4s]
sandeep: checks
Azrarn: checks
*** RIVER *** [Kd Jc Qh 4s] [3d]
sandeep: checks
Azrarn: checks
*** SHOW DOWN ***
sandeep: shows [9h 2h] (high card King)
Azrarn: shows [Td 8s] (high card King - Queen+Jack+Ten kicker)
Azrarn collected $17.64 from pot
*** SUMMARY ***
Total pot $18 | Rake $0.36
Board [Kd Jc Qh 4s 3d]
Seat 3: sandeep (big blind) showed [9h 2h] and lost with high card King
Seat 5: Azrarn (button) (small blind) showed [Td 8s] and won ($17.64) with high card King


PokerStars Hand #163515911922:  Hold'em Limit ($3/$6 USD) - 2016/12/25 16:55:20 ET
Table 'Sahlia II' 6-max Seat #4 is the button
Seat 1: ToDaFelt ($141.45 in chips)
Seat 4: Hannibal2211 ($89.35 in chips)
Hannibal2211: posts small blind $1
zizonmusang: is sitting out
ToDaFelt: posts big blind $3
*** HOLE CARDS ***
Hannibal2211: raises $3 to $6
ToDaFelt: calls $3
*** FLOP *** [4h 2s 2c]
ToDaFelt: checks
Hannibal2211: checks
*** TURN *** [4h 2s 2c] [3s]
ToDaFelt: checks
Hannibal2211: checks
*** RIVER *** [4h 2s 2c 3s] [Ks]
ToDaFelt: bets $6
Hannibal2211: folds
Uncalled bet ($6) returned to ToDaFelt
ToDaFelt collected $11.76 from pot
ToDaFelt: doesn't show hand
*** SUMMARY ***
Total pot $12 | Rake $0.24
Board [4h 2s 2c 3s Ks]
Seat 1: ToDaFelt (big blind) collected ($11.76)
Seat 4: Hannibal2211 (button) (small blind) folded on the River


PokerStars Hand #163515940410:  Hold'em Limit ($3/$6 USD) - 2016/12/25 16:56:00 ET
Table 'Sahlia II' 6-max Seat #1 is the button
Seat 1: ToDaFelt ($147.21 in chips)
Seat 4: Hannibal2211 ($83.35 in chips)
ToDaFelt: posts small blind $1
Hannibal2211: posts big blind $3
*** HOLE CARDS ***
ToDaFelt: raises $3 to $6
Hannibal2211: calls $3
*** FLOP *** [8c 9d 6c]
Hannibal2211: checks
ToDaFelt: bets $3
Hannibal2211: raises $3 to $6
ToDaFelt: calls $3
*** TURN *** [8c 9d 6c] [Qs]
Hannibal2211: checks
ToDaFelt: checks
*** RIVER *** [8c 9d 6c Qs] [Ah]
zizonmusang leaves the table
Hannibal2211: checks
ToDaFelt: checks
*** SHOW DOWN ***
Hannibal2211: shows [8s Ac] (two pair, Aces and Eights)
ToDaFelt: mucks hand
Hannibal2211 collected $23.52 from pot
*** SUMMARY ***
Total pot $24 | Rake $0.48
Board [8c 9d 6c Qs Ah]
Seat 1: ToDaFelt (button) (small blind) mucked
Seat 4: Hannibal2211 (big blind) showed [8s Ac] and won ($23.52) with two pair, Aces and Eights


