PokerStars Hand #147899305514:  Hold'em Limit ($3/$6 USD) - 2016/01/29 17:11:03 ET
Table 'Sahlia' 10-max Seat #6 is the button
Seat 6: BelSv ($296.74 in chips)
Seat 10: db49 ($150.03 in chips)
BelSv: posts small blind $1
db49: posts big blind $3
*** HOLE CARDS ***
BelSv: raises $3 to $6
db49: calls $3
*** FLOP *** [6h 8s Ks]
db49: checks
BelSv: bets $3
db49: folds
Uncalled bet ($3) returned to BelSv
BelSv collected $11.76 from pot
BelSv: doesn't show hand
*** SUMMARY ***
Total pot $12 | Rake $0.24
Board [6h 8s Ks]
Seat 6: BelSv (button) (small blind) collected ($11.76)
Seat 10: db49 (big blind) folded on the Flop


PokerStars Hand #147899293403:  Hold'em Limit ($3/$6 USD) - 2016/01/29 17:10:51 ET
Table 'Sahlia' 10-max Seat #10 is the button
Seat 6: BelSv ($290.98 in chips)
Seat 10: db49 ($156.03 in chips)
db49: posts small blind $1
BelSv: posts big blind $3
*** HOLE CARDS ***
db49: raises $3 to $6
BelSv: calls $3
*** FLOP *** [9h Jd Kd]
BelSv: checks
db49: checks
*** TURN *** [9h Jd Kd] [4s]
BelSv: bets $6
db49: folds
Uncalled bet ($6) returned to BelSv
BelSv collected $11.76 from pot
BelSv: doesn't show hand
*** SUMMARY ***
Total pot $12 | Rake $0.24
Board [9h Jd Kd 4s]
Seat 6: BelSv (big blind) collected ($11.76)
Seat 10: db49 (button) (small blind) folded on the Turn


PokerStars Hand #147899287728:  Hold'em Limit ($3/$6 USD) - 2016/01/29 17:10:45 ET
Table 'Sahlia' 10-max Seat #6 is the button
Seat 6: BelSv ($291.98 in chips)
Seat 10: db49 ($155.03 in chips)
BelSv: posts small blind $1
db49: posts big blind $3
*** HOLE CARDS ***
BelSv: folds
Uncalled bet ($2) returned to db49
db49 collected $2 from pot
db49: doesn't show hand
*** SUMMARY ***
Total pot $2 | Rake $0
Seat 6: BelSv (button) (small blind) folded before Flop
Seat 10: db49 (big blind) collected ($2)


PokerStars Hand #147899278653:  Hold'em Limit ($3/$6 USD) - 2016/01/29 17:10:36 ET
Table 'Sahlia' 10-max Seat #10 is the button
Seat 6: BelSv ($297.98 in chips)
Seat 10: db49 ($149.27 in chips)
db49: posts small blind $1
Pokali: is sitting out
BelSv: posts big blind $3
*** HOLE CARDS ***
db49: raises $3 to $6
Pokali leaves the table
BelSv: calls $3
*** FLOP *** [7c Jd 6d]
BelSv: checks
db49: bets $3
BelSv: folds
Uncalled bet ($3) returned to db49
db49 collected $11.76 from pot
db49: doesn't show hand
*** SUMMARY ***
Total pot $12 | Rake $0.24
Board [7c Jd 6d]
Seat 6: BelSv (big blind) folded on the Flop
Seat 10: db49 (button) (small blind) collected ($11.76)


PokerStars Hand #147899365586:  Hold'em Limit ($3/$6 USD) - 2016/01/29 17:12:03 ET
Table 'Sahlia' 10-max Seat #10 is the button
Seat 6: BelSv ($316.90 in chips)
Seat 10: db49 ($129.03 in chips)
db49: posts small blind $1
BelSv: posts big blind $3
*** HOLE CARDS ***
db49: raises $3 to $6
BelSv: raises $3 to $9
db49: folds
Uncalled bet ($3) returned to BelSv
BelSv collected $12 from pot
BelSv: doesn't show hand
*** SUMMARY ***
Total pot $12 | Rake $0
Seat 6: BelSv (big blind) collected ($12)
Seat 10: db49 (button) (small blind) folded before Flop


PokerStars Hand #147899354160:  Hold'em Limit ($3/$6 USD) - 2016/01/29 17:11:51 ET
Table 'Sahlia' 10-max Seat #6 is the button
Seat 6: BelSv ($311.14 in chips)
Seat 10: db49 ($135.03 in chips)
BelSv: posts small blind $1
db49: posts big blind $3
*** HOLE CARDS ***
BelSv: raises $3 to $6
db49: calls $3
*** FLOP *** [Jc Qs Ac]
db49: folds
BelSv collected $11.76 from pot
BelSv: doesn't show hand
*** SUMMARY ***
Total pot $12 | Rake $0.24
Board [Jc Qs Ac]
Seat 6: BelSv (button) (small blind) collected ($11.76)
Seat 10: db49 (big blind) folded on the Flop


PokerStars Hand #147899330022:  Hold'em Limit ($3/$6 USD) - 2016/01/29 17:11:27 ET
Table 'Sahlia' 10-max Seat #6 is the button
Seat 6: BelSv ($311.14 in chips)
Seat 10: db49 ($135.03 in chips)
BelSv: posts small blind $1
db49: posts big blind $3
*** HOLE CARDS ***
BelSv: raises $3 to $6
db49: folds
Uncalled bet ($3) returned to BelSv
BelSv collected $6 from pot
BelSv: doesn't show hand
*** SUMMARY ***
Total pot $6 | Rake $0
Seat 6: BelSv (button) (small blind) collected ($6)
Seat 10: db49 (big blind) folded before Flop


PokerStars Hand #147899316208:  Hold'em Limit ($3/$6 USD) - 2016/01/29 17:11:13 ET
Table 'Sahlia' 10-max Seat #10 is the button
Seat 6: BelSv ($302.50 in chips)
Seat 10: db49 ($144.03 in chips)
db49: posts small blind $1
BelSv: posts big blind $3
*** HOLE CARDS ***
db49: raises $3 to $6
BelSv: raises $3 to $9
db49: calls $3
*** FLOP *** [Qs 5d 5h]
BelSv: bets $3
db49: folds
Uncalled bet ($3) returned to BelSv
BelSv collected $17.64 from pot
BelSv: doesn't show hand
*** SUMMARY ***
Total pot $18 | Rake $0.36
Board [Qs 5d 5h]
Seat 6: BelSv (big blind) collected ($17.64)
Seat 10: db49 (button) (small blind) folded on the Flop


PokerStars Hand #147899342896:  Hold'em Limit ($3/$6 USD) - 2016/01/29 17:11:40 ET
Table 'Sahlia' 10-max Seat #6 is the button
Seat 6: BelSv ($311.14 in chips)
Seat 10: db49 ($135.03 in chips)
BelSv: posts small blind $1
db49: posts big blind $3
*** HOLE CARDS ***
BelSv: folds
Uncalled bet ($2) returned to db49
db49 collected $2 from pot
db49: doesn't show hand
*** SUMMARY ***
Total pot $2 | Rake $0
Seat 6: BelSv (button) (small blind) folded before Flop
Seat 10: db49 (big blind) collected ($2)


PokerStars Hand #147899337558:  Hold'em Limit ($3/$6 USD) - 2016/01/29 17:11:35 ET
Table 'Sahlia' 10-max Seat #10 is the button
Seat 6: BelSv ($314.14 in chips)
Seat 10: db49 ($132.03 in chips)
db49: posts small blind $1
BelSv: posts big blind $3
*** HOLE CARDS ***
db49: raises $3 to $6
BelSv: folds
Uncalled bet ($3) returned to db49
db49 collected $6 from pot
db49: doesn't show hand
*** SUMMARY ***
Total pot $6 | Rake $0
Seat 6: BelSv (big blind) folded before Flop
Seat 10: db49 (button) (small blind) collected ($6)


PokerStars Hand #147899347532:  Hold'em Limit ($3/$6 USD) - 2016/01/29 17:11:45 ET
Table 'Sahlia' 10-max Seat #10 is the button
Seat 6: BelSv ($310.14 in chips)
Seat 10: db49 ($136.03 in chips)
db49: posts small blind $1
BelSv: posts big blind $3
*** HOLE CARDS ***
db49: folds
Uncalled bet ($2) returned to BelSv
BelSv collected $2 from pot
BelSv: doesn't show hand
*** SUMMARY ***
Total pot $2 | Rake $0
Seat 6: BelSv (big blind) collected ($2)
Seat 10: db49 (button) (small blind) folded before Flop


PokerStars Hand #147899375176:  Hold'em Limit ($3/$6 USD) - 2016/01/29 17:12:12 ET
Table 'Sahlia' 10-max Seat #6 is the button
Seat 6: BelSv ($322.90 in chips)
Seat 10: db49 ($123.03 in chips)
BelSv: posts small blind $1
db49: posts big blind $3
*** HOLE CARDS ***
BelSv: raises $3 to $6
db49: raises $3 to $9
BelSv: raises $3 to $12
Betting is capped
db49: calls $3
*** FLOP *** [Jh 4h 9h]
db49: checks
BelSv: bets $3
db49: folds
Uncalled bet ($3) returned to BelSv
BelSv collected $23.52 from pot
BelSv: doesn't show hand
*** SUMMARY ***
Total pot $24 | Rake $0.48
Board [Jh 4h 9h]
Seat 6: BelSv (button) (small blind) collected ($23.52)
Seat 10: db49 (big blind) folded on the Flop


PokerStars Hand #147899399077:  Hold'em Limit ($3/$6 USD) - 2016/01/29 17:12:36 ET
Table 'Sahlia' 10-max Seat #6 is the button
Seat 6: BelSv ($328.42 in chips)
Seat 10: db49 ($116.79 in chips)
BelSv: posts small blind $1
db49: posts big blind $3
*** HOLE CARDS ***
BelSv: raises $3 to $6
db49: folds
Uncalled bet ($3) returned to BelSv
BelSv collected $6 from pot
BelSv: doesn't show hand
*** SUMMARY ***
Total pot $6 | Rake $0
Seat 6: BelSv (button) (small blind) collected ($6)
Seat 10: db49 (big blind) folded before Flop


PokerStars Hand #147899389927:  Hold'em Limit ($3/$6 USD) - 2016/01/29 17:12:27 ET
Table 'Sahlia' 10-max Seat #10 is the button
Seat 6: BelSv ($334.42 in chips)
Seat 10: db49 ($111.03 in chips)
db49: posts small blind $1
BelSv: posts big blind $3
*** HOLE CARDS ***
db49: raises $3 to $6
BelSv: calls $3
*** FLOP *** [7s 9c Kh]
BelSv: checks
db49: bets $3
BelSv: folds
Uncalled bet ($3) returned to db49
db49 collected $11.76 from pot
db49: doesn't show hand
*** SUMMARY ***
Total pot $12 | Rake $0.24
Board [7s 9c Kh]
Seat 6: BelSv (big blind) folded on the Flop
Seat 10: db49 (button) (small blind) collected ($11.76)


PokerStars Hand #147899406918:  Hold'em Limit ($3/$6 USD) - 2016/01/29 17:12:44 ET
Table 'Sahlia' 10-max Seat #10 is the button
Seat 6: BelSv ($331.42 in chips)
Seat 10: db49 ($113.79 in chips)
db49: posts small blind $1
BelSv: posts big blind $3
*** HOLE CARDS ***
db49: raises $3 to $6
BelSv: calls $3
*** FLOP *** [3d Qd Qs]
BelSv: checks
db49: bets $3
BelSv: folds
Uncalled bet ($3) returned to db49
db49 collected $11.76 from pot
db49: doesn't show hand
*** SUMMARY ***
Total pot $12 | Rake $0.24
Board [3d Qd Qs]
Seat 6: BelSv (big blind) folded on the Flop
Seat 10: db49 (button) (small blind) collected ($11.76)


PokerStars Hand #147899440267:  Hold'em Limit ($3/$6 USD) - 2016/01/29 17:13:17 ET
Table 'Sahlia' 10-max Seat #6 is the button
Seat 6: BelSv ($325.42 in chips)
Seat 10: db49 ($119.55 in chips)
BelSv: posts small blind $1
db49: posts big blind $3
*** HOLE CARDS ***
BelSv: raises $3 to $6
db49: raises $3 to $9
BelSv: calls $3
*** FLOP *** [Kd 6c Kh]
db49: bets $3
BelSv: calls $3
*** TURN *** [Kd 6c Kh] [7d]
db49: bets $6
BelSv: calls $6
*** RIVER *** [Kd 6c Kh 7d] [6d]
db49: bets $6
BelSv: calls $6
*** SHOW DOWN ***
db49: shows [As 3d] (two pair, Kings and Sixes)
BelSv: shows [Qs Ah] (two pair, Kings and Sixes)
db49 collected $23.75 from pot
BelSv collected $23.75 from pot
*** SUMMARY ***
Total pot $48 | Rake $0.50
Board [Kd 6c Kh 7d 6d]
Seat 6: BelSv (button) (small blind) showed [Qs Ah] and won ($23.75) with two pair, Kings and Sixes
Seat 10: db49 (big blind) showed [As 3d] and won ($23.75) with two pair, Kings and Sixes


PokerStars Hand #147899480544:  Hold'em Limit ($3/$6 USD) - 2016/01/29 17:13:57 ET
Table 'Sahlia' 10-max Seat #10 is the button
Seat 6: BelSv ($325.17 in chips)
Seat 10: db49 ($119.30 in chips)
db49: posts small blind $1
BelSv: posts big blind $3
*** HOLE CARDS ***
db49: raises $3 to $6
BelSv: calls $3
*** FLOP *** [4c Ah Kd]
BelSv: checks
db49: bets $3
BelSv: folds
Uncalled bet ($3) returned to db49
db49 collected $11.76 from pot
db49: doesn't show hand
*** SUMMARY ***
Total pot $12 | Rake $0.24
Board [4c Ah Kd]
Seat 6: BelSv (big blind) folded on the Flop
Seat 10: db49 (button) (small blind) collected ($11.76)


PokerStars Hand #147899498550:  Hold'em Limit ($3/$6 USD) - 2016/01/29 17:14:15 ET
Table 'Sahlia' 10-max Seat #6 is the button
Seat 6: BelSv ($319.17 in chips)
Seat 10: db49 ($125.06 in chips)
BelSv: posts small blind $1
db49: posts big blind $3
*** HOLE CARDS ***
BelSv: raises $3 to $6
db49: raises $3 to $9
BelSv: calls $3
*** FLOP *** [6c As 6h]
db49: bets $3
BelSv: folds
Uncalled bet ($3) returned to db49
db49 collected $17.64 from pot
db49: doesn't show hand
*** SUMMARY ***
Total pot $18 | Rake $0.36
Board [6c As 6h]
Seat 6: BelSv (button) (small blind) folded on the Flop
Seat 10: db49 (big blind) collected ($17.64)


PokerStars Hand #147899522245:  Hold'em Limit ($3/$6 USD) - 2016/01/29 17:14:39 ET
Table 'Sahlia' 10-max Seat #10 is the button
Seat 6: BelSv ($310.17 in chips)
Seat 10: db49 ($133.70 in chips)
db49: posts small blind $1
BelSv: posts big blind $3
*** HOLE CARDS ***
db49: raises $3 to $6
BelSv: raises $3 to $9
db49: calls $3
*** FLOP *** [4c 5s 7c]
BelSv: bets $3
db49: raises $3 to $6
BelSv: calls $3
*** TURN *** [4c 5s 7c] [4h]
BelSv: checks
db49: bets $6
BelSv: folds
Uncalled bet ($6) returned to db49
db49 collected $29.50 from pot
db49: doesn't show hand
*** SUMMARY ***
Total pot $30 | Rake $0.50
Board [4c 5s 7c 4h]
Seat 6: BelSv (big blind) folded on the Turn
Seat 10: db49 (button) (small blind) collected ($29.50)


PokerStars Hand #147899540493:  Hold'em Limit ($3/$6 USD) - 2016/01/29 17:14:58 ET
Table 'Sahlia' 10-max Seat #6 is the button
Seat 6: BelSv ($295.17 in chips)
Seat 10: db49 ($148.20 in chips)
BelSv: posts small blind $1
db49: posts big blind $3
*** HOLE CARDS ***
BelSv: raises $3 to $6
db49: calls $3
*** FLOP *** [3d Ts Ks]
db49: checks
BelSv: bets $3
db49: raises $3 to $6
BelSv: calls $3
*** TURN *** [3d Ts Ks] [Jc]
db49: bets $6
BelSv: calls $6
*** RIVER *** [3d Ts Ks Jc] [Jh]
db49: bets $6
BelSv: folds
Uncalled bet ($6) returned to db49
db49 collected $35.50 from pot
db49: doesn't show hand
*** SUMMARY ***
Total pot $36 | Rake $0.50
Board [3d Ts Ks Jc Jh]
Seat 6: BelSv (button) (small blind) folded on the River
Seat 10: db49 (big blind) collected ($35.50)


PokerStars Hand #147899564983:  Hold'em Limit ($3/$6 USD) - 2016/01/29 17:15:22 ET
Table 'Sahlia' 10-max Seat #10 is the button
Seat 6: BelSv ($277.17 in chips)
Seat 10: db49 ($165.70 in chips)
db49: posts small blind $1
BelSv: posts big blind $3
*** HOLE CARDS ***
db49: raises $3 to $6
BelSv: calls $3
*** FLOP *** [Kd 2d 7d]
BelSv: checks
db49: bets $3
BelSv: folds
Uncalled bet ($3) returned to db49
db49 collected $11.76 from pot
db49: doesn't show hand
*** SUMMARY ***
Total pot $12 | Rake $0.24
Board [Kd 2d 7d]
Seat 6: BelSv (big blind) folded on the Flop
Seat 10: db49 (button) (small blind) collected ($11.76)


PokerStars Hand #147899579327:  Hold'em Limit ($3/$6 USD) - 2016/01/29 17:15:36 ET
Table 'Sahlia' 10-max Seat #6 is the button
Seat 6: BelSv ($271.17 in chips)
Seat 10: db49 ($171.46 in chips)
BelSv: posts small blind $1
db49: posts big blind $3
*** HOLE CARDS ***
BelSv: raises $3 to $6
db49: folds
Uncalled bet ($3) returned to BelSv
BelSv collected $6 from pot
BelSv: doesn't show hand
*** SUMMARY ***
Total pot $6 | Rake $0
Seat 6: BelSv (button) (small blind) collected ($6)
Seat 10: db49 (big blind) folded before Flop


PokerStars Hand #147899585837:  Hold'em Limit ($3/$6 USD) - 2016/01/29 17:15:43 ET
Table 'Sahlia' 10-max Seat #10 is the button
Seat 6: BelSv ($274.17 in chips)
Seat 10: db49 ($168.46 in chips)
db49: posts small blind $1
BelSv: posts big blind $3
*** HOLE CARDS ***
db49: raises $3 to $6
BelSv: calls $3
*** FLOP *** [5d 6d 5c]
BelSv: checks
db49: bets $3
BelSv: raises $3 to $6
db49: raises $3 to $9
BelSv: calls $3
*** TURN *** [5d 6d 5c] [7s]
BelSv: checks
db49: checks
*** RIVER *** [5d 6d 5c 7s] [Ks]
BelSv: checks
db49: bets $6
BelSv: calls $6
*** SHOW DOWN ***
db49: shows [Kd Jd] (two pair, Kings and Fives)
BelSv: mucks hand
db49 collected $41.50 from pot
*** SUMMARY ***
Total pot $42 | Rake $0.50
Board [5d 6d 5c 7s Ks]
Seat 6: BelSv (big blind) mucked
Seat 10: db49 (button) (small blind) showed [Kd Jd] and won ($41.50) with two pair, Kings and Fives


PokerStars Hand #147899610399:  Hold'em Limit ($3/$6 USD) - 2016/01/29 17:16:07 ET
Table 'Sahlia' 10-max Seat #6 is the button
Seat 6: BelSv ($253.17 in chips)
Seat 10: db49 ($188.96 in chips)
BelSv: posts small blind $1
db49: posts big blind $3
*** HOLE CARDS ***
BelSv: raises $3 to $6
db49: calls $3
*** FLOP *** [Ts Ad Jh]
db49: checks
BelSv: bets $3
db49: calls $3
*** TURN *** [Ts Ad Jh] [Th]
db49: checks
BelSv: bets $6
db49: folds
Uncalled bet ($6) returned to BelSv
BelSv collected $17.64 from pot
BelSv: doesn't show hand
*** SUMMARY ***
Total pot $18 | Rake $0.36
Board [Ts Ad Jh Th]
Seat 6: BelSv (button) (small blind) collected ($17.64)
Seat 10: db49 (big blind) folded on the Turn


PokerStars Hand #147899638338:  Hold'em Limit ($3/$6 USD) - 2016/01/29 17:16:35 ET
Table 'Sahlia' 10-max Seat #10 is the button
Seat 6: BelSv ($261.81 in chips)
Seat 10: db49 ($179.96 in chips)
db49: posts small blind $1
BelSv: posts big blind $3
*** HOLE CARDS ***
db49: folds
Uncalled bet ($2) returned to BelSv
BelSv collected $2 from pot
BelSv: doesn't show hand
*** SUMMARY ***
Total pot $2 | Rake $0
Seat 6: BelSv (big blind) collected ($2)
Seat 10: db49 (button) (small blind) folded before Flop


PokerStars Hand #147899652814:  Hold'em Limit ($3/$6 USD) - 2016/01/29 17:16:50 ET
Table 'Sahlia' 10-max Seat #10 is the button
Seat 6: BelSv ($261.81 in chips)
Seat 10: db49 ($179.96 in chips)
db49: posts small blind $1
BelSv: posts big blind $3
*** HOLE CARDS ***
db49: folds
Uncalled bet ($2) returned to BelSv
BelSv collected $2 from pot
BelSv: doesn't show hand
*** SUMMARY ***
Total pot $2 | Rake $0
Seat 6: BelSv (big blind) collected ($2)
Seat 10: db49 (button) (small blind) folded before Flop


PokerStars Hand #147899643036:  Hold'em Limit ($3/$6 USD) - 2016/01/29 17:16:40 ET
Table 'Sahlia' 10-max Seat #6 is the button
Seat 6: BelSv ($262.81 in chips)
Seat 10: db49 ($178.96 in chips)
BelSv: posts small blind $1
db49: posts big blind $3
*** HOLE CARDS ***
BelSv: folds
Uncalled bet ($2) returned to db49
db49 collected $2 from pot
db49: doesn't show hand
*** SUMMARY ***
Total pot $2 | Rake $0
Seat 6: BelSv (button) (small blind) folded before Flop
Seat 10: db49 (big blind) collected ($2)


PokerStars Hand #147899664773:  Hold'em Limit ($3/$6 USD) - 2016/01/29 17:17:02 ET
Table 'Sahlia' 10-max Seat #10 is the button
Seat 6: BelSv ($265.81 in chips)
Seat 10: db49 ($175.96 in chips)
db49: posts small blind $1
BelSv: posts big blind $3
*** HOLE CARDS ***
db49: folds
Uncalled bet ($2) returned to BelSv
BelSv collected $2 from pot
BelSv: doesn't show hand
*** SUMMARY ***
Total pot $2 | Rake $0
Seat 6: BelSv (big blind) collected ($2)
Seat 10: db49 (button) (small blind) folded before Flop


PokerStars Hand #147899658538:  Hold'em Limit ($3/$6 USD) - 2016/01/29 17:16:55 ET
Table 'Sahlia' 10-max Seat #6 is the button
Seat 6: BelSv ($262.81 in chips)
Seat 10: db49 ($178.96 in chips)
BelSv: posts small blind $1
db49: posts big blind $3
*** HOLE CARDS ***
BelSv: raises $3 to $6
db49: folds
Uncalled bet ($3) returned to BelSv
BelSv collected $6 from pot
BelSv: doesn't show hand
*** SUMMARY ***
Total pot $6 | Rake $0
Seat 6: BelSv (button) (small blind) collected ($6)
Seat 10: db49 (big blind) folded before Flop


PokerStars Hand #147899670308:  Hold'em Limit ($3/$6 USD) - 2016/01/29 17:17:07 ET
Table 'Sahlia' 10-max Seat #6 is the button
Seat 6: BelSv ($266.81 in chips)
Seat 10: db49 ($174.96 in chips)
BelSv: posts small blind $1
db49: posts big blind $3
*** HOLE CARDS ***
BelSv: raises $3 to $6
db49: folds
Uncalled bet ($3) returned to BelSv
BelSv collected $6 from pot
BelSv: doesn't show hand
*** SUMMARY ***
Total pot $6 | Rake $0
Seat 6: BelSv (button) (small blind) collected ($6)
Seat 10: db49 (big blind) folded before Flop


PokerStars Hand #147899679788:  Hold'em Limit ($3/$6 USD) - 2016/01/29 17:17:17 ET
Table 'Sahlia' 10-max Seat #10 is the button
Seat 6: BelSv ($269.81 in chips)
Seat 10: db49 ($171.96 in chips)
db49: posts small blind $1
BelSv: posts big blind $3
*** HOLE CARDS ***
db49: folds
Uncalled bet ($2) returned to BelSv
BelSv collected $2 from pot
BelSv: doesn't show hand
*** SUMMARY ***
Total pot $2 | Rake $0
Seat 6: BelSv (big blind) collected ($2)
Seat 10: db49 (button) (small blind) folded before Flop


PokerStars Hand #147899686078:  Hold'em Limit ($3/$6 USD) - 2016/01/29 17:17:23 ET
Table 'Sahlia' 10-max Seat #6 is the button
Seat 6: BelSv ($270.81 in chips)
Seat 10: db49 ($170.96 in chips)
BelSv: posts small blind $1
db49: posts big blind $3
*** HOLE CARDS ***
BelSv: raises $3 to $6
db49: raises $3 to $9
BelSv: calls $3
*** FLOP *** [8s 9h 2d]
db49: bets $3
BelSv: calls $3
*** TURN *** [8s 9h 2d] [Qh]
db49: checks
BelSv: bets $6
db49: folds
Uncalled bet ($6) returned to BelSv
BelSv collected $23.52 from pot
BelSv: doesn't show hand
*** SUMMARY ***
Total pot $24 | Rake $0.48
Board [8s 9h 2d Qh]
Seat 6: BelSv (button) (small blind) collected ($23.52)
Seat 10: db49 (big blind) folded on the Turn


PokerStars Hand #147899733907:  Hold'em Limit ($3/$6 USD) - 2016/01/29 17:18:11 ET
Table 'Sahlia' 10-max Seat #10 is the button
Seat 6: BelSv ($282.33 in chips)
Seat 10: db49 ($158.96 in chips)
db49: posts small blind $1
BelSv: posts big blind $3
*** HOLE CARDS ***
db49: raises $3 to $6
BelSv: calls $3
*** FLOP *** [9s Qs 6c]
BelSv: checks
db49: bets $3
BelSv: calls $3
*** TURN *** [9s Qs 6c] [Js]
BelSv: checks
db49: bets $6
BelSv: raises $6 to $12
db49: calls $6
*** RIVER *** [9s Qs 6c Js] [4c]
BelSv: bets $6
db49: calls $6
*** SHOW DOWN ***
BelSv: shows [9d Jc] (two pair, Jacks and Nines)
db49: mucks hand
BelSv collected $53.50 from pot
*** SUMMARY ***
Total pot $54 | Rake $0.50
Board [9s Qs 6c Js 4c]
Seat 6: BelSv (big blind) showed [9d Jc] and won ($53.50) with two pair, Jacks and Nines
Seat 10: db49 (button) (small blind) mucked


PokerStars Hand #147899770640:  Hold'em Limit ($3/$6 USD) - 2016/01/29 17:18:47 ET
Table 'Sahlia' 10-max Seat #6 is the button
Seat 6: BelSv ($308.83 in chips)
Seat 10: db49 ($131.96 in chips)
BelSv: posts small blind $1
db49: posts big blind $3
*** HOLE CARDS ***
BelSv: raises $3 to $6
db49: raises $3 to $9
BelSv: calls $3
*** FLOP *** [Qc 4c 4d]
db49: bets $3
BelSv: folds
Uncalled bet ($3) returned to db49
db49 collected $17.64 from pot
db49: doesn't show hand
*** SUMMARY ***
Total pot $18 | Rake $0.36
Board [Qc 4c 4d]
Seat 6: BelSv (button) (small blind) folded on the Flop
Seat 10: db49 (big blind) collected ($17.64)


PokerStars Hand #147899813919:  Hold'em Limit ($3/$6 USD) - 2016/01/29 17:19:31 ET
Table 'Sahlia' 10-max Seat #6 is the button
Seat 6: BelSv ($293.83 in chips)
Seat 10: db49 ($146.36 in chips)
BelSv: posts small blind $1
db49: posts big blind $3
*** HOLE CARDS ***
BelSv: raises $3 to $6
db49: folds
Uncalled bet ($3) returned to BelSv
BelSv collected $6 from pot
BelSv: doesn't show hand
*** SUMMARY ***
Total pot $6 | Rake $0
Seat 6: BelSv (button) (small blind) collected ($6)
Seat 10: db49 (big blind) folded before Flop


PokerStars Hand #147899787209:  Hold'em Limit ($3/$6 USD) - 2016/01/29 17:19:04 ET
Table 'Sahlia' 10-max Seat #10 is the button
Seat 6: BelSv ($299.83 in chips)
Seat 10: db49 ($140.60 in chips)
db49: posts small blind $1
BelSv: posts big blind $3
*** HOLE CARDS ***
db49: raises $3 to $6
BelSv: calls $3
*** FLOP *** [Jc 6s Ad]
BelSv: checks
db49: bets $3
BelSv: folds
Uncalled bet ($3) returned to db49
db49 collected $11.76 from pot
db49: doesn't show hand
*** SUMMARY ***
Total pot $12 | Rake $0.24
Board [Jc 6s Ad]
Seat 6: BelSv (big blind) folded on the Flop
Seat 10: db49 (button) (small blind) collected ($11.76)


PokerStars Hand #147899820785:  Hold'em Limit ($3/$6 USD) - 2016/01/29 17:19:37 ET
Table 'Sahlia' 10-max Seat #10 is the button
Seat 6: BelSv ($296.83 in chips)
Seat 10: db49 ($143.36 in chips)
db49: posts small blind $1
BelSv: posts big blind $3
*** HOLE CARDS ***
db49: raises $3 to $6
BelSv: calls $3
*** FLOP *** [2d Qd 2h]
BelSv: checks
db49: bets $3
BelSv: folds
Uncalled bet ($3) returned to db49
db49 collected $11.76 from pot
db49: doesn't show hand
*** SUMMARY ***
Total pot $12 | Rake $0.24
Board [2d Qd 2h]
Seat 6: BelSv (big blind) folded on the Flop
Seat 10: db49 (button) (small blind) collected ($11.76)


PokerStars Hand #147899843388:  Hold'em Limit ($3/$6 USD) - 2016/01/29 17:20:00 ET
Table 'Sahlia' 10-max Seat #10 is the button
Seat 6: BelSv ($293.83 in chips)
Seat 10: db49 ($146.12 in chips)
db49: posts small blind $1
BelSv: posts big blind $3
*** HOLE CARDS ***
db49: folds
Uncalled bet ($2) returned to BelSv
BelSv collected $2 from pot
BelSv: doesn't show hand
*** SUMMARY ***
Total pot $2 | Rake $0
Seat 6: BelSv (big blind) collected ($2)
Seat 10: db49 (button) (small blind) folded before Flop


PokerStars Hand #147899836168:  Hold'em Limit ($3/$6 USD) - 2016/01/29 17:19:53 ET
Table 'Sahlia' 10-max Seat #6 is the button
Seat 6: BelSv ($290.83 in chips)
Seat 10: db49 ($149.12 in chips)
BelSv: posts small blind $1
db49: posts big blind $3
*** HOLE CARDS ***
BelSv: raises $3 to $6
db49: folds
Uncalled bet ($3) returned to BelSv
BelSv collected $6 from pot
BelSv: doesn't show hand
*** SUMMARY ***
Total pot $6 | Rake $0
Seat 6: BelSv (button) (small blind) collected ($6)
Seat 10: db49 (big blind) folded before Flop


PokerStars Hand #147899847918:  Hold'em Limit ($3/$6 USD) - 2016/01/29 17:20:05 ET
Table 'Sahlia' 10-max Seat #6 is the button
Seat 6: BelSv ($294.83 in chips)
Seat 10: db49 ($145.12 in chips)
BelSv: posts small blind $1
db49: posts big blind $3
*** HOLE CARDS ***
BelSv: raises $3 to $6
db49: calls $3
*** FLOP *** [Ks 8d 2s]
db49: checks
BelSv: bets $3
db49: folds
Uncalled bet ($3) returned to BelSv
BelSv collected $11.76 from pot
BelSv: doesn't show hand
*** SUMMARY ***
Total pot $12 | Rake $0.24
Board [Ks 8d 2s]
Seat 6: BelSv (button) (small blind) collected ($11.76)
Seat 10: db49 (big blind) folded on the Flop


PokerStars Hand #147899867507:  Hold'em Limit ($3/$6 USD) - 2016/01/29 17:20:24 ET
Table 'Sahlia' 10-max Seat #10 is the button
Seat 6: BelSv ($300.59 in chips)
Seat 10: db49 ($139.12 in chips)
db49: posts small blind $1
BelSv: posts big blind $3
*** HOLE CARDS ***
db49: raises $3 to $6
BelSv: raises $3 to $9
db49: raises $3 to $12
Betting is capped
BelSv: calls $3
*** FLOP *** [4s Th 7s]
BelSv: checks
db49: bets $3
BelSv: calls $3
*** TURN *** [4s Th 7s] [9d]
BelSv: checks
db49: bets $6
BelSv: calls $6
*** RIVER *** [4s Th 7s 9d] [3s]
BelSv: checks
db49: bets $6
BelSv: calls $6
*** SHOW DOWN ***
db49: shows [9c Ah] (a pair of Nines)
BelSv: mucks hand
db49 collected $53.50 from pot
*** SUMMARY ***
Total pot $54 | Rake $0.50
Board [4s Th 7s 9d 3s]
Seat 6: BelSv (big blind) mucked
Seat 10: db49 (button) (small blind) showed [9c Ah] and won ($53.50) with a pair of Nines


PokerStars Hand #147899923970:  Hold'em Limit ($3/$6 USD) - 2016/01/29 17:21:21 ET
Table 'Sahlia' 10-max Seat #10 is the button
Seat 6: BelSv ($261.59 in chips)
Seat 10: db49 ($177.14 in chips)
db49: posts small blind $1
BelSv: posts big blind $3
*** HOLE CARDS ***
db49: raises $3 to $6
BelSv: folds
Uncalled bet ($3) returned to db49
db49 collected $6 from pot
db49: doesn't show hand
*** SUMMARY ***
Total pot $6 | Rake $0
Seat 6: BelSv (big blind) folded before Flop
Seat 10: db49 (button) (small blind) collected ($6)


PokerStars Hand #147899899659:  Hold'em Limit ($3/$6 USD) - 2016/01/29 17:20:56 ET
Table 'Sahlia' 10-max Seat #6 is the button
Seat 6: BelSv ($273.59 in chips)
Seat 10: db49 ($165.62 in chips)
BelSv: posts small blind $1
db49: posts big blind $3
*** HOLE CARDS ***
BelSv: raises $3 to $6
db49: raises $3 to $9
BelSv: calls $3
*** FLOP *** [Kh 9d 3h]
db49: bets $3
BelSv: calls $3
*** TURN *** [Kh 9d 3h] [2d]
db49: bets $6
BelSv: folds
Uncalled bet ($6) returned to db49
db49 collected $23.52 from pot
db49: doesn't show hand
*** SUMMARY ***
Total pot $24 | Rake $0.48
Board [Kh 9d 3h 2d]
Seat 6: BelSv (button) (small blind) folded on the Turn
Seat 10: db49 (big blind) collected ($23.52)


PokerStars Hand #147899931397:  Hold'em Limit ($3/$6 USD) - 2016/01/29 17:21:28 ET
Table 'Sahlia' 10-max Seat #6 is the button
Seat 6: BelSv ($258.59 in chips)
Seat 10: db49 ($180.14 in chips)
BelSv: posts small blind $1
db49: posts big blind $3
*** HOLE CARDS ***
BelSv: raises $3 to $6
db49: raises $3 to $9
BelSv: calls $3
*** FLOP *** [Js 5d 2h]
db49: bets $3
BelSv: calls $3
*** TURN *** [Js 5d 2h] [4h]
db49: checks
BelSv: bets $6
db49: raises $6 to $12
BelSv: calls $6
*** RIVER *** [Js 5d 2h 4h] [3d]
db49: bets $6
BelSv: raises $6 to $12
db49: folds
Uncalled bet ($6) returned to BelSv
BelSv collected $59.50 from pot
BelSv: doesn't show hand
*** SUMMARY ***
Total pot $60 | Rake $0.50
Board [Js 5d 2h 4h 3d]
Seat 6: BelSv (button) (small blind) collected ($59.50)
Seat 10: db49 (big blind) folded on the River


PokerStars Hand #147899956171:  Hold'em Limit ($3/$6 USD) - 2016/01/29 17:21:53 ET
Table 'Sahlia' 10-max Seat #10 is the button
Seat 6: BelSv ($288.09 in chips)
Seat 10: db49 ($150.14 in chips)
db49: posts small blind $1
BelSv: posts big blind $3
*** HOLE CARDS ***
db49 said, "lol"
db49: raises $3 to $6
BelSv: raises $3 to $9
db49: calls $3
*** FLOP *** [Jd 3h 2h]
BelSv: bets $3
db49: raises $3 to $6
BelSv: calls $3
*** TURN *** [Jd 3h 2h] [9c]
BelSv: checks
db49: bets $6
BelSv: calls $6
*** RIVER *** [Jd 3h 2h 9c] [5s]
BelSv: checks
db49: checks
*** SHOW DOWN ***
BelSv: shows [5c 5d] (three of a kind, Fives)
db49: mucks hand
BelSv collected $41.50 from pot
*** SUMMARY ***
Total pot $42 | Rake $0.50
Board [Jd 3h 2h 9c 5s]
Seat 6: BelSv (big blind) showed [5c 5d] and won ($41.50) with three of a kind, Fives
Seat 10: db49 (button) (small blind) mucked


PokerStars Hand #147899975866:  Hold'em Limit ($3/$6 USD) - 2016/01/29 17:22:13 ET
Table 'Sahlia' 10-max Seat #6 is the button
Seat 6: BelSv ($308.59 in chips)
Seat 10: db49 ($129.14 in chips)
BelSv: posts small blind $1
db49: posts big blind $3
*** HOLE CARDS ***
BelSv: raises $3 to $6
db49: calls $3
*** FLOP *** [3c Td 7h]
db49: checks
BelSv: bets $3
db49: folds
Uncalled bet ($3) returned to BelSv
BelSv collected $11.76 from pot
BelSv: doesn't show hand
*** SUMMARY ***
Total pot $12 | Rake $0.24
Board [3c Td 7h]
Seat 6: BelSv (button) (small blind) collected ($11.76)
Seat 10: db49 (big blind) folded on the Flop


PokerStars Hand #147899996116:  Hold'em Limit ($3/$6 USD) - 2016/01/29 17:22:34 ET
Table 'Sahlia' 10-max Seat #6 is the button
Seat 6: BelSv ($311.35 in chips)
Seat 10: db49 ($126.14 in chips)
BelSv: posts small blind $1
db49: posts big blind $3
*** HOLE CARDS ***
BelSv: folds
Uncalled bet ($2) returned to db49
db49 collected $2 from pot
db49: doesn't show hand
*** SUMMARY ***
Total pot $2 | Rake $0
Seat 6: BelSv (button) (small blind) folded before Flop
Seat 10: db49 (big blind) collected ($2)


PokerStars Hand #147899987811:  Hold'em Limit ($3/$6 USD) - 2016/01/29 17:22:26 ET
Table 'Sahlia' 10-max Seat #10 is the button
Seat 6: BelSv ($314.35 in chips)
Seat 10: db49 ($123.14 in chips)
db49: posts small blind $1
BelSv: posts big blind $3
*** HOLE CARDS ***
db49: raises $3 to $6
BelSv: folds
Uncalled bet ($3) returned to db49
db49 collected $6 from pot
db49: doesn't show hand
*** SUMMARY ***
Total pot $6 | Rake $0
Seat 6: BelSv (big blind) folded before Flop
Seat 10: db49 (button) (small blind) collected ($6)


PokerStars Hand #147900000906:  Hold'em Limit ($3/$6 USD) - 2016/01/29 17:22:39 ET
Table 'Sahlia' 10-max Seat #10 is the button
Seat 6: BelSv ($310.35 in chips)
Seat 10: db49 ($127.14 in chips)
db49: posts small blind $1
BelSv: posts big blind $3
*** HOLE CARDS ***
db49: folds
Uncalled bet ($2) returned to BelSv
BelSv collected $2 from pot
BelSv: doesn't show hand
*** SUMMARY ***
Total pot $2 | Rake $0
Seat 6: BelSv (big blind) collected ($2)
Seat 10: db49 (button) (small blind) folded before Flop


PokerStars Hand #147900012095:  Hold'em Limit ($3/$6 USD) - 2016/01/29 17:22:50 ET
Table 'Sahlia' 10-max Seat #10 is the button
Seat 6: BelSv ($310.35 in chips)
Seat 10: db49 ($127.14 in chips)
db49: posts small blind $1
BelSv: posts big blind $3
*** HOLE CARDS ***
db49: folds
Uncalled bet ($2) returned to BelSv
BelSv collected $2 from pot
BelSv: doesn't show hand
*** SUMMARY ***
Total pot $2 | Rake $0
Seat 6: BelSv (big blind) collected ($2)
Seat 10: db49 (button) (small blind) folded before Flop


PokerStars Hand #147900007140:  Hold'em Limit ($3/$6 USD) - 2016/01/29 17:22:45 ET
Table 'Sahlia' 10-max Seat #6 is the button
Seat 6: BelSv ($311.35 in chips)
Seat 10: db49 ($126.14 in chips)
BelSv: posts small blind $1
db49: posts big blind $3
*** HOLE CARDS ***
BelSv: folds
Uncalled bet ($2) returned to db49
db49 collected $2 from pot
db49: doesn't show hand
*** SUMMARY ***
Total pot $2 | Rake $0
Seat 6: BelSv (button) (small blind) folded before Flop
Seat 10: db49 (big blind) collected ($2)


PokerStars Hand #147900022978:  Hold'em Limit ($3/$6 USD) - 2016/01/29 17:23:01 ET
Table 'Sahlia' 10-max Seat #10 is the button
Seat 6: BelSv ($314.35 in chips)
Seat 10: db49 ($123.14 in chips)
db49: posts small blind $1
BelSv: posts big blind $3
*** HOLE CARDS ***
db49: folds
Uncalled bet ($2) returned to BelSv
BelSv collected $2 from pot
BelSv: doesn't show hand
*** SUMMARY ***
Total pot $2 | Rake $0
Seat 6: BelSv (big blind) collected ($2)
Seat 10: db49 (button) (small blind) folded before Flop


PokerStars Hand #147900017353:  Hold'em Limit ($3/$6 USD) - 2016/01/29 17:22:55 ET
Table 'Sahlia' 10-max Seat #6 is the button
Seat 6: BelSv ($311.35 in chips)
Seat 10: db49 ($126.14 in chips)
BelSv: posts small blind $1
db49: posts big blind $3
*** HOLE CARDS ***
BelSv: raises $3 to $6
db49: folds
Uncalled bet ($3) returned to BelSv
BelSv collected $6 from pot
BelSv: doesn't show hand
*** SUMMARY ***
Total pot $6 | Rake $0
Seat 6: BelSv (button) (small blind) collected ($6)
Seat 10: db49 (big blind) folded before Flop


PokerStars Hand #147900026914:  Hold'em Limit ($3/$6 USD) - 2016/01/29 17:23:05 ET
Table 'Sahlia' 10-max Seat #6 is the button
Seat 6: BelSv ($315.35 in chips)
Seat 10: db49 ($122.14 in chips)
BelSv: posts small blind $1
db49: posts big blind $3
*** HOLE CARDS ***
BelSv: folds
Uncalled bet ($2) returned to db49
db49 collected $2 from pot
db49: doesn't show hand
*** SUMMARY ***
Total pot $2 | Rake $0
Seat 6: BelSv (button) (small blind) folded before Flop
Seat 10: db49 (big blind) collected ($2)


PokerStars Hand #147900034158:  Hold'em Limit ($3/$6 USD) - 2016/01/29 17:23:12 ET
Table 'Sahlia' 10-max Seat #10 is the button
Seat 6: BelSv ($314.35 in chips)
Seat 10: db49 ($123.14 in chips)
db49: posts small blind $1
BelSv: posts big blind $3
*** HOLE CARDS ***
db49: raises $3 to $6
BelSv: calls $3
*** FLOP *** [As Td 9d]
BelSv: checks
db49: bets $3
BelSv: raises $3 to $6
db49: calls $3
*** TURN *** [As Td 9d] [8c]
BelSv: checks
db49: checks
*** RIVER *** [As Td 9d 8c] [Tc]
BelSv: checks
db49: checks
*** SHOW DOWN ***
BelSv: shows [Jc 9c] (two pair, Tens and Nines)
db49: shows [5s Ac] (two pair, Aces and Tens)
db49 collected $23.52 from pot
*** SUMMARY ***
Total pot $24 | Rake $0.48
Board [As Td 9d 8c Tc]
Seat 6: BelSv (big blind) showed [Jc 9c] and lost with two pair, Tens and Nines
Seat 10: db49 (button) (small blind) showed [5s Ac] and won ($23.52) with two pair, Aces and Tens


PokerStars Hand #147900057360:  Hold'em Limit ($3/$6 USD) - 2016/01/29 17:23:36 ET
Table 'Sahlia' 10-max Seat #6 is the button
Seat 6: BelSv ($302.35 in chips)
Seat 10: db49 ($134.66 in chips)
BelSv: posts small blind $1
db49: posts big blind $3
*** HOLE CARDS ***
BelSv: raises $3 to $6
db49: calls $3
*** FLOP *** [4h 8s As]
db49: checks
BelSv: checks
*** TURN *** [4h 8s As] [3d]
db49: bets $6
BelSv: raises $6 to $12
db49: folds
Uncalled bet ($6) returned to BelSv
BelSv collected $23.52 from pot
BelSv: doesn't show hand
*** SUMMARY ***
Total pot $24 | Rake $0.48
Board [4h 8s As 3d]
Seat 6: BelSv (button) (small blind) collected ($23.52)
Seat 10: db49 (big blind) folded on the Turn


PokerStars Hand #147900074865:  Hold'em Limit ($3/$6 USD) - 2016/01/29 17:23:54 ET
Table 'Sahlia' 10-max Seat #10 is the button
Seat 6: BelSv ($313.87 in chips)
Seat 10: db49 ($122.66 in chips)
db49: posts small blind $1
BelSv: posts big blind $3
*** HOLE CARDS ***
db49: folds
Uncalled bet ($2) returned to BelSv
BelSv collected $2 from pot
BelSv: doesn't show hand
*** SUMMARY ***
Total pot $2 | Rake $0
Seat 6: BelSv (big blind) collected ($2)
Seat 10: db49 (button) (small blind) folded before Flop


PokerStars Hand #147900081832:  Hold'em Limit ($3/$6 USD) - 2016/01/29 17:24:01 ET
Table 'Sahlia' 10-max Seat #6 is the button
Seat 6: BelSv ($314.87 in chips)
Seat 10: db49 ($121.66 in chips)
BelSv: posts small blind $1
db49: posts big blind $3
*** HOLE CARDS ***
BelSv: raises $3 to $6
db49: calls $3
*** FLOP *** [Ah As 4c]
db49: checks
BelSv: bets $3
db49: folds
Uncalled bet ($3) returned to BelSv
BelSv collected $11.76 from pot
BelSv: doesn't show hand
*** SUMMARY ***
Total pot $12 | Rake $0.24
Board [Ah As 4c]
Seat 6: BelSv (button) (small blind) collected ($11.76)
Seat 10: db49 (big blind) folded on the Flop


PokerStars Hand #147900117733:  Hold'em Limit ($3/$6 USD) - 2016/01/29 17:24:37 ET
Table 'Sahlia' 10-max Seat #6 is the button
Seat 6: BelSv ($290.63 in chips)
Seat 10: db49 ($145.16 in chips)
BelSv: posts small blind $1
db49: posts big blind $3
*** HOLE CARDS ***
BelSv: raises $3 to $6
db49: raises $3 to $9
BelSv: calls $3
*** FLOP *** [Kc 6c Qh]
db49: bets $3
BelSv: calls $3
*** TURN *** [Kc 6c Qh] [Ks]
db49: bets $6
BelSv: calls $6
*** RIVER *** [Kc 6c Qh Ks] [Qs]
db49: bets $6
BelSv: folds
Uncalled bet ($6) returned to db49
db49 collected $35.50 from pot
db49: doesn't show hand
*** SUMMARY ***
Total pot $36 | Rake $0.50
Board [Kc 6c Qh Ks Qs]
Seat 6: BelSv (button) (small blind) folded on the River
Seat 10: db49 (big blind) collected ($35.50)


PokerStars Hand #147900091640:  Hold'em Limit ($3/$6 USD) - 2016/01/29 17:24:11 ET
Table 'Sahlia' 10-max Seat #10 is the button
Seat 6: BelSv ($320.63 in chips)
Seat 10: db49 ($115.66 in chips)
db49: posts small blind $1
BelSv: posts big blind $3
*** HOLE CARDS ***
db49: raises $3 to $6
BelSv: raises $3 to $9
db49: calls $3
*** FLOP *** [8d 7d 6s]
BelSv: checks
db49: bets $3
BelSv: calls $3
*** TURN *** [8d 7d 6s] [Ad]
BelSv: bets $6
db49: raises $6 to $12
BelSv: calls $6
*** RIVER *** [8d 7d 6s Ad] [Kh]
BelSv: checks
db49: bets $6
BelSv: calls $6
*** SHOW DOWN ***
db49: shows [6c Ac] (two pair, Aces and Sixes)
BelSv: mucks hand
db49 collected $59.50 from pot
*** SUMMARY ***
Total pot $60 | Rake $0.50
Board [8d 7d 6s Ad Kh]
Seat 6: BelSv (big blind) mucked
Seat 10: db49 (button) (small blind) showed [6c Ac] and won ($59.50) with two pair, Aces and Sixes


PokerStars Hand #147900143323:  Hold'em Limit ($3/$6 USD) - 2016/01/29 17:25:03 ET
Table 'Sahlia' 10-max Seat #10 is the button
Seat 6: BelSv ($272.63 in chips)
Seat 10: db49 ($162.66 in chips)
db49: posts small blind $1
BelSv: posts big blind $3
*** HOLE CARDS ***
db49: raises $3 to $6
BelSv: raises $3 to $9
db49: calls $3
*** FLOP *** [Th Ks Jc]
BelSv: checks
db49: bets $3
BelSv: calls $3
*** TURN *** [Th Ks Jc] [Jd]
BelSv: checks
db49: bets $6
BelSv: calls $6
*** RIVER *** [Th Ks Jc Jd] [7s]
BelSv: checks
db49: bets $6
BelSv: folds
Uncalled bet ($6) returned to db49
db49 collected $35.50 from pot
db49: doesn't show hand
*** SUMMARY ***
Total pot $36 | Rake $0.50
Board [Th Ks Jc Jd 7s]
Seat 6: BelSv (big blind) folded on the River
Seat 10: db49 (button) (small blind) collected ($35.50)


PokerStars Hand #147900193545:  Hold'em Limit ($3/$6 USD) - 2016/01/29 17:25:54 ET
Table 'Sahlia' 10-max Seat #6 is the button
Seat 6: BelSv ($254.63 in chips)
Seat 10: db49 ($180.16 in chips)
BelSv: posts small blind $1
db49: posts big blind $3
*** HOLE CARDS ***
BelSv: raises $3 to $6
db49: folds
Uncalled bet ($3) returned to BelSv
BelSv collected $6 from pot
BelSv: doesn't show hand
*** SUMMARY ***
Total pot $6 | Rake $0
Seat 6: BelSv (button) (small blind) collected ($6)
Seat 10: db49 (big blind) folded before Flop


PokerStars Hand #147900223320:  Hold'em Limit ($3/$6 USD) - 2016/01/29 17:26:24 ET
Table 'Sahlia' 10-max Seat #6 is the button
Seat 6: BelSv ($269.15 in chips)
Seat 10: db49 ($165.16 in chips)
BelSv: posts small blind $1
db49: posts big blind $3
*** HOLE CARDS ***
BelSv: raises $3 to $6
db49: folds
Uncalled bet ($3) returned to BelSv
BelSv collected $6 from pot
BelSv: doesn't show hand
*** SUMMARY ***
Total pot $6 | Rake $0
Seat 6: BelSv (button) (small blind) collected ($6)
Seat 10: db49 (big blind) folded before Flop


PokerStars Hand #147900202466:  Hold'em Limit ($3/$6 USD) - 2016/01/29 17:26:03 ET
Table 'Sahlia' 10-max Seat #10 is the button
Seat 6: BelSv ($257.63 in chips)
Seat 10: db49 ($177.16 in chips)
db49: posts small blind $1
BelSv: posts big blind $3
*** HOLE CARDS ***
db49: raises $3 to $6
BelSv: raises $3 to $9
db49: calls $3
*** FLOP *** [Qh 3h Ac]
BelSv: bets $3
db49: calls $3
*** TURN *** [Qh 3h Ac] [9d]
BelSv: checks
db49: checks
*** RIVER *** [Qh 3h Ac 9d] [7s]
BelSv: bets $6
db49: folds
Uncalled bet ($6) returned to BelSv
BelSv collected $23.52 from pot
BelSv: doesn't show hand
*** SUMMARY ***
Total pot $24 | Rake $0.48
Board [Qh 3h Ac 9d 7s]
Seat 6: BelSv (big blind) collected ($23.52)
Seat 10: db49 (button) (small blind) folded on the River


PokerStars Hand #147900242427:  Hold'em Limit ($3/$6 USD) - 2016/01/29 17:26:44 ET
Table 'Sahlia' 10-max Seat #6 is the button
Seat 6: BelSv ($280.79 in chips)
Seat 10: db49 ($153.16 in chips)
BelSv: posts small blind $1
db49: posts big blind $3
*** HOLE CARDS ***
BelSv: folds
Uncalled bet ($2) returned to db49
db49 collected $2 from pot
db49: doesn't show hand
*** SUMMARY ***
Total pot $2 | Rake $0
Seat 6: BelSv (button) (small blind) folded before Flop
Seat 10: db49 (big blind) collected ($2)


PokerStars Hand #147900228997:  Hold'em Limit ($3/$6 USD) - 2016/01/29 17:26:30 ET
Table 'Sahlia' 10-max Seat #10 is the button
Seat 6: BelSv ($272.15 in chips)
Seat 10: db49 ($162.16 in chips)
db49: posts small blind $1
BelSv: posts big blind $3
*** HOLE CARDS ***
db49: raises $3 to $6
BelSv: calls $3
*** FLOP *** [8d 5d 2h]
BelSv: checks
db49: bets $3
BelSv: raises $3 to $6
db49: folds
Uncalled bet ($3) returned to BelSv
BelSv collected $17.64 from pot
BelSv: doesn't show hand
*** SUMMARY ***
Total pot $18 | Rake $0.36
Board [8d 5d 2h]
Seat 6: BelSv (big blind) collected ($17.64)
Seat 10: db49 (button) (small blind) folded on the Flop


PokerStars Hand #147900247461:  Hold'em Limit ($3/$6 USD) - 2016/01/29 17:26:49 ET
Table 'Sahlia' 10-max Seat #10 is the button
Seat 6: BelSv ($279.79 in chips)
Seat 10: db49 ($154.16 in chips)
db49: posts small blind $1
BelSv: posts big blind $3
*** HOLE CARDS ***
db49: folds
Uncalled bet ($2) returned to BelSv
BelSv collected $2 from pot
BelSv: doesn't show hand
*** SUMMARY ***
Total pot $2 | Rake $0
Seat 6: BelSv (big blind) collected ($2)
Seat 10: db49 (button) (small blind) folded before Flop


PokerStars Hand #147900268621:  Hold'em Limit ($3/$6 USD) - 2016/01/29 17:27:11 ET
Table 'Sahlia' 10-max Seat #10 is the button
Seat 6: BelSv ($283.79 in chips)
Seat 10: db49 ($150.16 in chips)
db49: posts small blind $1
BelSv: posts big blind $3
*** HOLE CARDS ***
db49: folds
Uncalled bet ($2) returned to BelSv
BelSv collected $2 from pot
BelSv: doesn't show hand
*** SUMMARY ***
Total pot $2 | Rake $0
Seat 6: BelSv (big blind) collected ($2)
Seat 10: db49 (button) (small blind) folded before Flop


PokerStars Hand #147900251905:  Hold'em Limit ($3/$6 USD) - 2016/01/29 17:26:54 ET
Table 'Sahlia' 10-max Seat #6 is the button
Seat 6: BelSv ($280.79 in chips)
Seat 10: db49 ($153.16 in chips)
BelSv: posts small blind $1
db49: posts big blind $3
*** HOLE CARDS ***
BelSv: raises $3 to $6
db49: folds
Uncalled bet ($3) returned to BelSv
BelSv collected $6 from pot
BelSv: doesn't show hand
*** SUMMARY ***
Total pot $6 | Rake $0
Seat 6: BelSv (button) (small blind) collected ($6)
Seat 10: db49 (big blind) folded before Flop


PokerStars Hand #147900300351:  Hold'em Limit ($3/$6 USD) - 2016/01/29 17:27:44 ET
Table 'Sahlia' 10-max Seat #6 is the button
Seat 6: BelSv ($287.55 in chips)
Seat 10: db49 ($146.16 in chips)
BelSv: posts small blind $1
db49: posts big blind $3
*** HOLE CARDS ***
BelSv: raises $3 to $6
db49: raises $3 to $9
BelSv: calls $3
*** FLOP *** [2d 9s 6h]
db49: bets $3
BelSv: calls $3
*** TURN *** [2d 9s 6h] [Ts]
db49: bets $6
BelSv: calls $6
*** RIVER *** [2d 9s 6h Ts] [Jd]
db49: bets $6
BelSv: raises $6 to $12
db49: folds
Uncalled bet ($6) returned to BelSv
BelSv collected $47.50 from pot
BelSv: doesn't show hand
*** SUMMARY ***
Total pot $48 | Rake $0.50
Board [2d 9s 6h Ts Jd]
Seat 6: BelSv (button) (small blind) collected ($47.50)
Seat 10: db49 (big blind) folded on the River


PokerStars Hand #147900290003:  Hold'em Limit ($3/$6 USD) - 2016/01/29 17:27:33 ET
Table 'Sahlia' 10-max Seat #10 is the button
Seat 6: BelSv ($290.55 in chips)
Seat 10: db49 ($143.16 in chips)
db49: posts small blind $1
BelSv: posts big blind $3
*** HOLE CARDS ***
db49: raises $3 to $6
BelSv: folds
Uncalled bet ($3) returned to db49
db49 collected $6 from pot
db49: doesn't show hand
*** SUMMARY ***
Total pot $6 | Rake $0
Seat 6: BelSv (big blind) folded before Flop
Seat 10: db49 (button) (small blind) collected ($6)


PokerStars Hand #147900273133:  Hold'em Limit ($3/$6 USD) - 2016/01/29 17:27:16 ET
Table 'Sahlia' 10-max Seat #6 is the button
Seat 6: BelSv ($284.79 in chips)
Seat 10: db49 ($149.16 in chips)
BelSv: posts small blind $1
db49: posts big blind $3
*** HOLE CARDS ***
BelSv: raises $3 to $6
db49: calls $3
*** FLOP *** [4d 5d Jh]
db49: checks
BelSv: bets $3
db49: folds
Uncalled bet ($3) returned to BelSv
BelSv collected $11.76 from pot
BelSv: doesn't show hand
*** SUMMARY ***
Total pot $12 | Rake $0.24
Board [4d 5d Jh]
Seat 6: BelSv (button) (small blind) collected ($11.76)
Seat 10: db49 (big blind) folded on the Flop


PokerStars Hand #147900392588:  Hold'em Limit ($3/$6 USD) - 2016/01/29 17:29:05 ET
Table 'Sahlia' 10-max Seat #10 is the button
Seat 6: BelSv ($328.55 in chips)
Seat 10: db49 ($103.92 in chips)
db49: posts small blind $1
BelSv: posts big blind $3
*** HOLE CARDS ***
db49: raises $3 to $6
BelSv: calls $3
*** FLOP *** [Qh 6c 4c]
BelSv: checks
db49: bets $3
BelSv: calls $3
*** TURN *** [Qh 6c 4c] [Ac]
BelSv: checks
db49: checks
*** RIVER *** [Qh 6c 4c Ac] [3d]
BelSv: checks
db49: bets $6
BelSv: raises $6 to $12
db49: folds
Uncalled bet ($6) returned to BelSv
BelSv collected $29.50 from pot
BelSv: doesn't show hand
*** SUMMARY ***
Total pot $30 | Rake $0.50
Board [Qh 6c 4c Ac 3d]
Seat 6: BelSv (big blind) collected ($29.50)
Seat 10: db49 (button) (small blind) folded on the River


PokerStars Hand #147900363088:  Hold'em Limit ($3/$6 USD) - 2016/01/29 17:28:40 ET
Table 'Sahlia' 10-max Seat #6 is the button
Seat 6: BelSv ($305.05 in chips)
Seat 10: db49 ($127.92 in chips)
BelSv: posts small blind $1
db49: posts big blind $3
*** HOLE CARDS ***
BelSv: raises $3 to $6
db49: calls $3
*** FLOP *** [3c Kh Qd]
db49: checks
BelSv: bets $3
db49: raises $3 to $6
BelSv: calls $3
*** TURN *** [3c Kh Qd] [6d]
db49: bets $6
BelSv: calls $6
*** RIVER *** [3c Kh Qd 6d] [3h]
db49: bets $6
BelSv: calls $6
*** SHOW DOWN ***
db49: shows [Js 9c] (a pair of Threes)
BelSv: shows [4s Qh] (two pair, Queens and Threes)
BelSv collected $47.50 from pot
*** SUMMARY ***
Total pot $48 | Rake $0.50
Board [3c Kh Qd 6d 3h]
Seat 6: BelSv (button) (small blind) showed [4s Qh] and won ($47.50) with two pair, Queens and Threes
Seat 10: db49 (big blind) showed [Js 9c] and lost with a pair of Threes


PokerStars Hand #147900342426:  Hold'em Limit ($3/$6 USD) - 2016/01/29 17:28:22 ET
Table 'Sahlia' 10-max Seat #10 is the button
Seat 6: BelSv ($311.05 in chips)
Seat 10: db49 ($122.16 in chips)
db49: posts small blind $1
BelSv: posts big blind $3
*** HOLE CARDS ***
db49: raises $3 to $6
BelSv: calls $3
*** FLOP *** [5d Ad 9h]
BelSv: checks
db49: bets $3
BelSv: folds
Uncalled bet ($3) returned to db49
db49 collected $11.76 from pot
db49: doesn't show hand
*** SUMMARY ***
Total pot $12 | Rake $0.24
Board [5d Ad 9h]
Seat 6: BelSv (big blind) folded on the Flop
Seat 10: db49 (button) (small blind) collected ($11.76)


PokerStars Hand #147900454751:  Hold'em Limit ($3/$6 USD) - 2016/01/29 17:29:59 ET
Table 'Sahlia' 10-max Seat #10 is the button
Seat 6: BelSv ($336.81 in chips)
Seat 10: db49 ($94.56 in chips)
db49: posts small blind $1
BelSv: posts big blind $3
*** HOLE CARDS ***
db49: raises $3 to $6
BelSv: folds
Uncalled bet ($3) returned to db49
db49 collected $6 from pot
db49: doesn't show hand
*** SUMMARY ***
Total pot $6 | Rake $0
Seat 6: BelSv (big blind) folded before Flop
Seat 10: db49 (button) (small blind) collected ($6)


PokerStars Hand #147900440184:  Hold'em Limit ($3/$6 USD) - 2016/01/29 17:29:46 ET
Table 'Sahlia' 10-max Seat #6 is the button
Seat 6: BelSv ($345.81 in chips)
Seat 10: db49 ($85.92 in chips)
BelSv: posts small blind $1
db49: posts big blind $3
*** HOLE CARDS ***
BelSv: raises $3 to $6
db49: raises $3 to $9
BelSv: calls $3
*** FLOP *** [7s 2d 5s]
db49: bets $3
BelSv: folds
Uncalled bet ($3) returned to db49
db49 collected $17.64 from pot
db49: doesn't show hand
*** SUMMARY ***
Total pot $18 | Rake $0.36
Board [7s 2d 5s]
Seat 6: BelSv (button) (small blind) folded on the Flop
Seat 10: db49 (big blind) collected ($17.64)


PokerStars Hand #147900431596:  Hold'em Limit ($3/$6 USD) - 2016/01/29 17:29:39 ET
Table 'Sahlia' 10-max Seat #10 is the button
Seat 6: BelSv ($348.81 in chips)
Seat 10: db49 ($82.92 in chips)
db49: posts small blind $1
BelSv: posts big blind $3
*** HOLE CARDS ***
db49: raises $3 to $6
BelSv: folds
Uncalled bet ($3) returned to db49
db49 collected $6 from pot
db49: doesn't show hand
*** SUMMARY ***
Total pot $6 | Rake $0
Seat 6: BelSv (big blind) folded before Flop
Seat 10: db49 (button) (small blind) collected ($6)


PokerStars Hand #147900416850:  Hold'em Limit ($3/$6 USD) - 2016/01/29 17:29:26 ET
Table 'Sahlia' 10-max Seat #6 is the button
Seat 6: BelSv ($343.05 in chips)
Seat 10: db49 ($88.92 in chips)
BelSv: posts small blind $1
db49: posts big blind $3
*** HOLE CARDS ***
BelSv: raises $3 to $6
db49: calls $3
*** FLOP *** [4s Td 3d]
db49: checks
BelSv: bets $3
db49: folds
Uncalled bet ($3) returned to BelSv
BelSv collected $11.76 from pot
BelSv: doesn't show hand
*** SUMMARY ***
Total pot $12 | Rake $0.24
Board [4s Td 3d]
Seat 6: BelSv (button) (small blind) collected ($11.76)
Seat 10: db49 (big blind) folded on the Flop


PokerStars Hand #147900532354:  Hold'em Limit ($3/$6 USD) - 2016/01/29 17:31:05 ET
Table 'Sahlia' 10-max Seat #6 is the button
Seat 6: BelSv ($330.31 in chips)
Seat 10: db49 ($100.06 in chips)
BelSv: posts small blind $1
db49: posts big blind $3
*** HOLE CARDS ***
BelSv: raises $3 to $6
db49: calls $3
*** FLOP *** [9c 9h Qs]
db49: folds
BelSv collected $11.76 from pot
BelSv: doesn't show hand
*** SUMMARY ***
Total pot $12 | Rake $0.24
Board [9c 9h Qs]
Seat 6: BelSv (button) (small blind) collected ($11.76)
Seat 10: db49 (big blind) folded on the Flop


PokerStars Hand #147900498751:  Hold'em Limit ($3/$6 USD) - 2016/01/29 17:30:36 ET
Table 'Sahlia' 10-max Seat #10 is the button
Seat 6: BelSv ($351.31 in chips)
Seat 10: db49 ($79.56 in chips)
db49: posts small blind $1
BelSv: posts big blind $3
*** HOLE CARDS ***
db49: raises $3 to $6
BelSv: calls $3
*** FLOP *** [5d Ks Kh]
BelSv: checks
db49: bets $3
BelSv: calls $3
*** TURN *** [5d Ks Kh] [3s]
BelSv: checks
db49: bets $6
BelSv: calls $6
*** RIVER *** [5d Ks Kh 3s] [Qs]
BelSv: checks
db49: bets $6
BelSv: calls $6
*** SHOW DOWN ***
db49: shows [7s 9s] (a flush, King high)
BelSv: mucks hand
db49 collected $41.50 from pot
*** SUMMARY ***
Total pot $42 | Rake $0.50
Board [5d Ks Kh 3s Qs]
Seat 6: BelSv (big blind) mucked
Seat 10: db49 (button) (small blind) showed [7s 9s] and won ($41.50) with a flush, King high


PokerStars Hand #147900467626:  Hold'em Limit ($3/$6 USD) - 2016/01/29 17:30:10 ET
Table 'Sahlia' 10-max Seat #6 is the button
Seat 6: BelSv ($333.81 in chips)
Seat 10: db49 ($97.56 in chips)
BelSv: posts small blind $1
db49: posts big blind $3
*** HOLE CARDS ***
BelSv: raises $3 to $6
db49: raises $3 to $9
BelSv: calls $3
*** FLOP *** [5h 5d 5c]
db49: bets $3
BelSv: calls $3
*** TURN *** [5h 5d 5c] [Js]
db49: bets $6
BelSv: calls $6
*** RIVER *** [5h 5d 5c Js] [9c]
db49: checks
BelSv: checks
*** SHOW DOWN ***
db49: shows [8c 7c] (three of a kind, Fives)
BelSv: shows [6h Ad] (three of a kind, Fives - Ace kicker)
BelSv collected $35.50 from pot
*** SUMMARY ***
Total pot $36 | Rake $0.50
Board [5h 5d 5c Js 9c]
Seat 6: BelSv (button) (small blind) showed [6h Ad] and won ($35.50) with three of a kind, Fives
Seat 10: db49 (big blind) showed [8c 7c] and lost with three of a kind, Fives


PokerStars Hand #147900583925:  Hold'em Limit ($3/$6 USD) - 2016/01/29 17:31:50 ET
Table 'Sahlia' 10-max Seat #6 is the button
Seat 6: BelSv ($303.07 in chips)
Seat 10: db49 ($126.56 in chips)
BelSv: posts small blind $1
db49: posts big blind $3
*** HOLE CARDS ***
BelSv: raises $3 to $6
db49: calls $3
*** FLOP *** [7s Jd As]
db49: bets $3
BelSv: folds
Uncalled bet ($3) returned to db49
db49 collected $11.76 from pot
db49: doesn't show hand
*** SUMMARY ***
Total pot $12 | Rake $0.24
Board [7s Jd As]
Seat 6: BelSv (button) (small blind) folded on the Flop
Seat 10: db49 (big blind) collected ($11.76)


PokerStars Hand #147900542621:  Hold'em Limit ($3/$6 USD) - 2016/01/29 17:31:14 ET
Table 'Sahlia' 10-max Seat #10 is the button
Seat 6: BelSv ($336.07 in chips)
Seat 10: db49 ($94.06 in chips)
db49: posts small blind $1
BelSv: posts big blind $3
*** HOLE CARDS ***
db49: raises $3 to $6
BelSv: calls $3
*** FLOP *** [7s Js 2s]
BelSv: checks
db49: bets $3
BelSv: calls $3
*** TURN *** [7s Js 2s] [Kd]
BelSv: checks
db49: bets $6
BelSv: raises $6 to $12
db49: raises $6 to $18
BelSv: calls $6
*** RIVER *** [7s Js 2s Kd] [8h]
BelSv: checks
db49: bets $6
BelSv: calls $6
*** SHOW DOWN ***
db49: shows [Jd Jc] (three of a kind, Jacks)
BelSv: mucks hand
db49 collected $65.50 from pot
*** SUMMARY ***
Total pot $66 | Rake $0.50
Board [7s Js 2s Kd 8h]
Seat 6: BelSv (big blind) mucked
Seat 10: db49 (button) (small blind) showed [Jd Jc] and won ($65.50) with three of a kind, Jacks


PokerStars Hand #147900690181:  Hold'em Limit ($3/$6 USD) - 2016/01/29 17:33:23 ET
Table 'Sahlia' 10-max Seat #10 is the button
Seat 6: BelSv ($265.71 in chips)
Seat 10: db49 ($162.46 in chips)
db49: posts small blind $1
BelSv: posts big blind $3
*** HOLE CARDS ***
db49: raises $3 to $6
BelSv: folds
Uncalled bet ($3) returned to db49
db49 collected $6 from pot
db49: doesn't show hand
*** SUMMARY ***
Total pot $6 | Rake $0
Seat 6: BelSv (big blind) folded before Flop
Seat 10: db49 (button) (small blind) collected ($6)


PokerStars Hand #147900676663:  Hold'em Limit ($3/$6 USD) - 2016/01/29 17:33:11 ET
Table 'Sahlia' 10-max Seat #6 is the button
Seat 6: BelSv ($274.71 in chips)
Seat 10: db49 ($153.82 in chips)
BelSv: posts small blind $1
db49: posts big blind $3
*** HOLE CARDS ***
BelSv: raises $3 to $6
db49: raises $3 to $9
BelSv: calls $3
*** FLOP *** [2h Qh 6d]
db49: bets $3
BelSv: folds
Uncalled bet ($3) returned to db49
db49 collected $17.64 from pot
db49: doesn't show hand
*** SUMMARY ***
Total pot $18 | Rake $0.36
Board [2h Qh 6d]
Seat 6: BelSv (button) (small blind) folded on the Flop
Seat 10: db49 (big blind) collected ($17.64)


PokerStars Hand #147900646753:  Hold'em Limit ($3/$6 USD) - 2016/01/29 17:32:44 ET
Table 'Sahlia' 10-max Seat #10 is the button
Seat 6: BelSv ($266.07 in chips)
Seat 10: db49 ($162.82 in chips)
db49: posts small blind $1
BelSv: posts big blind $3
*** HOLE CARDS ***
db49: raises $3 to $6
BelSv: calls $3
*** FLOP *** [8s 7s 4d]
BelSv: checks
db49: bets $3
BelSv: raises $3 to $6
db49: folds
Uncalled bet ($3) returned to BelSv
BelSv collected $17.64 from pot
BelSv: doesn't show hand
*** SUMMARY ***
Total pot $18 | Rake $0.36
Board [8s 7s 4d]
Seat 6: BelSv (big blind) collected ($17.64)
Seat 10: db49 (button) (small blind) folded on the Flop


PokerStars Hand #147900640933:  Hold'em Limit ($3/$6 USD) - 2016/01/29 17:32:39 ET
Table 'Sahlia' 10-max Seat #6 is the button
Seat 6: BelSv ($267.07 in chips)
Seat 10: db49 ($161.82 in chips)
BelSv: posts small blind $1
db49: posts big blind $3
*** HOLE CARDS ***
BelSv: folds
Uncalled bet ($2) returned to db49
db49 collected $2 from pot
db49: doesn't show hand
*** SUMMARY ***
Total pot $2 | Rake $0
Seat 6: BelSv (button) (small blind) folded before Flop
Seat 10: db49 (big blind) collected ($2)


PokerStars Hand #147900604822:  Hold'em Limit ($3/$6 USD) - 2016/01/29 17:32:08 ET
Table 'Sahlia' 10-max Seat #10 is the button
Seat 6: BelSv ($297.07 in chips)
Seat 10: db49 ($132.32 in chips)
db49: posts small blind $1
BelSv: posts big blind $3
*** HOLE CARDS ***
db49: raises $3 to $6
BelSv: calls $3
*** FLOP *** [7d 4s 6h]
BelSv: checks
db49: bets $3
BelSv: raises $3 to $6
db49: calls $3
*** TURN *** [7d 4s 6h] [5s]
BelSv: bets $6
db49: raises $6 to $12
BelSv: calls $6
*** RIVER *** [7d 4s 6h 5s] [Js]
BelSv: checks
db49: bets $6
BelSv: calls $6
*** SHOW DOWN ***
db49: shows [3c Ac] (a straight, Three to Seven)
BelSv: mucks hand
db49 collected $59.50 from pot
*** SUMMARY ***
Total pot $60 | Rake $0.50
Board [7d 4s 6h 5s Js]
Seat 6: BelSv (big blind) mucked
Seat 10: db49 (button) (small blind) showed [3c Ac] and won ($59.50) with a straight, Three to Seven


PokerStars Hand #147900722349:  Hold'em Limit ($3/$6 USD) - 2016/01/29 17:33:51 ET
Table 'Sahlia' 10-max Seat #10 is the button
Seat 6: BelSv ($286.21 in chips)
Seat 10: db49 ($141.46 in chips)
db49: posts small blind $1
BelSv: posts big blind $3
*** HOLE CARDS ***
db49: raises $3 to $6
BelSv: calls $3
*** FLOP *** [8s 2s 5h]
BelSv: checks
db49: checks
*** TURN *** [8s 2s 5h] [6h]
BelSv: bets $6
db49: raises $6 to $12
BelSv: folds
Uncalled bet ($6) returned to db49
db49 collected $23.52 from pot
db49: doesn't show hand
*** SUMMARY ***
Total pot $24 | Rake $0.48
Board [8s 2s 5h 6h]
Seat 6: BelSv (big blind) folded on the Turn
Seat 10: db49 (button) (small blind) collected ($23.52)


PokerStars Hand #147900697365:  Hold'em Limit ($3/$6 USD) - 2016/01/29 17:33:29 ET
Table 'Sahlia' 10-max Seat #6 is the button
Seat 6: BelSv ($262.71 in chips)
Seat 10: db49 ($165.46 in chips)
BelSv: posts small blind $1
db49: posts big blind $3
*** HOLE CARDS ***
BelSv: raises $3 to $6
db49: raises $3 to $9
BelSv: calls $3
*** FLOP *** [7d Jc 4d]
db49: bets $3
BelSv: calls $3
*** TURN *** [7d Jc 4d] [Td]
db49: bets $6
BelSv: calls $6
*** RIVER *** [7d Jc 4d Td] [Jd]
db49: bets $6
BelSv: raises $6 to $12
db49: folds
Uncalled bet ($6) returned to BelSv
BelSv collected $47.50 from pot
BelSv: doesn't show hand
*** SUMMARY ***
Total pot $48 | Rake $0.50
Board [7d Jc 4d Td Jd]
Seat 6: BelSv (button) (small blind) collected ($47.50)
Seat 10: db49 (big blind) folded on the River


PokerStars Hand #147900797135:  Hold'em Limit ($3/$6 USD) - 2016/01/29 17:34:59 ET
Table 'Sahlia' 10-max Seat #10 is the button
Seat 6: BelSv ($291.71 in chips)
Seat 10: db49 ($134.98 in chips)
db49: posts small blind $1
BelSv: posts big blind $3
*** HOLE CARDS ***
db49: raises $3 to $6
BelSv: calls $3
*** FLOP *** [8s 5c 7s]
BelSv: checks
db49: bets $3
BelSv: raises $3 to $6
db49: raises $3 to $9
BelSv: calls $3
*** TURN *** [8s 5c 7s] [7c]
BelSv: checks
db49: bets $6
BelSv: calls $6
*** RIVER *** [8s 5c 7s 7c] [6s]
BelSv: bets $6
db49: calls $6
*** SHOW DOWN ***
BelSv: shows [9h Qc] (a straight, Five to Nine)
db49: mucks hand
BelSv collected $53.50 from pot
*** SUMMARY ***
Total pot $54 | Rake $0.50
Board [8s 5c 7s 7c 6s]
Seat 6: BelSv (big blind) showed [9h Qc] and won ($53.50) with a straight, Five to Nine
Seat 10: db49 (button) (small blind) mucked


PokerStars Hand #147900769729:  Hold'em Limit ($3/$6 USD) - 2016/01/29 17:34:33 ET
Table 'Sahlia' 10-max Seat #6 is the button
Seat 6: BelSv ($274.21 in chips)
Seat 10: db49 ($152.98 in chips)
BelSv: posts small blind $1
db49: posts big blind $3
*** HOLE CARDS ***
BelSv: raises $3 to $6
db49: raises $3 to $9
BelSv: calls $3
*** FLOP *** [Ah 8d 9s]
db49: bets $3
BelSv: calls $3
*** TURN *** [Ah 8d 9s] [3s]
db49: bets $6
BelSv: raises $6 to $12
db49: folds
Uncalled bet ($6) returned to BelSv
BelSv collected $35.50 from pot
BelSv: doesn't show hand
*** SUMMARY ***
Total pot $36 | Rake $0.50
Board [Ah 8d 9s 3s]
Seat 6: BelSv (button) (small blind) collected ($35.50)
Seat 10: db49 (big blind) folded on the Turn


PokerStars Hand #147900760719:  Hold'em Limit ($3/$6 USD) - 2016/01/29 17:34:25 ET
Table 'Sahlia' 10-max Seat #10 is the button
Seat 6: BelSv ($277.21 in chips)
Seat 10: db49 ($149.98 in chips)
db49: posts small blind $1
BelSv: posts big blind $3
*** HOLE CARDS ***
db49: raises $3 to $6
BelSv: folds
Uncalled bet ($3) returned to db49
db49 collected $6 from pot
db49: doesn't show hand
*** SUMMARY ***
Total pot $6 | Rake $0
Seat 6: BelSv (big blind) folded before Flop
Seat 10: db49 (button) (small blind) collected ($6)


PokerStars Hand #147900753329:  Hold'em Limit ($3/$6 USD) - 2016/01/29 17:34:19 ET
Table 'Sahlia' 10-max Seat #6 is the button
Seat 6: BelSv ($274.21 in chips)
Seat 10: db49 ($152.98 in chips)
BelSv: posts small blind $1
db49: posts big blind $3
*** HOLE CARDS ***
BelSv: raises $3 to $6
db49: folds
Uncalled bet ($3) returned to BelSv
BelSv collected $6 from pot
BelSv: doesn't show hand
*** SUMMARY ***
Total pot $6 | Rake $0
Seat 6: BelSv (button) (small blind) collected ($6)
Seat 10: db49 (big blind) folded before Flop


PokerStars Hand #147900875925:  Hold'em Limit ($3/$6 USD) - 2016/01/29 17:36:15 ET
Table 'Sahlia' 10-max Seat #10 is the button
Seat 6: BelSv ($354.47 in chips)
Seat 10: db49 ($70.98 in chips)
db49: posts small blind $1
BelSv: posts big blind $3
*** HOLE CARDS ***
db49: folds
Uncalled bet ($2) returned to BelSv
BelSv collected $2 from pot
BelSv: doesn't show hand
*** SUMMARY ***
Total pot $2 | Rake $0
Seat 6: BelSv (big blind) collected ($2)
Seat 10: db49 (button) (small blind) folded before Flop


PokerStars Hand #147900865666:  Hold'em Limit ($3/$6 USD) - 2016/01/29 17:36:05 ET
Table 'Sahlia' 10-max Seat #6 is the button
Seat 6: BelSv ($348.71 in chips)
Seat 10: db49 ($76.98 in chips)
BelSv: posts small blind $1
db49: posts big blind $3
*** HOLE CARDS ***
BelSv: raises $3 to $6
db49: calls $3
*** FLOP *** [3s 8c 2s]
db49: checks
BelSv: bets $3
db49: folds
Uncalled bet ($3) returned to BelSv
BelSv collected $11.76 from pot
BelSv: doesn't show hand
*** SUMMARY ***
Total pot $12 | Rake $0.24
Board [3s 8c 2s]
Seat 6: BelSv (button) (small blind) collected ($11.76)
Seat 10: db49 (big blind) folded on the Flop


PokerStars Hand #147900861245:  Hold'em Limit ($3/$6 USD) - 2016/01/29 17:36:00 ET
Table 'Sahlia' 10-max Seat #10 is the button
Seat 6: BelSv ($347.71 in chips)
Seat 10: db49 ($77.98 in chips)
db49: posts small blind $1
BelSv: posts big blind $3
*** HOLE CARDS ***
db49: folds
Uncalled bet ($2) returned to BelSv
BelSv collected $2 from pot
BelSv: doesn't show hand
*** SUMMARY ***
Total pot $2 | Rake $0
Seat 6: BelSv (big blind) collected ($2)
Seat 10: db49 (button) (small blind) folded before Flop


PokerStars Hand #147900837155:  Hold'em Limit ($3/$6 USD) - 2016/01/29 17:35:37 ET
Table 'Sahlia' 10-max Seat #6 is the button
Seat 6: BelSv ($318.21 in chips)
Seat 10: db49 ($107.98 in chips)
BelSv: posts small blind $1
db49: posts big blind $3
*** HOLE CARDS ***
BelSv: raises $3 to $6
db49: raises $3 to $9
BelSv: calls $3
*** FLOP *** [9h 3d Kh]
db49: bets $3
BelSv: calls $3
*** TURN *** [9h 3d Kh] [8c]
db49: bets $6
BelSv: calls $6
*** RIVER *** [9h 3d Kh 8c] [7s]
db49: bets $6
BelSv: raises $6 to $12
db49: calls $6
*** SHOW DOWN ***
BelSv: shows [Kc Jh] (a pair of Kings)
db49: mucks hand
BelSv collected $59.50 from pot
*** SUMMARY ***
Total pot $60 | Rake $0.50
Board [9h 3d Kh 8c 7s]
Seat 6: BelSv (button) (small blind) showed [Kc Jh] and won ($59.50) with a pair of Kings
Seat 10: db49 (big blind) mucked


PokerStars Hand #147900829136:  Hold'em Limit ($3/$6 USD) - 2016/01/29 17:35:29 ET
Table 'Sahlia' 10-max Seat #10 is the button
Seat 6: BelSv ($321.21 in chips)
Seat 10: db49 ($104.98 in chips)
db49: posts small blind $1
BelSv: posts big blind $3
*** HOLE CARDS ***
db49: raises $3 to $6
BelSv: folds
Uncalled bet ($3) returned to db49
db49 collected $6 from pot
db49: doesn't show hand
*** SUMMARY ***
Total pot $6 | Rake $0
Seat 6: BelSv (big blind) folded before Flop
Seat 10: db49 (button) (small blind) collected ($6)


PokerStars Hand #147900821653:  Hold'em Limit ($3/$6 USD) - 2016/01/29 17:35:22 ET
Table 'Sahlia' 10-max Seat #6 is the button
Seat 6: BelSv ($318.21 in chips)
Seat 10: db49 ($107.98 in chips)
BelSv: posts small blind $1
db49: posts big blind $3
*** HOLE CARDS ***
BelSv: raises $3 to $6
db49: folds
Uncalled bet ($3) returned to BelSv
BelSv collected $6 from pot
BelSv: doesn't show hand
*** SUMMARY ***
Total pot $6 | Rake $0
Seat 6: BelSv (button) (small blind) collected ($6)
Seat 10: db49 (big blind) folded before Flop


PokerStars Hand #147900919111:  Hold'em Limit ($3/$6 USD) - 2016/01/29 17:36:58 ET
Table 'Sahlia' 10-max Seat #10 is the button
Seat 6: BelSv ($369.75 in chips)
Seat 10: db49 ($54.98 in chips)
db49: posts small blind $1
BelSv: posts big blind $3
*** HOLE CARDS ***
db49: raises $3 to $6
BelSv: folds
Uncalled bet ($3) returned to db49
db49 collected $6 from pot
db49: doesn't show hand
*** SUMMARY ***
Total pot $6 | Rake $0
Seat 6: BelSv (big blind) folded before Flop
Seat 10: db49 (button) (small blind) collected ($6)


PokerStars Hand #147900901795:  Hold'em Limit ($3/$6 USD) - 2016/01/29 17:36:40 ET
Table 'Sahlia' 10-max Seat #6 is the button
Seat 6: BelSv ($358.23 in chips)
Seat 10: db49 ($66.98 in chips)
BelSv: posts small blind $1
db49: posts big blind $3
*** HOLE CARDS ***
BelSv: raises $3 to $6
db49: raises $3 to $9
BelSv: calls $3
*** FLOP *** [Ad 2h Jc]
db49: bets $3
BelSv: calls $3
*** TURN *** [Ad 2h Jc] [Ah]
db49: checks
BelSv: bets $6
db49: folds
Uncalled bet ($6) returned to BelSv
BelSv collected $23.52 from pot
BelSv: doesn't show hand
*** SUMMARY ***
Total pot $24 | Rake $0.48
Board [Ad 2h Jc Ah]
Seat 6: BelSv (button) (small blind) collected ($23.52)
Seat 10: db49 (big blind) folded on the Turn


PokerStars Hand #147900894206:  Hold'em Limit ($3/$6 USD) - 2016/01/29 17:36:33 ET
Table 'Sahlia' 10-max Seat #10 is the button
Seat 6: BelSv ($361.23 in chips)
Seat 10: db49 ($63.98 in chips)
db49: posts small blind $1
BelSv: posts big blind $3
*** HOLE CARDS ***
db49: raises $3 to $6
BelSv: folds
Uncalled bet ($3) returned to db49
db49 collected $6 from pot
db49: doesn't show hand
*** SUMMARY ***
Total pot $6 | Rake $0
Seat 6: BelSv (big blind) folded before Flop
Seat 10: db49 (button) (small blind) collected ($6)


PokerStars Hand #147900880517:  Hold'em Limit ($3/$6 USD) - 2016/01/29 17:36:19 ET
Table 'Sahlia' 10-max Seat #6 is the button
Seat 6: BelSv ($355.47 in chips)
Seat 10: db49 ($69.98 in chips)
BelSv: posts small blind $1
db49: posts big blind $3
*** HOLE CARDS ***
BelSv: raises $3 to $6
db49: calls $3
*** FLOP *** [8d Jd 9d]
db49: checks
BelSv: checks
*** TURN *** [8d Jd 9d] [Qh]
db49: checks
BelSv: bets $6
db49: folds
Uncalled bet ($6) returned to BelSv
BelSv collected $11.76 from pot
BelSv: doesn't show hand
*** SUMMARY ***
Total pot $12 | Rake $0.24
Board [8d Jd 9d Qh]
Seat 6: BelSv (button) (small blind) collected ($11.76)
Seat 10: db49 (big blind) folded on the Turn


PokerStars Hand #147900946771:  Hold'em Limit ($3/$6 USD) - 2016/01/29 17:37:25 ET
Table 'Sahlia' 10-max Seat #10 is the button
Seat 6: BelSv ($381.25 in chips)
Seat 10: db49 ($42.98 in chips)
db49: posts small blind $1
BelSv: posts big blind $3
*** HOLE CARDS ***
db49: raises $3 to $6
BelSv: calls $3
*** FLOP *** [8h Jc 4h]
BelSv: checks
db49: bets $3
BelSv: folds
Uncalled bet ($3) returned to db49
db49 collected $11.76 from pot
db49: doesn't show hand
*** SUMMARY ***
Total pot $12 | Rake $0.24
Board [8h Jc 4h]
Seat 6: BelSv (big blind) folded on the Flop
Seat 10: db49 (button) (small blind) collected ($11.76)


PokerStars Hand #147900926016:  Hold'em Limit ($3/$6 USD) - 2016/01/29 17:37:05 ET
Table 'Sahlia' 10-max Seat #6 is the button
Seat 6: BelSv ($366.75 in chips)
Seat 10: db49 ($57.98 in chips)
BelSv: posts small blind $1
db49: posts big blind $3
*** HOLE CARDS ***
BelSv: raises $3 to $6
db49: calls $3
*** FLOP *** [7h Tc 7s]
db49: checks
BelSv: bets $3
db49: calls $3
*** TURN *** [7h Tc 7s] [4c]
db49: checks
BelSv: bets $6
db49: calls $6
*** RIVER *** [7h Tc 7s 4c] [3c]
db49: checks
BelSv: checks
*** SHOW DOWN ***
db49: shows [8s 6s] (a pair of Sevens)
BelSv: shows [Jd As] (a pair of Sevens - Ace kicker)
BelSv collected $29.50 from pot
*** SUMMARY ***
Total pot $30 | Rake $0.50
Board [7h Tc 7s 4c 3c]
Seat 6: BelSv (button) (small blind) showed [Jd As] and won ($29.50) with a pair of Sevens
Seat 10: db49 (big blind) showed [8s 6s] and lost with a pair of Sevens


PokerStars Hand #147900965293:  Hold'em Limit ($3/$6 USD) - 2016/01/29 17:37:44 ET
Table 'Sahlia' 10-max Seat #10 is the button
Seat 6: BelSv ($366.25 in chips)
Seat 10: db49 ($57.38 in chips)
db49: posts small blind $1
BelSv: posts big blind $3
*** HOLE CARDS ***
db49: raises $3 to $6
BelSv: calls $3
*** FLOP *** [Jd 9s 8d]
BelSv: checks
db49: bets $3
BelSv: raises $3 to $6
db49: calls $3
*** TURN *** [Jd 9s 8d] [4c]
BelSv: bets $6
db49: folds
Uncalled bet ($6) returned to BelSv
BelSv collected $23.52 from pot
BelSv: doesn't show hand
*** SUMMARY ***
Total pot $24 | Rake $0.48
Board [Jd 9s 8d 4c]
Seat 6: BelSv (big blind) collected ($23.52)
Seat 10: db49 (button) (small blind) folded on the Turn


PokerStars Hand #147900955704:  Hold'em Limit ($3/$6 USD) - 2016/01/29 17:37:35 ET
Table 'Sahlia' 10-max Seat #6 is the button
Seat 6: BelSv ($375.25 in chips)
Seat 10: db49 ($48.74 in chips)
BelSv: posts small blind $1
db49: posts big blind $3
*** HOLE CARDS ***
BelSv: raises $3 to $6
db49: raises $3 to $9
BelSv: calls $3
*** FLOP *** [2s Ad 7d]
db49: bets $3
BelSv: folds
Uncalled bet ($3) returned to db49
db49 collected $17.64 from pot
db49: doesn't show hand
*** SUMMARY ***
Total pot $18 | Rake $0.36
Board [2s Ad 7d]
Seat 6: BelSv (button) (small blind) folded on the Flop
Seat 10: db49 (big blind) collected ($17.64)


PokerStars Hand #147901026589:  Hold'em Limit ($3/$6 USD) - 2016/01/29 17:38:47 ET
Table 'Sahlia' 10-max Seat #6 is the button
Seat 6: BelSv ($341.77 in chips)
Seat 10: db49 ($80.64 in chips)
BelSv: posts small blind $1
db49: posts big blind $3
*** HOLE CARDS ***
BelSv: raises $3 to $6
db49: raises $3 to $9
BelSv: calls $3
*** FLOP *** [Kd 8s 5d]
db49: bets $3
BelSv: calls $3
*** TURN *** [Kd 8s 5d] [5h]
db49: bets $6
BelSv: calls $6
*** RIVER *** [Kd 8s 5d 5h] [5s]
db49: bets $6
BelSv: calls $6
*** SHOW DOWN ***
db49: shows [Kc 9c] (a full house, Fives full of Kings)
BelSv: mucks hand
db49 collected $47.50 from pot
*** SUMMARY ***
Total pot $48 | Rake $0.50
Board [Kd 8s 5d 5h 5s]
Seat 6: BelSv (button) (small blind) mucked
Seat 10: db49 (big blind) showed [Kc 9c] and won ($47.50) with a full house, Fives full of Kings


PokerStars Hand #147901014168:  Hold'em Limit ($3/$6 USD) - 2016/01/29 17:38:34 ET
Table 'Sahlia' 10-max Seat #10 is the button
Seat 6: BelSv ($347.77 in chips)
Seat 10: db49 ($74.88 in chips)
db49: posts small blind $1
BelSv: posts big blind $3
*** HOLE CARDS ***
db49: raises $3 to $6
BelSv: calls $3
*** FLOP *** [2h 3s Ts]
BelSv: checks
db49: bets $3
BelSv: folds
Uncalled bet ($3) returned to db49
db49 collected $11.76 from pot
db49: doesn't show hand
*** SUMMARY ***
Total pot $12 | Rake $0.24
Board [2h 3s Ts]
Seat 6: BelSv (big blind) folded on the Flop
Seat 10: db49 (button) (small blind) collected ($11.76)


PokerStars Hand #147900992657:  Hold'em Limit ($3/$6 USD) - 2016/01/29 17:38:12 ET
Table 'Sahlia' 10-max Seat #6 is the button
Seat 6: BelSv ($377.77 in chips)
Seat 10: db49 ($45.38 in chips)
BelSv: posts small blind $1
db49: posts big blind $3
*** HOLE CARDS ***
BelSv: raises $3 to $6
db49: calls $3
*** FLOP *** [7d Jc Kh]
db49: checks
BelSv: checks
*** TURN *** [7d Jc Kh] [Ts]
db49: bets $6
BelSv: raises $6 to $12
db49: raises $6 to $18
BelSv: calls $6
*** RIVER *** [7d Jc Kh Ts] [4h]
db49: bets $6
BelSv: calls $6
*** SHOW DOWN ***
db49: shows [8s 9h] (a straight, Seven to Jack)
BelSv: mucks hand
db49 collected $59.50 from pot
*** SUMMARY ***
Total pot $60 | Rake $0.50
Board [7d Jc Kh Ts 4h]
Seat 6: BelSv (button) (small blind) mucked
Seat 10: db49 (big blind) showed [8s 9h] and won ($59.50) with a straight, Seven to Jack


PokerStars Hand #147901044216:  Hold'em Limit ($3/$6 USD) - 2016/01/29 17:39:05 ET
Table 'Sahlia' 10-max Seat #10 is the button
Seat 6: BelSv ($317.77 in chips)
Seat 10: db49 ($104.14 in chips)
db49: posts small blind $1
BelSv: posts big blind $3
*** HOLE CARDS ***
db49: raises $3 to $6
BelSv: calls $3
*** FLOP *** [3h 8d 6c]
BelSv: checks
db49: bets $3
BelSv: calls $3
*** TURN *** [3h 8d 6c] [Kc]
BelSv: checks
db49: bets $6
BelSv: calls $6
*** RIVER *** [3h 8d 6c Kc] [4h]
BelSv: checks
db49: checks
*** SHOW DOWN ***
BelSv: shows [2d 6d] (a pair of Sixes)
db49: mucks hand
BelSv collected $29.50 from pot
*** SUMMARY ***
Total pot $30 | Rake $0.50
Board [3h 8d 6c Kc 4h]
Seat 6: BelSv (big blind) showed [2d 6d] and won ($29.50) with a pair of Sixes
Seat 10: db49 (button) (small blind) mucked


PokerStars Hand #147901085378:  Hold'em Limit ($3/$6 USD) - 2016/01/29 17:39:48 ET
Table 'Sahlia' 10-max Seat #6 is the button
Seat 6: BelSv ($332.27 in chips)
Seat 10: db49 ($89.14 in chips)
BelSv: posts small blind $1
db49: posts big blind $3
*** HOLE CARDS ***
BelSv: raises $3 to $6
db49: raises $3 to $9
BelSv: calls $3
*** FLOP *** [2d Qc 9c]
db49: bets $3
BelSv: calls $3
*** TURN *** [2d Qc 9c] [Th]
db49: checks
BelSv: checks
*** RIVER *** [2d Qc 9c Th] [4s]
db49: checks
BelSv: checks
*** SHOW DOWN ***
db49: shows [4c As] (a pair of Fours)
BelSv: mucks hand
db49 collected $23.52 from pot
*** SUMMARY ***
Total pot $24 | Rake $0.48
Board [2d Qc 9c Th 4s]
Seat 6: BelSv (button) (small blind) mucked
Seat 10: db49 (big blind) showed [4c As] and won ($23.52) with a pair of Fours


PokerStars Hand #147901164887:  Hold'em Limit ($3/$6 USD) - 2016/01/29 17:41:10 ET
Table 'Sahlia' 10-max Seat #10 is the button
Seat 6: BelSv ($289.27 in chips)
Seat 10: db49 ($131.16 in chips)
db49: posts small blind $1
BelSv: posts big blind $3
*** HOLE CARDS ***
db49: folds
Uncalled bet ($2) returned to BelSv
BelSv collected $2 from pot
BelSv: doesn't show hand
*** SUMMARY ***
Total pot $2 | Rake $0
Seat 6: BelSv (big blind) collected ($2)
Seat 10: db49 (button) (small blind) folded before Flop


PokerStars Hand #147901135744:  Hold'em Limit ($3/$6 USD) - 2016/01/29 17:40:40 ET
Table 'Sahlia' 10-max Seat #6 is the button
Seat 6: BelSv ($313.27 in chips)
Seat 10: db49 ($107.66 in chips)
BelSv: posts small blind $1
db49: posts big blind $3
*** HOLE CARDS ***
BelSv: raises $3 to $6
db49: raises $3 to $9
BelSv: calls $3
*** FLOP *** [8d 5h 5d]
db49: bets $3
BelSv: calls $3
*** TURN *** [8d 5h 5d] [4s]
db49: bets $6
BelSv: calls $6
*** RIVER *** [8d 5h 5d 4s] [9s]
db49: bets $6
BelSv: calls $6
*** SHOW DOWN ***
db49: shows [Js 8s] (two pair, Eights and Fives)
BelSv: mucks hand
db49 collected $47.50 from pot
*** SUMMARY ***
Total pot $48 | Rake $0.50
Board [8d 5h 5d 4s 9s]
Seat 6: BelSv (button) (small blind) mucked
Seat 10: db49 (big blind) showed [Js 8s] and won ($47.50) with two pair, Eights and Fives


PokerStars Hand #147901123159:  Hold'em Limit ($3/$6 USD) - 2016/01/29 17:40:27 ET
Table 'Sahlia' 10-max Seat #6 is the button
Seat 6: BelSv ($317.27 in chips)
Seat 10: db49 ($103.66 in chips)
BelSv: posts small blind $1
db49: posts big blind $3
*** HOLE CARDS ***
BelSv: folds
Uncalled bet ($2) returned to db49
db49 collected $2 from pot
db49: doesn't show hand
*** SUMMARY ***
Total pot $2 | Rake $0
Seat 6: BelSv (button) (small blind) folded before Flop
Seat 10: db49 (big blind) collected ($2)


PokerStars Hand #147901109654:  Hold'em Limit ($3/$6 USD) - 2016/01/29 17:40:13 ET
Table 'Sahlia' 10-max Seat #10 is the button
Seat 6: BelSv ($320.27 in chips)
Seat 10: db49 ($100.66 in chips)
db49: posts small blind $1
BelSv: posts big blind $3
*** HOLE CARDS ***
db49: raises $3 to $6
BelSv: folds
Uncalled bet ($3) returned to db49
db49 collected $6 from pot
db49: doesn't show hand
*** SUMMARY ***
Total pot $6 | Rake $0
Seat 6: BelSv (big blind) folded before Flop
Seat 10: db49 (button) (small blind) collected ($6)


PokerStars Hand #147901127785:  Hold'em Limit ($3/$6 USD) - 2016/01/29 17:40:31 ET
Table 'Sahlia' 10-max Seat #10 is the button
Seat 6: BelSv ($316.27 in chips)
Seat 10: db49 ($104.66 in chips)
db49: posts small blind $1
BelSv: posts big blind $3
*** HOLE CARDS ***
db49: raises $3 to $6
BelSv: folds
Uncalled bet ($3) returned to db49
db49 collected $6 from pot
db49: doesn't show hand
*** SUMMARY ***
Total pot $6 | Rake $0
Seat 6: BelSv (big blind) folded before Flop
Seat 10: db49 (button) (small blind) collected ($6)


PokerStars Hand #147901169453:  Hold'em Limit ($3/$6 USD) - 2016/01/29 17:41:14 ET
Table 'Sahlia' 10-max Seat #6 is the button
Seat 6: BelSv ($290.27 in chips)
Seat 10: db49 ($130.16 in chips)
BelSv: posts small blind $1
db49: posts big blind $3
*** HOLE CARDS ***
BelSv: raises $3 to $6
db49: folds
Uncalled bet ($3) returned to BelSv
BelSv collected $6 from pot
BelSv: doesn't show hand
*** SUMMARY ***
Total pot $6 | Rake $0
Seat 6: BelSv (button) (small blind) collected ($6)
Seat 10: db49 (big blind) folded before Flop


PokerStars Hand #147901197946:  Hold'em Limit ($3/$6 USD) - 2016/01/29 17:41:44 ET
Table 'Sahlia' 10-max Seat #10 is the button
Seat 6: BelSv ($307.67 in chips)
Seat 10: db49 ($112.16 in chips)
db49: posts small blind $1
BelSv: posts big blind $3
*** HOLE CARDS ***
db49: raises $3 to $6
BelSv: calls $3
*** FLOP *** [Jc 7s 2c]
BelSv: checks
db49: bets $3
BelSv: raises $3 to $6
db49: raises $3 to $9
BelSv: calls $3
*** TURN *** [Jc 7s 2c] [Th]
BelSv: checks
db49: checks
*** RIVER *** [Jc 7s 2c Th] [5h]
BelSv: checks
db49: checks
*** SHOW DOWN ***
BelSv: shows [9s 8s] (a straight, Seven to Jack)
db49: mucks hand
BelSv collected $29.50 from pot
*** SUMMARY ***
Total pot $30 | Rake $0.50
Board [Jc 7s 2c Th 5h]
Seat 6: BelSv (big blind) showed [9s 8s] and won ($29.50) with a straight, Seven to Jack
Seat 10: db49 (button) (small blind) mucked


PokerStars Hand #147901175568:  Hold'em Limit ($3/$6 USD) - 2016/01/29 17:41:21 ET
Table 'Sahlia' 10-max Seat #10 is the button
Seat 6: BelSv ($293.27 in chips)
Seat 10: db49 ($127.16 in chips)
db49: posts small blind $1
BelSv: posts big blind $3
*** HOLE CARDS ***
db49: raises $3 to $6
BelSv: raises $3 to $9
db49: calls $3
*** FLOP *** [Qc 3c Ks]
BelSv: bets $3
db49: folds
Uncalled bet ($3) returned to BelSv
BelSv collected $17.64 from pot
BelSv: doesn't show hand
*** SUMMARY ***
Total pot $18 | Rake $0.36
Board [Qc 3c Ks]
Seat 6: BelSv (big blind) collected ($17.64)
Seat 10: db49 (button) (small blind) folded on the Flop


PokerStars Hand #147901188048:  Hold'em Limit ($3/$6 USD) - 2016/01/29 17:41:34 ET
Table 'Sahlia' 10-max Seat #6 is the button
Seat 6: BelSv ($301.91 in chips)
Seat 10: db49 ($118.16 in chips)
BelSv: posts small blind $1
db49: posts big blind $3
*** HOLE CARDS ***
BelSv: raises $3 to $6
db49: calls $3
*** FLOP *** [8d Tc 8h]
db49: checks
BelSv: bets $3
db49: folds
Uncalled bet ($3) returned to BelSv
BelSv collected $11.76 from pot
BelSv: doesn't show hand
*** SUMMARY ***
Total pot $12 | Rake $0.24
Board [8d Tc 8h]
Seat 6: BelSv (button) (small blind) collected ($11.76)
Seat 10: db49 (big blind) folded on the Flop


PokerStars Hand #147901273554:  Hold'em Limit ($3/$6 USD) - 2016/01/29 17:43:01 ET
Table 'Sahlia' 10-max Seat #10 is the button
Seat 6: BelSv ($357.67 in chips)
Seat 10: db49 ($61.16 in chips)
db49: posts small blind $1
BelSv: posts big blind $3
*** HOLE CARDS ***
db49: folds
Uncalled bet ($2) returned to BelSv
BelSv collected $2 from pot
BelSv: doesn't show hand
*** SUMMARY ***
Total pot $2 | Rake $0
Seat 6: BelSv (big blind) collected ($2)
Seat 10: db49 (button) (small blind) folded before Flop


PokerStars Hand #147901227790:  Hold'em Limit ($3/$6 USD) - 2016/01/29 17:42:14 ET
Table 'Sahlia' 10-max Seat #6 is the button
Seat 6: BelSv ($322.17 in chips)
Seat 10: db49 ($97.16 in chips)
BelSv: posts small blind $1
db49: posts big blind $3
*** HOLE CARDS ***
BelSv: raises $3 to $6
db49: raises $3 to $9
BelSv: calls $3
*** FLOP *** [Tc 6s 8c]
db49: bets $3
BelSv: calls $3
*** TURN *** [Tc 6s 8c] [5d]
db49: bets $6
BelSv: raises $6 to $12
db49: raises $6 to $18
BelSv: calls $6
*** RIVER *** [Tc 6s 8c 5d] [3c]
db49: bets $6
BelSv: raises $6 to $12
db49: folds
Uncalled bet ($6) returned to BelSv
BelSv collected $71.50 from pot
BelSv: doesn't show hand
*** SUMMARY ***
Total pot $72 | Rake $0.50
Board [Tc 6s 8c 5d 3c]
Seat 6: BelSv (button) (small blind) collected ($71.50)
Seat 10: db49 (big blind) folded on the River


PokerStars Hand #147901278234:  Hold'em Limit ($3/$6 USD) - 2016/01/29 17:43:06 ET
Table 'Sahlia' 10-max Seat #6 is the button
Seat 6: BelSv ($358.67 in chips)
Seat 10: db49 ($60.16 in chips)
BelSv: posts small blind $1
db49: posts big blind $3
*** HOLE CARDS ***
BelSv: raises $3 to $6
db49: raises $3 to $9
BelSv: calls $3
*** FLOP *** [Kd Kc Ah]
db49: bets $3
BelSv: raises $3 to $6
db49: folds
Uncalled bet ($3) returned to BelSv
BelSv collected $23.52 from pot
BelSv: doesn't show hand
*** SUMMARY ***
Total pot $24 | Rake $0.48
Board [Kd Kc Ah]
Seat 6: BelSv (button) (small blind) collected ($23.52)
Seat 10: db49 (big blind) folded on the Flop


PokerStars Hand #147901298645:  Hold'em Limit ($3/$6 USD) - 2016/01/29 17:43:28 ET
Table 'Sahlia' 10-max Seat #6 is the button
Seat 6: BelSv ($371.19 in chips)
Seat 10: db49 ($47.16 in chips)
BelSv: posts small blind $1
db49: posts big blind $3
*** HOLE CARDS ***
BelSv: folds
Uncalled bet ($2) returned to db49
db49 collected $2 from pot
db49: doesn't show hand
*** SUMMARY ***
Total pot $2 | Rake $0
Seat 6: BelSv (button) (small blind) folded before Flop
Seat 10: db49 (big blind) collected ($2)


PokerStars Hand #147901293850:  Hold'em Limit ($3/$6 USD) - 2016/01/29 17:43:23 ET
Table 'Sahlia' 10-max Seat #10 is the button
Seat 6: BelSv ($370.19 in chips)
Seat 10: db49 ($48.16 in chips)
db49: posts small blind $1
BelSv: posts big blind $3
*** HOLE CARDS ***
db49: folds
Uncalled bet ($2) returned to BelSv
BelSv collected $2 from pot
BelSv: doesn't show hand
*** SUMMARY ***
Total pot $2 | Rake $0
Seat 6: BelSv (big blind) collected ($2)
Seat 10: db49 (button) (small blind) folded before Flop


PokerStars Hand #147901303253:  Hold'em Limit ($3/$6 USD) - 2016/01/29 17:43:32 ET
Table 'Sahlia' 10-max Seat #10 is the button
Seat 6: BelSv ($370.19 in chips)
Seat 10: db49 ($48.16 in chips)
db49: posts small blind $1
BelSv: posts big blind $3
*** HOLE CARDS ***
db49: raises $3 to $6
BelSv: raises $3 to $9
db49: calls $3
*** FLOP *** [As 7s Ac]
BelSv: bets $3
db49: folds
Uncalled bet ($3) returned to BelSv
BelSv collected $17.64 from pot
BelSv: doesn't show hand
*** SUMMARY ***
Total pot $18 | Rake $0.36
Board [As 7s Ac]
Seat 6: BelSv (big blind) collected ($17.64)
Seat 10: db49 (button) (small blind) folded on the Flop


