PokerStars Hand #174951023083:  Hold'em Limit ($3/$6 USD) - 2017/08/29 15:04:42 ET
Table 'Sahlia II' 6-max Seat #2 is the button
Seat 2: krytalex ($115.14 in chips)
Seat 6: sokol-max-PS ($93.86 in chips)
krytalex: posts small blind $1
sokol-max-PS: posts big blind $3
*** HOLE CARDS ***
krytalex: folds
Uncalled bet ($2) returned to sokol-max-PS
sokol-max-PS collected $2 from pot
*** SUMMARY ***
Total pot $2 | Rake $0
Seat 2: krytalex (button) (small blind) folded before Flop
Seat 6: sokol-max-PS (big blind) collected ($2)


PokerStars Hand #174951001914:  Hold'em Limit ($3/$6 USD) - 2017/08/29 15:04:16 ET
Table 'Sahlia II' 6-max Seat #6 is the button
Seat 2: krytalex ($106.50 in chips)
Seat 6: sokol-max-PS ($102.86 in chips)
sokol-max-PS: posts small blind $1
krytalex: posts big blind $3
*** HOLE CARDS ***
sokol-max-PS: raises $3 to $6
krytalex: calls $3
*** FLOP *** [7h Kd 8h]
krytalex: checks
sokol-max-PS: bets $3
krytalex: raises $3 to $6
sokol-max-PS: folds
Uncalled bet ($3) returned to krytalex
krytalex collected $17.64 from pot
*** SUMMARY ***
Total pot $18 | Rake $0.36
Board [7h Kd 8h]
Seat 2: krytalex (big blind) collected ($17.64)
Seat 6: sokol-max-PS (button) (small blind) folded on the Flop


PokerStars Hand #174950978972:  Hold'em Limit ($3/$6 USD) - 2017/08/29 15:03:47 ET
Table 'Sahlia II' 6-max Seat #2 is the button
Seat 2: krytalex ($89 in chips)
Seat 6: sokol-max-PS ($120.86 in chips)
krytalex: posts small blind $1
sokol-max-PS: posts big blind $3
*** HOLE CARDS ***
krytalex: raises $3 to $6
sokol-max-PS: raises $3 to $9
krytalex: calls $3
*** FLOP *** [4c 5c 3s]
sokol-max-PS: bets $3
krytalex: calls $3
*** TURN *** [4c 5c 3s] [7s]
sokol-max-PS: bets $6
krytalex: calls $6
*** RIVER *** [4c 5c 3s 7s] [4s]
sokol-max-PS: checks
krytalex: checks
*** SHOW DOWN ***
sokol-max-PS: shows [Kh Qs] (a pair of Fours)
krytalex: shows [Jh Ah] (a pair of Fours - Ace kicker)
krytalex collected $35.50 from pot
*** SUMMARY ***
Total pot $36 | Rake $0.50
Board [4c 5c 3s 7s 4s]
Seat 2: krytalex (button) (small blind) showed [Jh Ah] and won ($35.50) with a pair of Fours
Seat 6: sokol-max-PS (big blind) showed [Kh Qs] and lost with a pair of Fours


