PokerStars Hand #150818396479:  Hold'em Limit ($3/$6 USD) - 2016/03/23 16:47:00 ET
Table 'Saiph II' 6-max Seat #3 is the button
Seat 3: liza3008 ($120 in chips)
Seat 5: Pandakey ($120 in chips)
liza3008: posts small blind $1
Pandakey: posts big blind $3
*** HOLE CARDS ***
liza3008: raises $3 to $6
Pandakey: calls $3
*** FLOP *** [Kd 9s Qc]
Pandakey: checks
liza3008: bets $3
vestimokrec joins the table at seat #4
Pandakey: calls $3
*** TURN *** [Kd 9s Qc] [2h]
Pandakey: checks
liza3008: bets $6
Pandakey: folds
Uncalled bet ($6) returned to liza3008
liza3008 collected $17.64 from pot
liza3008: doesn't show hand
*** SUMMARY ***
Total pot $18 | Rake $0.36
Board [Kd 9s Qc 2h]
Seat 3: liza3008 (button) (small blind) collected ($17.64)
Seat 5: Pandakey (big blind) folded on the Turn


PokerStars Hand #150818451175:  Hold'em Limit ($3/$6 USD) - 2016/03/23 16:47:45 ET
Table 'Saiph II' 6-max Seat #5 is the button
Seat 3: liza3008 ($128.64 in chips)
Seat 5: Pandakey ($111 in chips)
Pandakey: posts small blind $1
liza3008: posts big blind $3
*** HOLE CARDS ***
Pandakey: folds
Uncalled bet ($2) returned to liza3008
liza3008 collected $2 from pot
liza3008: doesn't show hand
*** SUMMARY ***
Total pot $2 | Rake $0
Seat 3: liza3008 (big blind) collected ($2)
Seat 5: Pandakey (button) (small blind) folded before Flop


PokerStars Hand #150822867859:  Hold'em Limit ($3/$6 USD) - 2016/03/23 18:00:51 ET
Table 'Saiph II' 6-max Seat #2 is the button
Seat 2: ToDaFelt ($215.69 in chips)
Seat 3: MissEKAmouse ($129.43 in chips)
ToDaFelt: posts small blind $1
MissEKAmouse: posts big blind $3
*** HOLE CARDS ***
ToDaFelt: raises $3 to $6
MissEKAmouse: calls $3
*** FLOP *** [9h 6d 6s]
MissEKAmouse: checks
ToDaFelt: bets $3
MissEKAmouse: raises $3 to $6
ToDaFelt: calls $3
*** TURN *** [9h 6d 6s] [Kc]
MissEKAmouse: bets $6
ToDaFelt: raises $6 to $12
MissEKAmouse: raises $6 to $18
ToDaFelt: folds
Uncalled bet ($6) returned to MissEKAmouse
MissEKAmouse collected $47.50 from pot
MissEKAmouse: doesn't show hand
*** SUMMARY ***
Total pot $48 | Rake $0.50
Board [9h 6d 6s Kc]
Seat 2: ToDaFelt (button) (small blind) folded on the Turn
Seat 3: MissEKAmouse (big blind) collected ($47.50)


