PokerStars Hand #154354215812:  Hold'em Limit ($3/$6 USD) - 2016/06/05 22:03:06 ET
Table 'Saiph' 6-max Seat #6 is the button
Seat 3: REZOLUTION84 ($258.35 in chips)
Seat 6: ajbooomX ($124.19 in chips)
ajbooomX: posts small blind $1
REZOLUTION84: posts big blind $3
*** HOLE CARDS ***
ajbooomX: raises $3 to $6
REZOLUTION84: folds
Uncalled bet ($3) returned to ajbooomX
ajbooomX collected $6 from pot
ajbooomX: doesn't show hand
*** SUMMARY ***
Total pot $6 | Rake $0
Seat 3: REZOLUTION84 (big blind) folded before Flop
Seat 6: ajbooomX (button) (small blind) collected ($6)


PokerStars Hand #154354210221:  Hold'em Limit ($3/$6 USD) - 2016/06/05 22:02:49 ET
Table 'Saiph' 6-max Seat #3 is the button
Seat 3: REZOLUTION84 ($267.35 in chips)
Seat 6: ajbooomX ($115.55 in chips)
REZOLUTION84: posts small blind $1
ajbooomX: posts big blind $3
*** HOLE CARDS ***
REZOLUTION84: raises $3 to $6
ajbooomX: raises $3 to $9
REZOLUTION84: calls $3
*** FLOP *** [Qs 7s Ah]
ajbooomX: checks
REZOLUTION84: checks
*** TURN *** [Qs 7s Ah] [Ks]
ajbooomX: checks
REZOLUTION84: checks
*** RIVER *** [Qs 7s Ah Ks] [3h]
ajbooomX: checks
REZOLUTION84: checks
*** SHOW DOWN ***
ajbooomX: shows [Jh 9h] (high card Ace)
REZOLUTION84: mucks hand
ajbooomX collected $17.64 from pot
*** SUMMARY ***
Total pot $18 | Rake $0.36
Board [Qs 7s Ah Ks 3h]
Seat 3: REZOLUTION84 (button) (small blind) mucked
Seat 6: ajbooomX (big blind) showed [Jh 9h] and won ($17.64) with high card Ace


PokerStars Hand #154355940658:  Hold'em Limit ($3/$6 USD) - 2016/06/05 23:36:31 ET
Table 'Saiph' 6-max Seat #6 is the button
Seat 5: NIGHTyxa ($165.97 in chips)
Seat 6: TheFazermint ($497 in chips)
TheFazermint: posts small blind $1
komornik: is sitting out
NIGHTyxa: posts big blind $3
*** HOLE CARDS ***
handovgod joins the table at seat #3
komornik leaves the table
TheFazermint: raises $3 to $6
NIGHTyxa: calls $3
*** FLOP *** [9s 7s 8c]
NIGHTyxa: checks
TheFazermint: bets $3
handovgod leaves the table
NIGHTyxa: folds
Uncalled bet ($3) returned to TheFazermint
TheFazermint collected $11.76 from pot
TheFazermint: doesn't show hand
*** SUMMARY ***
Total pot $12 | Rake $0.24
Board [9s 7s 8c]
Seat 5: NIGHTyxa (big blind) folded on the Flop
Seat 6: TheFazermint (button) (small blind) collected ($11.76)


PokerStars Hand #154355952986:  Hold'em Limit ($3/$6 USD) - 2016/06/05 23:37:18 ET
Table 'Saiph' 6-max Seat #6 is the button
Seat 5: NIGHTyxa ($183.47 in chips)
Seat 6: TheFazermint ($478.76 in chips)
TheFazermint: posts small blind $1
NIGHTyxa: posts big blind $3
*** HOLE CARDS ***
TheFazermint: raises $3 to $6
NIGHTyxa: folds
Uncalled bet ($3) returned to TheFazermint
TheFazermint collected $6 from pot
TheFazermint: doesn't show hand
*** SUMMARY ***
Total pot $6 | Rake $0
Seat 5: NIGHTyxa (big blind) folded before Flop
Seat 6: TheFazermint (button) (small blind) collected ($6)


PokerStars Hand #154355945936:  Hold'em Limit ($3/$6 USD) - 2016/06/05 23:36:51 ET
Table 'Saiph' 6-max Seat #5 is the button
Seat 5: NIGHTyxa ($159.97 in chips)
Seat 6: TheFazermint ($502.76 in chips)
NIGHTyxa: posts small blind $1
TheFazermint: posts big blind $3
*** HOLE CARDS ***
NIGHTyxa: raises $3 to $6
TheFazermint: raises $3 to $9
NIGHTyxa: calls $3
*** FLOP *** [2c 9d 3h]
TheFazermint: bets $3
NIGHTyxa: calls $3
*** TURN *** [2c 9d 3h] [2d]
TheFazermint: bets $6
NIGHTyxa: calls $6
*** RIVER *** [2c 9d 3h 2d] [7d]
TheFazermint: bets $6
NIGHTyxa: calls $6
*** SHOW DOWN ***
TheFazermint: shows [8d Tc] (a pair of Deuces)
NIGHTyxa: shows [8h 9c] (two pair, Nines and Deuces)
NIGHTyxa collected $47.50 from pot
*** SUMMARY ***
Total pot $48 | Rake $0.50
Board [2c 9d 3h 2d 7d]
Seat 5: NIGHTyxa (button) (small blind) showed [8h 9c] and won ($47.50) with two pair, Nines and Deuces
Seat 6: TheFazermint (big blind) showed [8d Tc] and lost with a pair of Deuces


PokerStars Hand #154355955043:  Hold'em Limit ($3/$6 USD) - 2016/06/05 23:37:25 ET
Table 'Saiph' 6-max Seat #5 is the button
Seat 5: NIGHTyxa ($180.47 in chips)
Seat 6: TheFazermint ($481.76 in chips)
NIGHTyxa: posts small blind $1
TheFazermint: posts big blind $3
*** HOLE CARDS ***
NIGHTyxa: raises $3 to $6
TheFazermint: calls $3
*** FLOP *** [4d 8s Ks]
TheFazermint: checks
NIGHTyxa: bets $3
TheFazermint: raises $3 to $6
NIGHTyxa: folds
Uncalled bet ($3) returned to TheFazermint
TheFazermint collected $17.64 from pot
TheFazermint: doesn't show hand
*** SUMMARY ***
Total pot $18 | Rake $0.36
Board [4d 8s Ks]
Seat 5: NIGHTyxa (button) (small blind) folded on the Flop
Seat 6: TheFazermint (big blind) collected ($17.64)


PokerStars Hand #154355972104:  Hold'em Limit ($3/$6 USD) - 2016/06/05 23:38:30 ET
Table 'Saiph' 6-max Seat #6 is the button
Seat 5: NIGHTyxa ($135.47 in chips)
Seat 6: TheFazermint ($525.54 in chips)
TheFazermint: posts small blind $1
NIGHTyxa: posts big blind $3
*** HOLE CARDS ***
TheFazermint: raises $3 to $6
NIGHTyxa: folds
Uncalled bet ($3) returned to TheFazermint
TheFazermint collected $6 from pot
TheFazermint: doesn't show hand
*** SUMMARY ***
Total pot $6 | Rake $0
Seat 5: NIGHTyxa (big blind) folded before Flop
Seat 6: TheFazermint (button) (small blind) collected ($6)


PokerStars Hand #154355964877:  Hold'em Limit ($3/$6 USD) - 2016/06/05 23:38:03 ET
Table 'Saiph' 6-max Seat #5 is the button
Seat 5: NIGHTyxa ($144.47 in chips)
Seat 6: TheFazermint ($516.90 in chips)
NIGHTyxa: posts small blind $1
TheFazermint: posts big blind $3
*** HOLE CARDS ***
NIGHTyxa: raises $3 to $6
TheFazermint: calls $3
*** FLOP *** [8c 6d 8d]
TheFazermint: bets $3
NIGHTyxa: calls $3
*** TURN *** [8c 6d 8d] [Ks]
TheFazermint: bets $6
NIGHTyxa: folds
Uncalled bet ($6) returned to TheFazermint
TheFazermint collected $17.64 from pot
TheFazermint: doesn't show hand
*** SUMMARY ***
Total pot $18 | Rake $0.36
Board [8c 6d 8d Ks]
Seat 5: NIGHTyxa (button) (small blind) folded on the Turn
Seat 6: TheFazermint (big blind) collected ($17.64)


PokerStars Hand #154355960090:  Hold'em Limit ($3/$6 USD) - 2016/06/05 23:37:45 ET
Table 'Saiph' 6-max Seat #6 is the button
Seat 5: NIGHTyxa ($171.47 in chips)
Seat 6: TheFazermint ($490.40 in chips)
TheFazermint: posts small blind $1
NIGHTyxa: posts big blind $3
*** HOLE CARDS ***
TheFazermint: raises $3 to $6
NIGHTyxa: calls $3
*** FLOP *** [Ah 9s Th]
NIGHTyxa: checks
TheFazermint: bets $3
NIGHTyxa: calls $3
*** TURN *** [Ah 9s Th] [9d]
NIGHTyxa: checks
TheFazermint: bets $6
NIGHTyxa: calls $6
*** RIVER *** [Ah 9s Th 9d] [Ks]
NIGHTyxa: checks
TheFazermint: bets $6
NIGHTyxa: raises $6 to $12
TheFazermint: calls $6
*** SHOW DOWN ***
NIGHTyxa: shows [8h Ad] (two pair, Aces and Nines)
TheFazermint: shows [Qc 9h] (three of a kind, Nines)
TheFazermint collected $53.50 from pot
*** SUMMARY ***
Total pot $54 | Rake $0.50
Board [Ah 9s Th 9d Ks]
Seat 5: NIGHTyxa (big blind) showed [8h Ad] and lost with two pair, Aces and Nines
Seat 6: TheFazermint (button) (small blind) showed [Qc 9h] and won ($53.50) with three of a kind, Nines


PokerStars Hand #154355973656:  Hold'em Limit ($3/$6 USD) - 2016/06/05 23:38:36 ET
Table 'Saiph' 6-max Seat #5 is the button
Seat 5: NIGHTyxa ($132.47 in chips)
Seat 6: TheFazermint ($528.54 in chips)
NIGHTyxa: posts small blind $1
TheFazermint: posts big blind $3
*** HOLE CARDS ***
NIGHTyxa: raises $3 to $6
TheFazermint: calls $3
*** FLOP *** [Jc 9s Kd]
TheFazermint: bets $3
NIGHTyxa: calls $3
*** TURN *** [Jc 9s Kd] [Qd]
TheFazermint: bets $6
NIGHTyxa: calls $6
*** RIVER *** [Jc 9s Kd Qd] [Js]
TheFazermint: bets $6
NIGHTyxa: calls $6
*** SHOW DOWN ***
TheFazermint: shows [7d Kh] (two pair, Kings and Jacks)
NIGHTyxa: mucks hand
TheFazermint collected $41.50 from pot
*** SUMMARY ***
Total pot $42 | Rake $0.50
Board [Jc 9s Kd Qd Js]
Seat 5: NIGHTyxa (button) (small blind) mucked
Seat 6: TheFazermint (big blind) showed [7d Kh] and won ($41.50) with two pair, Kings and Jacks


PokerStars Hand #154355992470:  Hold'em Limit ($3/$6 USD) - 2016/06/05 23:39:47 ET
Table 'Saiph' 6-max Seat #6 is the button
Seat 5: NIGHTyxa ($107.11 in chips)
Seat 6: TheFazermint ($552.68 in chips)
TheFazermint: posts small blind $1
NIGHTyxa: posts big blind $3
*** HOLE CARDS ***
TheFazermint: raises $3 to $6
NIGHTyxa: folds
Uncalled bet ($3) returned to TheFazermint
TheFazermint collected $6 from pot
TheFazermint: doesn't show hand
*** SUMMARY ***
Total pot $6 | Rake $0
Seat 5: NIGHTyxa (big blind) folded before Flop
Seat 6: TheFazermint (button) (small blind) collected ($6)


PokerStars Hand #154355989101:  Hold'em Limit ($3/$6 USD) - 2016/06/05 23:39:34 ET
Table 'Saiph' 6-max Seat #5 is the button
Seat 5: NIGHTyxa ($116.11 in chips)
Seat 6: TheFazermint ($544.04 in chips)
NIGHTyxa: posts small blind $1
TheFazermint: posts big blind $3
*** HOLE CARDS ***
NIGHTyxa: raises $3 to $6
TheFazermint: calls $3
*** FLOP *** [2s Kd 6s]
TheFazermint: bets $3
NIGHTyxa: calls $3
*** TURN *** [2s Kd 6s] [9h]
TheFazermint: bets $6
NIGHTyxa: folds
Uncalled bet ($6) returned to TheFazermint
TheFazermint collected $17.64 from pot
TheFazermint: doesn't show hand
*** SUMMARY ***
Total pot $18 | Rake $0.36
Board [2s Kd 6s 9h]
Seat 5: NIGHTyxa (button) (small blind) folded on the Turn
Seat 6: TheFazermint (big blind) collected ($17.64)


PokerStars Hand #154355980000:  Hold'em Limit ($3/$6 USD) - 2016/06/05 23:39:00 ET
Table 'Saiph' 6-max Seat #6 is the button
Seat 5: NIGHTyxa ($111.47 in chips)
Seat 6: TheFazermint ($549.04 in chips)
TheFazermint: posts small blind $1
NIGHTyxa: posts big blind $3
*** HOLE CARDS ***
TheFazermint: raises $3 to $6
NIGHTyxa: raises $3 to $9
TheFazermint: calls $3
*** FLOP *** [5d 3s Ad]
NIGHTyxa: bets $3
TheFazermint: folds
Uncalled bet ($3) returned to NIGHTyxa
NIGHTyxa collected $17.64 from pot
NIGHTyxa: doesn't show hand
*** SUMMARY ***
Total pot $18 | Rake $0.36
Board [5d 3s Ad]
Seat 5: NIGHTyxa (big blind) collected ($17.64)
Seat 6: TheFazermint (button) (small blind) folded on the Flop


PokerStars Hand #154355987405:  Hold'em Limit ($3/$6 USD) - 2016/06/05 23:39:28 ET
Table 'Saiph' 6-max Seat #6 is the button
Seat 5: NIGHTyxa ($119.11 in chips)
Seat 6: TheFazermint ($541.04 in chips)
TheFazermint: posts small blind $1
NIGHTyxa: posts big blind $3
*** HOLE CARDS ***
TheFazermint: raises $3 to $6
NIGHTyxa: folds
Uncalled bet ($3) returned to TheFazermint
TheFazermint collected $6 from pot
TheFazermint: doesn't show hand
*** SUMMARY ***
Total pot $6 | Rake $0
Seat 5: NIGHTyxa (big blind) folded before Flop
Seat 6: TheFazermint (button) (small blind) collected ($6)


PokerStars Hand #154355985952:  Hold'em Limit ($3/$6 USD) - 2016/06/05 23:39:22 ET
Table 'Saiph' 6-max Seat #5 is the button
Seat 5: NIGHTyxa ($120.11 in chips)
Seat 6: TheFazermint ($540.04 in chips)
NIGHTyxa: posts small blind $1
TheFazermint: posts big blind $3
*** HOLE CARDS ***
NIGHTyxa: folds
Uncalled bet ($2) returned to TheFazermint
TheFazermint collected $2 from pot
TheFazermint: doesn't show hand
*** SUMMARY ***
Total pot $2 | Rake $0
Seat 5: NIGHTyxa (button) (small blind) folded before Flop
Seat 6: TheFazermint (big blind) collected ($2)


PokerStars Hand #154355994107:  Hold'em Limit ($3/$6 USD) - 2016/06/05 23:39:53 ET
Table 'Saiph' 6-max Seat #5 is the button
Seat 5: NIGHTyxa ($104.11 in chips)
Seat 6: TheFazermint ($555.68 in chips)
NIGHTyxa: posts small blind $1
TheFazermint: posts big blind $3
*** HOLE CARDS ***
NIGHTyxa: raises $3 to $6
TheFazermint: calls $3
*** FLOP *** [7d Qh 7c]
TheFazermint: checks
NIGHTyxa: bets $3
TheFazermint: folds
Uncalled bet ($3) returned to NIGHTyxa
NIGHTyxa collected $11.76 from pot
NIGHTyxa: doesn't show hand
*** SUMMARY ***
Total pot $12 | Rake $0.24
Board [7d Qh 7c]
Seat 5: NIGHTyxa (button) (small blind) collected ($11.76)
Seat 6: TheFazermint (big blind) folded on the Flop


PokerStars Hand #154356003873:  Hold'em Limit ($3/$6 USD) - 2016/06/05 23:40:30 ET
Table 'Saiph' 6-max Seat #5 is the button
Seat 5: NIGHTyxa ($103.87 in chips)
Seat 6: TheFazermint ($555.44 in chips)
NIGHTyxa: posts small blind $1
TheFazermint: posts big blind $3
*** HOLE CARDS ***
NIGHTyxa: folds
Uncalled bet ($2) returned to TheFazermint
TheFazermint collected $2 from pot
TheFazermint: doesn't show hand
*** SUMMARY ***
Total pot $2 | Rake $0
Seat 5: NIGHTyxa (button) (small blind) folded before Flop
Seat 6: TheFazermint (big blind) collected ($2)


PokerStars Hand #154355997231:  Hold'em Limit ($3/$6 USD) - 2016/06/05 23:40:05 ET
Table 'Saiph' 6-max Seat #6 is the button
Seat 5: NIGHTyxa ($109.87 in chips)
Seat 6: TheFazermint ($549.68 in chips)
TheFazermint: posts small blind $1
NIGHTyxa: posts big blind $3
*** HOLE CARDS ***
TheFazermint: raises $3 to $6
NIGHTyxa: calls $3
*** FLOP *** [4c 4s 6h]
NIGHTyxa: checks
TheFazermint: bets $3
NIGHTyxa: folds
Uncalled bet ($3) returned to TheFazermint
TheFazermint collected $11.76 from pot
TheFazermint: doesn't show hand
*** SUMMARY ***
Total pot $12 | Rake $0.24
Board [4c 4s 6h]
Seat 5: NIGHTyxa (big blind) folded on the Flop
Seat 6: TheFazermint (button) (small blind) collected ($11.76)


PokerStars Hand #154356006991:  Hold'em Limit ($3/$6 USD) - 2016/06/05 23:40:42 ET
Table 'Saiph' 6-max Seat #6 is the button
Seat 5: NIGHTyxa ($102.87 in chips)
Seat 6: TheFazermint ($556.44 in chips)
TheFazermint: posts small blind $1
NIGHTyxa: posts big blind $3
*** HOLE CARDS ***
TheFazermint: raises $3 to $6
NIGHTyxa: calls $3
*** FLOP *** [As 5c 9s]
NIGHTyxa: checks
TheFazermint: bets $3
NIGHTyxa: calls $3
*** TURN *** [As 5c 9s] [8c]
NIGHTyxa: checks
TheFazermint: bets $6
NIGHTyxa: folds
Uncalled bet ($6) returned to TheFazermint
TheFazermint collected $17.64 from pot
TheFazermint: doesn't show hand
*** SUMMARY ***
Total pot $18 | Rake $0.36
Board [As 5c 9s 8c]
Seat 5: NIGHTyxa (big blind) folded on the Turn
Seat 6: TheFazermint (button) (small blind) collected ($17.64)


PokerStars Hand #154356023379:  Hold'em Limit ($3/$6 USD) - 2016/06/05 23:41:44 ET
Table 'Saiph' 6-max Seat #6 is the button
Seat 5: NIGHTyxa ($98.37 in chips)
Seat 6: TheFazermint ($559.72 in chips)
TheFazermint: posts small blind $1
NIGHTyxa: posts big blind $3
*** HOLE CARDS ***
TheFazermint: folds
Uncalled bet ($2) returned to NIGHTyxa
NIGHTyxa collected $2 from pot
NIGHTyxa: doesn't show hand
*** SUMMARY ***
Total pot $2 | Rake $0
Seat 5: NIGHTyxa (big blind) collected ($2)
Seat 6: TheFazermint (button) (small blind) folded before Flop


PokerStars Hand #154356022038:  Hold'em Limit ($3/$6 USD) - 2016/06/05 23:41:39 ET
Table 'Saiph' 6-max Seat #5 is the button
Seat 5: NIGHTyxa ($99.37 in chips)
Seat 6: TheFazermint ($558.72 in chips)
NIGHTyxa: posts small blind $1
TheFazermint: posts big blind $3
*** HOLE CARDS ***
NIGHTyxa: folds
Uncalled bet ($2) returned to TheFazermint
TheFazermint collected $2 from pot
TheFazermint: doesn't show hand
*** SUMMARY ***
Total pot $2 | Rake $0
Seat 5: NIGHTyxa (button) (small blind) folded before Flop
Seat 6: TheFazermint (big blind) collected ($2)


PokerStars Hand #154356015591:  Hold'em Limit ($3/$6 USD) - 2016/06/05 23:41:14 ET
Table 'Saiph' 6-max Seat #6 is the button
Seat 5: NIGHTyxa ($84.87 in chips)
Seat 6: TheFazermint ($573.72 in chips)
TheFazermint: posts small blind $1
NIGHTyxa: posts big blind $3
*** HOLE CARDS ***
TheFazermint: raises $3 to $6
NIGHTyxa: calls $3
*** FLOP *** [7d 4h 4d]
NIGHTyxa: checks
TheFazermint: bets $3
NIGHTyxa: calls $3
*** TURN *** [7d 4h 4d] [Th]
NIGHTyxa: checks
TheFazermint: checks
*** RIVER *** [7d 4h 4d Th] [Jh]
NIGHTyxa: bets $6
TheFazermint: calls $6
*** SHOW DOWN ***
NIGHTyxa: shows [9h Ts] (two pair, Tens and Fours)
TheFazermint: mucks hand
NIGHTyxa collected $29.50 from pot
*** SUMMARY ***
Total pot $30 | Rake $0.50
Board [7d 4h 4d Th Jh]
Seat 5: NIGHTyxa (big blind) showed [9h Ts] and won ($29.50) with two pair, Tens and Fours
Seat 6: TheFazermint (button) (small blind) mucked


PokerStars Hand #154356012534:  Hold'em Limit ($3/$6 USD) - 2016/06/05 23:41:03 ET
Table 'Saiph' 6-max Seat #5 is the button
Seat 5: NIGHTyxa ($93.87 in chips)
Seat 6: TheFazermint ($565.08 in chips)
NIGHTyxa: posts small blind $1
TheFazermint: posts big blind $3
*** HOLE CARDS ***
NIGHTyxa: raises $3 to $6
TheFazermint: calls $3
*** FLOP *** [7h 9s 5c]
TheFazermint: bets $3
NIGHTyxa: calls $3
*** TURN *** [7h 9s 5c] [9d]
TheFazermint: bets $6
NIGHTyxa: folds
Uncalled bet ($6) returned to TheFazermint
TheFazermint collected $17.64 from pot
TheFazermint: doesn't show hand
*** SUMMARY ***
Total pot $18 | Rake $0.36
Board [7h 9s 5c 9d]
Seat 5: NIGHTyxa (button) (small blind) folded on the Turn
Seat 6: TheFazermint (big blind) collected ($17.64)


PokerStars Hand #154356026328:  Hold'em Limit ($3/$6 USD) - 2016/06/05 23:41:55 ET
Table 'Saiph' 6-max Seat #6 is the button
Seat 5: NIGHTyxa ($102.37 in chips)
Seat 6: TheFazermint ($555.72 in chips)
TheFazermint: posts small blind $1
NIGHTyxa: posts big blind $3
*** HOLE CARDS ***
TheFazermint: folds
Uncalled bet ($2) returned to NIGHTyxa
NIGHTyxa collected $2 from pot
NIGHTyxa: doesn't show hand
*** SUMMARY ***
Total pot $2 | Rake $0
Seat 5: NIGHTyxa (big blind) collected ($2)
Seat 6: TheFazermint (button) (small blind) folded before Flop


PokerStars Hand #154356024511:  Hold'em Limit ($3/$6 USD) - 2016/06/05 23:41:48 ET
Table 'Saiph' 6-max Seat #5 is the button
Seat 5: NIGHTyxa ($99.37 in chips)
Seat 6: TheFazermint ($558.72 in chips)
NIGHTyxa: posts small blind $1
TheFazermint: posts big blind $3
*** HOLE CARDS ***
NIGHTyxa: raises $3 to $6
TheFazermint: folds
Uncalled bet ($3) returned to NIGHTyxa
NIGHTyxa collected $6 from pot
NIGHTyxa: doesn't show hand
*** SUMMARY ***
Total pot $6 | Rake $0
Seat 5: NIGHTyxa (button) (small blind) collected ($6)
Seat 6: TheFazermint (big blind) folded before Flop


PokerStars Hand #154356040753:  Hold'em Limit ($3/$6 USD) - 2016/06/05 23:42:50 ET
Table 'Saiph' 6-max Seat #6 is the button
Seat 5: NIGHTyxa ($129.51 in chips)
Seat 6: TheFazermint ($527.48 in chips)
TheFazermint: posts small blind $1
NIGHTyxa: posts big blind $3
*** HOLE CARDS ***
TheFazermint: folds
Uncalled bet ($2) returned to NIGHTyxa
NIGHTyxa collected $2 from pot
NIGHTyxa: doesn't show hand
*** SUMMARY ***
Total pot $2 | Rake $0
Seat 5: NIGHTyxa (big blind) collected ($2)
Seat 6: TheFazermint (button) (small blind) folded before Flop


PokerStars Hand #154356033696:  Hold'em Limit ($3/$6 USD) - 2016/06/05 23:42:23 ET
Table 'Saiph' 6-max Seat #5 is the button
Seat 5: NIGHTyxa ($106.01 in chips)
Seat 6: TheFazermint ($551.48 in chips)
NIGHTyxa: posts small blind $1
TheFazermint: posts big blind $3
*** HOLE CARDS ***
NIGHTyxa: raises $3 to $6
TheFazermint: raises $3 to $9
NIGHTyxa: calls $3
*** FLOP *** [7d 7c 3d]
TheFazermint: bets $3
NIGHTyxa: raises $3 to $6
TheFazermint: raises $3 to $9
NIGHTyxa: calls $3
*** TURN *** [7d 7c 3d] [5d]
TheFazermint: checks
NIGHTyxa: bets $6
TheFazermint: calls $6
*** RIVER *** [7d 7c 3d 5d] [6s]
TheFazermint: checks
NIGHTyxa: checks
*** SHOW DOWN ***
TheFazermint: shows [As Th] (a pair of Sevens)
NIGHTyxa: shows [3c Qd] (two pair, Sevens and Threes)
NIGHTyxa collected $47.50 from pot
*** SUMMARY ***
Total pot $48 | Rake $0.50
Board [7d 7c 3d 5d 6s]
Seat 5: NIGHTyxa (button) (small blind) showed [3c Qd] and won ($47.50) with two pair, Sevens and Threes
Seat 6: TheFazermint (big blind) showed [As Th] and lost with a pair of Sevens


PokerStars Hand #154356030861:  Hold'em Limit ($3/$6 USD) - 2016/06/05 23:42:12 ET
Table 'Saiph' 6-max Seat #6 is the button
Seat 5: NIGHTyxa ($112.01 in chips)
Seat 6: TheFazermint ($545.72 in chips)
TheFazermint: posts small blind $1
NIGHTyxa: posts big blind $3
*** HOLE CARDS ***
TheFazermint: raises $3 to $6
NIGHTyxa: calls $3
*** FLOP *** [5c Ah 7c]
NIGHTyxa: checks
TheFazermint: bets $3
NIGHTyxa: folds
Uncalled bet ($3) returned to TheFazermint
TheFazermint collected $11.76 from pot
TheFazermint: doesn't show hand
*** SUMMARY ***
Total pot $12 | Rake $0.24
Board [5c Ah 7c]
Seat 5: NIGHTyxa (big blind) folded on the Flop
Seat 6: TheFazermint (button) (small blind) collected ($11.76)


PokerStars Hand #154356027542:  Hold'em Limit ($3/$6 USD) - 2016/06/05 23:42:00 ET
Table 'Saiph' 6-max Seat #5 is the button
Seat 5: NIGHTyxa ($103.37 in chips)
Seat 6: TheFazermint ($554.72 in chips)
NIGHTyxa: posts small blind $1
TheFazermint: posts big blind $3
*** HOLE CARDS ***
NIGHTyxa: raises $3 to $6
TheFazermint: calls $3
*** FLOP *** [4h 8c Ah]
TheFazermint: bets $3
NIGHTyxa: calls $3
*** TURN *** [4h 8c Ah] [3c]
TheFazermint: checks
NIGHTyxa: bets $6
TheFazermint: folds
Uncalled bet ($6) returned to NIGHTyxa
NIGHTyxa collected $17.64 from pot
NIGHTyxa: doesn't show hand
*** SUMMARY ***
Total pot $18 | Rake $0.36
Board [4h 8c Ah 3c]
Seat 5: NIGHTyxa (button) (small blind) collected ($17.64)
Seat 6: TheFazermint (big blind) folded on the Turn


PokerStars Hand #154356049869:  Hold'em Limit ($3/$6 USD) - 2016/06/05 23:43:25 ET
Table 'Saiph' 6-max Seat #6 is the button
Seat 5: NIGHTyxa ($109.51 in chips)
Seat 6: TheFazermint ($546.98 in chips)
TheFazermint: posts small blind $1
NIGHTyxa: posts big blind $3
*** HOLE CARDS ***
TheFazermint: raises $3 to $6
NIGHTyxa: folds
Uncalled bet ($3) returned to TheFazermint
TheFazermint collected $6 from pot
TheFazermint: doesn't show hand
*** SUMMARY ***
Total pot $6 | Rake $0
Seat 5: NIGHTyxa (big blind) folded before Flop
Seat 6: TheFazermint (button) (small blind) collected ($6)


PokerStars Hand #154356041995:  Hold'em Limit ($3/$6 USD) - 2016/06/05 23:42:55 ET
Table 'Saiph' 6-max Seat #5 is the button
Seat 5: NIGHTyxa ($130.51 in chips)
Seat 6: TheFazermint ($526.48 in chips)
NIGHTyxa: posts small blind $1
TheFazermint: posts big blind $3
*** HOLE CARDS ***
NIGHTyxa: raises $3 to $6
TheFazermint: calls $3
*** FLOP *** [Qh Th 8h]
REZOLUTION84 joins the table at seat #1
TheFazermint: checks
NIGHTyxa: bets $3
TheFazermint: calls $3
*** TURN *** [Qh Th 8h] [Ah]
TheFazermint: bets $6
NIGHTyxa: calls $6
*** RIVER *** [Qh Th 8h Ah] [Jd]
TheFazermint: bets $6
NIGHTyxa: calls $6
REZOLUTION84 leaves the table
*** SHOW DOWN ***
TheFazermint: shows [9h 4d] (a flush, Ace high)
NIGHTyxa: mucks hand
TheFazermint collected $41.50 from pot
*** SUMMARY ***
Total pot $42 | Rake $0.50
Board [Qh Th 8h Ah Jd]
Seat 5: NIGHTyxa (button) (small blind) mucked
Seat 6: TheFazermint (big blind) showed [9h 4d] and won ($41.50) with a flush, Ace high


PokerStars Hand #154356064387:  Hold'em Limit ($3/$6 USD) - 2016/06/05 23:44:20 ET
Table 'Saiph' 6-max Seat #5 is the button
Seat 5: NIGHTyxa ($83.51 in chips)
Seat 6: TheFazermint ($572.48 in chips)
NIGHTyxa: posts small blind $1
TheFazermint: posts big blind $3
*** HOLE CARDS ***
NIGHTyxa: raises $3 to $6
TheFazermint: raises $3 to $9
NIGHTyxa: calls $3
*** FLOP *** [7d 7h Ah]
TheFazermint: bets $3
NIGHTyxa: folds
Uncalled bet ($3) returned to TheFazermint
TheFazermint collected $17.64 from pot
TheFazermint: doesn't show hand
*** SUMMARY ***
Total pot $18 | Rake $0.36
Board [7d 7h Ah]
Seat 5: NIGHTyxa (button) (small blind) folded on the Flop
Seat 6: TheFazermint (big blind) collected ($17.64)


PokerStars Hand #154356062409:  Hold'em Limit ($3/$6 USD) - 2016/06/05 23:44:12 ET
Table 'Saiph' 6-max Seat #6 is the button
Seat 5: NIGHTyxa ($82.51 in chips)
Seat 6: TheFazermint ($573.48 in chips)
TheFazermint: posts small blind $1
NIGHTyxa: posts big blind $3
*** HOLE CARDS ***
TheFazermint: folds
Uncalled bet ($2) returned to NIGHTyxa
NIGHTyxa collected $2 from pot
NIGHTyxa: doesn't show hand
*** SUMMARY ***
Total pot $2 | Rake $0
Seat 5: NIGHTyxa (big blind) collected ($2)
Seat 6: TheFazermint (button) (small blind) folded before Flop


PokerStars Hand #154356070933:  Hold'em Limit ($3/$6 USD) - 2016/06/05 23:44:45 ET
Table 'Saiph' 6-max Seat #5 is the button
Seat 5: NIGHTyxa ($72 in chips)
Seat 6: TheFazermint ($586.88 in chips)
NIGHTyxa: posts small blind $1
TheFazermint: posts big blind $3
*** HOLE CARDS ***
NIGHTyxa: folds
Uncalled bet ($2) returned to TheFazermint
TheFazermint collected $2 from pot
TheFazermint: doesn't show hand
*** SUMMARY ***
Total pot $2 | Rake $0
Seat 5: NIGHTyxa (button) (small blind) folded before Flop
Seat 6: TheFazermint (big blind) collected ($2)


PokerStars Hand #154356051867:  Hold'em Limit ($3/$6 USD) - 2016/06/05 23:43:33 ET
Table 'Saiph' 6-max Seat #5 is the button
Seat 5: NIGHTyxa ($106.51 in chips)
Seat 6: TheFazermint ($549.98 in chips)
NIGHTyxa: posts small blind $1
TheFazermint: posts big blind $3
*** HOLE CARDS ***
NIGHTyxa: raises $3 to $6
TheFazermint: calls $3
*** FLOP *** [8d Jd 6d]
TheFazermint: checks
NIGHTyxa: bets $3
TheFazermint: raises $3 to $6
NIGHTyxa: calls $3
*** TURN *** [8d Jd 6d] [9c]
TheFazermint: checks
NIGHTyxa: bets $6
TheFazermint: calls $6
*** RIVER *** [8d Jd 6d 9c] [Jc]
TheFazermint: bets $6
NIGHTyxa: calls $6
*** SHOW DOWN ***
TheFazermint: shows [3s Js] (three of a kind, Jacks)
NIGHTyxa: mucks hand
TheFazermint collected $47.50 from pot
*** SUMMARY ***
Total pot $48 | Rake $0.50
Board [8d Jd 6d 9c Jc]
Seat 5: NIGHTyxa (button) (small blind) mucked
Seat 6: TheFazermint (big blind) showed [3s Js] and won ($47.50) with three of a kind, Jacks


PokerStars Hand #154356068051:  Hold'em Limit ($3/$6 USD) - 2016/06/05 23:44:34 ET
Table 'Saiph' 6-max Seat #6 is the button
Seat 5: NIGHTyxa ($74.51 in chips)
Seat 6: TheFazermint ($581.12 in chips)
TheFazermint: posts small blind $1
NIGHTyxa: posts big blind $3
*** HOLE CARDS ***
TheFazermint: raises $3 to $6
NIGHTyxa: calls $3
*** FLOP *** [5h Jd Kc]
NIGHTyxa: checks
TheFazermint: bets $3
NIGHTyxa: folds
Uncalled bet ($3) returned to TheFazermint
TheFazermint collected $11.76 from pot
TheFazermint: doesn't show hand
*** SUMMARY ***
Total pot $12 | Rake $0.24
Board [5h Jd Kc]
Seat 5: NIGHTyxa (big blind) folded on the Flop
Seat 6: TheFazermint (button) (small blind) collected ($11.76)


PokerStars Hand #154356084000:  Hold'em Limit ($3/$6 USD) - 2016/06/05 23:45:19 ET
Table 'Saiph' 6-max Seat #6 is the button
Seat 5: NIGHTyxa ($86.52 in chips)
Seat 6: TheFazermint ($572.88 in chips)
TheFazermint: posts small blind $1
NIGHTyxa: posts big blind $3
*** HOLE CARDS ***
TheFazermint: folds
Uncalled bet ($2) returned to NIGHTyxa
NIGHTyxa collected $2 from pot
NIGHTyxa: doesn't show hand
*** SUMMARY ***
Total pot $2 | Rake $0
Seat 5: NIGHTyxa (big blind) collected ($2)
Seat 6: TheFazermint (button) (small blind) folded before Flop


PokerStars Hand #154356082156:  Hold'em Limit ($3/$6 USD) - 2016/06/05 23:45:11 ET
Table 'Saiph' 6-max Seat #5 is the button
Seat 5: NIGHTyxa ($83.52 in chips)
Seat 6: TheFazermint ($575.88 in chips)
NIGHTyxa: posts small blind $1
TheFazermint: posts big blind $3
*** HOLE CARDS ***
NIGHTyxa: raises $3 to $6
TheFazermint: folds
Uncalled bet ($3) returned to NIGHTyxa
NIGHTyxa collected $6 from pot
NIGHTyxa: doesn't show hand
*** SUMMARY ***
Total pot $6 | Rake $0
Seat 5: NIGHTyxa (button) (small blind) collected ($6)
Seat 6: TheFazermint (big blind) folded before Flop


PokerStars Hand #154356072285:  Hold'em Limit ($3/$6 USD) - 2016/06/05 23:44:50 ET
Table 'Saiph' 6-max Seat #6 is the button
Seat 5: NIGHTyxa ($72 in chips)
Seat 6: TheFazermint ($587.88 in chips)
TheFazermint: posts small blind $1
NIGHTyxa: posts big blind $3
*** HOLE CARDS ***
TheFazermint: raises $3 to $6
NIGHTyxa: raises $3 to $9
TheFazermint: calls $3
*** FLOP *** [4c 6h 4d]
NIGHTyxa: bets $3
TheFazermint: calls $3
*** TURN *** [4c 6h 4d] [7s]
NIGHTyxa: bets $6
TheFazermint: folds
Uncalled bet ($6) returned to NIGHTyxa
NIGHTyxa collected $23.52 from pot
NIGHTyxa: doesn't show hand
*** SUMMARY ***
Total pot $24 | Rake $0.48
Board [4c 6h 4d 7s]
Seat 5: NIGHTyxa (big blind) collected ($23.52)
Seat 6: TheFazermint (button) (small blind) folded on the Turn


PokerStars Hand #154356085207:  Hold'em Limit ($3/$6 USD) - 2016/06/05 23:45:23 ET
Table 'Saiph' 6-max Seat #5 is the button
Seat 5: NIGHTyxa ($87.52 in chips)
Seat 6: TheFazermint ($571.88 in chips)
NIGHTyxa: posts small blind $1
TheFazermint: posts big blind $3
*** HOLE CARDS ***
NIGHTyxa: raises $3 to $6
TheFazermint: calls $3
*** FLOP *** [7d 2d 3d]
TheFazermint: bets $3
NIGHTyxa: calls $3
*** TURN *** [7d 2d 3d] [Th]
TheFazermint: bets $6
NIGHTyxa: folds
Uncalled bet ($6) returned to TheFazermint
TheFazermint collected $17.64 from pot
TheFazermint: doesn't show hand
*** SUMMARY ***
Total pot $18 | Rake $0.36
Board [7d 2d 3d Th]
Seat 5: NIGHTyxa (button) (small blind) folded on the Turn
Seat 6: TheFazermint (big blind) collected ($17.64)


PokerStars Hand #154356088768:  Hold'em Limit ($3/$6 USD) - 2016/06/05 23:45:37 ET
Table 'Saiph' 6-max Seat #6 is the button
Seat 5: NIGHTyxa ($78.52 in chips)
Seat 6: TheFazermint ($580.52 in chips)
TheFazermint: posts small blind $1
NIGHTyxa: posts big blind $3
*** HOLE CARDS ***
TheFazermint: raises $3 to $6
NIGHTyxa: calls $3
*** FLOP *** [2h Jc 4c]
NIGHTyxa: checks
TheFazermint: bets $3
NIGHTyxa: raises $3 to $6
TheFazermint: calls $3
*** TURN *** [2h Jc 4c] [8s]
NIGHTyxa: bets $6
TheFazermint: folds
Uncalled bet ($6) returned to NIGHTyxa
NIGHTyxa collected $23.52 from pot
NIGHTyxa: doesn't show hand
*** SUMMARY ***
Total pot $24 | Rake $0.48
Board [2h Jc 4c 8s]
Seat 5: NIGHTyxa (big blind) collected ($23.52)
Seat 6: TheFazermint (button) (small blind) folded on the Turn


PokerStars Hand #154356103701:  Hold'em Limit ($3/$6 USD) - 2016/06/05 23:46:34 ET
Table 'Saiph' 6-max Seat #6 is the button
Seat 5: NIGHTyxa ($81.04 in chips)
Seat 6: TheFazermint ($577.16 in chips)
TheFazermint: posts small blind $1
NIGHTyxa: posts big blind $3
*** HOLE CARDS ***
TheFazermint: raises $3 to $6
NIGHTyxa: folds
Uncalled bet ($3) returned to TheFazermint
TheFazermint collected $6 from pot
TheFazermint: doesn't show hand
*** SUMMARY ***
Total pot $6 | Rake $0
Seat 5: NIGHTyxa (big blind) folded before Flop
Seat 6: TheFazermint (button) (small blind) collected ($6)


PokerStars Hand #154356098396:  Hold'em Limit ($3/$6 USD) - 2016/06/05 23:46:14 ET
Table 'Saiph' 6-max Seat #5 is the button
Seat 5: NIGHTyxa ($90.04 in chips)
Seat 6: TheFazermint ($568.52 in chips)
NIGHTyxa: posts small blind $1
TheFazermint: posts big blind $3
*** HOLE CARDS ***
NIGHTyxa: raises $3 to $6
TheFazermint: calls $3
*** FLOP *** [5c Jc 4c]
TheFazermint: bets $3
NIGHTyxa: calls $3
*** TURN *** [5c Jc 4c] [5s]
TheFazermint: bets $6
NIGHTyxa: folds
Uncalled bet ($6) returned to TheFazermint
TheFazermint collected $17.64 from pot
TheFazermint: doesn't show hand
*** SUMMARY ***
Total pot $18 | Rake $0.36
Board [5c Jc 4c 5s]
Seat 5: NIGHTyxa (button) (small blind) folded on the Turn
Seat 6: TheFazermint (big blind) collected ($17.64)


PokerStars Hand #154356120298:  Hold'em Limit ($3/$6 USD) - 2016/06/05 23:47:39 ET
Table 'Saiph' 6-max Seat #6 is the button
Seat 5: NIGHTyxa ($92.30 in chips)
Seat 6: TheFazermint ($564.92 in chips)
TheFazermint: posts small blind $1
NIGHTyxa: posts big blind $3
*** HOLE CARDS ***
TheFazermint: raises $3 to $6
NIGHTyxa: folds
Uncalled bet ($3) returned to TheFazermint
TheFazermint collected $6 from pot
TheFazermint: doesn't show hand
*** SUMMARY ***
Total pot $6 | Rake $0
Seat 5: NIGHTyxa (big blind) folded before Flop
Seat 6: TheFazermint (button) (small blind) collected ($6)


PokerStars Hand #154356117507:  Hold'em Limit ($3/$6 USD) - 2016/06/05 23:47:28 ET
Table 'Saiph' 6-max Seat #5 is the button
Seat 5: NIGHTyxa ($86.54 in chips)
Seat 6: TheFazermint ($570.92 in chips)
NIGHTyxa: posts small blind $1
TheFazermint: posts big blind $3
*** HOLE CARDS ***
NIGHTyxa: raises $3 to $6
TheFazermint: calls $3
*** FLOP *** [Qs 2d 2s]
TheFazermint: checks
NIGHTyxa: bets $3
TheFazermint: folds
Uncalled bet ($3) returned to NIGHTyxa
NIGHTyxa collected $11.76 from pot
NIGHTyxa: doesn't show hand
*** SUMMARY ***
Total pot $12 | Rake $0.24
Board [Qs 2d 2s]
Seat 5: NIGHTyxa (button) (small blind) collected ($11.76)
Seat 6: TheFazermint (big blind) folded on the Flop


PokerStars Hand #154356111439:  Hold'em Limit ($3/$6 USD) - 2016/06/05 23:47:04 ET
Table 'Saiph' 6-max Seat #6 is the button
Seat 5: NIGHTyxa ($92.54 in chips)
Seat 6: TheFazermint ($565.16 in chips)
TheFazermint: posts small blind $1
NIGHTyxa: posts big blind $3
*** HOLE CARDS ***
TheFazermint: raises $3 to $6
NIGHTyxa: calls $3
*** FLOP *** [Jc Ad Kh]
NIGHTyxa: checks
TheFazermint: bets $3
NIGHTyxa: folds
Uncalled bet ($3) returned to TheFazermint
TheFazermint collected $11.76 from pot
TheFazermint: doesn't show hand
*** SUMMARY ***
Total pot $12 | Rake $0.24
Board [Jc Ad Kh]
Seat 5: NIGHTyxa (big blind) folded on the Flop
Seat 6: TheFazermint (button) (small blind) collected ($11.76)


PokerStars Hand #154356106039:  Hold'em Limit ($3/$6 USD) - 2016/06/05 23:46:44 ET
Table 'Saiph' 6-max Seat #5 is the button
Seat 5: NIGHTyxa ($78.04 in chips)
Seat 6: TheFazermint ($580.16 in chips)
NIGHTyxa: posts small blind $1
TheFazermint: posts big blind $3
*** HOLE CARDS ***
NIGHTyxa: raises $3 to $6
TheFazermint: raises $3 to $9
NIGHTyxa: raises $3 to $12
Betting is capped
TheFazermint: calls $3
*** FLOP *** [6s 6c 5h]
TheFazermint: bets $3
NIGHTyxa: calls $3
*** TURN *** [6s 6c 5h] [Ks]
TheFazermint: checks
NIGHTyxa: bets $6
TheFazermint: folds
Uncalled bet ($6) returned to NIGHTyxa
NIGHTyxa collected $29.50 from pot
NIGHTyxa: doesn't show hand
*** SUMMARY ***
Total pot $30 | Rake $0.50
Board [6s 6c 5h Ks]
Seat 5: NIGHTyxa (button) (small blind) collected ($29.50)
Seat 6: TheFazermint (big blind) folded on the Turn


PokerStars Hand #154356133926:  Hold'em Limit ($3/$6 USD) - 2016/06/05 23:48:32 ET
Table 'Saiph' 6-max Seat #6 is the button
Seat 5: NIGHTyxa ($94.70 in chips)
Seat 6: TheFazermint ($561.56 in chips)
TheFazermint: posts small blind $1
NIGHTyxa: posts big blind $3
*** HOLE CARDS ***
TheFazermint: folds
Uncalled bet ($2) returned to NIGHTyxa
NIGHTyxa collected $2 from pot
NIGHTyxa: doesn't show hand
*** SUMMARY ***
Total pot $2 | Rake $0
Seat 5: NIGHTyxa (big blind) collected ($2)
Seat 6: TheFazermint (button) (small blind) folded before Flop


PokerStars Hand #154356131003:  Hold'em Limit ($3/$6 USD) - 2016/06/05 23:48:20 ET
Table 'Saiph' 6-max Seat #5 is the button
Seat 5: NIGHTyxa ($88.94 in chips)
Seat 6: TheFazermint ($567.56 in chips)
NIGHTyxa: posts small blind $1
TheFazermint: posts big blind $3
*** HOLE CARDS ***
NIGHTyxa: raises $3 to $6
TheFazermint: calls $3
*** FLOP *** [Kd 7s 6d]
TheFazermint: checks
NIGHTyxa: bets $3
TheFazermint: folds
Uncalled bet ($3) returned to NIGHTyxa
NIGHTyxa collected $11.76 from pot
NIGHTyxa: doesn't show hand
*** SUMMARY ***
Total pot $12 | Rake $0.24
Board [Kd 7s 6d]
Seat 5: NIGHTyxa (button) (small blind) collected ($11.76)
Seat 6: TheFazermint (big blind) folded on the Flop


PokerStars Hand #154356136444:  Hold'em Limit ($3/$6 USD) - 2016/06/05 23:48:41 ET
Table 'Saiph' 6-max Seat #6 is the button
Seat 5: NIGHTyxa ($94.70 in chips)
Seat 6: TheFazermint ($561.56 in chips)
TheFazermint: posts small blind $1
NIGHTyxa: posts big blind $3
*** HOLE CARDS ***
TheFazermint: folds
Uncalled bet ($2) returned to NIGHTyxa
NIGHTyxa collected $2 from pot
NIGHTyxa: doesn't show hand
*** SUMMARY ***
Total pot $2 | Rake $0
Seat 5: NIGHTyxa (big blind) collected ($2)
Seat 6: TheFazermint (button) (small blind) folded before Flop


PokerStars Hand #154356135066:  Hold'em Limit ($3/$6 USD) - 2016/06/05 23:48:36 ET
Table 'Saiph' 6-max Seat #5 is the button
Seat 5: NIGHTyxa ($95.70 in chips)
Seat 6: TheFazermint ($560.56 in chips)
NIGHTyxa: posts small blind $1
TheFazermint: posts big blind $3
*** HOLE CARDS ***
NIGHTyxa: folds
Uncalled bet ($2) returned to TheFazermint
TheFazermint collected $2 from pot
TheFazermint: doesn't show hand
*** SUMMARY ***
Total pot $2 | Rake $0
Seat 5: NIGHTyxa (button) (small blind) folded before Flop
Seat 6: TheFazermint (big blind) collected ($2)


PokerStars Hand #154356122044:  Hold'em Limit ($3/$6 USD) - 2016/06/05 23:47:45 ET
Table 'Saiph' 6-max Seat #5 is the button
Seat 5: NIGHTyxa ($89.30 in chips)
Seat 6: TheFazermint ($567.92 in chips)
NIGHTyxa: posts small blind $1
TheFazermint: posts big blind $3
*** HOLE CARDS ***
NIGHTyxa: raises $3 to $6
TheFazermint: calls $3
*** FLOP *** [9c 3h Qs]
TheFazermint: checks
NIGHTyxa: bets $3
TheFazermint: calls $3
*** TURN *** [9c 3h Qs] [4h]
TheFazermint: checks
NIGHTyxa: bets $6
TheFazermint: folds
Uncalled bet ($6) returned to NIGHTyxa
NIGHTyxa collected $17.64 from pot
NIGHTyxa: doesn't show hand
*** SUMMARY ***
Total pot $18 | Rake $0.36
Board [9c 3h Qs 4h]
Seat 5: NIGHTyxa (button) (small blind) collected ($17.64)
Seat 6: TheFazermint (big blind) folded on the Turn


PokerStars Hand #154356126557:  Hold'em Limit ($3/$6 USD) - 2016/06/05 23:48:03 ET
Table 'Saiph' 6-max Seat #6 is the button
Seat 5: NIGHTyxa ($97.94 in chips)
Seat 6: TheFazermint ($558.92 in chips)
TheFazermint: posts small blind $1
NIGHTyxa: posts big blind $3
*** HOLE CARDS ***
TheFazermint: raises $3 to $6
NIGHTyxa: calls $3
*** FLOP *** [Td 3s 6s]
NIGHTyxa: checks
TheFazermint: bets $3
NIGHTyxa: calls $3
*** TURN *** [Td 3s 6s] [Qh]
NIGHTyxa: checks
TheFazermint: bets $6
NIGHTyxa: folds
Uncalled bet ($6) returned to TheFazermint
TheFazermint collected $17.64 from pot
TheFazermint: doesn't show hand
*** SUMMARY ***
Total pot $18 | Rake $0.36
Board [Td 3s 6s Qh]
Seat 5: NIGHTyxa (big blind) folded on the Turn
Seat 6: TheFazermint (button) (small blind) collected ($17.64)


PokerStars Hand #154356145647:  Hold'em Limit ($3/$6 USD) - 2016/06/05 23:49:17 ET
Table 'Saiph' 6-max Seat #5 is the button
Seat 5: NIGHTyxa ($104.46 in chips)
Seat 6: TheFazermint ($551.56 in chips)
NIGHTyxa: posts small blind $1
TheFazermint: posts big blind $3
*** HOLE CARDS ***
NIGHTyxa: raises $3 to $6
TheFazermint: calls $3
*** FLOP *** [9d 5d Jc]
TheFazermint: bets $3
NIGHTyxa: calls $3
*** TURN *** [9d 5d Jc] [Qs]
TheFazermint: bets $6
NIGHTyxa: raises $6 to $12
TheFazermint: folds
Uncalled bet ($6) returned to NIGHTyxa
NIGHTyxa collected $29.50 from pot
NIGHTyxa: doesn't show hand
*** SUMMARY ***
Total pot $30 | Rake $0.50
Board [9d 5d Jc Qs]
Seat 5: NIGHTyxa (button) (small blind) collected ($29.50)
Seat 6: TheFazermint (big blind) folded on the Turn


PokerStars Hand #154356150320:  Hold'em Limit ($3/$6 USD) - 2016/06/05 23:49:36 ET
Table 'Saiph' 6-max Seat #6 is the button
Seat 5: NIGHTyxa ($118.96 in chips)
Seat 6: TheFazermint ($536.56 in chips)
TheFazermint: posts small blind $1
NIGHTyxa: posts big blind $3
*** HOLE CARDS ***
TheFazermint: raises $3 to $6
NIGHTyxa: folds
Uncalled bet ($3) returned to TheFazermint
TheFazermint collected $6 from pot
TheFazermint: doesn't show hand
*** SUMMARY ***
Total pot $6 | Rake $0
Seat 5: NIGHTyxa (big blind) folded before Flop
Seat 6: TheFazermint (button) (small blind) collected ($6)


PokerStars Hand #154356152198:  Hold'em Limit ($3/$6 USD) - 2016/06/05 23:49:43 ET
Table 'Saiph' 6-max Seat #5 is the button
Seat 5: NIGHTyxa ($115.96 in chips)
Seat 6: TheFazermint ($539.56 in chips)
NIGHTyxa: posts small blind $1
TheFazermint: posts big blind $3
*** HOLE CARDS ***
NIGHTyxa: folds
Uncalled bet ($2) returned to TheFazermint
TheFazermint collected $2 from pot
TheFazermint: doesn't show hand
*** SUMMARY ***
Total pot $2 | Rake $0
Seat 5: NIGHTyxa (button) (small blind) folded before Flop
Seat 6: TheFazermint (big blind) collected ($2)


PokerStars Hand #154356140932:  Hold'em Limit ($3/$6 USD) - 2016/06/05 23:48:59 ET
Table 'Saiph' 6-max Seat #6 is the button
Seat 5: NIGHTyxa ($98.70 in chips)
Seat 6: TheFazermint ($557.56 in chips)
TheFazermint: posts small blind $1
NIGHTyxa: posts big blind $3
*** HOLE CARDS ***
TheFazermint: raises $3 to $6
NIGHTyxa: calls $3
*** FLOP *** [Qd 9s 8d]
NIGHTyxa: checks
TheFazermint: checks
*** TURN *** [Qd 9s 8d] [2s]
NIGHTyxa: checks
TheFazermint: checks
*** RIVER *** [Qd 9s 8d 2s] [Kc]
NIGHTyxa: bets $6
TheFazermint: folds
Uncalled bet ($6) returned to NIGHTyxa
NIGHTyxa collected $11.76 from pot
NIGHTyxa: doesn't show hand
*** SUMMARY ***
Total pot $12 | Rake $0.24
Board [Qd 9s 8d 2s Kc]
Seat 5: NIGHTyxa (big blind) collected ($11.76)
Seat 6: TheFazermint (button) (small blind) folded on the River


PokerStars Hand #154356137739:  Hold'em Limit ($3/$6 USD) - 2016/06/05 23:48:46 ET
Table 'Saiph' 6-max Seat #5 is the button
Seat 5: NIGHTyxa ($95.70 in chips)
Seat 6: TheFazermint ($560.56 in chips)
NIGHTyxa: posts small blind $1
TheFazermint: posts big blind $3
*** HOLE CARDS ***
NIGHTyxa: raises $3 to $6
TheFazermint: folds
Uncalled bet ($3) returned to NIGHTyxa
NIGHTyxa collected $6 from pot
NIGHTyxa: doesn't show hand
*** SUMMARY ***
Total pot $6 | Rake $0
Seat 5: NIGHTyxa (button) (small blind) collected ($6)
Seat 6: TheFazermint (big blind) folded before Flop


PokerStars Hand #154356162286:  Hold'em Limit ($3/$6 USD) - 2016/06/05 23:50:22 ET
Table 'Saiph' 6-max Seat #6 is the button
Seat 5: NIGHTyxa ($114.72 in chips)
Seat 6: TheFazermint ($540.32 in chips)
TheFazermint: posts small blind $1
NIGHTyxa: posts big blind $3
*** HOLE CARDS ***
TheFazermint: folds
Uncalled bet ($2) returned to NIGHTyxa
NIGHTyxa collected $2 from pot
NIGHTyxa: doesn't show hand
*** SUMMARY ***
Total pot $2 | Rake $0
Seat 5: NIGHTyxa (big blind) collected ($2)
Seat 6: TheFazermint (button) (small blind) folded before Flop


PokerStars Hand #154356158934:  Hold'em Limit ($3/$6 USD) - 2016/06/05 23:50:09 ET
Table 'Saiph' 6-max Seat #5 is the button
Seat 5: NIGHTyxa ($108.96 in chips)
Seat 6: TheFazermint ($546.32 in chips)
NIGHTyxa: posts small blind $1
TheFazermint: posts big blind $3
*** HOLE CARDS ***
NIGHTyxa: raises $3 to $6
TheFazermint: calls $3
*** FLOP *** [Kc 3c 6s]
TheFazermint: checks
NIGHTyxa: bets $3
TheFazermint: folds
Uncalled bet ($3) returned to NIGHTyxa
NIGHTyxa collected $11.76 from pot
NIGHTyxa: doesn't show hand
*** SUMMARY ***
Total pot $12 | Rake $0.24
Board [Kc 3c 6s]
Seat 5: NIGHTyxa (button) (small blind) collected ($11.76)
Seat 6: TheFazermint (big blind) folded on the Flop


PokerStars Hand #154356153696:  Hold'em Limit ($3/$6 USD) - 2016/06/05 23:49:49 ET
Table 'Saiph' 6-max Seat #6 is the button
Seat 5: NIGHTyxa ($114.96 in chips)
Seat 6: TheFazermint ($540.56 in chips)
TheFazermint: posts small blind $1
NIGHTyxa: posts big blind $3
*** HOLE CARDS ***
TheFazermint: raises $3 to $6
NIGHTyxa: calls $3
*** FLOP *** [9h 3c 3h]
NIGHTyxa: checks
TheFazermint: bets $3
NIGHTyxa: folds
Uncalled bet ($3) returned to TheFazermint
TheFazermint collected $11.76 from pot
TheFazermint: doesn't show hand
*** SUMMARY ***
Total pot $12 | Rake $0.24
Board [9h 3c 3h]
Seat 5: NIGHTyxa (big blind) folded on the Flop
Seat 6: TheFazermint (button) (small blind) collected ($11.76)


PokerStars Hand #154356163281:  Hold'em Limit ($3/$6 USD) - 2016/06/05 23:50:26 ET
Table 'Saiph' 6-max Seat #5 is the button
Seat 5: NIGHTyxa ($115.72 in chips)
Seat 6: TheFazermint ($539.32 in chips)
NIGHTyxa: posts small blind $1
TheFazermint: posts big blind $3
*** HOLE CARDS ***
NIGHTyxa: raises $3 to $6
TheFazermint: raises $3 to $9
NIGHTyxa: raises $3 to $12
Betting is capped
TheFazermint: calls $3
*** FLOP *** [7s 8h Ts]
TheFazermint: bets $3
NIGHTyxa: raises $3 to $6
TheFazermint: raises $3 to $9
NIGHTyxa: raises $3 to $12
Betting is capped
TheFazermint: calls $3
*** TURN *** [7s 8h Ts] [5c]
TheFazermint: bets $6
NIGHTyxa: raises $6 to $12
TheFazermint: calls $6
*** RIVER *** [7s 8h Ts 5c] [Qc]
TheFazermint: checks
NIGHTyxa: bets $6
TheFazermint: folds
Uncalled bet ($6) returned to NIGHTyxa
NIGHTyxa collected $71.50 from pot
NIGHTyxa: doesn't show hand
*** SUMMARY ***
Total pot $72 | Rake $0.50
Board [7s 8h Ts 5c Qc]
Seat 5: NIGHTyxa (button) (small blind) collected ($71.50)
Seat 6: TheFazermint (big blind) folded on the River


PokerStars Hand #154356179554:  Hold'em Limit ($3/$6 USD) - 2016/06/05 23:51:30 ET
Table 'Saiph' 6-max Seat #6 is the button
Seat 5: NIGHTyxa ($141.22 in chips)
Seat 6: TheFazermint ($512.96 in chips)
TheFazermint: posts small blind $1
NIGHTyxa: posts big blind $3
*** HOLE CARDS ***
TheFazermint: folds
Uncalled bet ($2) returned to NIGHTyxa
NIGHTyxa collected $2 from pot
NIGHTyxa: doesn't show hand
*** SUMMARY ***
Total pot $2 | Rake $0
Seat 5: NIGHTyxa (big blind) collected ($2)
Seat 6: TheFazermint (button) (small blind) folded before Flop


PokerStars Hand #154356177509:  Hold'em Limit ($3/$6 USD) - 2016/06/05 23:51:22 ET
Table 'Saiph' 6-max Seat #5 is the button
Seat 5: NIGHTyxa ($142.22 in chips)
Seat 6: TheFazermint ($511.96 in chips)
NIGHTyxa: posts small blind $1
TheFazermint: posts big blind $3
*** HOLE CARDS ***
NIGHTyxa: folds
Uncalled bet ($2) returned to TheFazermint
TheFazermint collected $2 from pot
TheFazermint: doesn't show hand
*** SUMMARY ***
Total pot $2 | Rake $0
Seat 5: NIGHTyxa (button) (small blind) folded before Flop
Seat 6: TheFazermint (big blind) collected ($2)


PokerStars Hand #154356184939:  Hold'em Limit ($3/$6 USD) - 2016/06/05 23:51:52 ET
Table 'Saiph' 6-max Seat #6 is the button
Seat 5: NIGHTyxa ($133.22 in chips)
Seat 6: TheFazermint ($520.60 in chips)
TheFazermint: posts small blind $1
NIGHTyxa: posts big blind $3
*** HOLE CARDS ***
TheFazermint: folds
Uncalled bet ($2) returned to NIGHTyxa
NIGHTyxa collected $2 from pot
NIGHTyxa: doesn't show hand
*** SUMMARY ***
Total pot $2 | Rake $0
Seat 5: NIGHTyxa (big blind) collected ($2)
Seat 6: TheFazermint (button) (small blind) folded before Flop


PokerStars Hand #154356180656:  Hold'em Limit ($3/$6 USD) - 2016/06/05 23:51:35 ET
Table 'Saiph' 6-max Seat #5 is the button
Seat 5: NIGHTyxa ($142.22 in chips)
Seat 6: TheFazermint ($511.96 in chips)
NIGHTyxa: posts small blind $1
TheFazermint: posts big blind $3
*** HOLE CARDS ***
NIGHTyxa: raises $3 to $6
TheFazermint: raises $3 to $9
NIGHTyxa: calls $3
*** FLOP *** [4h Tc Ks]
TheFazermint: bets $3
NIGHTyxa: folds
Uncalled bet ($3) returned to TheFazermint
TheFazermint collected $17.64 from pot
TheFazermint: doesn't show hand
*** SUMMARY ***
Total pot $18 | Rake $0.36
Board [4h Tc Ks]
Seat 5: NIGHTyxa (button) (small blind) folded on the Flop
Seat 6: TheFazermint (big blind) collected ($17.64)


PokerStars Hand #154356171676:  Hold'em Limit ($3/$6 USD) - 2016/06/05 23:50:59 ET
Table 'Saiph' 6-max Seat #5 is the button
Seat 5: NIGHTyxa ($152.22 in chips)
Seat 6: TheFazermint ($502.32 in chips)
NIGHTyxa: posts small blind $1
TheFazermint: posts big blind $3
*** HOLE CARDS ***
NIGHTyxa: folds
Uncalled bet ($2) returned to TheFazermint
TheFazermint collected $2 from pot
TheFazermint: doesn't show hand
*** SUMMARY ***
Total pot $2 | Rake $0
Seat 5: NIGHTyxa (button) (small blind) folded before Flop
Seat 6: TheFazermint (big blind) collected ($2)


PokerStars Hand #154356169610:  Hold'em Limit ($3/$6 USD) - 2016/06/05 23:50:51 ET
Table 'Saiph' 6-max Seat #6 is the button
Seat 5: NIGHTyxa ($151.22 in chips)
Seat 6: TheFazermint ($503.32 in chips)
TheFazermint: posts small blind $1
NIGHTyxa: posts big blind $3
*** HOLE CARDS ***
TheFazermint: folds
Uncalled bet ($2) returned to NIGHTyxa
NIGHTyxa collected $2 from pot
NIGHTyxa: doesn't show hand
*** SUMMARY ***
Total pot $2 | Rake $0
Seat 5: NIGHTyxa (big blind) collected ($2)
Seat 6: TheFazermint (button) (small blind) folded before Flop


PokerStars Hand #154356173050:  Hold'em Limit ($3/$6 USD) - 2016/06/05 23:51:05 ET
Table 'Saiph' 6-max Seat #6 is the button
Seat 5: NIGHTyxa ($151.22 in chips)
Seat 6: TheFazermint ($503.32 in chips)
TheFazermint: posts small blind $1
NIGHTyxa: posts big blind $3
*** HOLE CARDS ***
TheFazermint: raises $3 to $6
NIGHTyxa: calls $3
*** FLOP *** [Qh Ac 7s]
NIGHTyxa: checks
TheFazermint: bets $3
NIGHTyxa: calls $3
*** TURN *** [Qh Ac 7s] [8h]
NIGHTyxa: checks
TheFazermint: checks
*** RIVER *** [Qh Ac 7s 8h] [3d]
NIGHTyxa: checks
TheFazermint: checks
*** SHOW DOWN ***
NIGHTyxa: shows [7d 6c] (a pair of Sevens)
TheFazermint: shows [7c Th] (a pair of Sevens - Ace+Queen+Ten kicker)
TheFazermint collected $17.64 from pot
*** SUMMARY ***
Total pot $18 | Rake $0.36
Board [Qh Ac 7s 8h 3d]
Seat 5: NIGHTyxa (big blind) showed [7d 6c] and lost with a pair of Sevens
Seat 6: TheFazermint (button) (small blind) showed [7c Th] and won ($17.64) with a pair of Sevens


PokerStars Hand #154356194531:  Hold'em Limit ($3/$6 USD) - 2016/06/05 23:52:30 ET
Table 'Saiph' 6-max Seat #6 is the button
Seat 5: NIGHTyxa ($142.86 in chips)
Seat 6: TheFazermint ($510.60 in chips)
TheFazermint: posts small blind $1
NIGHTyxa: posts big blind $3
*** HOLE CARDS ***
TheFazermint: raises $3 to $6
NIGHTyxa: folds
Uncalled bet ($3) returned to TheFazermint
TheFazermint collected $6 from pot
TheFazermint: doesn't show hand
*** SUMMARY ***
Total pot $6 | Rake $0
Seat 5: NIGHTyxa (big blind) folded before Flop
Seat 6: TheFazermint (button) (small blind) collected ($6)


PokerStars Hand #154356192857:  Hold'em Limit ($3/$6 USD) - 2016/06/05 23:52:23 ET
Table 'Saiph' 6-max Seat #5 is the button
Seat 5: NIGHTyxa ($143.86 in chips)
Seat 6: TheFazermint ($509.60 in chips)
NIGHTyxa: posts small blind $1
TheFazermint: posts big blind $3
*** HOLE CARDS ***
NIGHTyxa: folds
Uncalled bet ($2) returned to TheFazermint
TheFazermint collected $2 from pot
TheFazermint: doesn't show hand
*** SUMMARY ***
Total pot $2 | Rake $0
Seat 5: NIGHTyxa (button) (small blind) folded before Flop
Seat 6: TheFazermint (big blind) collected ($2)


PokerStars Hand #154356196471:  Hold'em Limit ($3/$6 USD) - 2016/06/05 23:52:37 ET
Table 'Saiph' 6-max Seat #5 is the button
Seat 5: NIGHTyxa ($139.86 in chips)
Seat 6: TheFazermint ($513.60 in chips)
NIGHTyxa: posts small blind $1
TheFazermint: posts big blind $3
*** HOLE CARDS ***
NIGHTyxa: raises $3 to $6
TheFazermint: raises $3 to $9
NIGHTyxa: calls $3
*** FLOP *** [7c 5s Ts]
TheFazermint: bets $3
NIGHTyxa: calls $3
*** TURN *** [7c 5s Ts] [Js]
TheFazermint: bets $6
NIGHTyxa: calls $6
*** RIVER *** [7c 5s Ts Js] [7d]
TheFazermint: bets $6
NIGHTyxa: calls $6
*** SHOW DOWN ***
TheFazermint: shows [Th 4h] (two pair, Tens and Sevens)
NIGHTyxa: mucks hand
TheFazermint collected $47.50 from pot
*** SUMMARY ***
Total pot $48 | Rake $0.50
Board [7c 5s Ts Js 7d]
Seat 5: NIGHTyxa (button) (small blind) mucked
Seat 6: TheFazermint (big blind) showed [Th 4h] and won ($47.50) with two pair, Tens and Sevens


PokerStars Hand #154356191709:  Hold'em Limit ($3/$6 USD) - 2016/06/05 23:52:18 ET
Table 'Saiph' 6-max Seat #6 is the button
Seat 5: NIGHTyxa ($142.86 in chips)
Seat 6: TheFazermint ($510.60 in chips)
TheFazermint: posts small blind $1
NIGHTyxa: posts big blind $3
*** HOLE CARDS ***
TheFazermint: folds
Uncalled bet ($2) returned to NIGHTyxa
NIGHTyxa collected $2 from pot
NIGHTyxa: doesn't show hand
*** SUMMARY ***
Total pot $2 | Rake $0
Seat 5: NIGHTyxa (big blind) collected ($2)
Seat 6: TheFazermint (button) (small blind) folded before Flop


PokerStars Hand #154356186071:  Hold'em Limit ($3/$6 USD) - 2016/06/05 23:51:56 ET
Table 'Saiph' 6-max Seat #5 is the button
Seat 5: NIGHTyxa ($134.22 in chips)
Seat 6: TheFazermint ($519.60 in chips)
NIGHTyxa: posts small blind $1
TheFazermint: posts big blind $3
*** HOLE CARDS ***
NIGHTyxa: raises $3 to $6
TheFazermint: calls $3
*** FLOP *** [Kc 7h Ts]
TheFazermint: checks
NIGHTyxa: bets $3
TheFazermint: calls $3
*** TURN *** [Kc 7h Ts] [Jd]
TheFazermint: checks
NIGHTyxa: bets $6
TheFazermint: folds
Uncalled bet ($6) returned to NIGHTyxa
NIGHTyxa collected $17.64 from pot
NIGHTyxa: doesn't show hand
*** SUMMARY ***
Total pot $18 | Rake $0.36
Board [Kc 7h Ts Jd]
Seat 5: NIGHTyxa (button) (small blind) collected ($17.64)
Seat 6: TheFazermint (big blind) folded on the Turn


PokerStars Hand #154356209565:  Hold'em Limit ($3/$6 USD) - 2016/06/05 23:53:29 ET
Table 'Saiph' 6-max Seat #5 is the button
Seat 5: NIGHTyxa ($112.62 in chips)
Seat 6: TheFazermint ($539.86 in chips)
NIGHTyxa: posts small blind $1
TheFazermint: posts big blind $3
*** HOLE CARDS ***
NIGHTyxa: raises $3 to $6
TheFazermint: calls $3
*** FLOP *** [Qc Jh 8c]
TheFazermint: checks
NIGHTyxa: bets $3
TheFazermint: calls $3
*** TURN *** [Qc Jh 8c] [6c]
TheFazermint: checks
NIGHTyxa: bets $6
TheFazermint: calls $6
*** RIVER *** [Qc Jh 8c 6c] [Ah]
TheFazermint: checks
NIGHTyxa: checks
*** SHOW DOWN ***
TheFazermint: shows [9h 6d] (a pair of Sixes)
NIGHTyxa: mucks hand
TheFazermint collected $29.50 from pot
*** SUMMARY ***
Total pot $30 | Rake $0.50
Board [Qc Jh 8c 6c Ah]
Seat 5: NIGHTyxa (button) (small blind) mucked
Seat 6: TheFazermint (big blind) showed [9h 6d] and won ($29.50) with a pair of Sixes


PokerStars Hand #154356200635:  Hold'em Limit ($3/$6 USD) - 2016/06/05 23:52:54 ET
Table 'Saiph' 6-max Seat #6 is the button
Seat 5: NIGHTyxa ($115.86 in chips)
Seat 6: TheFazermint ($537.10 in chips)
TheFazermint: posts small blind $1
NIGHTyxa: posts big blind $3
*** HOLE CARDS ***
TheFazermint: raises $3 to $6
NIGHTyxa: calls $3
*** FLOP *** [Kc 7h 8d]
NIGHTyxa: checks
TheFazermint: bets $3
NIGHTyxa: folds
Uncalled bet ($3) returned to TheFazermint
TheFazermint collected $11.76 from pot
TheFazermint: doesn't show hand
*** SUMMARY ***
Total pot $12 | Rake $0.24
Board [Kc 7h 8d]
Seat 5: NIGHTyxa (big blind) folded on the Flop
Seat 6: TheFazermint (button) (small blind) collected ($11.76)


PokerStars Hand #154356202732:  Hold'em Limit ($3/$6 USD) - 2016/06/05 23:53:02 ET
Table 'Saiph' 6-max Seat #5 is the button
Seat 5: NIGHTyxa ($109.86 in chips)
Seat 6: TheFazermint ($542.86 in chips)
NIGHTyxa: posts small blind $1
TheFazermint: posts big blind $3
*** HOLE CARDS ***
NIGHTyxa: raises $3 to $6
TheFazermint: calls $3
*** FLOP *** [8h 7d 6h]
TheFazermint: checks
NIGHTyxa: bets $3
TheFazermint: folds
Uncalled bet ($3) returned to NIGHTyxa
NIGHTyxa collected $11.76 from pot
NIGHTyxa: doesn't show hand
*** SUMMARY ***
Total pot $12 | Rake $0.24
Board [8h 7d 6h]
Seat 5: NIGHTyxa (button) (small blind) collected ($11.76)
Seat 6: TheFazermint (big blind) folded on the Flop


PokerStars Hand #154356208015:  Hold'em Limit ($3/$6 USD) - 2016/06/05 23:53:23 ET
Table 'Saiph' 6-max Seat #6 is the button
Seat 5: NIGHTyxa ($115.62 in chips)
Seat 6: TheFazermint ($536.86 in chips)
TheFazermint: posts small blind $1
NIGHTyxa: posts big blind $3
*** HOLE CARDS ***
TheFazermint: raises $3 to $6
NIGHTyxa: folds
Uncalled bet ($3) returned to TheFazermint
TheFazermint collected $6 from pot
TheFazermint: doesn't show hand
*** SUMMARY ***
Total pot $6 | Rake $0
Seat 5: NIGHTyxa (big blind) folded before Flop
Seat 6: TheFazermint (button) (small blind) collected ($6)


PokerStars Hand #154356217009:  Hold'em Limit ($3/$6 USD) - 2016/06/05 23:53:59 ET
Table 'Saiph' 6-max Seat #5 is the button
Seat 5: NIGHTyxa ($98.62 in chips)
Seat 6: TheFazermint ($553.36 in chips)
NIGHTyxa: posts small blind $1
TheFazermint: posts big blind $3
*** HOLE CARDS ***
NIGHTyxa: raises $3 to $6
TheFazermint: calls $3
*** FLOP *** [9d 2s 2h]
TheFazermint: checks
NIGHTyxa: bets $3
TheFazermint: folds
Uncalled bet ($3) returned to NIGHTyxa
NIGHTyxa collected $11.76 from pot
NIGHTyxa: doesn't show hand
*** SUMMARY ***
Total pot $12 | Rake $0.24
Board [9d 2s 2h]
Seat 5: NIGHTyxa (button) (small blind) collected ($11.76)
Seat 6: TheFazermint (big blind) folded on the Flop


PokerStars Hand #154356226186:  Hold'em Limit ($3/$6 USD) - 2016/06/05 23:54:35 ET
Table 'Saiph' 6-max Seat #5 is the button
Seat 5: NIGHTyxa ($98.38 in chips)
Seat 6: TheFazermint ($553.12 in chips)
NIGHTyxa: posts small blind $1
TheFazermint: posts big blind $3
*** HOLE CARDS ***
NIGHTyxa: raises $3 to $6
TheFazermint: raises $3 to $9
NIGHTyxa: raises $3 to $12
Betting is capped
TheFazermint: calls $3
*** FLOP *** [7s 4h 3h]
TheFazermint: bets $3
NIGHTyxa: raises $3 to $6
TheFazermint: calls $3
*** TURN *** [7s 4h 3h] [3d]
TheFazermint: checks
NIGHTyxa: bets $6
TheFazermint: folds
Uncalled bet ($6) returned to NIGHTyxa
NIGHTyxa collected $35.50 from pot
NIGHTyxa: doesn't show hand
*** SUMMARY ***
Total pot $36 | Rake $0.50
Board [7s 4h 3h 3d]
Seat 5: NIGHTyxa (button) (small blind) collected ($35.50)
Seat 6: TheFazermint (big blind) folded on the Turn


PokerStars Hand #154356219975:  Hold'em Limit ($3/$6 USD) - 2016/06/05 23:54:10 ET
Table 'Saiph' 6-max Seat #6 is the button
Seat 5: NIGHTyxa ($104.38 in chips)
Seat 6: TheFazermint ($547.36 in chips)
TheFazermint: posts small blind $1
NIGHTyxa: posts big blind $3
*** HOLE CARDS ***
TheFazermint: raises $3 to $6
NIGHTyxa: calls $3
*** FLOP *** [4c 6s 4d]
NIGHTyxa: checks
TheFazermint: bets $3
NIGHTyxa: folds
Uncalled bet ($3) returned to TheFazermint
TheFazermint collected $11.76 from pot
TheFazermint: doesn't show hand
*** SUMMARY ***
Total pot $12 | Rake $0.24
Board [4c 6s 4d]
Seat 5: NIGHTyxa (big blind) folded on the Flop
Seat 6: TheFazermint (button) (small blind) collected ($11.76)


PokerStars Hand #154356215518:  Hold'em Limit ($3/$6 USD) - 2016/06/05 23:53:53 ET
Table 'Saiph' 6-max Seat #6 is the button
Seat 5: NIGHTyxa ($97.62 in chips)
Seat 6: TheFazermint ($554.36 in chips)
TheFazermint: posts small blind $1
NIGHTyxa: posts big blind $3
*** HOLE CARDS ***
TheFazermint: folds
Uncalled bet ($2) returned to NIGHTyxa
NIGHTyxa collected $2 from pot
NIGHTyxa: doesn't show hand
*** SUMMARY ***
Total pot $2 | Rake $0
Seat 5: NIGHTyxa (big blind) collected ($2)
Seat 6: TheFazermint (button) (small blind) folded before Flop


PokerStars Hand #154356235449:  Hold'em Limit ($3/$6 USD) - 2016/06/05 23:55:13 ET
Table 'Saiph' 6-max Seat #5 is the button
Seat 5: NIGHTyxa ($124.52 in chips)
Seat 6: TheFazermint ($526.12 in chips)
NIGHTyxa: posts small blind $1
TheFazermint: posts big blind $3
*** HOLE CARDS ***
NIGHTyxa: raises $3 to $6
TheFazermint: raises $3 to $9
NIGHTyxa: calls $3
*** FLOP *** [As Tc 3c]
TheFazermint: bets $3
NIGHTyxa: folds
Uncalled bet ($3) returned to TheFazermint
TheFazermint collected $17.64 from pot
TheFazermint: doesn't show hand
*** SUMMARY ***
Total pot $18 | Rake $0.36
Board [As Tc 3c]
Seat 5: NIGHTyxa (button) (small blind) folded on the Flop
Seat 6: TheFazermint (big blind) collected ($17.64)


PokerStars Hand #154356238041:  Hold'em Limit ($3/$6 USD) - 2016/06/05 23:55:24 ET
Table 'Saiph' 6-max Seat #6 is the button
Seat 5: NIGHTyxa ($115.52 in chips)
Seat 6: TheFazermint ($534.76 in chips)
TheFazermint: posts small blind $1
NIGHTyxa: posts big blind $3
*** HOLE CARDS ***
TheFazermint: raises $3 to $6
NIGHTyxa: folds
Uncalled bet ($3) returned to TheFazermint
TheFazermint collected $6 from pot
TheFazermint: doesn't show hand
*** SUMMARY ***
Total pot $6 | Rake $0
Seat 5: NIGHTyxa (big blind) folded before Flop
Seat 6: TheFazermint (button) (small blind) collected ($6)


PokerStars Hand #154356231406:  Hold'em Limit ($3/$6 USD) - 2016/06/05 23:54:56 ET
Table 'Saiph' 6-max Seat #6 is the button
Seat 5: NIGHTyxa ($115.88 in chips)
Seat 6: TheFazermint ($535.12 in chips)
TheFazermint: posts small blind $1
NIGHTyxa: posts big blind $3
*** HOLE CARDS ***
TheFazermint: raises $3 to $6
NIGHTyxa: calls $3
*** FLOP *** [Ts 7d 6s]
NIGHTyxa: checks
TheFazermint: bets $3
NIGHTyxa: calls $3
*** TURN *** [Ts 7d 6s] [7c]
NIGHTyxa: checks
TheFazermint: checks
*** RIVER *** [Ts 7d 6s 7c] [2c]
NIGHTyxa: bets $6
TheFazermint: folds
Uncalled bet ($6) returned to NIGHTyxa
NIGHTyxa collected $17.64 from pot
NIGHTyxa: doesn't show hand
*** SUMMARY ***
Total pot $18 | Rake $0.36
Board [Ts 7d 6s 7c 2c]
Seat 5: NIGHTyxa (big blind) collected ($17.64)
Seat 6: TheFazermint (button) (small blind) folded on the River


PokerStars Hand #154356240170:  Hold'em Limit ($3/$6 USD) - 2016/06/05 23:55:34 ET
Table 'Saiph' 6-max Seat #5 is the button
Seat 5: NIGHTyxa ($112.52 in chips)
Seat 6: TheFazermint ($537.76 in chips)
NIGHTyxa: posts small blind $1
TheFazermint: posts big blind $3
*** HOLE CARDS ***
NIGHTyxa: raises $3 to $6
TheFazermint: raises $3 to $9
NIGHTyxa: calls $3
*** FLOP *** [3h 9c 4s]
TheFazermint: bets $3
NIGHTyxa: raises $3 to $6
TheFazermint: raises $3 to $9
NIGHTyxa: raises $3 to $12
Betting is capped
TheFazermint: calls $3
*** TURN *** [3h 9c 4s] [2s]
TheFazermint: bets $6
NIGHTyxa: raises $6 to $12
TheFazermint: calls $6
*** RIVER *** [3h 9c 4s 2s] [4c]
TheFazermint: checks
NIGHTyxa: bets $6
TheFazermint: folds
Uncalled bet ($6) returned to NIGHTyxa
NIGHTyxa collected $65.50 from pot
NIGHTyxa: doesn't show hand
*** SUMMARY ***
Total pot $66 | Rake $0.50
Board [3h 9c 4s 2s 4c]
Seat 5: NIGHTyxa (button) (small blind) collected ($65.50)
Seat 6: TheFazermint (big blind) folded on the River


PokerStars Hand #154356246509:  Hold'em Limit ($3/$6 USD) - 2016/06/05 23:56:03 ET
Table 'Saiph' 6-max Seat #6 is the button
Seat 5: NIGHTyxa ($145.02 in chips)
Seat 6: TheFazermint ($504.76 in chips)
TheFazermint: posts small blind $1
NIGHTyxa: posts big blind $3
*** HOLE CARDS ***
TheFazermint: raises $3 to $6
NIGHTyxa: calls $3
*** FLOP *** [Qh Ts 9h]
NIGHTyxa: checks
TheFazermint: bets $3
NIGHTyxa: raises $3 to $6
TheFazermint: raises $3 to $9
NIGHTyxa: calls $3
*** TURN *** [Qh Ts 9h] [7h]
NIGHTyxa: checks
TheFazermint: checks
*** RIVER *** [Qh Ts 9h 7h] [2s]
NIGHTyxa: bets $6
TheFazermint: calls $6
*** SHOW DOWN ***
NIGHTyxa: shows [6s Qs] (a pair of Queens)
TheFazermint: mucks hand
NIGHTyxa collected $41.50 from pot
*** SUMMARY ***
Total pot $42 | Rake $0.50
Board [Qh Ts 9h 7h 2s]
Seat 5: NIGHTyxa (big blind) showed [6s Qs] and won ($41.50) with a pair of Queens
Seat 6: TheFazermint (button) (small blind) mucked


PokerStars Hand #154356258528:  Hold'em Limit ($3/$6 USD) - 2016/06/05 23:56:59 ET
Table 'Saiph' 6-max Seat #6 is the button
Seat 5: NIGHTyxa ($192.02 in chips)
Seat 6: TheFazermint ($456.76 in chips)
TheFazermint: posts small blind $1
NIGHTyxa: posts big blind $3
*** HOLE CARDS ***
TheFazermint: folds
Uncalled bet ($2) returned to NIGHTyxa
NIGHTyxa collected $2 from pot
NIGHTyxa: doesn't show hand
*** SUMMARY ***
Total pot $2 | Rake $0
Seat 5: NIGHTyxa (big blind) collected ($2)
Seat 6: TheFazermint (button) (small blind) folded before Flop


PokerStars Hand #154356253298:  Hold'em Limit ($3/$6 USD) - 2016/06/05 23:56:35 ET
Table 'Saiph' 6-max Seat #5 is the button
Seat 5: NIGHTyxa ($165.52 in chips)
Seat 6: TheFazermint ($483.76 in chips)
NIGHTyxa: posts small blind $1
TheFazermint: posts big blind $3
*** HOLE CARDS ***
NIGHTyxa: raises $3 to $6
TheFazermint: raises $3 to $9
NIGHTyxa: calls $3
*** FLOP *** [8d Qh 9c]
TheFazermint: bets $3
NIGHTyxa: raises $3 to $6
TheFazermint: raises $3 to $9
NIGHTyxa: raises $3 to $12
Betting is capped
TheFazermint: calls $3
*** TURN *** [8d Qh 9c] [6d]
TheFazermint: checks
NIGHTyxa: bets $6
TheFazermint: calls $6
*** RIVER *** [8d Qh 9c 6d] [7s]
TheFazermint: checks
NIGHTyxa: checks
*** SHOW DOWN ***
TheFazermint: shows [8h Ah] (a pair of Eights)
NIGHTyxa: shows [6h Qc] (two pair, Queens and Sixes)
NIGHTyxa collected $53.50 from pot
*** SUMMARY ***
Total pot $54 | Rake $0.50
Board [8d Qh 9c 6d 7s]
Seat 5: NIGHTyxa (button) (small blind) showed [6h Qc] and won ($53.50) with two pair, Queens and Sixes
Seat 6: TheFazermint (big blind) showed [8h Ah] and lost with a pair of Eights


PokerStars Hand #154356259600:  Hold'em Limit ($3/$6 USD) - 2016/06/05 23:57:04 ET
Table 'Saiph' 6-max Seat #5 is the button
Seat 5: NIGHTyxa ($193.02 in chips)
Seat 6: TheFazermint ($455.76 in chips)
NIGHTyxa: posts small blind $1
TheFazermint: posts big blind $3
*** HOLE CARDS ***
NIGHTyxa: raises $3 to $6
TheFazermint: raises $3 to $9
NIGHTyxa: calls $3
*** FLOP *** [8d 8h Ah]
TheFazermint: checks
NIGHTyxa: checks
*** TURN *** [8d 8h Ah] [4c]
TheFazermint: bets $6
NIGHTyxa: calls $6
*** RIVER *** [8d 8h Ah 4c] [8c]
TheFazermint: checks
NIGHTyxa: bets $6
TheFazermint: calls $6
*** SHOW DOWN ***
NIGHTyxa: shows [4s Ts] (a full house, Eights full of Fours)
TheFazermint: mucks hand
NIGHTyxa collected $41.50 from pot
*** SUMMARY ***
Total pot $42 | Rake $0.50
Board [8d 8h Ah 4c 8c]
Seat 5: NIGHTyxa (button) (small blind) showed [4s Ts] and won ($41.50) with a full house, Eights full of Fours
Seat 6: TheFazermint (big blind) mucked


PokerStars Hand #154356271642:  Hold'em Limit ($3/$6 USD) - 2016/06/05 23:57:29 ET
Table 'Saiph' 6-max Seat #6 is the button
Seat 5: NIGHTyxa ($213.52 in chips)
Seat 6: TheFazermint ($434.76 in chips)
TheFazermint: posts small blind $1
NIGHTyxa: posts big blind $3
*** HOLE CARDS ***
TheFazermint: folds
Uncalled bet ($2) returned to NIGHTyxa
NIGHTyxa collected $2 from pot
NIGHTyxa: doesn't show hand
*** SUMMARY ***
Total pot $2 | Rake $0
Seat 5: NIGHTyxa (big blind) collected ($2)
Seat 6: TheFazermint (button) (small blind) folded before Flop


PokerStars Hand #154356272602:  Hold'em Limit ($3/$6 USD) - 2016/06/05 23:57:34 ET
Table 'Saiph' 6-max Seat #5 is the button
Seat 5: NIGHTyxa ($214.52 in chips)
Seat 6: TheFazermint ($433.76 in chips)
NIGHTyxa: posts small blind $1
TheFazermint: posts big blind $3
*** HOLE CARDS ***
NIGHTyxa: raises $3 to $6
TheFazermint: raises $3 to $9
NIGHTyxa: calls $3
*** FLOP *** [Kh 3h 5c]
TheFazermint: bets $3
NIGHTyxa: calls $3
*** TURN *** [Kh 3h 5c] [Jh]
TheFazermint: bets $6
NIGHTyxa: calls $6
*** RIVER *** [Kh 3h 5c Jh] [Ts]
TheFazermint: checks
NIGHTyxa: bets $6
TheFazermint: folds
Uncalled bet ($6) returned to NIGHTyxa
NIGHTyxa collected $35.50 from pot
NIGHTyxa: doesn't show hand
*** SUMMARY ***
Total pot $36 | Rake $0.50
Board [Kh 3h 5c Jh Ts]
Seat 5: NIGHTyxa (button) (small blind) collected ($35.50)
Seat 6: TheFazermint (big blind) folded on the River


PokerStars Hand #154356282619:  Hold'em Limit ($3/$6 USD) - 2016/06/05 23:58:19 ET
Table 'Saiph' 6-max Seat #6 is the button
Seat 5: NIGHTyxa ($225.02 in chips)
Seat 6: TheFazermint ($422.52 in chips)
TheFazermint: posts small blind $1
NIGHTyxa: posts big blind $3
*** HOLE CARDS ***
TheFazermint: raises $3 to $6
NIGHTyxa: calls $3
*** FLOP *** [Tc 6d Jc]
NIGHTyxa: checks
TheFazermint: bets $3
NIGHTyxa: calls $3
*** TURN *** [Tc 6d Jc] [Kc]
NIGHTyxa: checks
TheFazermint: checks
*** RIVER *** [Tc 6d Jc Kc] [Ts]
NIGHTyxa: checks
TheFazermint: checks
*** SHOW DOWN ***
NIGHTyxa: shows [2s Ac] (a pair of Tens)
TheFazermint: shows [As 3s] (a pair of Tens)
NIGHTyxa collected $8.82 from pot
TheFazermint collected $8.82 from pot
*** SUMMARY ***
Total pot $18 | Rake $0.36
Board [Tc 6d Jc Kc Ts]
Seat 5: NIGHTyxa (big blind) showed [2s Ac] and won ($8.82) with a pair of Tens
Seat 6: TheFazermint (button) (small blind) showed [As 3s] and won ($8.82) with a pair of Tens


PokerStars Hand #154356276755:  Hold'em Limit ($3/$6 USD) - 2016/06/05 23:57:53 ET
Table 'Saiph' 6-max Seat #6 is the button
Seat 5: NIGHTyxa ($232.02 in chips)
Seat 6: TheFazermint ($415.76 in chips)
TheFazermint: posts small blind $1
NIGHTyxa: posts big blind $3
*** HOLE CARDS ***
TheFazermint: raises $3 to $6
NIGHTyxa: calls $3
*** FLOP *** [3d Ac Kh]
NIGHTyxa: checks
TheFazermint: bets $3
NIGHTyxa: folds
Uncalled bet ($3) returned to TheFazermint
TheFazermint collected $11.76 from pot
TheFazermint: doesn't show hand
*** SUMMARY ***
Total pot $12 | Rake $0.24
Board [3d Ac Kh]
Seat 5: NIGHTyxa (big blind) folded on the Flop
Seat 6: TheFazermint (button) (small blind) collected ($11.76)


PokerStars Hand #154356285550:  Hold'em Limit ($3/$6 USD) - 2016/06/05 23:58:32 ET
Table 'Saiph' 6-max Seat #5 is the button
Seat 5: NIGHTyxa ($224.84 in chips)
Seat 6: TheFazermint ($422.34 in chips)
NIGHTyxa: posts small blind $1
TheFazermint: posts big blind $3
*** HOLE CARDS ***
NIGHTyxa: raises $3 to $6
TheFazermint: raises $3 to $9
NIGHTyxa: calls $3
*** FLOP *** [2d Tc 6s]
TheFazermint: bets $3
NIGHTyxa: raises $3 to $6
TheFazermint: raises $3 to $9
NIGHTyxa: raises $3 to $12
Betting is capped
TheFazermint: calls $3
*** TURN *** [2d Tc 6s] [4d]
TheFazermint: bets $6
NIGHTyxa: calls $6
*** RIVER *** [2d Tc 6s 4d] [9d]
TheFazermint: checks
NIGHTyxa: bets $6
TheFazermint: calls $6
*** SHOW DOWN ***
NIGHTyxa: shows [Th Jd] (a pair of Tens)
TheFazermint: mucks hand
NIGHTyxa collected $65.50 from pot
*** SUMMARY ***
Total pot $66 | Rake $0.50
Board [2d Tc 6s 4d 9d]
Seat 5: NIGHTyxa (button) (small blind) showed [Th Jd] and won ($65.50) with a pair of Tens
Seat 6: TheFazermint (big blind) mucked


PokerStars Hand #154356279971:  Hold'em Limit ($3/$6 USD) - 2016/06/05 23:58:07 ET
Table 'Saiph' 6-max Seat #5 is the button
Seat 5: NIGHTyxa ($226.02 in chips)
Seat 6: TheFazermint ($421.52 in chips)
NIGHTyxa: posts small blind $1
TheFazermint: posts big blind $3
*** HOLE CARDS ***
NIGHTyxa: folds
Uncalled bet ($2) returned to TheFazermint
TheFazermint collected $2 from pot
TheFazermint: doesn't show hand
*** SUMMARY ***
Total pot $2 | Rake $0
Seat 5: NIGHTyxa (button) (small blind) folded before Flop
Seat 6: TheFazermint (big blind) collected ($2)


PokerStars Hand #154356298552:  Hold'em Limit ($3/$6 USD) - 2016/06/05 23:59:32 ET
Table 'Saiph' 6-max Seat #5 is the button
Seat 5: NIGHTyxa ($289.48 in chips)
Seat 6: TheFazermint ($356.10 in chips)
NIGHTyxa: posts small blind $1
TheFazermint: posts big blind $3
*** HOLE CARDS ***
NIGHTyxa: folds
Uncalled bet ($2) returned to TheFazermint
TheFazermint collected $2 from pot
TheFazermint: doesn't show hand
*** SUMMARY ***
Total pot $2 | Rake $0
Seat 5: NIGHTyxa (button) (small blind) folded before Flop
Seat 6: TheFazermint (big blind) collected ($2)


PokerStars Hand #154356295643:  Hold'em Limit ($3/$6 USD) - 2016/06/05 23:59:19 ET
Table 'Saiph' 6-max Seat #6 is the button
Seat 5: NIGHTyxa ($280.84 in chips)
Seat 6: TheFazermint ($365.10 in chips)
TheFazermint: posts small blind $1
NIGHTyxa: posts big blind $3
*** HOLE CARDS ***
TheFazermint: raises $3 to $6
NIGHTyxa: calls $3
*** FLOP *** [Js 3s 2d]
NIGHTyxa: checks
TheFazermint: bets $3
NIGHTyxa: raises $3 to $6
TheFazermint: folds
Uncalled bet ($3) returned to NIGHTyxa
NIGHTyxa collected $17.64 from pot
NIGHTyxa: doesn't show hand
*** SUMMARY ***
Total pot $18 | Rake $0.36
Board [Js 3s 2d]
Seat 5: NIGHTyxa (big blind) collected ($17.64)
Seat 6: TheFazermint (button) (small blind) folded on the Flop


PokerStars Hand #154356289624:  Hold'em Limit ($3/$6 USD) - 2016/06/05 23:58:51 ET
Table 'Saiph' 6-max Seat #6 is the button
Seat 5: NIGHTyxa ($257.34 in chips)
Seat 6: TheFazermint ($389.34 in chips)
TheFazermint: posts small blind $1
NIGHTyxa: posts big blind $3
*** HOLE CARDS ***
TheFazermint: raises $3 to $6
NIGHTyxa: calls $3
*** FLOP *** [Ad 6h Kc]
NIGHTyxa: checks
TheFazermint: bets $3
NIGHTyxa: folds
Uncalled bet ($3) returned to TheFazermint
TheFazermint collected $11.76 from pot
TheFazermint: doesn't show hand
*** SUMMARY ***
Total pot $12 | Rake $0.24
Board [Ad 6h Kc]
Seat 5: NIGHTyxa (big blind) folded on the Flop
Seat 6: TheFazermint (button) (small blind) collected ($11.76)


PokerStars Hand #154356299670:  Hold'em Limit ($3/$6 USD) - 2016/06/05 23:59:37 ET
Table 'Saiph' 6-max Seat #6 is the button
Seat 5: NIGHTyxa ($288.48 in chips)
Seat 6: TheFazermint ($357.10 in chips)
TheFazermint: posts small blind $1
NIGHTyxa: posts big blind $3
*** HOLE CARDS ***
TheFazermint: raises $3 to $6
NIGHTyxa: raises $3 to $9
TheFazermint: calls $3
*** FLOP *** [9h Ac Ts]
NIGHTyxa: bets $3
TheFazermint: raises $3 to $6
NIGHTyxa: calls $3
*** TURN *** [9h Ac Ts] [2h]
NIGHTyxa: checks
TheFazermint: checks
*** RIVER *** [9h Ac Ts 2h] [7s]
NIGHTyxa: bets $6
TheFazermint: folds
Uncalled bet ($6) returned to NIGHTyxa
NIGHTyxa collected $29.50 from pot
NIGHTyxa: doesn't show hand
*** SUMMARY ***
Total pot $30 | Rake $0.50
Board [9h Ac Ts 2h 7s]
Seat 5: NIGHTyxa (big blind) collected ($29.50)
Seat 6: TheFazermint (button) (small blind) folded on the River


PokerStars Hand #154356291990:  Hold'em Limit ($3/$6 USD) - 2016/06/05 23:59:02 ET
Table 'Saiph' 6-max Seat #5 is the button
Seat 5: NIGHTyxa ($251.34 in chips)
Seat 6: TheFazermint ($395.10 in chips)
NIGHTyxa: posts small blind $1
TheFazermint: posts big blind $3
*** HOLE CARDS ***
NIGHTyxa: raises $3 to $6
TheFazermint: raises $3 to $9
NIGHTyxa: calls $3
*** FLOP *** [Ac 6d Qs]
TheFazermint: bets $3
NIGHTyxa: calls $3
*** TURN *** [Ac 6d Qs] [6c]
TheFazermint: bets $6
NIGHTyxa: raises $6 to $12
TheFazermint: calls $6
*** RIVER *** [Ac 6d Qs 6c] [2h]
TheFazermint: checks
NIGHTyxa: bets $6
TheFazermint: calls $6
*** SHOW DOWN ***
NIGHTyxa: shows [Ks 6h] (three of a kind, Sixes)
TheFazermint: mucks hand
NIGHTyxa collected $59.50 from pot
*** SUMMARY ***
Total pot $60 | Rake $0.50
Board [Ac 6d Qs 6c 2h]
Seat 5: NIGHTyxa (button) (small blind) showed [Ks 6h] and won ($59.50) with three of a kind, Sixes
Seat 6: TheFazermint (big blind) mucked


PokerStars Hand #154356303615:  Hold'em Limit ($3/$6 USD) - 2016/06/05 23:59:55 ET
Table 'Saiph' 6-max Seat #5 is the button
Seat 5: NIGHTyxa ($302.98 in chips)
Seat 6: TheFazermint ($342.10 in chips)
NIGHTyxa: posts small blind $1
TheFazermint: posts big blind $3
*** HOLE CARDS ***
NIGHTyxa: raises $3 to $6
TheFazermint: raises $3 to $9
NIGHTyxa: raises $3 to $12
Betting is capped
TheFazermint: calls $3
*** FLOP *** [4h 9s Ah]
TheFazermint: bets $3
NIGHTyxa: calls $3
*** TURN *** [4h 9s Ah] [5c]
TheFazermint: bets $6
NIGHTyxa: raises $6 to $12
TheFazermint: calls $6
*** RIVER *** [4h 9s Ah 5c] [Td]
TheFazermint: checks
NIGHTyxa: bets $6
TheFazermint: folds
Uncalled bet ($6) returned to NIGHTyxa
NIGHTyxa collected $53.50 from pot
NIGHTyxa: doesn't show hand
*** SUMMARY ***
Total pot $54 | Rake $0.50
Board [4h 9s Ah 5c Td]
Seat 5: NIGHTyxa (button) (small blind) collected ($53.50)
Seat 6: TheFazermint (big blind) folded on the River


PokerStars Hand #154356311734:  Hold'em Limit ($3/$6 USD) - 2016/06/06 0:00:31 ET
Table 'Saiph' 6-max Seat #6 is the button
Seat 5: NIGHTyxa ($329.48 in chips)
Seat 6: TheFazermint ($315.10 in chips)
TheFazermint: posts small blind $1
NIGHTyxa: posts big blind $3
*** HOLE CARDS ***
TheFazermint: raises $3 to $6
NIGHTyxa: calls $3
*** FLOP *** [5h 4s Qd]
NIGHTyxa: checks
TheFazermint: bets $3
NIGHTyxa: calls $3
*** TURN *** [5h 4s Qd] [Kd]
NIGHTyxa: checks
TheFazermint: bets $6
NIGHTyxa: calls $6
*** RIVER *** [5h 4s Qd Kd] [Jh]
NIGHTyxa: checks
TheFazermint: checks
*** SHOW DOWN ***
NIGHTyxa: shows [8s 4d] (a pair of Fours)
TheFazermint: shows [5d 6d] (a pair of Fives)
Bubman78 joins the table at seat #1
TheFazermint collected $29.50 from pot
*** SUMMARY ***
Total pot $30 | Rake $0.50
Board [5h 4s Qd Kd Jh]
Seat 5: NIGHTyxa (big blind) showed [8s 4d] and lost with a pair of Fours
Seat 6: TheFazermint (button) (small blind) showed [5d 6d] and won ($29.50) with a pair of Fives


PokerStars Hand #154356317212:  Hold'em Limit ($3/$6 USD) - 2016/06/06 0:00:55 ET
Table 'Saiph' 6-max Seat #5 is the button
Seat 5: NIGHTyxa ($314.48 in chips)
Seat 6: TheFazermint ($329.60 in chips)
NIGHTyxa: posts small blind $1
TheFazermint: posts big blind $3
*** HOLE CARDS ***
BuzovaPro joins the table at seat #2
NIGHTyxa: raises $3 to $6
TheFazermint: calls $3
*** FLOP *** [4h 5d 7d]
TheFazermint: bets $3
NIGHTyxa: calls $3
*** TURN *** [4h 5d 7d] [Qc]
TheFazermint: bets $6
NIGHTyxa: raises $6 to $12
TheFazermint: calls $6
*** RIVER *** [4h 5d 7d Qc] [4s]
TheFazermint: checks
gb2132 joins the table at seat #3
NIGHTyxa: bets $6
TheFazermint: calls $6
*** SHOW DOWN ***
NIGHTyxa: shows [As 7s] (two pair, Sevens and Fours)
TheFazermint: mucks hand
NIGHTyxa collected $53.50 from pot
*** SUMMARY ***
Total pot $54 | Rake $0.50
Board [4h 5d 7d Qc 4s]
Seat 5: NIGHTyxa (button) (small blind) showed [As 7s] and won ($53.50) with two pair, Sevens and Fours
Seat 6: TheFazermint (big blind) mucked


PokerStars Hand #154356428915:  Hold'em Limit ($3/$6 USD) - 2016/06/06 0:08:36 ET
Table 'Saiph' 6-max Seat #2 is the button
Seat 1: Bubman78 ($285.96 in chips)
Seat 2: BuzovaPro ($72 in chips)
BuzovaPro: posts small blind $1
Bubman78: posts big blind $3
*** HOLE CARDS ***
BuzovaPro: raises $3 to $6
Bubman78: calls $3
*** FLOP *** [Jc Ad 3s]
Bubman78: checks
BuzovaPro: bets $3
Bubman78: folds
Uncalled bet ($3) returned to BuzovaPro
BuzovaPro collected $11.76 from pot
BuzovaPro: doesn't show hand
*** SUMMARY ***
Total pot $12 | Rake $0.24
Board [Jc Ad 3s]
Seat 1: Bubman78 (big blind) folded on the Flop
Seat 2: BuzovaPro (button) (small blind) collected ($11.76)


PokerStars Hand #154356432436:  Hold'em Limit ($3/$6 USD) - 2016/06/06 0:08:51 ET
Table 'Saiph' 6-max Seat #1 is the button
Seat 1: Bubman78 ($279.96 in chips)
Seat 2: BuzovaPro ($77.76 in chips)
Bubman78: posts small blind $1
BuzovaPro: posts big blind $3
*** HOLE CARDS ***
Bubman78: folds
Uncalled bet ($2) returned to BuzovaPro
BuzovaPro collected $2 from pot
BuzovaPro: doesn't show hand
*** SUMMARY ***
Total pot $2 | Rake $0
Seat 1: Bubman78 (button) (small blind) folded before Flop
Seat 2: BuzovaPro (big blind) collected ($2)


PokerStars Hand #154356424736:  Hold'em Limit ($3/$6 USD) - 2016/06/06 0:08:19 ET
Table 'Saiph' 6-max Seat #1 is the button
Seat 1: Bubman78 ($280.20 in chips)
Seat 2: BuzovaPro ($77.76 in chips)
Bubman78: posts small blind $1
BuzovaPro: posts big blind $3
*** HOLE CARDS ***
Bubman78: raises $3 to $6
BuzovaPro: calls $3
*** FLOP *** [6h 2h Jd]
BuzovaPro: checks
Bubman78: bets $3
BuzovaPro: folds
Uncalled bet ($3) returned to Bubman78
Bubman78 collected $11.76 from pot
Bubman78: doesn't show hand
*** SUMMARY ***
Total pot $12 | Rake $0.24
Board [6h 2h Jd]
Seat 1: Bubman78 (button) (small blind) collected ($11.76)
Seat 2: BuzovaPro (big blind) folded on the Flop


PokerStars Hand #154356418006:  Hold'em Limit ($3/$6 USD) - 2016/06/06 0:07:51 ET
Table 'Saiph' 6-max Seat #2 is the button
Seat 1: Bubman78 ($286.20 in chips)
Seat 2: BuzovaPro ($72 in chips)
BuzovaPro: posts small blind $1
Bubman78: posts big blind $3
*** HOLE CARDS ***
BuzovaPro: raises $3 to $6
Bubman78: calls $3
*** FLOP *** [3h 4c Qh]
Bubman78: checks
BuzovaPro: bets $3
Bubman78: folds
Uncalled bet ($3) returned to BuzovaPro
BuzovaPro collected $11.76 from pot
BuzovaPro: doesn't show hand
*** SUMMARY ***
Total pot $12 | Rake $0.24
Board [3h 4c Qh]
Seat 1: Bubman78 (big blind) folded on the Flop
Seat 2: BuzovaPro (button) (small blind) collected ($11.76)


PokerStars Hand #154356441368:  Hold'em Limit ($3/$6 USD) - 2016/06/06 0:09:28 ET
Table 'Saiph' 6-max Seat #2 is the button
Seat 1: Bubman78 ($299.46 in chips)
Seat 2: BuzovaPro ($72 in chips)
BuzovaPro: posts small blind $1
Bubman78: posts big blind $3
*** HOLE CARDS ***
BuzovaPro: raises $3 to $6
Bubman78: calls $3
*** FLOP *** [Kc 2h 6d]
Bubman78: checks
BuzovaPro: checks
*** TURN *** [Kc 2h 6d] [7d]
Bubman78: bets $6
BuzovaPro: calls $6
*** RIVER *** [Kc 2h 6d 7d] [2c]
Bubman78: bets $6
BuzovaPro: calls $6
*** SHOW DOWN ***
Bubman78: shows [7h 4d] (two pair, Sevens and Deuces)
BuzovaPro: shows [7c Ad] (two pair, Sevens and Deuces - Ace kicker)
BuzovaPro collected $35.50 from pot
*** SUMMARY ***
Total pot $36 | Rake $0.50
Board [Kc 2h 6d 7d 2c]
Seat 1: Bubman78 (big blind) showed [7h 4d] and lost with two pair, Sevens and Deuces
Seat 2: BuzovaPro (button) (small blind) showed [7c Ad] and won ($35.50) with two pair, Sevens and Deuces


PokerStars Hand #154356433997:  Hold'em Limit ($3/$6 USD) - 2016/06/06 0:08:57 ET
Table 'Saiph' 6-max Seat #2 is the button
Seat 1: Bubman78 ($278.96 in chips)
Seat 2: BuzovaPro ($78.76 in chips)
BuzovaPro: posts small blind $1
Bubman78: posts big blind $3
*** HOLE CARDS ***
BuzovaPro: raises $3 to $6
Bubman78: raises $3 to $9
BuzovaPro: calls $3
*** FLOP *** [5h 4s Jh]
Bubman78: bets $3
BuzovaPro: calls $3
*** TURN *** [5h 4s Jh] [7d]
Bubman78: bets $6
BuzovaPro: calls $6
*** RIVER *** [5h 4s Jh 7d] [4d]
Bubman78: checks
BuzovaPro: checks
*** SHOW DOWN ***
Bubman78: shows [Ks Ad] (a pair of Fours)
BuzovaPro: mucks hand
Bubman78 collected $35.50 from pot
*** SUMMARY ***
Total pot $36 | Rake $0.50
Board [5h 4s Jh 7d 4d]
Seat 1: Bubman78 (big blind) showed [Ks Ad] and won ($35.50) with a pair of Fours
Seat 2: BuzovaPro (button) (small blind) mucked


PokerStars Hand #154356439770:  Hold'em Limit ($3/$6 USD) - 2016/06/06 0:09:21 ET
Table 'Saiph' 6-max Seat #1 is the button
Seat 1: Bubman78 ($296.46 in chips)
Seat 2: BuzovaPro ($72 in chips)
Bubman78: posts small blind $1
BuzovaPro: posts big blind $3
*** HOLE CARDS ***
Bubman78: raises $3 to $6
BuzovaPro: folds
Uncalled bet ($3) returned to Bubman78
Bubman78 collected $6 from pot
Bubman78: doesn't show hand
*** SUMMARY ***
Total pot $6 | Rake $0
Seat 1: Bubman78 (button) (small blind) collected ($6)
Seat 2: BuzovaPro (big blind) folded before Flop


PokerStars Hand #154356445566:  Hold'em Limit ($3/$6 USD) - 2016/06/06 0:09:45 ET
Table 'Saiph' 6-max Seat #1 is the button
Seat 1: Bubman78 ($281.46 in chips)
Seat 2: BuzovaPro ($89.50 in chips)
Bubman78: posts small blind $1
BuzovaPro: posts big blind $3
*** HOLE CARDS ***
Bubman78: raises $3 to $6
BuzovaPro: calls $3
*** FLOP *** [Kc 4h As]
BuzovaPro: checks
Bubman78: bets $3
BuzovaPro: folds
Uncalled bet ($3) returned to Bubman78
Bubman78 collected $11.76 from pot
*** SUMMARY ***
Total pot $12 | Rake $0.24
Board [Kc 4h As]
Seat 1: Bubman78 (button) (small blind) collected ($11.76)
Seat 2: BuzovaPro (big blind) folded on the Flop


PokerStars Hand #154356455189:  Hold'em Limit ($3/$6 USD) - 2016/06/06 0:10:25 ET
Table 'Saiph' 6-max Seat #2 is the button
Seat 1: Bubman78 ($272.22 in chips)
Seat 2: BuzovaPro ($98 in chips)
BuzovaPro: posts small blind $1
Bubman78: posts big blind $3
*** HOLE CARDS ***
BuzovaPro: raises $3 to $6
Bubman78: calls $3
*** FLOP *** [8d 4d 4s]
Bubman78: checks
BuzovaPro: bets $3
Bubman78: raises $3 to $6
BuzovaPro: calls $3
*** TURN *** [8d 4d 4s] [7c]
Bubman78: bets $6
BuzovaPro: calls $6
*** RIVER *** [8d 4d 4s 7c] [Kh]
Bubman78: bets $6
BuzovaPro: calls $6
*** SHOW DOWN ***
Bubman78: shows [8c 5d] (two pair, Eights and Fours)
BuzovaPro: mucks hand
Bubman78 collected $47.50 from pot
*** SUMMARY ***
Total pot $48 | Rake $0.50
Board [8d 4d 4s 7c Kh]
Seat 1: Bubman78 (big blind) showed [8c 5d] and won ($47.50) with two pair, Eights and Fours
Seat 2: BuzovaPro (button) (small blind) mucked


PokerStars Hand #154356462917:  Hold'em Limit ($3/$6 USD) - 2016/06/06 0:10:57 ET
Table 'Saiph' 6-max Seat #2 is the button
Seat 1: Bubman78 ($298.72 in chips)
Seat 2: BuzovaPro ($72 in chips)
BuzovaPro: posts small blind $1
Bubman78: posts big blind $3
*** HOLE CARDS ***
BuzovaPro: folds
Uncalled bet ($2) returned to Bubman78
Bubman78 collected $2 from pot
Bubman78: doesn't show hand
*** SUMMARY ***
Total pot $2 | Rake $0
Seat 1: Bubman78 (big blind) collected ($2)
Seat 2: BuzovaPro (button) (small blind) folded before Flop


PokerStars Hand #154356460934:  Hold'em Limit ($3/$6 USD) - 2016/06/06 0:10:49 ET
Table 'Saiph' 6-max Seat #1 is the button
Seat 1: Bubman78 ($295.72 in chips)
Seat 2: BuzovaPro ($74 in chips)
Bubman78: posts small blind $1
BuzovaPro: posts big blind $3
*** HOLE CARDS ***
Bubman78: raises $3 to $6
BuzovaPro: folds
Uncalled bet ($3) returned to Bubman78
Bubman78 collected $6 from pot
Bubman78: doesn't show hand
*** SUMMARY ***
Total pot $6 | Rake $0
Seat 1: Bubman78 (button) (small blind) collected ($6)
Seat 2: BuzovaPro (big blind) folded before Flop


PokerStars Hand #154356453768:  Hold'em Limit ($3/$6 USD) - 2016/06/06 0:10:19 ET
Table 'Saiph' 6-max Seat #1 is the button
Seat 1: Bubman78 ($269.22 in chips)
Seat 2: BuzovaPro ($101 in chips)
Bubman78: posts small blind $1
BuzovaPro: posts big blind $3
*** HOLE CARDS ***
Bubman78: raises $3 to $6
BuzovaPro: folds
Uncalled bet ($3) returned to Bubman78
Bubman78 collected $6 from pot
Bubman78: doesn't show hand
*** SUMMARY ***
Total pot $6 | Rake $0
Seat 1: Bubman78 (button) (small blind) collected ($6)
Seat 2: BuzovaPro (big blind) folded before Flop


PokerStars Hand #154356449084:  Hold'em Limit ($3/$6 USD) - 2016/06/06 0:09:59 ET
Table 'Saiph' 6-max Seat #2 is the button
Seat 1: Bubman78 ($287.22 in chips)
Seat 2: BuzovaPro ($83.50 in chips)
BuzovaPro: posts small blind $1
Bubman78: posts big blind $3
*** HOLE CARDS ***
BuzovaPro: raises $3 to $6
Bubman78: calls $3
*** FLOP *** [2s Jh 5c]
Bubman78: checks
BuzovaPro: checks
*** TURN *** [2s Jh 5c] [6d]
Bubman78: bets $6
BuzovaPro: calls $6
*** RIVER *** [2s Jh 5c 6d] [Qh]
Bubman78: checks
BuzovaPro: bets $6
Bubman78: calls $6
*** SHOW DOWN ***
BuzovaPro: shows [Ts 6c] (a pair of Sixes)
Bubman78: mucks hand
BuzovaPro collected $35.50 from pot
*** SUMMARY ***
Total pot $36 | Rake $0.50
Board [2s Jh 5c 6d Qh]
Seat 1: Bubman78 (big blind) mucked
Seat 2: BuzovaPro (button) (small blind) showed [Ts 6c] and won ($35.50) with a pair of Sixes


PokerStars Hand #154356474140:  Hold'em Limit ($3/$6 USD) - 2016/06/06 0:11:44 ET
Table 'Saiph' 6-max Seat #2 is the button
Seat 1: Bubman78 ($308.24 in chips)
Seat 2: BuzovaPro ($77.76 in chips)
BuzovaPro: posts small blind $1
Bubman78: posts big blind $3
*** HOLE CARDS ***
BuzovaPro: raises $3 to $6
Bubman78: calls $3
*** FLOP *** [Tc Ah 3c]
Bubman78: checks
BuzovaPro: bets $3
Bubman78: folds
Uncalled bet ($3) returned to BuzovaPro
BuzovaPro collected $11.76 from pot
BuzovaPro: doesn't show hand
*** SUMMARY ***
Total pot $12 | Rake $0.24
Board [Tc Ah 3c]
Seat 1: Bubman78 (big blind) folded on the Flop
Seat 2: BuzovaPro (button) (small blind) collected ($11.76)


PokerStars Hand #154356470425:  Hold'em Limit ($3/$6 USD) - 2016/06/06 0:11:28 ET
Table 'Saiph' 6-max Seat #1 is the button
Seat 1: Bubman78 ($314.24 in chips)
Seat 2: BuzovaPro ($72 in chips)
Bubman78: posts small blind $1
BuzovaPro: posts big blind $3
*** HOLE CARDS ***
Bubman78: raises $3 to $6
BuzovaPro: calls $3
*** FLOP *** [7d Jh 5d]
BuzovaPro: checks
Bubman78: checks
*** TURN *** [7d Jh 5d] [Jc]
BuzovaPro: bets $6
Bubman78: folds
Uncalled bet ($6) returned to BuzovaPro
BuzovaPro collected $11.76 from pot
BuzovaPro: doesn't show hand
*** SUMMARY ***
Total pot $12 | Rake $0.24
Board [7d Jh 5d Jc]
Seat 1: Bubman78 (button) (small blind) folded on the Turn
Seat 2: BuzovaPro (big blind) collected ($11.76)


PokerStars Hand #154356465786:  Hold'em Limit ($3/$6 USD) - 2016/06/06 0:11:09 ET
Table 'Saiph' 6-max Seat #2 is the button
Seat 1: Bubman78 ($302.72 in chips)
Seat 2: BuzovaPro ($72 in chips)
BuzovaPro: posts small blind $1
Bubman78: posts big blind $3
*** HOLE CARDS ***
BuzovaPro: raises $3 to $6
Bubman78: calls $3
*** FLOP *** [8s 2h 7h]
Bubman78: checks
BuzovaPro: checks
*** TURN *** [8s 2h 7h] [4s]
Bubman78: bets $6
BuzovaPro: calls $6
*** RIVER *** [8s 2h 7h 4s] [Qh]
Bubman78: bets $6
BuzovaPro: folds
Uncalled bet ($6) returned to Bubman78
Bubman78 collected $23.52 from pot
Bubman78: doesn't show hand
*** SUMMARY ***
Total pot $24 | Rake $0.48
Board [8s 2h 7h 4s Qh]
Seat 1: Bubman78 (big blind) collected ($23.52)
Seat 2: BuzovaPro (button) (small blind) folded on the River


PokerStars Hand #154356464230:  Hold'em Limit ($3/$6 USD) - 2016/06/06 0:11:03 ET
Table 'Saiph' 6-max Seat #1 is the button
Seat 1: Bubman78 ($299.72 in chips)
Seat 2: BuzovaPro ($72 in chips)
Bubman78: posts small blind $1
BuzovaPro: posts big blind $3
*** HOLE CARDS ***
Bubman78: raises $3 to $6
BuzovaPro: folds
Uncalled bet ($3) returned to Bubman78
Bubman78 collected $6 from pot
Bubman78: doesn't show hand
*** SUMMARY ***
Total pot $6 | Rake $0
Seat 1: Bubman78 (button) (small blind) collected ($6)
Seat 2: BuzovaPro (big blind) folded before Flop


PokerStars Hand #154356491142:  Hold'em Limit ($3/$6 USD) - 2016/06/06 0:12:55 ET
Table 'Saiph' 6-max Seat #2 is the button
Seat 1: Bubman78 ($304.52 in chips)
Seat 2: BuzovaPro ($80.02 in chips)
BuzovaPro: posts small blind $1
Bubman78: posts big blind $3
*** HOLE CARDS ***
BuzovaPro: folds
Uncalled bet ($2) returned to Bubman78
Bubman78 collected $2 from pot
Bubman78: doesn't show hand
*** SUMMARY ***
Total pot $2 | Rake $0
Seat 1: Bubman78 (big blind) collected ($2)
Seat 2: BuzovaPro (button) (small blind) folded before Flop


PokerStars Hand #154356486730:  Hold'em Limit ($3/$6 USD) - 2016/06/06 0:12:37 ET
Table 'Saiph' 6-max Seat #1 is the button
Seat 1: Bubman78 ($295.88 in chips)
Seat 2: BuzovaPro ($89.02 in chips)
Bubman78: posts small blind $1
BuzovaPro: posts big blind $3
*** HOLE CARDS ***
Bubman78: raises $3 to $6
BuzovaPro: calls $3
*** FLOP *** [9c 7s 8s]
BuzovaPro: checks
Bubman78: bets $3
BuzovaPro: calls $3
*** TURN *** [9c 7s 8s] [4d]
BuzovaPro: checks
Bubman78: bets $6
BuzovaPro: folds
Uncalled bet ($6) returned to Bubman78
Bubman78 collected $17.64 from pot
Bubman78: doesn't show hand
*** SUMMARY ***
Total pot $18 | Rake $0.36
Board [9c 7s 8s 4d]
Seat 1: Bubman78 (button) (small blind) collected ($17.64)
Seat 2: BuzovaPro (big blind) folded on the Turn


PokerStars Hand #154356482431:  Hold'em Limit ($3/$6 USD) - 2016/06/06 0:12:19 ET
Table 'Saiph' 6-max Seat #2 is the button
Seat 1: Bubman78 ($287.24 in chips)
Seat 2: BuzovaPro ($98.02 in chips)
BuzovaPro: posts small blind $1
Bubman78: posts big blind $3
*** HOLE CARDS ***
BuzovaPro: raises $3 to $6
Bubman78: raises $3 to $9
BuzovaPro: calls $3
*** FLOP *** [4s Jc 9s]
Bubman78: bets $3
BuzovaPro: folds
Uncalled bet ($3) returned to Bubman78
Bubman78 collected $17.64 from pot
Bubman78: doesn't show hand
*** SUMMARY ***
Total pot $18 | Rake $0.36
Board [4s Jc 9s]
Seat 1: Bubman78 (big blind) collected ($17.64)
Seat 2: BuzovaPro (button) (small blind) folded on the Flop


PokerStars Hand #154356477253:  Hold'em Limit ($3/$6 USD) - 2016/06/06 0:11:56 ET
Table 'Saiph' 6-max Seat #1 is the button
Seat 1: Bubman78 ($302.24 in chips)
Seat 2: BuzovaPro ($83.52 in chips)
Bubman78: posts small blind $1
BuzovaPro: posts big blind $3
*** HOLE CARDS ***
Bubman78: raises $3 to $6
BuzovaPro: calls $3
*** FLOP *** [As 7h 2d]
BuzovaPro: checks
Bubman78: bets $3
BuzovaPro: calls $3
*** TURN *** [As 7h 2d] [Js]
BuzovaPro: checks
Bubman78: checks
*** RIVER *** [As 7h 2d Js] [Kh]
BuzovaPro: bets $6
Bubman78: calls $6
*** SHOW DOWN ***
BuzovaPro: shows [3h Kd] (a pair of Kings)
Bubman78: mucks hand
BuzovaPro collected $29.50 from pot
*** SUMMARY ***
Total pot $30 | Rake $0.50
Board [As 7h 2d Js Kh]
Seat 1: Bubman78 (button) (small blind) mucked
Seat 2: BuzovaPro (big blind) showed [3h Kd] and won ($29.50) with a pair of Kings


PokerStars Hand #154356496759:  Hold'em Limit ($3/$6 USD) - 2016/06/06 0:13:19 ET
Table 'Saiph' 6-max Seat #2 is the button
Seat 1: Bubman78 ($293.52 in chips)
Seat 2: BuzovaPro ($90.54 in chips)
BuzovaPro: posts small blind $1
Bubman78: posts big blind $3
*** HOLE CARDS ***
BuzovaPro: raises $3 to $6
Bubman78: calls $3
*** FLOP *** [8c Js Qs]
Bubman78: checks
BuzovaPro: checks
*** TURN *** [8c Js Qs] [Ah]
Bubman78: checks
BuzovaPro: bets $6
Bubman78: raises $6 to $12
BuzovaPro: calls $6
*** RIVER *** [8c Js Qs Ah] [3h]
Bubman78: bets $6
BuzovaPro: calls $6
*** SHOW DOWN ***
Bubman78: shows [Jh 8d] (two pair, Jacks and Eights)
BuzovaPro: mucks hand
Bubman78 collected $47.50 from pot
*** SUMMARY ***
Total pot $48 | Rake $0.50
Board [8c Js Qs Ah 3h]
Seat 1: Bubman78 (big blind) showed [Jh 8d] and won ($47.50) with two pair, Jacks and Eights
Seat 2: BuzovaPro (button) (small blind) mucked


PokerStars Hand #154356492453:  Hold'em Limit ($3/$6 USD) - 2016/06/06 0:13:01 ET
Table 'Saiph' 6-max Seat #1 is the button
Seat 1: Bubman78 ($305.52 in chips)
Seat 2: BuzovaPro ($79.02 in chips)
Bubman78: posts small blind $1
BuzovaPro: posts big blind $3
*** HOLE CARDS ***
Bubman78: raises $3 to $6
BuzovaPro: raises $3 to $9
Bubman78: calls $3
*** FLOP *** [3c 4h 2d]
BuzovaPro: bets $3
Bubman78: calls $3
*** TURN *** [3c 4h 2d] [6h]
BuzovaPro: checks
Bubman78: checks
*** RIVER *** [3c 4h 2d 6h] [6d]
BuzovaPro: bets $6
Bubman78: folds
Uncalled bet ($6) returned to BuzovaPro
BuzovaPro collected $23.52 from pot
BuzovaPro: doesn't show hand
*** SUMMARY ***
Total pot $24 | Rake $0.48
Board [3c 4h 2d 6h 6d]
Seat 1: Bubman78 (button) (small blind) folded on the River
Seat 2: BuzovaPro (big blind) collected ($23.52)


PokerStars Hand #154356501066:  Hold'em Limit ($3/$6 USD) - 2016/06/06 0:13:37 ET
Table 'Saiph' 6-max Seat #1 is the button
Seat 1: Bubman78 ($317.02 in chips)
Seat 2: BuzovaPro ($72 in chips)
Bubman78: posts small blind $1
BuzovaPro: posts big blind $3
*** HOLE CARDS ***
Bubman78: raises $3 to $6
BuzovaPro: raises $3 to $9
Bubman78: calls $3
*** FLOP *** [As 8d 7h]
BuzovaPro: bets $3
Bubman78: folds
Uncalled bet ($3) returned to BuzovaPro
BuzovaPro collected $17.64 from pot
BuzovaPro: doesn't show hand
*** SUMMARY ***
Total pot $18 | Rake $0.36
Board [As 8d 7h]
Seat 1: Bubman78 (button) (small blind) folded on the Flop
Seat 2: BuzovaPro (big blind) collected ($17.64)


