PokerStars Hand #168202147146:  Hold'em Limit ($3/$6 USD) - 2017/03/27 16:38:02 ET
Table 'Saito' 6-max Seat #1 is the button
Seat 1: Chessnok ($120 in chips)
Seat 3: jarizar ($52 in chips)
Chessnok: posts small blind $1
jarizar: posts big blind $3
*** HOLE CARDS ***
Chessnok: folds
Uncalled bet ($2) returned to jarizar
jarizar collected $2 from pot
jarizar: doesn't show hand
*** SUMMARY ***
Total pot $2 | Rake $0
Seat 1: Chessnok (button) (small blind) folded before Flop
Seat 3: jarizar (big blind) collected ($2)


PokerStars Hand #168202153746:  Hold'em Limit ($3/$6 USD) - 2017/03/27 16:38:09 ET
Table 'Saito' 6-max Seat #3 is the button
Seat 1: Chessnok ($119 in chips)
Seat 3: jarizar ($53 in chips)
jarizar: posts small blind $1
Chessnok: posts big blind $3
*** HOLE CARDS ***
jarizar: calls $2
Chessnok: raises $3 to $6
jarizar: calls $3
*** FLOP *** [Ks Qh 6s]
Chessnok: bets $3
jarizar: calls $3
*** TURN *** [Ks Qh 6s] [Th]
Chessnok: checks
jarizar: checks
*** RIVER *** [Ks Qh 6s Th] [Kh]
Chessnok: bets $6
jarizar: raises $6 to $12
Chessnok: calls $6
*** SHOW DOWN ***
jarizar: shows [7s Js] (a pair of Kings)
Chessnok: shows [3c Tc] (two pair, Kings and Tens)
Chessnok collected $41.50 from pot
*** SUMMARY ***
Total pot $42 | Rake $0.50
Board [Ks Qh 6s Th Kh]
Seat 1: Chessnok (big blind) showed [3c Tc] and won ($41.50) with two pair, Kings and Tens
Seat 3: jarizar (button) (small blind) showed [7s Js] and lost with a pair of Kings


PokerStars Hand #168202169163:  Hold'em Limit ($3/$6 USD) - 2017/03/27 16:38:25 ET
Table 'Saito' 6-max Seat #1 is the button
Seat 1: Chessnok ($139.50 in chips)
Seat 3: jarizar ($32 in chips)
Chessnok: posts small blind $1
jarizar: posts big blind $3
*** HOLE CARDS ***
Chessnok: raises $3 to $6
jarizar: calls $3
*** FLOP *** [Jc 7c 7d]
jarizar: checks
MATEKATA2 joins the table at seat #6
Chessnok: bets $3
jarizar: calls $3
*** TURN *** [Jc 7c 7d] [8s]
jarizar: checks
Chessnok: bets $6
jarizar: calls $6
*** RIVER *** [Jc 7c 7d 8s] [Js]
jarizar: bets $6
Chessnok: calls $6
*** SHOW DOWN ***
jarizar: shows [Ac 6h] (two pair, Jacks and Sevens)
Chessnok: shows [Ah Qh] (two pair, Jacks and Sevens)
jarizar collected $20.75 from pot
Chessnok collected $20.75 from pot
*** SUMMARY ***
Total pot $42 | Rake $0.50
Board [Jc 7c 7d 8s Js]
Seat 1: Chessnok (button) (small blind) showed [Ah Qh] and won ($20.75) with two pair, Jacks and Sevens
Seat 3: jarizar (big blind) showed [Ac 6h] and won ($20.75) with two pair, Jacks and Sevens


PokerStars Hand #168202378926:  Hold'em Limit ($3/$6 USD) - 2017/03/27 16:42:07 ET
Table 'Saito' 6-max Seat #6 is the button
Seat 1: Chessnok ($134 in chips)
Seat 6: MATEKATA2 ($275 in chips)
MATEKATA2: posts small blind $1
Chessnok: posts big blind $3
*** HOLE CARDS ***
MATEKATA2: folds
Uncalled bet ($2) returned to Chessnok
Chessnok collected $2 from pot
Chessnok: doesn't show hand
*** SUMMARY ***
Total pot $2 | Rake $0
Seat 1: Chessnok (big blind) collected ($2)
Seat 6: MATEKATA2 (button) (small blind) folded before Flop


PokerStars Hand #168202354673:  Hold'em Limit ($3/$6 USD) - 2017/03/27 16:41:41 ET
Table 'Saito' 6-max Seat #1 is the button
Seat 1: Chessnok ($95.50 in chips)
Seat 6: MATEKATA2 ($314 in chips)
Chessnok: posts small blind $1
vestimokrec: is sitting out
MATEKATA2: posts big blind $3
*** HOLE CARDS ***
Chessnok: raises $3 to $6
MATEKATA2: calls $3
*** FLOP *** [9d Qs As]
MATEKATA2: checks
Chessnok: bets $3
MATEKATA2: calls $3
*** TURN *** [9d Qs As] [Kh]
MATEKATA2: checks
Chessnok: bets $6
vestimokrec leaves the table
MATEKATA2: raises $6 to $12
Chessnok: raises $6 to $18
MATEKATA2: raises $6 to $24
Betting is capped
Chessnok: calls $6
*** RIVER *** [9d Qs As Kh] [3c]
MATEKATA2: checks
Chessnok: bets $6
MATEKATA2: calls $6
*** SHOW DOWN ***
Chessnok: shows [9s Ac] (two pair, Aces and Nines)
MATEKATA2: mucks hand
Chessnok collected $77.50 from pot
*** SUMMARY ***
Total pot $78 | Rake $0.50
Board [9d Qs As Kh 3c]
Seat 1: Chessnok (button) (small blind) showed [9s Ac] and won ($77.50) with two pair, Aces and Nines
Seat 6: MATEKATA2 (big blind) mucked


PokerStars Hand #168202384411:  Hold'em Limit ($3/$6 USD) - 2017/03/27 16:42:12 ET
Table 'Saito' 6-max Seat #1 is the button
Seat 1: Chessnok ($135 in chips)
Seat 6: MATEKATA2 ($274 in chips)
Chessnok: posts small blind $1
MATEKATA2: posts big blind $3
*** HOLE CARDS ***
Chessnok: raises $3 to $6
MATEKATA2: calls $3
*** FLOP *** [2h Ts 3h]
MATEKATA2: checks
Chessnok: bets $3
MATEKATA2: calls $3
*** TURN *** [2h Ts 3h] [5h]
MATEKATA2: checks
Chessnok: bets $6
MATEKATA2: folds
Uncalled bet ($6) returned to Chessnok
Chessnok collected $17.64 from pot
Chessnok: doesn't show hand
*** SUMMARY ***
Total pot $18 | Rake $0.36
Board [2h Ts 3h 5h]
Seat 1: Chessnok (button) (small blind) collected ($17.64)
Seat 6: MATEKATA2 (big blind) folded on the Turn


PokerStars Hand #168207027194:  Hold'em Limit ($3/$6 USD) - 2017/03/27 18:12:11 ET
Table 'Saito' 6-max Seat #1 is the button
Seat 1: B_loJkl ($150 in chips)
Seat 6: Auge72 ($120 in chips)
B_loJkl: posts small blind $1
GoliafUa: is sitting out
Auge72: posts big blind $3
*** HOLE CARDS ***
B_loJkl: folds
Uncalled bet ($2) returned to Auge72
Auge72 collected $2 from pot
*** SUMMARY ***
Total pot $2 | Rake $0
Seat 1: B_loJkl (button) (small blind) folded before Flop
Seat 6: Auge72 (big blind) collected ($2)


PokerStars Hand #168208365612:  Hold'em Limit ($3/$6 USD) - 2017/03/27 18:41:28 ET
Table 'Saito' 6-max Seat #4 is the button
Seat 4: Jannuh ($89 in chips)
Seat 6: 7ardis ($194.73 in chips)
TheEdged joins the table at seat #1
Jannuh: posts small blind $1
love_mmm: is sitting out
love_mmm leaves the table
7ardis: posts big blind $3
*** HOLE CARDS ***
Jannuh: raises $3 to $6
7ardis: calls $3
*** FLOP *** [6s Ks 6h]
masterblstr8 leaves the table
7ardis: checks
Jannuh: bets $3
7ardis: folds
Uncalled bet ($3) returned to Jannuh
Jannuh collected $11.76 from pot
Jannuh: doesn't show hand
*** SUMMARY ***
Total pot $12 | Rake $0.24
Board [6s Ks 6h]
Seat 4: Jannuh (button) (small blind) collected ($11.76)
Seat 6: 7ardis (big blind) folded on the Flop


PokerStars Hand #168208407334:  Hold'em Limit ($3/$6 USD) - 2017/03/27 18:42:26 ET
Table 'Saito' 6-max Seat #1 is the button
Seat 1: TheEdged ($418.04 in chips)
Seat 4: Jannuh ($77.76 in chips)
TheEdged: posts small blind $1
Jannuh: posts big blind $3
*** HOLE CARDS ***
Vasjinn joins the table at seat #6
TheEdged: folds
Uncalled bet ($2) returned to Jannuh
Jannuh collected $2 from pot
Jannuh: doesn't show hand
*** SUMMARY ***
Total pot $2 | Rake $0
Seat 1: TheEdged (button) (small blind) folded before Flop
Seat 4: Jannuh (big blind) collected ($2)


PokerStars Hand #168208385246:  Hold'em Limit ($3/$6 USD) - 2017/03/27 18:41:55 ET
Table 'Saito' 6-max Seat #4 is the button
Seat 1: TheEdged ($400.54 in chips)
Seat 4: Jannuh ($95.76 in chips)
Jannuh: posts small blind $1
7ardis: is sitting out
TheEdged: posts big blind $3
*** HOLE CARDS ***
Jannuh: raises $3 to $6
7ardis leaves the table
TheEdged: calls $3
*** FLOP *** [Td 4h Ts]
TheEdged: checks
Jannuh: checks
*** TURN *** [Td 4h Ts] [Jh]
TheEdged: checks
Jannuh: bets $6
TheEdged: raises $6 to $12
Jannuh: calls $6
*** RIVER *** [Td 4h Ts Jh] [9c]
TheEdged: bets $6
Jannuh: folds
Uncalled bet ($6) returned to TheEdged
TheEdged collected $35.50 from pot
TheEdged: doesn't show hand
*** SUMMARY ***
Total pot $36 | Rake $0.50
Board [Td 4h Ts Jh 9c]
Seat 1: TheEdged (big blind) collected ($35.50)
Seat 4: Jannuh (button) (small blind) folded on the River


PokerStars Hand #168208403445:  Hold'em Limit ($3/$6 USD) - 2017/03/27 18:42:21 ET
Table 'Saito' 6-max Seat #4 is the button
Seat 1: TheEdged ($417.04 in chips)
Seat 4: Jannuh ($78.76 in chips)
Jannuh: posts small blind $1
TheEdged: posts big blind $3
*** HOLE CARDS ***
Jannuh: folds
Uncalled bet ($2) returned to TheEdged
TheEdged collected $2 from pot
TheEdged: doesn't show hand
*** SUMMARY ***
Total pot $2 | Rake $0
Seat 1: TheEdged (big blind) collected ($2)
Seat 4: Jannuh (button) (small blind) folded before Flop


PokerStars Hand #168208399476:  Hold'em Limit ($3/$6 USD) - 2017/03/27 18:42:15 ET
Table 'Saito' 6-max Seat #1 is the button
Seat 1: TheEdged ($418.04 in chips)
Seat 4: Jannuh ($77.76 in chips)
TheEdged: posts small blind $1
Jannuh: posts big blind $3
*** HOLE CARDS ***
TheEdged: folds
Uncalled bet ($2) returned to Jannuh
Jannuh collected $2 from pot
*** SUMMARY ***
Total pot $2 | Rake $0
Seat 1: TheEdged (button) (small blind) folded before Flop
Seat 4: Jannuh (big blind) collected ($2)


