PokerStars Hand #147892224457:  Hold'em Limit ($3/$6 USD) - 2016/01/29 15:15:41 ET
Table 'Saito III' 2-max Seat #2 is the button
Seat 1: Fibonachy ($28 in chips)
Seat 2: NIGHTyxa ($81 in chips)
NIGHTyxa: posts small blind $1
Fibonachy: posts big blind $3
*** HOLE CARDS ***
NIGHTyxa: raises $3 to $6
Fibonachy: calls $3
*** FLOP *** [7s 9h Js]
Fibonachy: checks
NIGHTyxa: bets $3
Fibonachy: calls $3
*** TURN *** [7s 9h Js] [2h]
Fibonachy: bets $6
NIGHTyxa: calls $6
*** RIVER *** [7s 9h Js 2h] [Qd]
Fibonachy: bets $6
NIGHTyxa: folds
Uncalled bet ($6) returned to Fibonachy
Fibonachy collected $29.50 from pot
Fibonachy: doesn't show hand
*** SUMMARY ***
Total pot $30 | Rake $0.50
Board [7s 9h Js 2h Qd]
Seat 1: Fibonachy (big blind) collected ($29.50)
Seat 2: NIGHTyxa (button) (small blind) folded on the River


PokerStars Hand #147892255816:  Hold'em Limit ($3/$6 USD) - 2016/01/29 15:16:11 ET
Table 'Saito III' 2-max Seat #2 is the button
Seat 1: Fibonachy ($30.50 in chips)
Seat 2: NIGHTyxa ($83.52 in chips)
NIGHTyxa: posts small blind $1
Fibonachy: posts big blind $3
*** HOLE CARDS ***
NIGHTyxa: raises $3 to $6
Fibonachy: folds
Uncalled bet ($3) returned to NIGHTyxa
NIGHTyxa collected $6 from pot
NIGHTyxa: doesn't show hand
*** SUMMARY ***
Total pot $6 | Rake $0
Seat 1: Fibonachy (big blind) folded before Flop
Seat 2: NIGHTyxa (button) (small blind) collected ($6)


PokerStars Hand #147892241522:  Hold'em Limit ($3/$6 USD) - 2016/01/29 15:15:58 ET
Table 'Saito III' 2-max Seat #1 is the button
Seat 1: Fibonachy ($42.50 in chips)
Seat 2: NIGHTyxa ($72 in chips)
Fibonachy: posts small blind $1
NIGHTyxa: posts big blind $3
*** HOLE CARDS ***
Fibonachy: raises $3 to $6
NIGHTyxa: calls $3
*** FLOP *** [9c Qs Js]
NIGHTyxa: checks
Fibonachy: checks
*** TURN *** [9c Qs Js] [4h]
NIGHTyxa: bets $6
Fibonachy: calls $6
*** RIVER *** [9c Qs Js 4h] [2h]
NIGHTyxa: bets $6
Fibonachy: folds
Uncalled bet ($6) returned to NIGHTyxa
NIGHTyxa collected $23.52 from pot
NIGHTyxa: doesn't show hand
*** SUMMARY ***
Total pot $24 | Rake $0.48
Board [9c Qs Js 4h 2h]
Seat 1: Fibonachy (button) (small blind) folded on the River
Seat 2: NIGHTyxa (big blind) collected ($23.52)


PokerStars Hand #147892261171:  Hold'em Limit ($3/$6 USD) - 2016/01/29 15:16:17 ET
Table 'Saito III' 2-max Seat #1 is the button
Seat 1: Fibonachy ($27.50 in chips)
Seat 2: NIGHTyxa ($86.52 in chips)
Fibonachy: posts small blind $1
NIGHTyxa: posts big blind $3
*** HOLE CARDS ***
Fibonachy: raises $3 to $6
NIGHTyxa: calls $3
*** FLOP *** [3d Qs 7s]
NIGHTyxa: checks
Fibonachy: checks
*** TURN *** [3d Qs 7s] [Ac]
NIGHTyxa: checks
Fibonachy: checks
*** RIVER *** [3d Qs 7s Ac] [5d]
NIGHTyxa: bets $6
Fibonachy: calls $6
*** SHOW DOWN ***
NIGHTyxa: shows [9d Qc] (a pair of Queens)
Fibonachy: mucks hand
NIGHTyxa collected $23.52 from pot
*** SUMMARY ***
Total pot $24 | Rake $0.48
Board [3d Qs 7s Ac 5d]
Seat 1: Fibonachy (button) (small blind) mucked
Seat 2: NIGHTyxa (big blind) showed [9d Qc] and won ($23.52) with a pair of Queens


PokerStars Hand #147892276780:  Hold'em Limit ($3/$6 USD) - 2016/01/29 15:16:32 ET
Table 'Saito III' 2-max Seat #2 is the button
Seat 1: Fibonachy ($15.50 in chips)
Seat 2: NIGHTyxa ($98.04 in chips)
NIGHTyxa: posts small blind $1
Fibonachy: posts big blind $3
*** HOLE CARDS ***
NIGHTyxa: raises $3 to $6
Fibonachy: raises $3 to $9
NIGHTyxa: calls $3
*** FLOP *** [Td 8c 5s]
Fibonachy: bets $3
NIGHTyxa: raises $3 to $6
Fibonachy: raises $0.50 to $6.50 and is all-in
NIGHTyxa: calls $0.50
*** TURN *** [Td 8c 5s] [Kc]
*** RIVER *** [Td 8c 5s Kc] [Qc]
*** SHOW DOWN ***
Fibonachy: shows [8h As] (a pair of Eights)
NIGHTyxa: shows [Qd Jd] (a pair of Queens)
NIGHTyxa collected $30.50 from pot
*** SUMMARY ***
Total pot $31 | Rake $0.50
Board [Td 8c 5s Kc Qc]
Seat 1: Fibonachy (big blind) showed [8h As] and lost with a pair of Eights
Seat 2: NIGHTyxa (button) (small blind) showed [Qd Jd] and won ($30.50) with a pair of Queens


