PokerStars Hand #174901808511:  Hold'em Limit ($3/$6 USD) - 2017/08/28 12:02:37 ET
Table 'Saito' 6-max Seat #3 is the button
Seat 3: gpc2187 ($30 in chips)
Seat 4: TbIP-TbIP 88 ($72 in chips)
gpc2187: posts small blind $1
TbIP-TbIP 88: posts big blind $3
*** HOLE CARDS ***
gpc2187: raises $3 to $6
TbIP-TbIP 88: calls $3
*** FLOP *** [2s 6d 2h]
TbIP-TbIP 88: checks
gpc2187: checks
*** TURN *** [2s 6d 2h] [Ks]
TbIP-TbIP 88: checks
gpc2187: checks
*** RIVER *** [2s 6d 2h Ks] [5h]
Yonny7777 joins the table at seat #2
TbIP-TbIP 88: bets $6
gpc2187: calls $6
*** SHOW DOWN ***
TbIP-TbIP 88: shows [2c Ad] (three of a kind, Deuces)
gpc2187: mucks hand
TbIP-TbIP 88 collected $23.52 from pot
*** SUMMARY ***
Total pot $24 | Rake $0.48
Board [2s 6d 2h Ks 5h]
Seat 3: gpc2187 (button) (small blind) mucked
Seat 4: TbIP-TbIP 88 (big blind) showed [2c Ad] and won ($23.52) with three of a kind, Deuces


PokerStars Hand #174902675029:  Hold'em Limit ($3/$6 USD) - 2017/08/28 12:25:55 ET
Table 'Saito' 6-max Seat #5 is the button
Seat 3: Novartis80 ($41.26 in chips)
Seat 5: Psynto ($98.64 in chips)
Psynto: posts small blind $1
Kasperla: is sitting out
Novartis80: posts big blind $3
*** HOLE CARDS ***
Psynto: raises $3 to $6
Novartis80: calls $3
*** FLOP *** [2c 7h 3c]
Novartis80: checks
Psynto: bets $3
Novartis80: folds
Uncalled bet ($3) returned to Psynto
Psynto collected $11.76 from pot
Psynto: doesn't show hand
*** SUMMARY ***
Total pot $12 | Rake $0.24
Board [2c 7h 3c]
Seat 3: Novartis80 (big blind) folded on the Flop
Seat 5: Psynto (button) (small blind) collected ($11.76)


PokerStars Hand #174902690338:  Hold'em Limit ($3/$6 USD) - 2017/08/28 12:26:19 ET
Table 'Saito' 6-max Seat #5 is the button
Seat 3: Novartis80 ($41.02 in chips)
Seat 5: Psynto ($98.40 in chips)
Psynto: posts small blind $1
Novartis80: posts big blind $3
*** HOLE CARDS ***
Psynto: raises $3 to $6
Novartis80: folds
Uncalled bet ($3) returned to Psynto
Psynto collected $6 from pot
Psynto: doesn't show hand
*** SUMMARY ***
Total pot $6 | Rake $0
Seat 3: Novartis80 (big blind) folded before Flop
Seat 5: Psynto (button) (small blind) collected ($6)


PokerStars Hand #174902682031:  Hold'em Limit ($3/$6 USD) - 2017/08/28 12:26:06 ET
Table 'Saito' 6-max Seat #3 is the button
Seat 3: Novartis80 ($35.26 in chips)
Seat 5: Psynto ($104.40 in chips)
Novartis80: posts small blind $1
Psynto: posts big blind $3
*** HOLE CARDS ***
Novartis80: raises $3 to $6
Psynto: calls $3
*** FLOP *** [Qc 8d 5s]
Psynto: checks
Novartis80: bets $3
Psynto: folds
Uncalled bet ($3) returned to Novartis80
Novartis80 collected $11.76 from pot
Novartis80: doesn't show hand
*** SUMMARY ***
Total pot $12 | Rake $0.24
Board [Qc 8d 5s]
Seat 3: Novartis80 (button) (small blind) collected ($11.76)
Seat 5: Psynto (big blind) folded on the Flop


PokerStars Hand #174902693419:  Hold'em Limit ($3/$6 USD) - 2017/08/28 12:26:24 ET
Table 'Saito' 6-max Seat #3 is the button
Seat 3: Novartis80 ($38.02 in chips)
Seat 5: Psynto ($101.40 in chips)
Novartis80: posts small blind $1
Psynto: posts big blind $3
*** HOLE CARDS ***
Novartis80: folds
Uncalled bet ($2) returned to Psynto
Psynto collected $2 from pot
Psynto: doesn't show hand
*** SUMMARY ***
Total pot $2 | Rake $0
Seat 3: Novartis80 (button) (small blind) folded before Flop
Seat 5: Psynto (big blind) collected ($2)


PokerStars Hand #174903047932:  Hold'em Limit ($3/$6 USD) - 2017/08/28 12:35:28 ET
Table 'Saito' 6-max Seat #3 is the button
Seat 3: flipflop0890 ($155.02 in chips)
Seat 5: GoliafUa ($120 in chips)
flipflop0890: posts small blind $1
GoliafUa: posts big blind $3
*** HOLE CARDS ***
flipflop0890: calls $2
GoliafUa: checks
*** FLOP *** [4h 2s Jh]
GoliafUa: checks
flipflop0890: bets $3
GoliafUa: folds
Uncalled bet ($3) returned to flipflop0890
flipflop0890 collected $5.88 from pot
*** SUMMARY ***
Total pot $6 | Rake $0.12
Board [4h 2s Jh]
Seat 3: flipflop0890 (button) (small blind) collected ($5.88)
Seat 5: GoliafUa (big blind) folded on the Flop


PokerStars Hand #174903054315:  Hold'em Limit ($3/$6 USD) - 2017/08/28 12:35:37 ET
Table 'Saito' 6-max Seat #5 is the button
Seat 3: flipflop0890 ($157.90 in chips)
Seat 5: GoliafUa ($120 in chips)
GoliafUa: posts small blind $1
flipflop0890: posts big blind $3
*** HOLE CARDS ***
GoliafUa: raises $3 to $6
ss_barber_ss joins the table at seat #4
flipflop0890: calls $3
*** FLOP *** [Jc 8h 6c]
flipflop0890: checks
GoliafUa: bets $3
flipflop0890: calls $3
*** TURN *** [Jc 8h 6c] [Ad]
flipflop0890: checks
GoliafUa: checks
*** RIVER *** [Jc 8h 6c Ad] [6s]
flipflop0890: bets $6
GoliafUa: calls $6
*** SHOW DOWN ***
flipflop0890: shows [9d 5c] (a pair of Sixes)
GoliafUa: shows [Qh Kc] (a pair of Sixes - Ace+King kicker)
GoliafUa collected $29.50 from pot
*** SUMMARY ***
Total pot $30 | Rake $0.50
Board [Jc 8h 6c Ad 6s]
Seat 3: flipflop0890 (big blind) showed [9d 5c] and lost with a pair of Sixes
Seat 5: GoliafUa (button) (small blind) showed [Qh Kc] and won ($29.50) with a pair of Sixes


PokerStars Hand #174903033019:  Hold'em Limit ($3/$6 USD) - 2017/08/28 12:35:06 ET
Table 'Saito' 6-max Seat #3 is the button
Seat 3: flipflop0890 ($131.52 in chips)
Seat 5: GoliafUa ($120 in chips)
flipflop0890: posts small blind $1
GoliafUa: posts big blind $3
*** HOLE CARDS ***
flipflop0890: raises $3 to $6
GoliafUa: folds
Uncalled bet ($3) returned to flipflop0890
flipflop0890 collected $6 from pot
*** SUMMARY ***
Total pot $6 | Rake $0
Seat 3: flipflop0890 (button) (small blind) collected ($6)
Seat 5: GoliafUa (big blind) folded before Flop


PokerStars Hand #174903006223:  Hold'em Limit ($3/$6 USD) - 2017/08/28 12:34:37 ET
Table 'Saito' 6-max Seat #5 is the button
Seat 3: flipflop0890 ($120 in chips)
Seat 5: GoliafUa ($120 in chips)
GoliafUa: posts small blind $1
flipflop0890: posts big blind $3
*** HOLE CARDS ***
GoliafUa: raises $3 to $6
flipflop0890: raises $3 to $9
GoliafUa: calls $3
*** FLOP *** [7c 5h 6h]
flipflop0890: bets $3
GoliafUa: calls $3
*** TURN *** [7c 5h 6h] [2d]
flipflop0890: bets $6
GoliafUa: folds
Uncalled bet ($6) returned to flipflop0890
flipflop0890 collected $23.52 from pot
*** SUMMARY ***
Total pot $24 | Rake $0.48
Board [7c 5h 6h 2d]
Seat 3: flipflop0890 (big blind) collected ($23.52)
Seat 5: GoliafUa (button) (small blind) folded on the Turn


PokerStars Hand #174904158957:  Hold'em Limit ($3/$6 USD) - 2017/08/28 13:04:34 ET
Table 'Saito' 6-max Seat #5 is the button
Seat 3: Apanage ($109.08 in chips)
Seat 5: favete lin ($73 in chips)
favete lin: posts small blind $1
Apanage: posts big blind $3
*** HOLE CARDS ***
favete lin: raises $3 to $6
Apanage: calls $3
*** FLOP *** [Ah 2h 5d]
Apanage: checks
favete lin: bets $3
Apanage: calls $3
*** TURN *** [Ah 2h 5d] [6d]
Apanage: checks
favete lin: checks
*** RIVER *** [Ah 2h 5d 6d] [7c]
Apanage: bets $6
favete lin: calls $6
*** SHOW DOWN ***
Apanage: shows [6c 2c] (two pair, Sixes and Deuces)
favete lin: mucks hand
Apanage collected $29.50 from pot
*** SUMMARY ***
Total pot $30 | Rake $0.50
Board [Ah 2h 5d 6d 7c]
Seat 3: Apanage (big blind) showed [6c 2c] and won ($29.50) with two pair, Sixes and Deuces
Seat 5: favete lin (button) (small blind) mucked


PokerStars Hand #174904195898:  Hold'em Limit ($3/$6 USD) - 2017/08/28 13:05:27 ET
Table 'Saito' 6-max Seat #1 is the button
Seat 1: mistere3 ($132.34 in chips)
Seat 5: favete lin ($72 in chips)
mistere3: posts small blind $1
Apanage: is sitting out
favete lin: posts big blind $3
*** HOLE CARDS ***
mistere3: folds
Uncalled bet ($2) returned to favete lin
Apanage leaves the table
favete lin collected $2 from pot
favete lin: doesn't show hand
*** SUMMARY ***
Total pot $2 | Rake $0
Seat 1: mistere3 (button) (small blind) folded before Flop
Seat 5: favete lin (big blind) collected ($2)


PokerStars Hand #174904184818:  Hold'em Limit ($3/$6 USD) - 2017/08/28 13:05:11 ET
Table 'Saito' 6-max Seat #3 is the button
Seat 3: Apanage ($123.58 in chips)
Seat 5: favete lin ($72 in chips)
Apanage: posts small blind $1
favete lin: posts big blind $3
*** HOLE CARDS ***
Apanage: folds
Uncalled bet ($2) returned to favete lin
favete lin collected $2 from pot
favete lin: doesn't show hand
*** SUMMARY ***
Total pot $2 | Rake $0
Seat 3: Apanage (button) (small blind) folded before Flop
Seat 5: favete lin (big blind) collected ($2)


PokerStars Hand #174904200412:  Hold'em Limit ($3/$6 USD) - 2017/08/28 13:05:34 ET
Table 'Saito' 6-max Seat #5 is the button
Seat 1: mistere3 ($131.34 in chips)
Seat 5: favete lin ($73 in chips)
favete lin: posts small blind $1
mistere3: posts big blind $3
*** HOLE CARDS ***
favete lin: raises $3 to $6
mistere3: raises $3 to $9
favete lin: calls $3
*** FLOP *** [2s Td 7s]
mistere3: bets $3
favete lin: raises $3 to $6
mistere3: calls $3
*** TURN *** [2s Td 7s] [7h]
mistere3: checks
favete lin: bets $6
mistere3: calls $6
*** RIVER *** [2s Td 7s 7h] [6s]
mistere3: checks
favete lin: bets $6
mistere3: folds
Uncalled bet ($6) returned to favete lin
favete lin collected $41.50 from pot
favete lin: doesn't show hand
*** SUMMARY ***
Total pot $42 | Rake $0.50
Board [2s Td 7s 7h 6s]
Seat 1: mistere3 (big blind) folded on the River
Seat 5: favete lin (button) (small blind) collected ($41.50)


PokerStars Hand #174904241377:  Hold'em Limit ($3/$6 USD) - 2017/08/28 13:06:34 ET
Table 'Saito' 6-max Seat #1 is the button
Seat 1: mistere3 ($98.34 in chips)
Seat 5: favete lin ($105.14 in chips)
mistere3: posts small blind $1
favete lin: posts big blind $3
*** HOLE CARDS ***
mistere3: raises $3 to $6
favete lin: calls $3
*** FLOP *** [8c As 6h]
favete lin: checks
mistere3: bets $3
favete lin: calls $3
*** TURN *** [8c As 6h] [9h]
favete lin: checks
mistere3: bets $6
favete lin: calls $6
*** RIVER *** [8c As 6h 9h] [Kh]
favete lin: checks
mistere3: bets $6
favete lin: folds
Uncalled bet ($6) returned to mistere3
mistere3 collected $29.50 from pot
mistere3: doesn't show hand
*** SUMMARY ***
Total pot $30 | Rake $0.50
Board [8c As 6h 9h Kh]
Seat 1: mistere3 (button) (small blind) collected ($29.50)
Seat 5: favete lin (big blind) folded on the River


PokerStars Hand #174904257446:  Hold'em Limit ($3/$6 USD) - 2017/08/28 13:06:58 ET
Table 'Saito' 6-max Seat #5 is the button
Seat 1: mistere3 ($112.84 in chips)
Seat 5: favete lin ($90.14 in chips)
favete lin: posts small blind $1
mistere3: posts big blind $3
*** HOLE CARDS ***
favete lin: folds
Uncalled bet ($2) returned to mistere3
mistere3 collected $2 from pot
mistere3: doesn't show hand
*** SUMMARY ***
Total pot $2 | Rake $0
Seat 1: mistere3 (big blind) collected ($2)
Seat 5: favete lin (button) (small blind) folded before Flop


PokerStars Hand #174904236797:  Hold'em Limit ($3/$6 USD) - 2017/08/28 13:06:27 ET
Table 'Saito' 6-max Seat #5 is the button
Seat 1: mistere3 ($101.34 in chips)
Seat 5: favete lin ($102.14 in chips)
favete lin: posts small blind $1
mistere3: posts big blind $3
*** HOLE CARDS ***
favete lin: raises $3 to $6
mistere3: folds
Uncalled bet ($3) returned to favete lin
favete lin collected $6 from pot
favete lin: doesn't show hand
*** SUMMARY ***
Total pot $6 | Rake $0
Seat 1: mistere3 (big blind) folded before Flop
Seat 5: favete lin (button) (small blind) collected ($6)


PokerStars Hand #174904220756:  Hold'em Limit ($3/$6 USD) - 2017/08/28 13:06:04 ET
Table 'Saito' 6-max Seat #1 is the button
Seat 1: mistere3 ($110.34 in chips)
Seat 5: favete lin ($93.50 in chips)
mistere3: posts small blind $1
favete lin: posts big blind $3
*** HOLE CARDS ***
mistere3: raises $3 to $6
favete lin: raises $3 to $9
mistere3: calls $3
*** FLOP *** [9d Tc Kd]
favete lin: bets $3
mistere3: folds
Uncalled bet ($3) returned to favete lin
favete lin collected $17.64 from pot
favete lin: doesn't show hand
*** SUMMARY ***
Total pot $18 | Rake $0.36
Board [9d Tc Kd]
Seat 1: mistere3 (button) (small blind) folded on the Flop
Seat 5: favete lin (big blind) collected ($17.64)


PokerStars Hand #174904271309:  Hold'em Limit ($3/$6 USD) - 2017/08/28 13:07:18 ET
Table 'Saito' 6-max Seat #5 is the button
Seat 1: mistere3 ($98.84 in chips)
Seat 5: favete lin ($103.64 in chips)
favete lin: posts small blind $1
mistere3: posts big blind $3
*** HOLE CARDS ***
favete lin: raises $3 to $6
mistere3: raises $3 to $9
favete lin: calls $3
*** FLOP *** [5c Jc As]
mistere3: bets $3
favete lin: calls $3
*** TURN *** [5c Jc As] [Td]
mistere3: checks
favete lin: bets $6
mistere3: calls $6
*** RIVER *** [5c Jc As Td] [Js]
mistere3: bets $6
favete lin: calls $6
*** SHOW DOWN ***
mistere3: shows [Jd Kc] (three of a kind, Jacks)
favete lin: mucks hand
mistere3 collected $47.50 from pot
*** SUMMARY ***
Total pot $48 | Rake $0.50
Board [5c Jc As Td Js]
Seat 1: mistere3 (big blind) showed [Jd Kc] and won ($47.50) with three of a kind, Jacks
Seat 5: favete lin (button) (small blind) mucked


PokerStars Hand #174904260717:  Hold'em Limit ($3/$6 USD) - 2017/08/28 13:07:02 ET
Table 'Saito' 6-max Seat #1 is the button
Seat 1: mistere3 ($113.84 in chips)
Seat 5: favete lin ($89.14 in chips)
mistere3: posts small blind $1
ss_barber_ss was removed from the table for failing to post
favete lin: posts big blind $3
*** HOLE CARDS ***
mistere3: raises $3 to $6
favete lin: calls $3
*** FLOP *** [5h Qh 8s]
favete lin: checks
mistere3: bets $3
favete lin: calls $3
*** TURN *** [5h Qh 8s] [6d]
favete lin: checks
mistere3: checks
*** RIVER *** [5h Qh 8s 6d] [Ah]
favete lin: bets $6
mistere3: calls $6
*** SHOW DOWN ***
favete lin: shows [2d Ac] (a pair of Aces)
mistere3: mucks hand
favete lin collected $29.50 from pot
*** SUMMARY ***
Total pot $30 | Rake $0.50
Board [5h Qh 8s 6d Ah]
Seat 1: mistere3 (button) (small blind) mucked
Seat 5: favete lin (big blind) showed [2d Ac] and won ($29.50) with a pair of Aces


PokerStars Hand #174904317692:  Hold'em Limit ($3/$6 USD) - 2017/08/28 13:08:25 ET
Table 'Saito' 6-max Seat #5 is the button
Seat 1: mistere3 ($104.34 in chips)
Seat 5: favete lin ($97.14 in chips)
favete lin: posts small blind $1
mistere3: posts big blind $3
*** HOLE CARDS ***
favete lin: raises $3 to $6
mistere3: folds
Uncalled bet ($3) returned to favete lin
mistere3 leaves the table
favete lin collected $6 from pot
favete lin: doesn't show hand
*** SUMMARY ***
Total pot $6 | Rake $0
Seat 1: mistere3 (big blind) folded before Flop
Seat 5: favete lin (button) (small blind) collected ($6)


PokerStars Hand #174904295140:  Hold'em Limit ($3/$6 USD) - 2017/08/28 13:07:52 ET
Table 'Saito' 6-max Seat #1 is the button
Seat 1: mistere3 ($122.34 in chips)
Seat 5: favete lin ($79.64 in chips)
mistere3: posts small blind $1
favete lin: posts big blind $3
*** HOLE CARDS ***
mistere3: raises $3 to $6
favete lin: raises $3 to $9
mistere3: calls $3
*** FLOP *** [8d Ts 5s]
favete lin: bets $3
mistere3: calls $3
*** TURN *** [8d Ts 5s] [2h]
favete lin: bets $6
mistere3: calls $6
*** RIVER *** [8d Ts 5s 2h] [8s]
favete lin: checks
mistere3: checks
*** SHOW DOWN ***
favete lin: shows [6c As] (a pair of Eights)
mistere3: mucks hand
favete lin collected $35.50 from pot
*** SUMMARY ***
Total pot $36 | Rake $0.50
Board [8d Ts 5s 2h 8s]
Seat 1: mistere3 (button) (small blind) mucked
Seat 5: favete lin (big blind) showed [6c As] and won ($35.50) with a pair of Eights


