PokerStars Hand #148707813950:  Hold'em Limit ($3/$6 USD) - 2016/02/12 21:45:17 ET
Table 'Saito' 10-max Seat #2 is the button
Seat 2: mdif ($120 in chips)
Seat 10: reginho1985 ($79.50 in chips)
mdif: posts small blind $1
reginho1985: posts big blind $3
*** HOLE CARDS ***
mdif: raises $3 to $6
reginho1985: calls $3
*** FLOP *** [8s Ah 9d]
reginho1985: checks
mdif: bets $3
reginho1985: raises $3 to $6
mdif: folds
Uncalled bet ($3) returned to reginho1985
reginho1985 collected $17.64 from pot
reginho1985: doesn't show hand
*** SUMMARY ***
Total pot $18 | Rake $0.36
Board [8s Ah 9d]
Seat 2: mdif (button) (small blind) folded on the Flop
Seat 10: reginho1985 (big blind) collected ($17.64)


PokerStars Hand #148707796692:  Hold'em Limit ($3/$6 USD) - 2016/02/12 21:44:41 ET
Table 'Saito' 10-max Seat #10 is the button
Seat 2: mdif ($120 in chips)
Seat 10: reginho1985 ($50 in chips)
reginho1985: posts small blind $1
mdif: posts big blind $3
*** HOLE CARDS ***
reginho1985: raises $3 to $6
mdif: raises $3 to $9
reginho1985: raises $3 to $12
Betting is capped
mdif: calls $3
*** FLOP *** [Jd 8s 3c]
mdif: checks
reginho1985: bets $3
mdif: raises $3 to $6
reginho1985: calls $3
*** TURN *** [Jd 8s 3c] [5d]
mdif: bets $6
reginho1985: calls $6
*** RIVER *** [Jd 8s 3c 5d] [Ah]
mdif: checks
reginho1985: bets $6
mdif: calls $6
*** SHOW DOWN ***
reginho1985: shows [Ad Kd] (a pair of Aces)
mdif: mucks hand
reginho1985 collected $59.50 from pot
*** SUMMARY ***
Total pot $60 | Rake $0.50
Board [Jd 8s 3c 5d Ah]
Seat 2: mdif (big blind) mucked
Seat 10: reginho1985 (button) (small blind) showed [Ad Kd] and won ($59.50) with a pair of Aces


PokerStars Hand #148707846485:  Hold'em Limit ($3/$6 USD) - 2016/02/12 21:46:25 ET
Table 'Saito' 10-max Seat #10 is the button
Seat 2: mdif ($125.76 in chips)
Seat 10: reginho1985 ($81.89 in chips)
reginho1985: posts small blind $1
mdif: posts big blind $3
*** HOLE CARDS ***
reginho1985: raises $3 to $6
mdif: calls $3
*** FLOP *** [7s 5s Ts]
mdif: checks
reginho1985: checks
*** TURN *** [7s 5s Ts] [Ac]
mdif: bets $6
reginho1985: raises $6 to $12
mdif: calls $6
*** RIVER *** [7s 5s Ts Ac] [9s]
mdif: checks
reginho1985: checks
*** SHOW DOWN ***
mdif: shows [5c Qh] (a pair of Fives)
reginho1985: shows [Jd 8h] (a straight, Seven to Jack)
reginho1985 collected $35.50 from pot
*** SUMMARY ***
Total pot $36 | Rake $0.50
Board [7s 5s Ts Ac 9s]
Seat 2: mdif (big blind) showed [5c Qh] and lost with a pair of Fives
Seat 10: reginho1985 (button) (small blind) showed [Jd 8h] and won ($35.50) with a straight, Seven to Jack


PokerStars Hand #148707844240:  Hold'em Limit ($3/$6 USD) - 2016/02/12 21:46:20 ET
Table 'Saito' 10-max Seat #2 is the button
Seat 2: mdif ($126.76 in chips)
Seat 10: reginho1985 ($80.89 in chips)
mdif: posts small blind $1
reginho1985: posts big blind $3
*** HOLE CARDS ***
mdif: folds
Uncalled bet ($2) returned to reginho1985
reginho1985 collected $2 from pot
reginho1985: doesn't show hand
*** SUMMARY ***
Total pot $2 | Rake $0
Seat 2: mdif (button) (small blind) folded before Flop
Seat 10: reginho1985 (big blind) collected ($2)


PokerStars Hand #148707841685:  Hold'em Limit ($3/$6 USD) - 2016/02/12 21:46:15 ET
Table 'Saito' 10-max Seat #10 is the button
Seat 2: mdif ($125.76 in chips)
Seat 10: reginho1985 ($81.89 in chips)
reginho1985: posts small blind $1
mdif: posts big blind $3
*** HOLE CARDS ***
reginho1985: folds
Uncalled bet ($2) returned to mdif
mdif collected $2 from pot
mdif: doesn't show hand
*** SUMMARY ***
Total pot $2 | Rake $0
Seat 2: mdif (big blind) collected ($2)
Seat 10: reginho1985 (button) (small blind) folded before Flop


PokerStars Hand #148707821977:  Hold'em Limit ($3/$6 USD) - 2016/02/12 21:45:34 ET
Table 'Saito' 10-max Seat #10 is the button
Seat 2: mdif ($120 in chips)
Seat 10: reginho1985 ($88.14 in chips)
reginho1985: posts small blind $1
mdif: posts big blind $3
*** HOLE CARDS ***
reginho1985: raises $3 to $6
mdif: raises $3 to $9
reginho1985: raises $3 to $12
Betting is capped
mdif: calls $3
*** FLOP *** [7d 5d 6d]
mdif: checks
reginho1985: bets $3
mdif: calls $3
*** TURN *** [7d 5d 6d] [2s]
mdif: checks
reginho1985: bets $6
mdif: calls $6
*** RIVER *** [7d 5d 6d 2s] [As]
mdif: bets $6
reginho1985: raises $6 to $12
mdif: calls $6
*** SHOW DOWN ***
reginho1985: shows [Jd Ah] (a pair of Aces)
mdif: shows [Jh Ad] (a pair of Aces)
mdif collected $32.75 from pot
reginho1985 collected $32.75 from pot
*** SUMMARY ***
Total pot $66 | Rake $0.50
Board [7d 5d 6d 2s As]
Seat 2: mdif (big blind) showed [Jh Ad] and won ($32.75) with a pair of Aces
Seat 10: reginho1985 (button) (small blind) showed [Jd Ah] and won ($32.75) with a pair of Aces


PokerStars Hand #148707872539:  Hold'em Limit ($3/$6 USD) - 2016/02/12 21:47:20 ET
Table 'Saito' 10-max Seat #2 is the button
Seat 2: mdif ($122.88 in chips)
Seat 10: reginho1985 ($96.14 in chips)
mdif: posts small blind $1
reginho1985: posts big blind $3
*** HOLE CARDS ***
mdif: raises $3 to $6
reginho1985: calls $3
*** FLOP *** [Jc 8s 7s]
reginho1985: checks
mdif: bets $3
reginho1985: raises $3 to $6
mdif: calls $3
*** TURN *** [Jc 8s 7s] [Js]
reginho1985: checks
mdif: bets $6
reginho1985: calls $6
*** RIVER *** [Jc 8s 7s Js] [6d]
reginho1985: checks
mdif: checks
*** SHOW DOWN ***
reginho1985: shows [7h 9d] (two pair, Jacks and Sevens)
mdif: shows [8c 6s] (two pair, Jacks and Eights)
mdif collected $35.50 from pot
*** SUMMARY ***
Total pot $36 | Rake $0.50
Board [Jc 8s 7s Js 6d]
Seat 2: mdif (button) (small blind) showed [8c 6s] and won ($35.50) with two pair, Jacks and Eights
Seat 10: reginho1985 (big blind) showed [7h 9d] and lost with two pair, Jacks and Sevens


PokerStars Hand #148707867913:  Hold'em Limit ($3/$6 USD) - 2016/02/12 21:47:10 ET
Table 'Saito' 10-max Seat #10 is the button
Seat 2: mdif ($120 in chips)
Seat 10: reginho1985 ($99.14 in chips)
reginho1985: posts small blind $1
mdif: posts big blind $3
*** HOLE CARDS ***
reginho1985: calls $2
mdif: checks
*** FLOP *** [2d 4d Jh]
mdif: bets $3
reginho1985: folds
Uncalled bet ($3) returned to mdif
mdif collected $5.88 from pot
mdif: doesn't show hand
*** SUMMARY ***
Total pot $6 | Rake $0.12
Board [2d 4d Jh]
Seat 2: mdif (big blind) collected ($5.88)
Seat 10: reginho1985 (button) (small blind) folded on the Flop


PokerStars Hand #148707857737:  Hold'em Limit ($3/$6 USD) - 2016/02/12 21:46:49 ET
Table 'Saito' 10-max Seat #2 is the button
Seat 2: mdif ($120 in chips)
Seat 10: reginho1985 ($99.39 in chips)
mdif: posts small blind $1
reginho1985: posts big blind $3
*** HOLE CARDS ***
mdif: raises $3 to $6
reginho1985: calls $3
*** FLOP *** [Ad Qs Jd]
reginho1985: checks
mdif: bets $3
reginho1985: calls $3
*** TURN *** [Ad Qs Jd] [As]
reginho1985: checks
mdif: checks
*** RIVER *** [Ad Qs Jd As] [4c]
reginho1985: bets $6
mdif: calls $6
*** SHOW DOWN ***
reginho1985: shows [Kd 2c] (a pair of Aces)
mdif: shows [7d Ks] (a pair of Aces)
reginho1985 collected $14.75 from pot
mdif collected $14.75 from pot
*** SUMMARY ***
Total pot $30 | Rake $0.50
Board [Ad Qs Jd As 4c]
Seat 2: mdif (button) (small blind) showed [7d Ks] and won ($14.75) with a pair of Aces
Seat 10: reginho1985 (big blind) showed [Kd 2c] and won ($14.75) with a pair of Aces


PokerStars Hand #148707899812:  Hold'em Limit ($3/$6 USD) - 2016/02/12 21:48:18 ET
Table 'Saito' 10-max Seat #2 is the button
Seat 2: mdif ($140.13 in chips)
Seat 10: reginho1985 ($77.89 in chips)
mdif: posts small blind $1
reginho1985: posts big blind $3
*** HOLE CARDS ***
mdif: raises $3 to $6
reginho1985: calls $3
*** FLOP *** [3d 2s Ad]
reginho1985: checks
mdif: bets $3
reginho1985: raises $3 to $6
mdif: calls $3
*** TURN *** [3d 2s Ad] [6c]
reginho1985: bets $6
mdif: calls $6
*** RIVER *** [3d 2s Ad 6c] [Kh]
reginho1985: bets $6
mdif: calls $6
*** SHOW DOWN ***
reginho1985: shows [Jc 7c] (high card Ace)
mdif: shows [5s Kd] (a pair of Kings)
mdif collected $47.50 from pot
*** SUMMARY ***
Total pot $48 | Rake $0.50
Board [3d 2s Ad 6c Kh]
Seat 2: mdif (button) (small blind) showed [5s Kd] and won ($47.50) with a pair of Kings
Seat 10: reginho1985 (big blind) showed [Jc 7c] and lost with high card Ace


PokerStars Hand #148707897399:  Hold'em Limit ($3/$6 USD) - 2016/02/12 21:48:13 ET
Table 'Saito' 10-max Seat #10 is the button
Seat 2: mdif ($139.13 in chips)
Seat 10: reginho1985 ($78.89 in chips)
reginho1985: posts small blind $1
mdif: posts big blind $3
*** HOLE CARDS ***
reginho1985: folds
Uncalled bet ($2) returned to mdif
mdif collected $2 from pot
mdif: doesn't show hand
*** SUMMARY ***
Total pot $2 | Rake $0
Seat 2: mdif (big blind) collected ($2)
Seat 10: reginho1985 (button) (small blind) folded before Flop


PokerStars Hand #148707895225:  Hold'em Limit ($3/$6 USD) - 2016/02/12 21:48:08 ET
Table 'Saito' 10-max Seat #2 is the button
Seat 2: mdif ($140.13 in chips)
Seat 10: reginho1985 ($77.89 in chips)
mdif: posts small blind $1
reginho1985: posts big blind $3
*** HOLE CARDS ***
mdif: folds
Uncalled bet ($2) returned to reginho1985
reginho1985 collected $2 from pot
reginho1985: doesn't show hand
*** SUMMARY ***
Total pot $2 | Rake $0
Seat 2: mdif (button) (small blind) folded before Flop
Seat 10: reginho1985 (big blind) collected ($2)


PokerStars Hand #148707884748:  Hold'em Limit ($3/$6 USD) - 2016/02/12 21:47:46 ET
Table 'Saito' 10-max Seat #10 is the button
Seat 2: mdif ($140.38 in chips)
Seat 10: reginho1985 ($78.14 in chips)
reginho1985: posts small blind $1
mdif: posts big blind $3
*** HOLE CARDS ***
reginho1985: raises $3 to $6
mdif: calls $3
*** FLOP *** [4h 4c Qh]
mdif: checks
reginho1985: bets $3
mdif: raises $3 to $6
reginho1985: calls $3
*** TURN *** [4h 4c Qh] [8d]
mdif: checks
reginho1985: checks
*** RIVER *** [4h 4c Qh 8d] [Qd]
mdif: bets $6
reginho1985: raises $6 to $12
mdif: calls $6
*** SHOW DOWN ***
reginho1985: shows [Ad Jc] (two pair, Queens and Fours)
mdif: shows [5s Ah] (two pair, Queens and Fours)
mdif collected $23.75 from pot
reginho1985 collected $23.75 from pot
*** SUMMARY ***
Total pot $48 | Rake $0.50
Board [4h 4c Qh 8d Qd]
Seat 2: mdif (big blind) showed [5s Ah] and won ($23.75) with two pair, Queens and Fours
Seat 10: reginho1985 (button) (small blind) showed [Ad Jc] and won ($23.75) with two pair, Queens and Fours


PokerStars Hand #148707933530:  Hold'em Limit ($3/$6 USD) - 2016/02/12 21:49:30 ET
Table 'Saito' 10-max Seat #2 is the button
Seat 2: mdif ($160.39 in chips)
Seat 10: reginho1985 ($56.53 in chips)
mdif: posts small blind $1
reginho1985: posts big blind $3
*** HOLE CARDS ***
mdif: raises $3 to $6
reginho1985: folds
Uncalled bet ($3) returned to mdif
mdif collected $6 from pot
mdif: doesn't show hand
*** SUMMARY ***
Total pot $6 | Rake $0
Seat 2: mdif (button) (small blind) collected ($6)
Seat 10: reginho1985 (big blind) folded before Flop


PokerStars Hand #148707931056:  Hold'em Limit ($3/$6 USD) - 2016/02/12 21:49:25 ET
Table 'Saito' 10-max Seat #10 is the button
Seat 2: mdif ($159.39 in chips)
Seat 10: reginho1985 ($57.53 in chips)
reginho1985: posts small blind $1
mdif: posts big blind $3
*** HOLE CARDS ***
reginho1985: folds
Uncalled bet ($2) returned to mdif
mdif collected $2 from pot
mdif: doesn't show hand
*** SUMMARY ***
Total pot $2 | Rake $0
Seat 2: mdif (big blind) collected ($2)
Seat 10: reginho1985 (button) (small blind) folded before Flop


PokerStars Hand #148707928791:  Hold'em Limit ($3/$6 USD) - 2016/02/12 21:49:20 ET
Table 'Saito' 10-max Seat #2 is the button
Seat 2: mdif ($160.39 in chips)
Seat 10: reginho1985 ($56.53 in chips)
mdif: posts small blind $1
reginho1985: posts big blind $3
*** HOLE CARDS ***
mdif: folds
Uncalled bet ($2) returned to reginho1985
reginho1985 collected $2 from pot
reginho1985: doesn't show hand
*** SUMMARY ***
Total pot $2 | Rake $0
Seat 2: mdif (button) (small blind) folded before Flop
Seat 10: reginho1985 (big blind) collected ($2)


PokerStars Hand #148707921572:  Hold'em Limit ($3/$6 USD) - 2016/02/12 21:49:05 ET
Table 'Saito' 10-max Seat #10 is the button
Seat 2: mdif ($166.39 in chips)
Seat 10: reginho1985 ($50.77 in chips)
reginho1985: posts small blind $1
mdif: posts big blind $3
*** HOLE CARDS ***
reginho1985: raises $3 to $6
mdif: calls $3
*** FLOP *** [Ac 9h 2c]
mdif: checks
reginho1985: bets $3
mdif: folds
Uncalled bet ($3) returned to reginho1985
reginho1985 collected $11.76 from pot
reginho1985: doesn't show hand
*** SUMMARY ***
Total pot $12 | Rake $0.24
Board [Ac 9h 2c]
Seat 2: mdif (big blind) folded on the Flop
Seat 10: reginho1985 (button) (small blind) collected ($11.76)


PokerStars Hand #148707916136:  Hold'em Limit ($3/$6 USD) - 2016/02/12 21:48:53 ET
Table 'Saito' 10-max Seat #2 is the button
Seat 2: mdif ($160.63 in chips)
Seat 10: reginho1985 ($56.77 in chips)
mdif: posts small blind $1
reginho1985: posts big blind $3
*** HOLE CARDS ***
mdif: raises $3 to $6
reginho1985: calls $3
*** FLOP *** [Qd 3s Ac]
reginho1985: checks
mdif: bets $3
reginho1985: folds
Uncalled bet ($3) returned to mdif
mdif collected $11.76 from pot
mdif: doesn't show hand
*** SUMMARY ***
Total pot $12 | Rake $0.24
Board [Qd 3s Ac]
Seat 2: mdif (button) (small blind) collected ($11.76)
Seat 10: reginho1985 (big blind) folded on the Flop


PokerStars Hand #148707963054:  Hold'em Limit ($3/$6 USD) - 2016/02/12 21:50:34 ET
Table 'Saito' 10-max Seat #2 is the button
Seat 2: mdif ($180.41 in chips)
Seat 10: reginho1985 ($35.05 in chips)
mdif: posts small blind $1
reginho1985: posts big blind $3
*** HOLE CARDS ***
mdif: raises $3 to $6
reginho1985: calls $3
*** FLOP *** [Ad 3c Kd]
reginho1985: checks
mdif: bets $3
reginho1985: folds
Uncalled bet ($3) returned to mdif
mdif collected $11.76 from pot
mdif: doesn't show hand
*** SUMMARY ***
Total pot $12 | Rake $0.24
Board [Ad 3c Kd]
Seat 2: mdif (button) (small blind) collected ($11.76)
Seat 10: reginho1985 (big blind) folded on the Flop


PokerStars Hand #148707953733:  Hold'em Limit ($3/$6 USD) - 2016/02/12 21:50:14 ET
Table 'Saito' 10-max Seat #10 is the button
Seat 2: mdif ($192.41 in chips)
Seat 10: reginho1985 ($23.53 in chips)
reginho1985: posts small blind $1
mdif: posts big blind $3
*** HOLE CARDS ***
reginho1985: raises $3 to $6
mdif: calls $3
*** FLOP *** [6c Tc 4s]
mdif: checks
reginho1985: checks
*** TURN *** [6c Tc 4s] [7s]
mdif: checks
reginho1985: bets $6
mdif: calls $6
*** RIVER *** [6c Tc 4s 7s] [Qc]
mdif: checks
reginho1985: bets $6
mdif: folds
Uncalled bet ($6) returned to reginho1985
reginho1985 collected $23.52 from pot
reginho1985: doesn't show hand
*** SUMMARY ***
Total pot $24 | Rake $0.48
Board [6c Tc 4s 7s Qc]
Seat 2: mdif (big blind) folded on the River
Seat 10: reginho1985 (button) (small blind) collected ($23.52)


PokerStars Hand #148707945200:  Hold'em Limit ($3/$6 USD) - 2016/02/12 21:49:56 ET
Table 'Saito' 10-max Seat #2 is the button
Seat 2: mdif ($174.91 in chips)
Seat 10: reginho1985 ($41.53 in chips)
mdif: posts small blind $1
reginho1985: posts big blind $3
*** HOLE CARDS ***
mdif: raises $3 to $6
reginho1985: calls $3
*** FLOP *** [Qc Kh 6d]
reginho1985: checks
mdif: checks
*** TURN *** [Qc Kh 6d] [2d]
reginho1985: bets $6
mdif: calls $6
*** RIVER *** [Qc Kh 6d 2d] [Ts]
reginho1985: bets $6
mdif: calls $6
*** SHOW DOWN ***
reginho1985: shows [7h 5d] (high card King)
mdif: shows [Qd 4d] (a pair of Queens)
mdif collected $35.50 from pot
*** SUMMARY ***
Total pot $36 | Rake $0.50
Board [Qc Kh 6d 2d Ts]
Seat 2: mdif (button) (small blind) showed [Qd 4d] and won ($35.50) with a pair of Queens
Seat 10: reginho1985 (big blind) showed [7h 5d] and lost with high card King


PokerStars Hand #148707936407:  Hold'em Limit ($3/$6 USD) - 2016/02/12 21:49:37 ET
Table 'Saito' 10-max Seat #10 is the button
Seat 2: mdif ($163.39 in chips)
Seat 10: reginho1985 ($53.53 in chips)
reginho1985: posts small blind $1
mdif: posts big blind $3
*** HOLE CARDS ***
reginho1985: raises $3 to $6
mdif: raises $3 to $9
reginho1985: calls $3
*** FLOP *** [Qd Qh Kh]
mdif: bets $3
reginho1985: calls $3
*** TURN *** [Qd Qh Kh] [8s]
mdif: checks
reginho1985: checks
*** RIVER *** [Qd Qh Kh 8s] [4s]
mdif: checks
reginho1985: checks
*** SHOW DOWN ***
mdif: shows [9h Ac] (a pair of Queens)
reginho1985: mucks hand
mdif collected $23.52 from pot
*** SUMMARY ***
Total pot $24 | Rake $0.48
Board [Qd Qh Kh 8s 4s]
Seat 2: mdif (big blind) showed [9h Ac] and won ($23.52) with a pair of Queens
Seat 10: reginho1985 (button) (small blind) mucked


PokerStars Hand #148707990325:  Hold'em Limit ($3/$6 USD) - 2016/02/12 21:51:32 ET
Table 'Saito' 10-max Seat #2 is the button
Seat 2: mdif ($159.05 in chips)
Seat 10: reginho1985 ($55.05 in chips)
mdif: posts small blind $1
reginho1985: posts big blind $3
*** HOLE CARDS ***
mdif: raises $3 to $6
reginho1985: calls $3
*** FLOP *** [8d 6c 9s]
reginho1985: checks
mdif: checks
*** TURN *** [8d 6c 9s] [6h]
reginho1985: bets $6
mdif: calls $6
*** RIVER *** [8d 6c 9s 6h] [3d]
reginho1985: bets $6
mdif: calls $6
*** SHOW DOWN ***
reginho1985: shows [Qd 2h] (a pair of Sixes)
mdif: shows [Ks Jc] (a pair of Sixes - King kicker)
mdif collected $35.50 from pot
*** SUMMARY ***
Total pot $36 | Rake $0.50
Board [8d 6c 9s 6h 3d]
Seat 2: mdif (button) (small blind) showed [Ks Jc] and won ($35.50) with a pair of Sixes
Seat 10: reginho1985 (big blind) showed [Qd 2h] and lost with a pair of Sixes


PokerStars Hand #148707986086:  Hold'em Limit ($3/$6 USD) - 2016/02/12 21:51:23 ET
Table 'Saito' 10-max Seat #10 is the button
Seat 2: mdif ($156.17 in chips)
Seat 10: reginho1985 ($58.05 in chips)
reginho1985: posts small blind $1
mdif: posts big blind $3
*** HOLE CARDS ***
reginho1985: calls $2
mdif: checks
*** FLOP *** [4h 3s Kh]
mdif: bets $3
reginho1985: folds
Uncalled bet ($3) returned to mdif
mdif collected $5.88 from pot
mdif: doesn't show hand
*** SUMMARY ***
Total pot $6 | Rake $0.12
Board [4h 3s Kh]
Seat 2: mdif (big blind) collected ($5.88)
Seat 10: reginho1985 (button) (small blind) folded on the Flop


PokerStars Hand #148707977268:  Hold'em Limit ($3/$6 USD) - 2016/02/12 21:51:04 ET
Table 'Saito' 10-max Seat #2 is the button
Seat 2: mdif ($171.17 in chips)
Seat 10: reginho1985 ($43.55 in chips)
mdif: posts small blind $1
reginho1985: posts big blind $3
*** HOLE CARDS ***
mdif: raises $3 to $6
reginho1985: calls $3
*** FLOP *** [4c Qs 2c]
reginho1985: checks
mdif: bets $3
reginho1985: calls $3
*** TURN *** [4c Qs 2c] [3c]
reginho1985: checks
mdif: checks
*** RIVER *** [4c Qs 2c 3c] [4s]
reginho1985: bets $6
mdif: calls $6
*** SHOW DOWN ***
reginho1985: shows [6s Qh] (two pair, Queens and Fours)
mdif: mucks hand
reginho1985 collected $29.50 from pot
*** SUMMARY ***
Total pot $30 | Rake $0.50
Board [4c Qs 2c 3c 4s]
Seat 2: mdif (button) (small blind) mucked
Seat 10: reginho1985 (big blind) showed [6s Qh] and won ($29.50) with two pair, Queens and Fours


PokerStars Hand #148707967855:  Hold'em Limit ($3/$6 USD) - 2016/02/12 21:50:44 ET
Table 'Saito' 10-max Seat #10 is the button
Seat 2: mdif ($186.17 in chips)
Seat 10: reginho1985 ($29.05 in chips)
reginho1985: posts small blind $1
mdif: posts big blind $3
*** HOLE CARDS ***
reginho1985: raises $3 to $6
mdif: raises $3 to $9
reginho1985: calls $3
*** FLOP *** [4d Tc 6d]
mdif: bets $3
reginho1985: raises $3 to $6
mdif: calls $3
*** TURN *** [4d Tc 6d] [Jd]
mdif: checks
reginho1985: bets $6
mdif: folds
Uncalled bet ($6) returned to reginho1985
reginho1985 collected $29.50 from pot
reginho1985: doesn't show hand
*** SUMMARY ***
Total pot $30 | Rake $0.50
Board [4d Tc 6d Jd]
Seat 2: mdif (big blind) folded on the Turn
Seat 10: reginho1985 (button) (small blind) collected ($29.50)


PokerStars Hand #148708020794:  Hold'em Limit ($3/$6 USD) - 2016/02/12 21:52:37 ET
Table 'Saito' 10-max Seat #10 is the button
Seat 2: mdif ($179.05 in chips)
Seat 10: reginho1985 ($33.57 in chips)
reginho1985: posts small blind $1
mdif: posts big blind $3
*** HOLE CARDS ***
reginho1985: folds
Uncalled bet ($2) returned to mdif
mdif collected $2 from pot
mdif: doesn't show hand
*** SUMMARY ***
Total pot $2 | Rake $0
Seat 2: mdif (big blind) collected ($2)
Seat 10: reginho1985 (button) (small blind) folded before Flop


PokerStars Hand #148708018494:  Hold'em Limit ($3/$6 USD) - 2016/02/12 21:52:32 ET
Table 'Saito' 10-max Seat #2 is the button
Seat 2: mdif ($180.05 in chips)
Seat 10: reginho1985 ($32.57 in chips)
mdif: posts small blind $1
reginho1985: posts big blind $3
*** HOLE CARDS ***
mdif: folds
Uncalled bet ($2) returned to reginho1985
reginho1985 collected $2 from pot
reginho1985: doesn't show hand
*** SUMMARY ***
Total pot $2 | Rake $0
Seat 2: mdif (button) (small blind) folded before Flop
Seat 10: reginho1985 (big blind) collected ($2)


PokerStars Hand #148708015317:  Hold'em Limit ($3/$6 USD) - 2016/02/12 21:52:26 ET
Table 'Saito' 10-max Seat #10 is the button
Seat 2: mdif ($179.05 in chips)
Seat 10: reginho1985 ($33.57 in chips)
reginho1985: posts small blind $1
mdif: posts big blind $3
*** HOLE CARDS ***
reginho1985: folds
Uncalled bet ($2) returned to mdif
mdif collected $2 from pot
mdif: doesn't show hand
*** SUMMARY ***
Total pot $2 | Rake $0
Seat 2: mdif (big blind) collected ($2)
Seat 10: reginho1985 (button) (small blind) folded before Flop


PokerStars Hand #148708007313:  Hold'em Limit ($3/$6 USD) - 2016/02/12 21:52:08 ET
Table 'Saito' 10-max Seat #2 is the button
Seat 2: mdif ($191.05 in chips)
Seat 10: reginho1985 ($22.05 in chips)
mdif: posts small blind $1
reginho1985: posts big blind $3
*** HOLE CARDS ***
mdif: raises $3 to $6
reginho1985: calls $3
*** FLOP *** [Js Tc Qs]
reginho1985: checks
mdif: checks
*** TURN *** [Js Tc Qs] [2h]
reginho1985: checks
mdif: checks
*** RIVER *** [Js Tc Qs 2h] [6c]
reginho1985: bets $6
mdif: calls $6
*** SHOW DOWN ***
reginho1985: shows [8s 6d] (a pair of Sixes)
mdif: mucks hand
reginho1985 collected $23.52 from pot
*** SUMMARY ***
Total pot $24 | Rake $0.48
Board [Js Tc Qs 2h 6c]
Seat 2: mdif (button) (small blind) mucked
Seat 10: reginho1985 (big blind) showed [8s 6d] and won ($23.52) with a pair of Sixes


PokerStars Hand #148707997955:  Hold'em Limit ($3/$6 USD) - 2016/02/12 21:51:48 ET
Table 'Saito' 10-max Seat #10 is the button
Seat 2: mdif ($176.55 in chips)
Seat 10: reginho1985 ($37.05 in chips)
reginho1985: posts small blind $1
mdif: posts big blind $3
*** HOLE CARDS ***
reginho1985: raises $3 to $6
mdif: calls $3
*** FLOP *** [Kd 8h 6d]
mdif: checks
reginho1985: bets $3
mdif: calls $3
*** TURN *** [Kd 8h 6d] [2c]
mdif: checks
reginho1985: bets $6
mdif: calls $6
*** RIVER *** [Kd 8h 6d 2c] [Ac]
mdif: checks
reginho1985: checks
*** SHOW DOWN ***
mdif: shows [8s 4c] (a pair of Eights)
reginho1985: mucks hand
mdif collected $29.50 from pot
*** SUMMARY ***
Total pot $30 | Rake $0.50
Board [Kd 8h 6d 2c Ac]
Seat 2: mdif (big blind) showed [8s 4c] and won ($29.50) with a pair of Eights
Seat 10: reginho1985 (button) (small blind) mucked


PokerStars Hand #148708023256:  Hold'em Limit ($3/$6 USD) - 2016/02/12 21:52:42 ET
Table 'Saito' 10-max Seat #2 is the button
Seat 2: mdif ($180.05 in chips)
Seat 10: reginho1985 ($32.57 in chips)
mdif: posts small blind $1
reginho1985: posts big blind $3
*** HOLE CARDS ***
mdif: raises $3 to $6
reginho1985: calls $3
*** FLOP *** [5s 4c Ks]
reginho1985: checks
mdif: checks
*** TURN *** [5s 4c Ks] [9s]
reginho1985: bets $6
mdif: raises $6 to $12
reginho1985: calls $6
*** RIVER *** [5s 4c Ks 9s] [9d]
reginho1985: checks
mdif: bets $6
reginho1985: raises $6 to $12
mdif: raises $6 to $18
reginho1985: calls $2.57 and is all-in
Uncalled bet ($3.43) returned to mdif
*** SHOW DOWN ***
mdif: shows [Js As] (a flush, Ace high)
reginho1985: shows [Qh 9h] (three of a kind, Nines)
mdif collected $64.64 from pot
*** SUMMARY ***
Total pot $65.14 | Rake $0.50
Board [5s 4c Ks 9s 9d]
Seat 2: mdif (button) (small blind) showed [Js As] and won ($64.64) with a flush, Ace high
Seat 10: reginho1985 (big blind) showed [Qh 9h] and lost with three of a kind, Nines


PokerStars Hand #148721294521:  Hold'em Limit ($3/$6 USD) - 2016/02/13 7:02:02 ET
Table 'Saito' 10-max Seat #5 is the button
Seat 1: VolkovDmitri ($120 in chips)
Seat 5: macca04 ($30 in chips)
macca04: posts small blind $1
Ale4o joins the table at seat #6
VolkovDmitri: posts big blind $3
*** HOLE CARDS ***
macca04: calls $2
VolkovDmitri: raises $3 to $6
macca04: calls $3
*** FLOP *** [7h 3s 5d]
VolkovDmitri: bets $3
macca04: calls $3
*** TURN *** [7h 3s 5d] [9c]
VolkovDmitri: bets $6
macca04: calls $6
*** RIVER *** [7h 3s 5d 9c] [6d]
VolkovDmitri: bets $6
macca04: calls $6
*** SHOW DOWN ***
VolkovDmitri: shows [8c 7d] (a straight, Five to Nine)
macca04: mucks hand
VolkovDmitri collected $41.50 from pot
*** SUMMARY ***
Total pot $42 | Rake $0.50
Board [7h 3s 5d 9c 6d]
Seat 1: VolkovDmitri (big blind) showed [8c 7d] and won ($41.50) with a straight, Five to Nine
Seat 5: macca04 (button) (small blind) mucked


PokerStars Hand #148721333608:  Hold'em Limit ($3/$6 USD) - 2016/02/13 7:03:06 ET
Table 'Saito' 10-max Seat #6 is the button
Seat 5: macca04 ($16.64 in chips)
Seat 6: Ale4o ($121 in chips)
Ale4o: posts small blind $1
macca04: posts big blind $3
*** HOLE CARDS ***
Ale4o: raises $3 to $6
macca04: raises $3 to $9
Ale4o: raises $3 to $12
Betting is capped
macca04: calls $3
*** FLOP *** [3c 3h 8d]
macca04: bets $3
Ale4o: raises $3 to $6
macca04: calls $1.64 and is all-in
Uncalled bet ($1.36) returned to Ale4o
*** TURN *** [3c 3h 8d] [8c]
*** RIVER *** [3c 3h 8d 8c] [Ah]
*** SHOW DOWN ***
macca04: shows [Ac Td] (two pair, Aces and Eights)
Ale4o: mucks hand
macca04 collected $32.78 from pot
*** SUMMARY ***
Total pot $33.28 | Rake $0.50
Board [3c 3h 8d 8c Ah]
Seat 5: macca04 (big blind) showed [Ac Td] and won ($32.78) with two pair, Aces and Eights
Seat 6: Ale4o (button) (small blind) mucked


PokerStars Hand #148721329618:  Hold'em Limit ($3/$6 USD) - 2016/02/13 7:02:59 ET
Table 'Saito' 10-max Seat #5 is the button
Seat 5: macca04 ($17.64 in chips)
Seat 6: Ale4o ($120 in chips)
macca04: posts small blind $1
Ale4o: posts big blind $3
*** HOLE CARDS ***
macca04: folds
Uncalled bet ($2) returned to Ale4o
VolkovDmitri leaves the table
Ale4o collected $2 from pot
Ale4o: doesn't show hand
*** SUMMARY ***
Total pot $2 | Rake $0
Seat 5: macca04 (button) (small blind) folded before Flop
Seat 6: Ale4o (big blind) collected ($2)


PokerStars Hand #148721317382:  Hold'em Limit ($3/$6 USD) - 2016/02/13 7:02:40 ET
Table 'Saito' 10-max Seat #1 is the button
Seat 1: VolkovDmitri ($140.50 in chips)
Seat 5: macca04 ($9 in chips)
VolkovDmitri: posts small blind $1
macca04: posts big blind $3
*** HOLE CARDS ***
VolkovDmitri: raises $3 to $6
macca04: raises $3 to $9 and is all-in
VolkovDmitri: calls $3
*** FLOP *** [6h 8h 2c]
*** TURN *** [6h 8h 2c] [9h]
*** RIVER *** [6h 8h 2c 9h] [4h]
*** SHOW DOWN ***
macca04: shows [Ac 5c] (high card Ace)
VolkovDmitri: shows [7c Jd] (high card Jack)
macca04 collected $17.64 from pot
*** SUMMARY ***
Total pot $18 | Rake $0.36
Board [6h 8h 2c 9h 4h]
Seat 1: VolkovDmitri (button) (small blind) showed [7c Jd] and lost with high card Jack
Seat 5: macca04 (big blind) showed [Ac 5c] and won ($17.64) with high card Ace


PokerStars Hand #148721381848:  Hold'em Limit ($3/$6 USD) - 2016/02/13 7:04:23 ET
Table 'Saito' 10-max Seat #6 is the button
Seat 5: macca04 ($34.30 in chips)
Seat 6: Ale4o ($102 in chips)
Ale4o: posts small blind $1
macca04: posts big blind $3
*** HOLE CARDS ***
Ale4o: raises $3 to $6
macca04: calls $3
*** FLOP *** [Ac 3h Jh]
macca04: checks
Ale4o: bets $3
macca04: folds
Uncalled bet ($3) returned to Ale4o
Ale4o collected $11.76 from pot
Ale4o: doesn't show hand
*** SUMMARY ***
Total pot $12 | Rake $0.24
Board [Ac 3h Jh]
Seat 5: macca04 (big blind) folded on the Flop
Seat 6: Ale4o (button) (small blind) collected ($11.76)


PokerStars Hand #148721378679:  Hold'em Limit ($3/$6 USD) - 2016/02/13 7:04:18 ET
Table 'Saito' 10-max Seat #5 is the button
Seat 5: macca04 ($35.30 in chips)
Seat 6: Ale4o ($101 in chips)
macca04: posts small blind $1
Ale4o: posts big blind $3
*** HOLE CARDS ***
macca04: folds
Uncalled bet ($2) returned to Ale4o
Ale4o collected $2 from pot
Ale4o: doesn't show hand
*** SUMMARY ***
Total pot $2 | Rake $0
Seat 5: macca04 (button) (small blind) folded before Flop
Seat 6: Ale4o (big blind) collected ($2)


PokerStars Hand #148721360788:  Hold'em Limit ($3/$6 USD) - 2016/02/13 7:03:49 ET
Table 'Saito' 10-max Seat #6 is the button
Seat 5: macca04 ($23.78 in chips)
Seat 6: Ale4o ($113 in chips)
Ale4o: posts small blind $1
macca04: posts big blind $3
*** HOLE CARDS ***
Ale4o: raises $3 to $6
macca04: calls $3
*** FLOP *** [Ah 5h 2c]
macca04: checks
Ale4o: bets $3
macca04: raises $3 to $6
Ale4o: calls $3
*** TURN *** [Ah 5h 2c] [3h]
macca04: bets $6
Ale4o: folds
Uncalled bet ($6) returned to macca04
macca04 collected $23.52 from pot
macca04: doesn't show hand
*** SUMMARY ***
Total pot $24 | Rake $0.48
Board [Ah 5h 2c 3h]
Seat 5: macca04 (big blind) collected ($23.52)
Seat 6: Ale4o (button) (small blind) folded on the Turn


PokerStars Hand #148721347733:  Hold'em Limit ($3/$6 USD) - 2016/02/13 7:03:28 ET
Table 'Saito' 10-max Seat #5 is the button
Seat 5: macca04 ($32.78 in chips)
Seat 6: Ale4o ($104.36 in chips)
macca04: posts small blind $1
Ale4o: posts big blind $3
*** HOLE CARDS ***
macca04: calls $2
Ale4o: raises $3 to $6
macca04: calls $3
*** FLOP *** [Ac 6h 2d]
Ale4o: bets $3
macca04: calls $3
*** TURN *** [Ac 6h 2d] [9d]
Ale4o: bets $6
macca04: folds
Uncalled bet ($6) returned to Ale4o
Ale4o collected $17.64 from pot
Ale4o: doesn't show hand
*** SUMMARY ***
Total pot $18 | Rake $0.36
Board [Ac 6h 2d 9d]
Seat 5: macca04 (button) (small blind) folded on the Turn
Seat 6: Ale4o (big blind) collected ($17.64)


PokerStars Hand #148721442566:  Hold'em Limit ($3/$6 USD) - 2016/02/13 7:06:00 ET
Table 'Saito' 10-max Seat #5 is the button
Seat 5: macca04 ($47.56 in chips)
Seat 6: Ale4o ($87.64 in chips)
macca04: posts small blind $1
Ale4o: posts big blind $3
*** HOLE CARDS ***
macca04: folds
Uncalled bet ($2) returned to Ale4o
Ale4o collected $2 from pot
Ale4o: doesn't show hand
*** SUMMARY ***
Total pot $2 | Rake $0
Seat 5: macca04 (button) (small blind) folded before Flop
Seat 6: Ale4o (big blind) collected ($2)


PokerStars Hand #148721422177:  Hold'em Limit ($3/$6 USD) - 2016/02/13 7:05:27 ET
Table 'Saito' 10-max Seat #6 is the button
Seat 5: macca04 ($41.80 in chips)
Seat 6: Ale4o ($93.64 in chips)
Ale4o: posts small blind $1
macca04: posts big blind $3
*** HOLE CARDS ***
Ale4o: calls $2
macca04: checks
*** FLOP *** [Jh 4h 9d]
macca04: checks
Ale4o: bets $3
macca04: calls $3
*** TURN *** [Jh 4h 9d] [Ts]
macca04: checks
Ale4o: checks
*** RIVER *** [Jh 4h 9d Ts] [5s]
macca04: checks
Ale4o: checks
*** SHOW DOWN ***
macca04: shows [9c 7s] (a pair of Nines)
Ale4o: mucks hand
macca04 collected $11.76 from pot
*** SUMMARY ***
Total pot $12 | Rake $0.24
Board [Jh 4h 9d Ts 5s]
Seat 5: macca04 (big blind) showed [9c 7s] and won ($11.76) with a pair of Nines
Seat 6: Ale4o (button) (small blind) mucked


PokerStars Hand #148721396534:  Hold'em Limit ($3/$6 USD) - 2016/02/13 7:04:47 ET
Table 'Saito' 10-max Seat #6 is the button
Seat 5: macca04 ($25.30 in chips)
Seat 6: Ale4o ($110.64 in chips)
Ale4o: posts small blind $1
macca04: posts big blind $3
*** HOLE CARDS ***
Ale4o: folds
Uncalled bet ($2) returned to macca04
macca04 collected $2 from pot
macca04: doesn't show hand
*** SUMMARY ***
Total pot $2 | Rake $0
Seat 5: macca04 (big blind) collected ($2)
Seat 6: Ale4o (button) (small blind) folded before Flop


PokerStars Hand #148721389222:  Hold'em Limit ($3/$6 USD) - 2016/02/13 7:04:35 ET
Table 'Saito' 10-max Seat #5 is the button
Seat 5: macca04 ($28.30 in chips)
Seat 6: Ale4o ($107.76 in chips)
macca04: posts small blind $1
Ale4o: posts big blind $3
*** HOLE CARDS ***
macca04: calls $2
Ale4o: checks
*** FLOP *** [6s Qd 5s]
Ale4o: bets $3
macca04: folds
Uncalled bet ($3) returned to Ale4o
Ale4o collected $5.88 from pot
Ale4o: doesn't show hand
*** SUMMARY ***
Total pot $6 | Rake $0.12
Board [6s Qd 5s]
Seat 5: macca04 (button) (small blind) folded on the Flop
Seat 6: Ale4o (big blind) collected ($5.88)


PokerStars Hand #148721399912:  Hold'em Limit ($3/$6 USD) - 2016/02/13 7:04:52 ET
Table 'Saito' 10-max Seat #5 is the button
Seat 5: macca04 ($26.30 in chips)
Seat 6: Ale4o ($109.64 in chips)
macca04: posts small blind $1
Ale4o: posts big blind $3
*** HOLE CARDS ***
macca04: folds
Uncalled bet ($2) returned to Ale4o
Ale4o collected $2 from pot
Ale4o: doesn't show hand
*** SUMMARY ***
Total pot $2 | Rake $0
Seat 5: macca04 (button) (small blind) folded before Flop
Seat 6: Ale4o (big blind) collected ($2)


PokerStars Hand #148721479572:  Hold'em Limit ($3/$6 USD) - 2016/02/13 7:06:59 ET
Table 'Saito' 10-max Seat #5 is the button
Seat 5: macca04 ($18.56 in chips)
Seat 6: Ale4o ($115.78 in chips)
macca04: posts small blind $1
Ale4o: posts big blind $3
*** HOLE CARDS ***
macca04: folds
Uncalled bet ($2) returned to Ale4o
Ale4o collected $2 from pot
Ale4o: doesn't show hand
*** SUMMARY ***
Total pot $2 | Rake $0
Seat 5: macca04 (button) (small blind) folded before Flop
Seat 6: Ale4o (big blind) collected ($2)


PokerStars Hand #148721467168:  Hold'em Limit ($3/$6 USD) - 2016/02/13 7:06:39 ET
Table 'Saito' 10-max Seat #6 is the button
Seat 5: macca04 ($36.56 in chips)
Seat 6: Ale4o ($98.28 in chips)
Ale4o: posts small blind $1
macca04: posts big blind $3
*** HOLE CARDS ***
Ale4o: raises $3 to $6
macca04: calls $3
*** FLOP *** [3h Ah 4c]
macca04: checks
TUBATAA joins the table at seat #3
Ale4o: bets $3
macca04: raises $3 to $6
Agrotait joins the table at seat #4
Ale4o: calls $3
*** TURN *** [3h Ah 4c] [Qd]
macca04: bets $6
Ale4o: calls $6
*** RIVER *** [3h Ah 4c Qd] [5d]
macca04: checks
Ale4o: checks
*** SHOW DOWN ***
macca04: shows [9d 3s] (a pair of Threes)
Ale4o: shows [6s 6h] (a pair of Sixes)
Ale4o collected $35.50 from pot
*** SUMMARY ***
Total pot $36 | Rake $0.50
Board [3h Ah 4c Qd 5d]
Seat 5: macca04 (big blind) showed [9d 3s] and lost with a pair of Threes
Seat 6: Ale4o (button) (small blind) showed [6s 6h] and won ($35.50) with a pair of Sixes


PokerStars Hand #148721462062:  Hold'em Limit ($3/$6 USD) - 2016/02/13 7:06:31 ET
Table 'Saito' 10-max Seat #5 is the button
Seat 5: macca04 ($37.56 in chips)
Seat 6: Ale4o ($97.28 in chips)
macca04: posts small blind $1
Ale4o: posts big blind $3
*** HOLE CARDS ***
macca04: folds
Uncalled bet ($2) returned to Ale4o
Ale4o collected $2 from pot
Ale4o: doesn't show hand
*** SUMMARY ***
Total pot $2 | Rake $0
Seat 5: macca04 (button) (small blind) folded before Flop
Seat 6: Ale4o (big blind) collected ($2)


PokerStars Hand #148721446334:  Hold'em Limit ($3/$6 USD) - 2016/02/13 7:06:06 ET
Table 'Saito' 10-max Seat #6 is the button
Seat 5: macca04 ($46.56 in chips)
Seat 6: Ale4o ($88.64 in chips)
Ale4o: posts small blind $1
macca04: posts big blind $3
*** HOLE CARDS ***
Ale4o: raises $3 to $6
macca04: calls $3
*** FLOP *** [Jc 9h 7h]
macca04: checks
Ale4o: bets $3
macca04: calls $3
*** TURN *** [Jc 9h 7h] [4s]
macca04: checks
Ale4o: bets $6
macca04: folds
Uncalled bet ($6) returned to Ale4o
Ale4o collected $17.64 from pot
Ale4o: doesn't show hand
*** SUMMARY ***
Total pot $18 | Rake $0.36
Board [Jc 9h 7h 4s]
Seat 5: macca04 (big blind) folded on the Turn
Seat 6: Ale4o (button) (small blind) collected ($17.64)


PokerStars Hand #148721548025:  Hold'em Limit ($3/$6 USD) - 2016/02/13 7:08:47 ET
Table 'Saito' 10-max Seat #4 is the button
Seat 3: TUBATAA ($89.04 in chips)
Seat 4: Agrotait ($80.50 in chips)
Agrotait: posts small blind $1
TUBATAA: posts big blind $3
*** HOLE CARDS ***
Agrotait: raises $3 to $6
TUBATAA: calls $3
*** FLOP *** [Jc As 2h]
TUBATAA: checks
Agrotait: bets $3
TUBATAA: folds
Uncalled bet ($3) returned to Agrotait
Agrotait collected $11.76 from pot
Agrotait: doesn't show hand
*** SUMMARY ***
Total pot $12 | Rake $0.24
Board [Jc As 2h]
Seat 3: TUBATAA (big blind) folded on the Flop
Seat 4: Agrotait (button) (small blind) collected ($11.76)


PokerStars Hand #148721536472:  Hold'em Limit ($3/$6 USD) - 2016/02/13 7:08:29 ET
Table 'Saito' 10-max Seat #3 is the button
Seat 3: TUBATAA ($86.04 in chips)
Seat 4: Agrotait ($83.50 in chips)
TUBATAA: posts small blind $1
Agrotait: posts big blind $3
*** HOLE CARDS ***
TUBATAA: raises $3 to $6
Agrotait: folds
Uncalled bet ($3) returned to TUBATAA
TUBATAA collected $6 from pot
TUBATAA: doesn't show hand
*** SUMMARY ***
Total pot $6 | Rake $0
Seat 3: TUBATAA (button) (small blind) collected ($6)
Seat 4: Agrotait (big blind) folded before Flop


PokerStars Hand #148721509395:  Hold'em Limit ($3/$6 USD) - 2016/02/13 7:07:46 ET
Table 'Saito' 10-max Seat #4 is the button
Seat 3: TUBATAA ($101.04 in chips)
Seat 4: Agrotait ($69 in chips)
Agrotait: posts small blind $1
Ale4o: is sitting out
TUBATAA: posts big blind $3
*** HOLE CARDS ***
Agrotait: raises $3 to $6
TUBATAA: calls $3
*** FLOP *** [Jd Jh 2h]
macca04 leaves the table
TUBATAA: checks
Ale4o leaves the table
Agrotait: bets $3
TUBATAA: calls $3
*** TURN *** [Jd Jh 2h] [3h]
TUBATAA: checks
Agrotait: bets $6
TUBATAA: calls $6
*** RIVER *** [Jd Jh 2h 3h] [Ks]
TUBATAA: checks
Agrotait: bets $6
TUBATAA: folds
Uncalled bet ($6) returned to Agrotait
Agrotait collected $29.50 from pot
Agrotait: doesn't show hand
*** SUMMARY ***
Total pot $30 | Rake $0.50
Board [Jd Jh 2h 3h Ks]
Seat 3: TUBATAA (big blind) folded on the River
Seat 4: Agrotait (button) (small blind) collected ($29.50)


PokerStars Hand #148721558459:  Hold'em Limit ($3/$6 USD) - 2016/02/13 7:09:04 ET
Table 'Saito' 10-max Seat #3 is the button
Seat 3: TUBATAA ($83.04 in chips)
Seat 4: Agrotait ($86.26 in chips)
TUBATAA: posts small blind $1
Agrotait: posts big blind $3
*** HOLE CARDS ***
TUBATAA: raises $3 to $6
Agrotait: calls $3
*** FLOP *** [7s 3h Ks]
machine998 joins the table at seat #8
Agrotait: checks
TUBATAA: bets $3
Agrotait: folds
Uncalled bet ($3) returned to TUBATAA
TUBATAA collected $11.76 from pot
TUBATAA: doesn't show hand
*** SUMMARY ***
Total pot $12 | Rake $0.24
Board [7s 3h Ks]
Seat 3: TUBATAA (button) (small blind) collected ($11.76)
Seat 4: Agrotait (big blind) folded on the Flop


PokerStars Hand #148723262601:  Hold'em Limit ($3/$6 USD) - 2016/02/13 7:53:06 ET
Table 'Saito' 10-max Seat #7 is the button
Seat 5: db49 ($72.75 in chips)
Seat 7: bonnejack ($65.90 in chips)
bonnejack: posts small blind $1
Ale4o: is sitting out
Chessnok: is sitting out
db49: posts big blind $3
*** HOLE CARDS ***
Ale4o leaves the table
bonnejack: raises $3 to $6
db49: calls $3
*** FLOP *** [Th Jd 5c]
db49: checks
bonnejack: bets $3
db49: raises $3 to $6
bonnejack: calls $3
*** TURN *** [Th Jd 5c] [Jc]
db49: bets $6
bonnejack: folds
Uncalled bet ($6) returned to db49
db49 collected $23.52 from pot
db49: doesn't show hand
*** SUMMARY ***
Total pot $24 | Rake $0.48
Board [Th Jd 5c Jc]
Seat 5: db49 (big blind) collected ($23.52)
Seat 7: bonnejack (button) (small blind) folded on the Turn


PokerStars Hand #148723281605:  Hold'em Limit ($3/$6 USD) - 2016/02/13 7:53:35 ET
Table 'Saito' 10-max Seat #5 is the button
Seat 5: db49 ($84.27 in chips)
Seat 7: bonnejack ($53.90 in chips)
db49: posts small blind $1
bonnejack: posts big blind $3
*** HOLE CARDS ***
db49: raises $3 to $6
bonnejack: folds
Uncalled bet ($3) returned to db49
db49 collected $6 from pot
db49: doesn't show hand
*** SUMMARY ***
Total pot $6 | Rake $0
Seat 5: db49 (button) (small blind) collected ($6)
Seat 7: bonnejack (big blind) folded before Flop


