PokerStars Hand #152386677955:  Hold'em Limit ($3/$6 USD) - 2016/04/24 14:12:01 ET
Table 'Sakuntala II' 6-max Seat #5 is the button
Seat 1: LEXA425 ($109 in chips)
Seat 5: LolDnkaments ($104.86 in chips)
LolDnkaments: posts small blind $1
LEXA425: posts big blind $3
*** HOLE CARDS ***
LolDnkaments: raises $3 to $6
LEXA425: calls $3
*** FLOP *** [4c 2d 9d]
LEXA425: checks
LolDnkaments: bets $3
LEXA425: calls $3
*** TURN *** [4c 2d 9d] [9h]
LEXA425: checks
LolDnkaments: bets $6
LEXA425: calls $6
*** RIVER *** [4c 2d 9d 9h] [2c]
LEXA425: checks
LolDnkaments: checks
*** SHOW DOWN ***
LEXA425: shows [7d 5d] (two pair, Nines and Deuces)
LolDnkaments: shows [8s 5c] (two pair, Nines and Deuces - Eight kicker)
LolDnkaments collected $29.50 from pot
*** SUMMARY ***
Total pot $30 | Rake $0.50
Board [4c 2d 9d 9h 2c]
Seat 1: LEXA425 (big blind) showed [7d 5d] and lost with two pair, Nines and Deuces
Seat 5: LolDnkaments (button) (small blind) showed [8s 5c] and won ($29.50) with two pair, Nines and Deuces


PokerStars Hand #152386672682:  Hold'em Limit ($3/$6 USD) - 2016/04/24 14:11:56 ET
Table 'Sakuntala II' 6-max Seat #1 is the button
Seat 1: LEXA425 ($110 in chips)
Seat 5: LolDnkaments ($103.86 in chips)
LEXA425: posts small blind $1
LolDnkaments: posts big blind $3
*** HOLE CARDS ***
Makomar leaves the table
LEXA425: folds
Uncalled bet ($2) returned to LolDnkaments
LolDnkaments collected $2 from pot
LolDnkaments: doesn't show hand
*** SUMMARY ***
Total pot $2 | Rake $0
Seat 1: LEXA425 (button) (small blind) folded before Flop
Seat 5: LolDnkaments (big blind) collected ($2)


PokerStars Hand #152386667477:  Hold'em Limit ($3/$6 USD) - 2016/04/24 14:11:51 ET
Table 'Sakuntala II' 6-max Seat #5 is the button
Seat 1: LEXA425 ($109 in chips)
Seat 5: LolDnkaments ($104.86 in chips)
LolDnkaments: posts small blind $1
Makomar: is sitting out
LEXA425: posts big blind $3
*** HOLE CARDS ***
LolDnkaments: folds
Uncalled bet ($2) returned to LEXA425
LEXA425 collected $2 from pot
LEXA425: doesn't show hand
*** SUMMARY ***
Total pot $2 | Rake $0
Seat 1: LEXA425 (big blind) collected ($2)
Seat 5: LolDnkaments (button) (small blind) folded before Flop


PokerStars Hand #152386697876:  Hold'em Limit ($3/$6 USD) - 2016/04/24 14:12:21 ET
Table 'Sakuntala II' 6-max Seat #1 is the button
Seat 1: LEXA425 ($94 in chips)
Seat 5: LolDnkaments ($119.36 in chips)
LEXA425: posts small blind $1
LolDnkaments: posts big blind $3
*** HOLE CARDS ***
LEXA425: raises $3 to $6
LolDnkaments: calls $3
*** FLOP *** [7c Ad Js]
LolDnkaments: checks
LEXA425: bets $3
LolDnkaments: folds
Uncalled bet ($3) returned to LEXA425
LEXA425 collected $11.76 from pot
LEXA425: doesn't show hand
*** SUMMARY ***
Total pot $12 | Rake $0.24
Board [7c Ad Js]
Seat 1: LEXA425 (button) (small blind) collected ($11.76)
Seat 5: LolDnkaments (big blind) folded on the Flop


PokerStars Hand #152386752002:  Hold'em Limit ($3/$6 USD) - 2016/04/24 14:13:15 ET
Table 'Sakuntala II' 6-max Seat #5 is the button
Seat 1: LEXA425 ($80.52 in chips)
Seat 5: LolDnkaments ($131.86 in chips)
LolDnkaments: posts small blind $1
LEXA425: posts big blind $3
*** HOLE CARDS ***
LolDnkaments: raises $3 to $6
LEXA425: calls $3
*** FLOP *** [4s 4c Ks]
LEXA425: checks
LolDnkaments: bets $3
LEXA425: folds
Uncalled bet ($3) returned to LolDnkaments
LolDnkaments collected $11.76 from pot
LolDnkaments: doesn't show hand
*** SUMMARY ***
Total pot $12 | Rake $0.24
Board [4s 4c Ks]
Seat 1: LEXA425 (big blind) folded on the Flop
Seat 5: LolDnkaments (button) (small blind) collected ($11.76)


PokerStars Hand #152386741673:  Hold'em Limit ($3/$6 USD) - 2016/04/24 14:13:05 ET
Table 'Sakuntala II' 6-max Seat #1 is the button
Seat 1: LEXA425 ($74.76 in chips)
Seat 5: LolDnkaments ($137.86 in chips)
LEXA425: posts small blind $1
LolDnkaments: posts big blind $3
*** HOLE CARDS ***
LEXA425: raises $3 to $6
LolDnkaments: calls $3
*** FLOP *** [Kc 6d 7d]
LolDnkaments: checks
LEXA425: bets $3
LolDnkaments: folds
Uncalled bet ($3) returned to LEXA425
LEXA425 collected $11.76 from pot
LEXA425: doesn't show hand
*** SUMMARY ***
Total pot $12 | Rake $0.24
Board [Kc 6d 7d]
Seat 1: LEXA425 (button) (small blind) collected ($11.76)
Seat 5: LolDnkaments (big blind) folded on the Flop


PokerStars Hand #152386736076:  Hold'em Limit ($3/$6 USD) - 2016/04/24 14:12:59 ET
Table 'Sakuntala II' 6-max Seat #5 is the button
Seat 1: LEXA425 ($77.76 in chips)
Seat 5: LolDnkaments ($134.86 in chips)
LolDnkaments: posts small blind $1
LEXA425: posts big blind $3
*** HOLE CARDS ***
LolDnkaments: raises $3 to $6
LEXA425: folds
Uncalled bet ($3) returned to LolDnkaments
LolDnkaments collected $6 from pot
LolDnkaments: doesn't show hand
*** SUMMARY ***
Total pot $6 | Rake $0
Seat 1: LEXA425 (big blind) folded before Flop
Seat 5: LolDnkaments (button) (small blind) collected ($6)


PokerStars Hand #152386730302:  Hold'em Limit ($3/$6 USD) - 2016/04/24 14:12:53 ET
Table 'Sakuntala II' 6-max Seat #1 is the button
Seat 1: LEXA425 ($78.76 in chips)
Seat 5: LolDnkaments ($133.86 in chips)
LEXA425: posts small blind $1
LolDnkaments: posts big blind $3
*** HOLE CARDS ***
LEXA425: folds
Uncalled bet ($2) returned to LolDnkaments
LolDnkaments collected $2 from pot
LolDnkaments: doesn't show hand
*** SUMMARY ***
Total pot $2 | Rake $0
Seat 1: LEXA425 (button) (small blind) folded before Flop
Seat 5: LolDnkaments (big blind) collected ($2)


PokerStars Hand #152386709293:  Hold'em Limit ($3/$6 USD) - 2016/04/24 14:12:32 ET
Table 'Sakuntala II' 6-max Seat #5 is the button
Seat 1: LEXA425 ($99.76 in chips)
Seat 5: LolDnkaments ($113.36 in chips)
LolDnkaments: posts small blind $1
LEXA425: posts big blind $3
*** HOLE CARDS ***
LolDnkaments: raises $3 to $6
LEXA425: calls $3
*** FLOP *** [6s 9s 8c]
LEXA425: checks
LolDnkaments: bets $3
LEXA425: calls $3
*** TURN *** [6s 9s 8c] [7d]
LEXA425: checks
LolDnkaments: bets $6
LEXA425: calls $6
*** RIVER *** [6s 9s 8c 7d] [Jd]
LEXA425: checks
LolDnkaments: bets $6
LEXA425: calls $6
*** SHOW DOWN ***
LolDnkaments: shows [Td Jh] (a straight, Seven to Jack)
LEXA425: mucks hand
LolDnkaments collected $41.50 from pot
*** SUMMARY ***
Total pot $42 | Rake $0.50
Board [6s 9s 8c 7d Jd]
Seat 1: LEXA425 (big blind) mucked
Seat 5: LolDnkaments (button) (small blind) showed [Td Jh] and won ($41.50) with a straight, Seven to Jack


PokerStars Hand #152386801596:  Hold'em Limit ($3/$6 USD) - 2016/04/24 14:14:05 ET
Table 'Sakuntala II' 6-max Seat #1 is the button
Seat 1: LEXA425 ($56.16 in chips)
Seat 5: LolDnkaments ($155.12 in chips)
LEXA425: posts small blind $1
LolDnkaments: posts big blind $3
*** HOLE CARDS ***
LEXA425: raises $3 to $6
LolDnkaments: raises $3 to $9
LEXA425: raises $3 to $12
Betting is capped
LolDnkaments: calls $3
*** FLOP *** [Qd Qh Kh]
LolDnkaments: checks
LEXA425: bets $3
LolDnkaments: calls $3
*** TURN *** [Qd Qh Kh] [3h]
LolDnkaments: checks
LEXA425: checks
*** RIVER *** [Qd Qh Kh 3h] [3d]
LolDnkaments: bets $6
LEXA425: calls $6
*** SHOW DOWN ***
LolDnkaments: shows [Jd Jh] (two pair, Queens and Jacks)
LEXA425: shows [As Kd] (two pair, Kings and Queens)
LEXA425 collected $41.50 from pot
*** SUMMARY ***
Total pot $42 | Rake $0.50
Board [Qd Qh Kh 3h 3d]
Seat 1: LEXA425 (button) (small blind) showed [As Kd] and won ($41.50) with two pair, Kings and Queens
Seat 5: LolDnkaments (big blind) showed [Jd Jh] and lost with two pair, Queens and Jacks


PokerStars Hand #152386784975:  Hold'em Limit ($3/$6 USD) - 2016/04/24 14:13:48 ET
Table 'Sakuntala II' 6-max Seat #5 is the button
Seat 1: LEXA425 ($47.52 in chips)
Seat 5: LolDnkaments ($164.12 in chips)
LolDnkaments: posts small blind $1
LEXA425: posts big blind $3
*** HOLE CARDS ***
LolDnkaments: raises $3 to $6
LEXA425: calls $3
*** FLOP *** [2d 7h Qs]
LEXA425: checks
LolDnkaments: bets $3
LEXA425: calls $3
*** TURN *** [2d 7h Qs] [9h]
LEXA425: checks
LolDnkaments: checks
*** RIVER *** [2d 7h Qs 9h] [Kd]
LEXA425: checks
LolDnkaments: checks
*** SHOW DOWN ***
LEXA425: shows [2h 5h] (a pair of Deuces)
LolDnkaments: mucks hand
LEXA425 collected $17.64 from pot
*** SUMMARY ***
Total pot $18 | Rake $0.36
Board [2d 7h Qs 9h Kd]
Seat 1: LEXA425 (big blind) showed [2h 5h] and won ($17.64) with a pair of Deuces
Seat 5: LolDnkaments (button) (small blind) mucked


PokerStars Hand #152386762476:  Hold'em Limit ($3/$6 USD) - 2016/04/24 14:13:26 ET
Table 'Sakuntala II' 6-max Seat #1 is the button
Seat 1: LEXA425 ($74.52 in chips)
Seat 5: LolDnkaments ($137.62 in chips)
LEXA425: posts small blind $1
LolDnkaments: posts big blind $3
*** HOLE CARDS ***
LEXA425: raises $3 to $6
LolDnkaments: calls $3
*** FLOP *** [4d 3c 6h]
LolDnkaments: checks
LEXA425: bets $3
LolDnkaments: calls $3
*** TURN *** [4d 3c 6h] [8c]
LolDnkaments: checks
LEXA425: bets $6
LolDnkaments: raises $6 to $12
LEXA425: calls $6
*** RIVER *** [4d 3c 6h 8c] [Tc]
LolDnkaments: bets $6
LEXA425: calls $6
*** SHOW DOWN ***
LolDnkaments: shows [7s 9h] (a straight, Six to Ten)
LEXA425: mucks hand
LolDnkaments collected $53.50 from pot
*** SUMMARY ***
Total pot $54 | Rake $0.50
Board [4d 3c 6h 8c Tc]
Seat 1: LEXA425 (button) (small blind) mucked
Seat 5: LolDnkaments (big blind) showed [7s 9h] and won ($53.50) with a straight, Six to Ten


PokerStars Hand #152386820197:  Hold'em Limit ($3/$6 USD) - 2016/04/24 14:14:23 ET
Table 'Sakuntala II' 6-max Seat #5 is the button
Seat 1: LEXA425 ($76.66 in chips)
Seat 5: LolDnkaments ($134.12 in chips)
LolDnkaments: posts small blind $1
LEXA425: posts big blind $3
*** HOLE CARDS ***
LolDnkaments: raises $3 to $6
LEXA425: folds
Uncalled bet ($3) returned to LolDnkaments
LolDnkaments collected $6 from pot
LolDnkaments: doesn't show hand
*** SUMMARY ***
Total pot $6 | Rake $0
Seat 1: LEXA425 (big blind) folded before Flop
Seat 5: LolDnkaments (button) (small blind) collected ($6)


PokerStars Hand #152386829362:  Hold'em Limit ($3/$6 USD) - 2016/04/24 14:14:32 ET
Table 'Sakuntala II' 6-max Seat #1 is the button
Seat 1: LEXA425 ($73.66 in chips)
Seat 5: LolDnkaments ($137.12 in chips)
LEXA425: posts small blind $1
LolDnkaments: posts big blind $3
*** HOLE CARDS ***
LEXA425: raises $3 to $6
LolDnkaments: folds
Uncalled bet ($3) returned to LEXA425
LEXA425 collected $6 from pot
LEXA425: doesn't show hand
*** SUMMARY ***
Total pot $6 | Rake $0
Seat 1: LEXA425 (button) (small blind) collected ($6)
Seat 5: LolDnkaments (big blind) folded before Flop


