PokerStars Hand #144283275341:  Hold'em Limit ($3/$6 USD) - 2015/11/23 16:39:20 ET
Table 'Sakuntala II' 6-max Seat #6 is the button
Seat 4: HappyHb95 ($165.96 in chips)
Seat 6: pokkermon ($219.20 in chips)
pokkermon: posts small blind $1
benyeiantal: is sitting out
HappyHb95: posts big blind $3
*** HOLE CARDS ***
pokkermon: raises $3 to $6
HappyHb95: calls $3
*** FLOP *** [Qc Qh 7c]
benyeiantal leaves the table
HappyHb95: bets $3
pokkermon: calls $3
*** TURN *** [Qc Qh 7c] [8c]
HappyHb95: bets $6
pokkermon: raises $6 to $12
HappyHb95: calls $6
*** RIVER *** [Qc Qh 7c 8c] [8d]
HappyHb95: checks
pokkermon: checks
*** SHOW DOWN ***
HappyHb95: shows [4c Kc] (a flush, King high)
pokkermon: mucks hand
HappyHb95 collected $41.50 from pot
*** SUMMARY ***
Total pot $42 | Rake $0.50
Board [Qc Qh 7c 8c 8d]
Seat 4: HappyHb95 (big blind) showed [4c Kc] and won ($41.50) with a flush, King high
Seat 6: pokkermon (button) (small blind) mucked


PokerStars Hand #144283300724:  Hold'em Limit ($3/$6 USD) - 2015/11/23 16:39:47 ET
Table 'Sakuntala II' 6-max Seat #4 is the button
Seat 4: HappyHb95 ($186.46 in chips)
Seat 6: pokkermon ($198.20 in chips)
HappyHb95: posts small blind $1
pokkermon: posts big blind $3
*** HOLE CARDS ***
HappyHb95: folds
Uncalled bet ($2) returned to pokkermon
pokkermon collected $2 from pot
pokkermon: doesn't show hand
*** SUMMARY ***
Total pot $2 | Rake $0
Seat 4: HappyHb95 (button) (small blind) folded before Flop
Seat 6: pokkermon (big blind) collected ($2)


PokerStars Hand #144284145971:  Hold'em Limit ($3/$6 USD) - 2015/11/23 16:55:05 ET
Table 'Sakuntala II' 6-max Seat #4 is the button
Seat 4: **Geka**555 ($39.74 in chips)
Seat 5: craaa ($111 in chips)
**Geka**555: posts small blind $1
craaa: posts big blind $3
*** HOLE CARDS ***
**Geka**555: folds
Uncalled bet ($2) returned to craaa
craaa collected $2 from pot
craaa: doesn't show hand
*** SUMMARY ***
Total pot $2 | Rake $0
Seat 4: **Geka**555 (button) (small blind) folded before Flop
Seat 5: craaa (big blind) collected ($2)


PokerStars Hand #144284098366:  Hold'em Limit ($3/$6 USD) - 2015/11/23 16:54:13 ET
Table 'Sakuntala II' 6-max Seat #5 is the button
Seat 4: **Geka**555 ($31.10 in chips)
Seat 5: craaa ($120 in chips)
craaa: posts small blind $1
**Geka**555: posts big blind $3
*** HOLE CARDS ***
craaa: raises $3 to $6
**Geka**555: calls $3
*** FLOP *** [Kh Qh Kc]
**Geka**555: checks
vestimokrec joins the table at seat #6
craaa: bets $3
HappyHb95 joins the table at seat #3
**Geka**555: calls $3
*** TURN *** [Kh Qh Kc] [4h]
**Geka**555: checks
craaa: checks
*** RIVER *** [Kh Qh Kc 4h] [Ks]
**Geka**555: checks
craaa: checks
*** SHOW DOWN ***
**Geka**555: shows [Jc Th] (three of a kind, Kings)
craaa: mucks hand
**Geka**555 collected $17.64 from pot
*** SUMMARY ***
Total pot $18 | Rake $0.36
Board [Kh Qh Kc 4h Ks]
Seat 4: **Geka**555 (big blind) showed [Jc Th] and won ($17.64) with three of a kind, Kings
Seat 5: craaa (button) (small blind) mucked


PokerStars Hand #144285792726:  Hold'em Limit ($3/$6 USD) - 2015/11/23 17:26:35 ET
Table 'Sakuntala II' 6-max Seat #6 is the button
Seat 4: hairy1961 ($59 in chips)
Seat 6: vestimokrec ($121 in chips)
vestimokrec: posts small blind $1
hairy1961: posts big blind $3
*** HOLE CARDS ***
vestimokrec: raises $3 to $6
hairy1961: calls $3
*** FLOP *** [8s As 6s]
hairy1961: checks
vestimokrec: bets $3
hairy1961: raises $3 to $6
vestimokrec: calls $3
*** TURN *** [8s As 6s] [2d]
hairy1961: bets $6
korrnel joins the table at seat #1
vestimokrec: calls $6
*** RIVER *** [8s As 6s 2d] [7d]
hairy1961: checks
vestimokrec: bets $6
hairy1961: folds
Uncalled bet ($6) returned to vestimokrec
vestimokrec collected $35.50 from pot
vestimokrec: doesn't show hand
*** SUMMARY ***
Total pot $36 | Rake $0.50
Board [8s As 6s 2d 7d]
Seat 4: hairy1961 (big blind) folded on the River
Seat 6: vestimokrec (button) (small blind) collected ($35.50)


PokerStars Hand #144285781839:  Hold'em Limit ($3/$6 USD) - 2015/11/23 17:26:22 ET
Table 'Sakuntala II' 6-max Seat #4 is the button
Seat 4: hairy1961 ($60 in chips)
Seat 6: vestimokrec ($120 in chips)
hairy1961: posts small blind $1
vestimokrec: posts big blind $3
*** HOLE CARDS ***
hairy1961: folds
Uncalled bet ($2) returned to vestimokrec
vestimokrec collected $2 from pot
vestimokrec: doesn't show hand
*** SUMMARY ***
Total pot $2 | Rake $0
Seat 4: hairy1961 (button) (small blind) folded before Flop
Seat 6: vestimokrec (big blind) collected ($2)


PokerStars Hand #144285841850:  Hold'em Limit ($3/$6 USD) - 2015/11/23 17:27:31 ET
Table 'Sakuntala II' 6-max Seat #4 is the button
Seat 4: hairy1961 ($41 in chips)
Seat 6: vestimokrec ($138.50 in chips)
hairy1961: posts small blind $1
vestimokrec: posts big blind $3
*** HOLE CARDS ***
hairy1961: folds
Uncalled bet ($2) returned to vestimokrec
vestimokrec collected $2 from pot
vestimokrec: doesn't show hand
*** SUMMARY ***
Total pot $2 | Rake $0
Seat 4: hairy1961 (button) (small blind) folded before Flop
Seat 6: vestimokrec (big blind) collected ($2)


PokerStars Hand #144286154058:  Hold'em Limit ($3/$6 USD) - 2015/11/23 17:33:32 ET
Table 'Sakuntala II' 6-max Seat #1 is the button
Seat 1: korrnel ($134.10 in chips)
Seat 6: vestimokrec ($156.99 in chips)
korrnel: posts small blind $1
vestimokrec: posts big blind $3
*** HOLE CARDS ***
korrnel: folds
Uncalled bet ($2) returned to vestimokrec
vestimokrec collected $2 from pot
vestimokrec: doesn't show hand
*** SUMMARY ***
Total pot $2 | Rake $0
Seat 1: korrnel (button) (small blind) folded before Flop
Seat 6: vestimokrec (big blind) collected ($2)


PokerStars Hand #144286158225:  Hold'em Limit ($3/$6 USD) - 2015/11/23 17:33:37 ET
Table 'Sakuntala II' 6-max Seat #6 is the button
Seat 1: korrnel ($133.10 in chips)
Seat 6: vestimokrec ($157.99 in chips)
vestimokrec: posts small blind $1
korrnel: posts big blind $3
*** HOLE CARDS ***
hairy1961 leaves the table
vestimokrec: raises $3 to $6
korrnel: folds
Uncalled bet ($3) returned to vestimokrec
vestimokrec collected $6 from pot
vestimokrec: doesn't show hand
*** SUMMARY ***
Total pot $6 | Rake $0
Seat 1: korrnel (big blind) folded before Flop
Seat 6: vestimokrec (button) (small blind) collected ($6)


