PokerStars Hand #151788223505:  Hold'em Limit ($3/$6 USD) - 2016/04/11 19:11:44 ET
Table 'Saldanha' 6-max Seat #3 is the button
Seat 2: ajmaster333 ($65 in chips)
Seat 3: anetkaapro ($628.77 in chips)
anetkaapro: posts small blind $1
ajmaster333: posts big blind $3
*** HOLE CARDS ***
anetkaapro: raises $3 to $6
ajmaster333: calls $3
*** FLOP *** [Qs 2c 5d]
ajmaster333: checks
anetkaapro: bets $3
ajmaster333: calls $3
*** TURN *** [Qs 2c 5d] [3d]
ajmaster333: checks
anetkaapro: checks
*** RIVER *** [Qs 2c 5d 3d] [4s]
ajmaster333: checks
anetkaapro: bets $6
ajmaster333: folds
Uncalled bet ($6) returned to anetkaapro
anetkaapro collected $17.64 from pot
anetkaapro: doesn't show hand
*** SUMMARY ***
Total pot $18 | Rake $0.36
Board [Qs 2c 5d 3d 4s]
Seat 2: ajmaster333 (big blind) folded on the River
Seat 3: anetkaapro (button) (small blind) collected ($17.64)


PokerStars Hand #151788244298:  Hold'em Limit ($3/$6 USD) - 2016/04/11 19:12:16 ET
Table 'Saldanha' 6-max Seat #2 is the button
Seat 2: ajmaster333 ($56 in chips)
Seat 3: anetkaapro ($637.41 in chips)
ajmaster333: posts small blind $1
anetkaapro: posts big blind $3
*** HOLE CARDS ***
ajmaster333: raises $3 to $6
anetkaapro: calls $3
*** FLOP *** [3c Qh Jd]
anetkaapro: checks
ajmaster333: bets $3
anetkaapro: raises $3 to $6
ajmaster333: calls $3
*** TURN *** [3c Qh Jd] [Ks]
lelala joins the table at seat #1
anetkaapro: bets $6
ajmaster333: raises $6 to $12
anetkaapro: calls $6
*** RIVER *** [3c Qh Jd Ks] [Js]
anetkaapro: checks
ajmaster333: bets $6
anetkaapro: calls $6
*** SHOW DOWN ***
ajmaster333: shows [2d Kd] (two pair, Kings and Jacks)
anetkaapro: mucks hand
ajmaster333 collected $59.50 from pot
*** SUMMARY ***
Total pot $60 | Rake $0.50
Board [3c Qh Jd Ks Js]
Seat 2: ajmaster333 (button) (small blind) showed [2d Kd] and won ($59.50) with two pair, Kings and Jacks
Seat 3: anetkaapro (big blind) mucked


PokerStars Hand #151788347531:  Hold'em Limit ($3/$6 USD) - 2016/04/11 19:14:55 ET
Table 'Saldanha' 6-max Seat #1 is the button
Seat 1: lelala ($119.27 in chips)
Seat 3: anetkaapro ($611.33 in chips)
firuzza will be allowed to play after the button
lelala: posts small blind $1
ajmaster333: is sitting out
anetkaapro: posts big blind $3
*** HOLE CARDS ***
lelala: folds
Uncalled bet ($2) returned to anetkaapro
anetkaapro collected $2 from pot
anetkaapro: doesn't show hand
*** SUMMARY ***
Total pot $2 | Rake $0
Seat 1: lelala (button) (small blind) folded before Flop
Seat 3: anetkaapro (big blind) collected ($2)


PokerStars Hand #151788354752:  Hold'em Limit ($3/$6 USD) - 2016/04/11 19:15:06 ET
Table 'Saldanha' 6-max Seat #5 is the button
Seat 1: lelala ($118.27 in chips)
Seat 5: firuzza ($301.67 in chips)
firuzza: posts small blind $1
lelala: posts big blind $3
*** HOLE CARDS ***
firuzza: raises $3 to $6
anetkaapro joins the table at seat #2
lelala: calls $3
*** FLOP *** [8h 3h Td]
lelala: checks
firuzza: bets $3
lelala: calls $3
*** TURN *** [8h 3h Td] [Qd]
lelala: checks
firuzza: bets $6
lelala: calls $6
*** RIVER *** [8h 3h Td Qd] [Jh]
lelala: checks
firuzza: bets $6
lelala: calls $6
*** SHOW DOWN ***
firuzza: shows [Ad Qc] (a pair of Queens)
lelala: mucks hand
firuzza collected $41.50 from pot
*** SUMMARY ***
Total pot $42 | Rake $0.50
Board [8h 3h Td Qd Jh]
Seat 1: lelala (big blind) mucked
Seat 5: firuzza (button) (small blind) showed [Ad Qc] and won ($41.50) with a pair of Queens


PokerStars Hand #151789504655:  Hold'em Limit ($3/$6 USD) - 2016/04/11 19:47:09 ET
Table 'Saldanha' 6-max Seat #5 is the button
Seat 1: MissEKAmouse ($151.60 in chips)
Seat 5: firuzza ($270.50 in chips)
firuzza: posts small blind $1
MissEKAmouse: posts big blind $3
*** HOLE CARDS ***
anetkaapro leaves the table
firuzza: folds
Uncalled bet ($2) returned to MissEKAmouse
MissEKAmouse collected $2 from pot
MissEKAmouse: doesn't show hand
*** SUMMARY ***
Total pot $2 | Rake $0
Seat 1: MissEKAmouse (big blind) collected ($2)
Seat 5: firuzza (button) (small blind) folded before Flop


PokerStars Hand #151789501086:  Hold'em Limit ($3/$6 USD) - 2016/04/11 19:47:03 ET
Table 'Saldanha' 6-max Seat #1 is the button
Seat 1: MissEKAmouse ($152.60 in chips)
Seat 5: firuzza ($269.50 in chips)
MissEKAmouse: posts small blind $1
firuzza: posts big blind $3
*** HOLE CARDS ***
MissEKAmouse: folds
Uncalled bet ($2) returned to firuzza
firuzza collected $2 from pot
firuzza: doesn't show hand
*** SUMMARY ***
Total pot $2 | Rake $0
Seat 1: MissEKAmouse (button) (small blind) folded before Flop
Seat 5: firuzza (big blind) collected ($2)


PokerStars Hand #151789496310:  Hold'em Limit ($3/$6 USD) - 2016/04/11 19:46:54 ET
Table 'Saldanha' 6-max Seat #5 is the button
Seat 1: MissEKAmouse ($151.60 in chips)
Seat 5: firuzza ($270.50 in chips)
firuzza: posts small blind $1
MissEKAmouse: posts big blind $3
*** HOLE CARDS ***
firuzza: folds
Uncalled bet ($2) returned to MissEKAmouse
MissEKAmouse collected $2 from pot
MissEKAmouse: doesn't show hand
*** SUMMARY ***
Total pot $2 | Rake $0
Seat 1: MissEKAmouse (big blind) collected ($2)
Seat 5: firuzza (button) (small blind) folded before Flop


PokerStars Hand #151789478366:  Hold'em Limit ($3/$6 USD) - 2016/04/11 19:46:22 ET
Table 'Saldanha' 6-max Seat #1 is the button
Seat 1: MissEKAmouse ($166.60 in chips)
Seat 5: firuzza ($256 in chips)
MissEKAmouse: posts small blind $1
vestimokrec: is sitting out
firuzza: posts big blind $3
*** HOLE CARDS ***
MissEKAmouse: raises $3 to $6
firuzza: calls $3
*** FLOP *** [Ts 5h 8d]
firuzza: checks
vestimokrec leaves the table
MissEKAmouse: bets $3
firuzza: calls $3
*** TURN *** [Ts 5h 8d] [Jc]
firuzza: checks
bugsbubble leaves the table
MissEKAmouse: bets $6
Yell0wBack joins the table at seat #3
firuzza: calls $6
*** RIVER *** [Ts 5h 8d Jc] [9c]
firuzza: bets $6
Yell0wBack leaves the table
MissEKAmouse: folds
Uncalled bet ($6) returned to firuzza
firuzza collected $29.50 from pot
firuzza: doesn't show hand
*** SUMMARY ***
Total pot $30 | Rake $0.50
Board [Ts 5h 8d Jc 9c]
Seat 1: MissEKAmouse (button) (small blind) folded on the River
Seat 5: firuzza (big blind) collected ($29.50)


PokerStars Hand #151789508921:  Hold'em Limit ($3/$6 USD) - 2016/04/11 19:47:17 ET
Table 'Saldanha' 6-max Seat #1 is the button
Seat 1: MissEKAmouse ($152.60 in chips)
Seat 5: firuzza ($269.50 in chips)
MissEKAmouse: posts small blind $1
firuzza: posts big blind $3
*** HOLE CARDS ***
MissEKAmouse: calls $2
firuzza: checks
*** FLOP *** [5d Qd 7c]
firuzza: checks
MissEKAmouse: bets $3
firuzza: calls $3
*** TURN *** [5d Qd 7c] [As]
firuzza: checks
MissEKAmouse: checks
*** RIVER *** [5d Qd 7c As] [Tc]
firuzza: checks
MissEKAmouse: checks
*** SHOW DOWN ***
firuzza: shows [5h 8c] (a pair of Fives)
MissEKAmouse: mucks hand
firuzza collected $11.76 from pot
*** SUMMARY ***
Total pot $12 | Rake $0.24
Board [5d Qd 7c As Tc]
Seat 1: MissEKAmouse (button) (small blind) mucked
Seat 5: firuzza (big blind) showed [5h 8c] and won ($11.76) with a pair of Fives


