PokerStars Hand #154460255946:  Hold'em Limit ($3/$6 USD) - 2016/06/08 10:29:20 ET
Table 'Saldanha' 6-max Seat #3 is the button
Seat 2: bell2013 ($40.10 in chips)
Seat 3: GoliafUa ($125.76 in chips)
GoliafUa: posts small blind $1
bell2013: posts big blind $3
*** HOLE CARDS ***
GoliafUa: raises $3 to $6
bell2013: calls $3
*** FLOP *** [6s Jh Qs]
bell2013: checks
GoliafUa: bets $3
bell2013: raises $3 to $6
GoliafUa: folds
Uncalled bet ($3) returned to bell2013
bell2013 collected $17.64 from pot
bell2013: doesn't show hand
*** SUMMARY ***
Total pot $18 | Rake $0.36
Board [6s Jh Qs]
Seat 2: bell2013 (big blind) collected ($17.64)
Seat 3: GoliafUa (button) (small blind) folded on the Flop


PokerStars Hand #154460243105:  Hold'em Limit ($3/$6 USD) - 2016/06/08 10:28:58 ET
Table 'Saldanha' 6-max Seat #2 is the button
Seat 2: bell2013 ($46.10 in chips)
Seat 3: GoliafUa ($120 in chips)
bell2013: posts small blind $1
GoliafUa: posts big blind $3
*** HOLE CARDS ***
bell2013: calls $2
GoliafUa: checks
*** FLOP *** [8h 2c 3c]
GoliafUa: bets $3
bell2013: calls $3
*** TURN *** [8h 2c 3c] [7d]
GoliafUa: bets $6
bell2013: folds
Uncalled bet ($6) returned to GoliafUa
GoliafUa collected $11.76 from pot
*** SUMMARY ***
Total pot $12 | Rake $0.24
Board [8h 2c 3c 7d]
Seat 2: bell2013 (button) (small blind) folded on the Turn
Seat 3: GoliafUa (big blind) collected ($11.76)


PokerStars Hand #154460264799:  Hold'em Limit ($3/$6 USD) - 2016/06/08 10:29:35 ET
Table 'Saldanha' 6-max Seat #2 is the button
Seat 2: bell2013 ($48.74 in chips)
Seat 3: GoliafUa ($116.76 in chips)
bell2013: posts small blind $1
GoliafUa: posts big blind $3
*** HOLE CARDS ***
bell2013: folds
Uncalled bet ($2) returned to GoliafUa
bell2013 leaves the table
GoliafUa collected $2 from pot
*** SUMMARY ***
Total pot $2 | Rake $0
Seat 2: bell2013 (button) (small blind) folded before Flop
Seat 3: GoliafUa (big blind) collected ($2)


