PokerStars Hand #149836847135:  Hold'em Limit ($3/$6 USD) - 2016/03/04 15:07:34 ET
Table 'Saldanha' 6-max Seat #3 is the button
Seat 3: Hats007 ($122 in chips)
Seat 4: AzureCaper ($76.64 in chips)
Hats007: posts small blind $1
AzureCaper: posts big blind $3
*** HOLE CARDS ***
Hats007: calls $2
AzureCaper: raises $3 to $6
Hats007: calls $3
*** FLOP *** [2s 6c Ac]
AzureCaper: bets $3
Hats007: folds
Uncalled bet ($3) returned to AzureCaper
AzureCaper collected $11.76 from pot
AzureCaper: doesn't show hand
*** SUMMARY ***
Total pot $12 | Rake $0.24
Board [2s 6c Ac]
Seat 3: Hats007 (button) (small blind) folded on the Flop
Seat 4: AzureCaper (big blind) collected ($11.76)


PokerStars Hand #149836920524:  Hold'em Limit ($3/$6 USD) - 2016/03/04 15:08:49 ET
Table 'Saldanha' 6-max Seat #4 is the button
Seat 3: Hats007 ($117.50 in chips)
Seat 4: AzureCaper ($83.52 in chips)
AzureCaper: posts small blind $1
Hats007: posts big blind $3
*** HOLE CARDS ***
AzureCaper: folds
Uncalled bet ($2) returned to Hats007
Hats007 collected $2 from pot
Hats007: doesn't show hand
*** SUMMARY ***
Total pot $2 | Rake $0
Seat 3: Hats007 (big blind) collected ($2)
Seat 4: AzureCaper (button) (small blind) folded before Flop


PokerStars Hand #149836907358:  Hold'em Limit ($3/$6 USD) - 2016/03/04 15:08:36 ET
Table 'Saldanha' 6-max Seat #3 is the button
Seat 3: Hats007 ($129.50 in chips)
Seat 4: AzureCaper ($72 in chips)
Hats007: posts small blind $1
AzureCaper: posts big blind $3
*** HOLE CARDS ***
Hats007: raises $3 to $6
AzureCaper: calls $3
*** FLOP *** [Kh 5h 8s]
AzureCaper: checks
Hats007: bets $3
AzureCaper: raises $3 to $6
Hats007: calls $3
*** TURN *** [Kh 5h 8s] [2d]
AzureCaper: bets $6
Hats007: folds
Uncalled bet ($6) returned to AzureCaper
AzureCaper collected $23.52 from pot
AzureCaper: doesn't show hand
*** SUMMARY ***
Total pot $24 | Rake $0.48
Board [Kh 5h 8s 2d]
Seat 3: Hats007 (button) (small blind) folded on the Turn
Seat 4: AzureCaper (big blind) collected ($23.52)


PokerStars Hand #149836891449:  Hold'em Limit ($3/$6 USD) - 2016/03/04 15:08:19 ET
Table 'Saldanha' 6-max Seat #4 is the button
Seat 3: Hats007 ($112 in chips)
Seat 4: AzureCaper ($86.40 in chips)
AzureCaper: posts small blind $1
Hats007: posts big blind $3
*** HOLE CARDS ***
AzureCaper: raises $3 to $6
Hats007: raises $3 to $9
AzureCaper: calls $3
*** FLOP *** [3h 5h 4s]
Hats007: bets $3
AzureCaper: calls $3
*** TURN *** [3h 5h 4s] [Ah]
Hats007: bets $6
AzureCaper: calls $6
*** RIVER *** [3h 5h 4s Ah] [3s]
Hats007: bets $6
AzureCaper: folds
Uncalled bet ($6) returned to Hats007
Hats007 collected $35.50 from pot
Hats007: doesn't show hand
*** SUMMARY ***
Total pot $36 | Rake $0.50
Board [3h 5h 4s Ah 3s]
Seat 3: Hats007 (big blind) collected ($35.50)
Seat 4: AzureCaper (button) (small blind) folded on the River


PokerStars Hand #149836886448:  Hold'em Limit ($3/$6 USD) - 2016/03/04 15:08:14 ET
Table 'Saldanha' 6-max Seat #3 is the button
Seat 3: Hats007 ($113 in chips)
Seat 4: AzureCaper ($85.40 in chips)
Hats007: posts small blind $1
AzureCaper: posts big blind $3
*** HOLE CARDS ***
Hats007: folds
Uncalled bet ($2) returned to AzureCaper
AzureCaper collected $2 from pot
AzureCaper: doesn't show hand
*** SUMMARY ***
Total pot $2 | Rake $0
Seat 3: Hats007 (button) (small blind) folded before Flop
Seat 4: AzureCaper (big blind) collected ($2)


PokerStars Hand #149836878968:  Hold'em Limit ($3/$6 USD) - 2016/03/04 15:08:06 ET
Table 'Saldanha' 6-max Seat #4 is the button
Seat 3: Hats007 ($116 in chips)
Seat 4: AzureCaper ($82.40 in chips)
AzureCaper: posts small blind $1
Hats007: posts big blind $3
*** HOLE CARDS ***
AzureCaper: raises $3 to $6
Hats007: folds
Uncalled bet ($3) returned to AzureCaper
AzureCaper collected $6 from pot
AzureCaper: doesn't show hand
*** SUMMARY ***
Total pot $6 | Rake $0
Seat 3: Hats007 (big blind) folded before Flop
Seat 4: AzureCaper (button) (small blind) collected ($6)


PokerStars Hand #149837026958:  Hold'em Limit ($3/$6 USD) - 2016/03/04 15:10:38 ET
Table 'Saldanha' 6-max Seat #3 is the button
Seat 3: Hats007 ($131.92 in chips)
Seat 4: AzureCaper ($116.50 in chips)
ValeryRon will be allowed to play after the button
Hats007: posts small blind $1
AzureCaper: posts big blind $3
*** HOLE CARDS ***
Hats007: raises $3 to $6
AzureCaper: calls $3
*** FLOP *** [Qh 7c Ks]
AzureCaper: checks
Hats007: bets $3
AzureCaper: folds
Uncalled bet ($3) returned to Hats007
Hats007 collected $11.76 from pot
Hats007: doesn't show hand
*** SUMMARY ***
Total pot $12 | Rake $0.24
Board [Qh 7c Ks]
Seat 3: Hats007 (button) (small blind) collected ($11.76)
Seat 4: AzureCaper (big blind) folded on the Flop


PokerStars Hand #149836974915:  Hold'em Limit ($3/$6 USD) - 2016/03/04 15:09:45 ET
Table 'Saldanha' 6-max Seat #4 is the button
Seat 3: Hats007 ($165.28 in chips)
Seat 4: AzureCaper ($72 in chips)
AzureCaper: posts small blind $1
MrWestergren joins the table at seat #6
Hats007: posts big blind $3
*** HOLE CARDS ***
AzureCaper: raises $3 to $6
Hats007: calls $3
*** FLOP *** [8d Qs 7c]
Hats007: checks
AzureCaper: bets $3
Hats007: calls $3
*** TURN *** [8d Qs 7c] [Jc]
Hats007: checks
AzureCaper: checks
*** RIVER *** [8d Qs 7c Jc] [6s]
Hats007: bets $6
AzureCaper: folds
Uncalled bet ($6) returned to Hats007
Hats007 collected $17.64 from pot
Hats007: doesn't show hand
*** SUMMARY ***
Total pot $18 | Rake $0.36
Board [8d Qs 7c Jc 6s]
Seat 3: Hats007 (big blind) collected ($17.64)
Seat 4: AzureCaper (button) (small blind) folded on the River


PokerStars Hand #149836995306:  Hold'em Limit ($3/$6 USD) - 2016/03/04 15:10:06 ET
Table 'Saldanha' 6-max Seat #3 is the button
Seat 3: Hats007 ($173.92 in chips)
Seat 4: AzureCaper ($72 in chips)
Hats007: posts small blind $1
AzureCaper: posts big blind $3
*** HOLE CARDS ***
Hats007: raises $3 to $6
AzureCaper: raises $3 to $9
Hats007: raises $3 to $12
Betting is capped
AzureCaper: calls $3
*** FLOP *** [3d Th 9s]
AzureCaper: checks
ValeryRon joins the table at seat #1
Hats007: bets $3
AzureCaper: raises $3 to $6
Hats007: calls $3
*** TURN *** [3d Th 9s] [3s]
AzureCaper: bets $6
Hats007: calls $6
*** RIVER *** [3d Th 9s 3s] [Kc]
AzureCaper: bets $6
Hats007: raises $6 to $12
AzureCaper: raises $6 to $18
Hats007: calls $6
*** SHOW DOWN ***
AzureCaper: shows [Ac Ad] (two pair, Aces and Threes)
Hats007: mucks hand
AzureCaper collected $83.50 from pot
*** SUMMARY ***
Total pot $84 | Rake $0.50
Board [3d Th 9s 3s Kc]
Seat 3: Hats007 (button) (small blind) mucked
Seat 4: AzureCaper (big blind) showed [Ac Ad] and won ($83.50) with two pair, Aces and Threes


PokerStars Hand #149836924839:  Hold'em Limit ($3/$6 USD) - 2016/03/04 15:08:54 ET
Table 'Saldanha' 6-max Seat #3 is the button
Seat 3: Hats007 ($118.50 in chips)
Seat 4: AzureCaper ($82.52 in chips)
Hats007: posts small blind $1
AzureCaper: posts big blind $3
*** HOLE CARDS ***
Hats007: raises $3 to $6
AzureCaper: calls $3
*** FLOP *** [4c Jc Kc]
AzureCaper: checks
Hats007: checks
*** TURN *** [4c Jc Kc] [Jh]
AzureCaper: checks
Hats007: bets $6
AzureCaper: folds
Uncalled bet ($6) returned to Hats007
Hats007 collected $11.76 from pot
Hats007: doesn't show hand
*** SUMMARY ***
Total pot $12 | Rake $0.24
Board [4c Jc Kc Jh]
Seat 3: Hats007 (button) (small blind) collected ($11.76)
Seat 4: AzureCaper (big blind) folded on the Turn


PokerStars Hand #149836945653:  Hold'em Limit ($3/$6 USD) - 2016/03/04 15:09:15 ET
Table 'Saldanha' 6-max Seat #4 is the button
Seat 3: Hats007 ($124.26 in chips)
Seat 4: AzureCaper ($76.52 in chips)
AzureCaper: posts small blind $1
Hats007: posts big blind $3
*** HOLE CARDS ***
AzureCaper: raises $3 to $6
Hats007: raises $3 to $9
AzureCaper: calls $3
*** FLOP *** [5d Kc 6c]
Hats007: bets $3
AzureCaper: calls $3
*** TURN *** [5d Kc 6c] [8h]
Hats007: bets $6
AzureCaper: folds
Uncalled bet ($6) returned to Hats007
Hats007 collected $23.52 from pot
Hats007: doesn't show hand
*** SUMMARY ***
Total pot $24 | Rake $0.48
Board [5d Kc 6c 8h]
Seat 3: Hats007 (big blind) collected ($23.52)
Seat 4: AzureCaper (button) (small blind) folded on the Turn


PokerStars Hand #149837145931:  Hold'em Limit ($3/$6 USD) - 2016/03/04 15:12:40 ET
Table 'Saldanha' 6-max Seat #4 is the button
Seat 3: Hats007 ($94.87 in chips)
Seat 4: AzureCaper ($106.50 in chips)
AzureCaper: posts small blind $1
ValeryRon: is sitting out
Hats007: posts big blind $3
*** HOLE CARDS ***
AzureCaper: folds
Uncalled bet ($2) returned to Hats007
Hats007 collected $2 from pot
Hats007: doesn't show hand
*** SUMMARY ***
Total pot $2 | Rake $0
Seat 3: Hats007 (big blind) collected ($2)
Seat 4: AzureCaper (button) (small blind) folded before Flop


PokerStars Hand #149837150812:  Hold'em Limit ($3/$6 USD) - 2016/03/04 15:12:45 ET
Table 'Saldanha' 6-max Seat #3 is the button
Seat 3: Hats007 ($95.87 in chips)
Seat 4: AzureCaper ($105.50 in chips)
Hats007: posts small blind $1
AzureCaper: posts big blind $3
*** HOLE CARDS ***
Hats007: calls $2
AzureCaper: checks
*** FLOP *** [Jh 2c 5s]
ValeryRon leaves the table
AzureCaper: checks
Hats007: bets $3
AzureCaper: folds
Uncalled bet ($3) returned to Hats007
Hats007 collected $5.88 from pot
Hats007: doesn't show hand
*** SUMMARY ***
Total pot $6 | Rake $0.12
Board [Jh 2c 5s]
Seat 3: Hats007 (button) (small blind) collected ($5.88)
Seat 4: AzureCaper (big blind) folded on the Flop


PokerStars Hand #149837162546:  Hold'em Limit ($3/$6 USD) - 2016/03/04 15:12:57 ET
Table 'Saldanha' 6-max Seat #4 is the button
Seat 3: Hats007 ($98.75 in chips)
Seat 4: AzureCaper ($102.50 in chips)
AzureCaper: posts small blind $1
Hats007: posts big blind $3
*** HOLE CARDS ***
AzureCaper: raises $3 to $6
Hats007: calls $3
*** FLOP *** [8d Jc Kh]
Hats007: checks
AzureCaper: bets $3
Hats007: folds
Uncalled bet ($3) returned to AzureCaper
AzureCaper collected $11.76 from pot
AzureCaper: doesn't show hand
*** SUMMARY ***
Total pot $12 | Rake $0.24
Board [8d Jc Kh]
Seat 3: Hats007 (big blind) folded on the Flop
Seat 4: AzureCaper (button) (small blind) collected ($11.76)


PokerStars Hand #149837182029:  Hold'em Limit ($3/$6 USD) - 2016/03/04 15:13:17 ET
Table 'Saldanha' 6-max Seat #4 is the button
Seat 3: Hats007 ($91.75 in chips)
Seat 4: AzureCaper ($109.26 in chips)
AzureCaper: posts small blind $1
Hats007: posts big blind $3
*** HOLE CARDS ***
AzureCaper: folds
Uncalled bet ($2) returned to Hats007
Hats007 collected $2 from pot
Hats007: doesn't show hand
*** SUMMARY ***
Total pot $2 | Rake $0
Seat 3: Hats007 (big blind) collected ($2)
Seat 4: AzureCaper (button) (small blind) folded before Flop


PokerStars Hand #149837177229:  Hold'em Limit ($3/$6 USD) - 2016/03/04 15:13:12 ET
Table 'Saldanha' 6-max Seat #3 is the button
Seat 3: Hats007 ($92.75 in chips)
Seat 4: AzureCaper ($108.26 in chips)
Hats007: posts small blind $1
AzureCaper: posts big blind $3
*** HOLE CARDS ***
Hats007: folds
Uncalled bet ($2) returned to AzureCaper
AzureCaper collected $2 from pot
AzureCaper: doesn't show hand
*** SUMMARY ***
Total pot $2 | Rake $0
Seat 3: Hats007 (button) (small blind) folded before Flop
Seat 4: AzureCaper (big blind) collected ($2)


PokerStars Hand #149837191926:  Hold'em Limit ($3/$6 USD) - 2016/03/04 15:13:27 ET
Table 'Saldanha' 6-max Seat #4 is the button
Seat 3: Hats007 ($91.75 in chips)
Seat 4: AzureCaper ($109.26 in chips)
AzureCaper: posts small blind $1
Hats007: posts big blind $3
*** HOLE CARDS ***
AzureCaper: folds
Uncalled bet ($2) returned to Hats007
Hats007 collected $2 from pot
Hats007: doesn't show hand
*** SUMMARY ***
Total pot $2 | Rake $0
Seat 3: Hats007 (big blind) collected ($2)
Seat 4: AzureCaper (button) (small blind) folded before Flop


PokerStars Hand #149837186408:  Hold'em Limit ($3/$6 USD) - 2016/03/04 15:13:22 ET
Table 'Saldanha' 6-max Seat #3 is the button
Seat 3: Hats007 ($92.75 in chips)
Seat 4: AzureCaper ($108.26 in chips)
Hats007: posts small blind $1
AzureCaper: posts big blind $3
*** HOLE CARDS ***
Hats007: folds
Uncalled bet ($2) returned to AzureCaper
AzureCaper collected $2 from pot
AzureCaper: doesn't show hand
*** SUMMARY ***
Total pot $2 | Rake $0
Seat 3: Hats007 (button) (small blind) folded before Flop
Seat 4: AzureCaper (big blind) collected ($2)


PokerStars Hand #149837196648:  Hold'em Limit ($3/$6 USD) - 2016/03/04 15:13:32 ET
Table 'Saldanha' 6-max Seat #3 is the button
Seat 3: Hats007 ($92.75 in chips)
Seat 4: AzureCaper ($108.26 in chips)
Hats007: posts small blind $1
AzureCaper: posts big blind $3
*** HOLE CARDS ***
Hats007: folds
Uncalled bet ($2) returned to AzureCaper
AzureCaper collected $2 from pot
*** SUMMARY ***
Total pot $2 | Rake $0
Seat 3: Hats007 (button) (small blind) folded before Flop
Seat 4: AzureCaper (big blind) collected ($2)


PokerStars Hand #149837201538:  Hold'em Limit ($3/$6 USD) - 2016/03/04 15:13:37 ET
Table 'Saldanha' 6-max Seat #4 is the button
Seat 3: Hats007 ($91.75 in chips)
Seat 4: AzureCaper ($109.26 in chips)
AzureCaper: posts small blind $1
Hats007: posts big blind $3
*** HOLE CARDS ***
AzureCaper: folds
Uncalled bet ($2) returned to Hats007
Hats007 collected $2 from pot
Hats007: doesn't show hand
AzureCaper leaves the table
*** SUMMARY ***
Total pot $2 | Rake $0
Seat 3: Hats007 (big blind) collected ($2)
Seat 4: AzureCaper (button) (small blind) folded before Flop


