PokerStars Hand #154978735932:  Hold'em Limit ($3/$6 USD) - 2016/06/20 11:23:17 ET
Table 'Saldanha' 6-max Seat #1 is the button
Seat 1: Ag3r0n ($161.72 in chips)
Seat 4: jvc336 ($142.75 in chips)
Ag3r0n: posts small blind $1
Murrrr_@T: is sitting out
jvc336: posts big blind $3
*** HOLE CARDS ***
Murrrr_@T leaves the table
Ag3r0n: raises $3 to $6
jvc336: folds
Uncalled bet ($3) returned to Ag3r0n
Ag3r0n collected $6 from pot
*** SUMMARY ***
Total pot $6 | Rake $0
Seat 1: Ag3r0n (button) (small blind) collected ($6)
Seat 4: jvc336 (big blind) folded before Flop


PokerStars Hand #154978741345:  Hold'em Limit ($3/$6 USD) - 2016/06/20 11:23:26 ET
Table 'Saldanha' 6-max Seat #4 is the button
Seat 1: Ag3r0n ($164.72 in chips)
Seat 4: jvc336 ($139.75 in chips)
jvc336: posts small blind $1
Ag3r0n: posts big blind $3
*** HOLE CARDS ***
jvc336: raises $3 to $6
Ag3r0n: calls $3
*** FLOP *** [4c 9h 7s]
Ag3r0n: checks
jvc336: bets $3
Ag3r0n: folds
Uncalled bet ($3) returned to jvc336
jvc336 collected $11.76 from pot
*** SUMMARY ***
Total pot $12 | Rake $0.24
Board [4c 9h 7s]
Seat 1: Ag3r0n (big blind) folded on the Flop
Seat 4: jvc336 (button) (small blind) collected ($11.76)


PokerStars Hand #154978862358:  Hold'em Limit ($3/$6 USD) - 2016/06/20 11:26:50 ET
Table 'Saldanha' 6-max Seat #6 is the button
Seat 1: Ag3r0n ($134.22 in chips)
Seat 6: Murrrr_@T ($150.49 in chips)
Murrrr_@T: posts small blind $1
Ag3r0n: posts big blind $3
*** HOLE CARDS ***
Murrrr_@T: raises $3 to $6
Ag3r0n: calls $3
*** FLOP *** [Th Kh 3d]
Ag3r0n: checks
Murrrr_@T: bets $3
Ag3r0n: raises $3 to $6
Murrrr_@T: calls $3
*** TURN *** [Th Kh 3d] [4c]
Ag3r0n: bets $6
Murrrr_@T: calls $6
*** RIVER *** [Th Kh 3d 4c] [4h]
Ag3r0n: bets $6
Murrrr_@T: calls $6
*** SHOW DOWN ***
Ag3r0n: shows [2h Qh] (a flush, King high)
Murrrr_@T: mucks hand
Ag3r0n collected $47.50 from pot
*** SUMMARY ***
Total pot $48 | Rake $0.50
Board [Th Kh 3d 4c 4h]
Seat 1: Ag3r0n (big blind) showed [2h Qh] and won ($47.50) with a flush, King high
Seat 6: Murrrr_@T (button) (small blind) mucked


PokerStars Hand #154978842242:  Hold'em Limit ($3/$6 USD) - 2016/06/20 11:26:16 ET
Table 'Saldanha' 6-max Seat #1 is the button
Seat 1: Ag3r0n ($119.72 in chips)
Seat 6: Murrrr_@T ($165.49 in chips)
Ag3r0n: posts small blind $1
Murrrr_@T: posts big blind $3
*** HOLE CARDS ***
Ag3r0n: raises $3 to $6
Murrrr_@T: calls $3
*** FLOP *** [Th 3h 8c]
Murrrr_@T: checks
Ag3r0n: bets $3
Murrrr_@T: calls $3
*** TURN *** [Th 3h 8c] [4c]
Murrrr_@T: checks
Ag3r0n: bets $6
Murrrr_@T: calls $6
*** RIVER *** [Th 3h 8c 4c] [Kc]
Murrrr_@T: checks
Ag3r0n: checks
*** SHOW DOWN ***
Murrrr_@T: shows [3s Jh] (a pair of Threes)
Ag3r0n: shows [Ac 8h] (a pair of Eights)
Ag3r0n collected $29.50 from pot
*** SUMMARY ***
Total pot $30 | Rake $0.50
Board [Th 3h 8c 4c Kc]
Seat 1: Ag3r0n (button) (small blind) showed [Ac 8h] and won ($29.50) with a pair of Eights
Seat 6: Murrrr_@T (big blind) showed [3s Jh] and lost with a pair of Threes


PokerStars Hand #154978897401:  Hold'em Limit ($3/$6 USD) - 2016/06/20 11:27:49 ET
Table 'Saldanha' 6-max Seat #6 is the button
Seat 1: Ag3r0n ($169.24 in chips)
Seat 6: Murrrr_@T ($114.49 in chips)
Murrrr_@T: posts small blind $1
Ag3r0n: posts big blind $3
*** HOLE CARDS ***
Murrrr_@T: raises $3 to $6
Ag3r0n: raises $3 to $9
Murrrr_@T: calls $3
*** FLOP *** [2h As Qc]
Ag3r0n: bets $3
Murrrr_@T: folds
Uncalled bet ($3) returned to Ag3r0n
Ag3r0n collected $17.64 from pot
*** SUMMARY ***
Total pot $18 | Rake $0.36
Board [2h As Qc]
Seat 1: Ag3r0n (big blind) collected ($17.64)
Seat 6: Murrrr_@T (button) (small blind) folded on the Flop


PokerStars Hand #154978879051:  Hold'em Limit ($3/$6 USD) - 2016/06/20 11:27:18 ET
Table 'Saldanha' 6-max Seat #1 is the button
Seat 1: Ag3r0n ($157.72 in chips)
Seat 6: Murrrr_@T ($126.49 in chips)
Ag3r0n: posts small blind $1
Murrrr_@T: posts big blind $3
*** HOLE CARDS ***
Ag3r0n: raises $3 to $6
Murrrr_@T: raises $3 to $9
Ag3r0n: calls $3
*** FLOP *** [4h 4s Jd]
Murrrr_@T: bets $3
Ag3r0n: calls $3
*** TURN *** [4h 4s Jd] [7s]
Murrrr_@T: checks
Ag3r0n: bets $6
Murrrr_@T: folds
Uncalled bet ($6) returned to Ag3r0n
Ag3r0n collected $23.52 from pot
*** SUMMARY ***
Total pot $24 | Rake $0.48
Board [4h 4s Jd 7s]
Seat 1: Ag3r0n (button) (small blind) collected ($23.52)
Seat 6: Murrrr_@T (big blind) folded on the Turn


PokerStars Hand #154978903162:  Hold'em Limit ($3/$6 USD) - 2016/06/20 11:27:58 ET
Table 'Saldanha' 6-max Seat #1 is the button
Seat 1: Ag3r0n ($177.88 in chips)
Seat 6: Murrrr_@T ($105.49 in chips)
Ag3r0n: posts small blind $1
Murrrr_@T: posts big blind $3
*** HOLE CARDS ***
Ag3r0n: raises $3 to $6
Murrrr_@T: calls $3
*** FLOP *** [4d 4h Jh]
Murrrr_@T: checks
Ag3r0n: bets $3
Murrrr_@T: raises $3 to $6
Ag3r0n: raises $3 to $9
Murrrr_@T: calls $3
*** TURN *** [4d 4h Jh] [6d]
Murrrr_@T: checks
Ag3r0n: bets $6
Murrrr_@T: calls $6
*** RIVER *** [4d 4h Jh 6d] [Kh]
Murrrr_@T: checks
Ag3r0n: checks
*** SHOW DOWN ***
Murrrr_@T: shows [Jc 7d] (two pair, Jacks and Fours)
Ag3r0n: shows [Qd Qc] (two pair, Queens and Fours)
Ag3r0n collected $41.50 from pot
*** SUMMARY ***
Total pot $42 | Rake $0.50
Board [4d 4h Jh 6d Kh]
Seat 1: Ag3r0n (button) (small blind) showed [Qd Qc] and won ($41.50) with two pair, Queens and Fours
Seat 6: Murrrr_@T (big blind) showed [Jc 7d] and lost with two pair, Jacks and Fours


PokerStars Hand #154978923679:  Hold'em Limit ($3/$6 USD) - 2016/06/20 11:28:33 ET
Table 'Saldanha' 6-max Seat #6 is the button
Seat 1: Ag3r0n ($198.38 in chips)
Seat 6: Murrrr_@T ($84.49 in chips)
Murrrr_@T: posts small blind $1
Ag3r0n: posts big blind $3
*** HOLE CARDS ***
Murrrr_@T: folds
Uncalled bet ($2) returned to Ag3r0n
Ag3r0n collected $2 from pot
*** SUMMARY ***
Total pot $2 | Rake $0
Seat 1: Ag3r0n (big blind) collected ($2)
Seat 6: Murrrr_@T (button) (small blind) folded before Flop


PokerStars Hand #154978927116:  Hold'em Limit ($3/$6 USD) - 2016/06/20 11:28:39 ET
Table 'Saldanha' 6-max Seat #1 is the button
Seat 1: Ag3r0n ($199.38 in chips)
Seat 6: Murrrr_@T ($83.49 in chips)
Ag3r0n: posts small blind $1
Murrrr_@T: posts big blind $3
*** HOLE CARDS ***
Ag3r0n: raises $3 to $6
Murrrr_@T: calls $3
*** FLOP *** [Ad 7d 8s]
Murrrr_@T: checks
Ag3r0n: bets $3
Murrrr_@T: raises $3 to $6
Ag3r0n: calls $3
*** TURN *** [Ad 7d 8s] [3s]
Murrrr_@T: bets $6
Ag3r0n: raises $6 to $12
Murrrr_@T: calls $6
*** RIVER *** [Ad 7d 8s 3s] [Kh]
Murrrr_@T: checks
Ag3r0n: bets $6
Murrrr_@T: calls $6
*** SHOW DOWN ***
Ag3r0n: shows [Ah 8d] (two pair, Aces and Eights)
Murrrr_@T: mucks hand
Ag3r0n collected $59.50 from pot
*** SUMMARY ***
Total pot $60 | Rake $0.50
Board [Ad 7d 8s 3s Kh]
Seat 1: Ag3r0n (button) (small blind) showed [Ah 8d] and won ($59.50) with two pair, Aces and Eights
Seat 6: Murrrr_@T (big blind) mucked


PokerStars Hand #154978975381:  Hold'em Limit ($3/$6 USD) - 2016/06/20 11:29:59 ET
Table 'Saldanha' 6-max Seat #6 is the button
Seat 1: Ag3r0n ($239.38 in chips)
Seat 6: Murrrr_@T ($102.25 in chips)
Murrrr_@T: posts small blind $1
Ag3r0n: posts big blind $3
*** HOLE CARDS ***
Murrrr_@T: folds
Uncalled bet ($2) returned to Ag3r0n
Ag3r0n collected $2 from pot
*** SUMMARY ***
Total pot $2 | Rake $0
Seat 1: Ag3r0n (big blind) collected ($2)
Seat 6: Murrrr_@T (button) (small blind) folded before Flop


PokerStars Hand #154978958287:  Hold'em Limit ($3/$6 USD) - 2016/06/20 11:29:31 ET
Table 'Saldanha' 6-max Seat #1 is the button
Seat 1: Ag3r0n ($243.38 in chips)
Seat 6: Murrrr_@T ($38.49 in chips)
Ag3r0n: posts small blind $1
Murrrr_@T: posts big blind $3
*** HOLE CARDS ***
Ag3r0n: folds
Uncalled bet ($2) returned to Murrrr_@T
Murrrr_@T collected $2 from pot
Murrrr_@T: doesn't show hand
*** SUMMARY ***
Total pot $2 | Rake $0
Seat 1: Ag3r0n (button) (small blind) folded before Flop
Seat 6: Murrrr_@T (big blind) collected ($2)


PokerStars Hand #154978946315:  Hold'em Limit ($3/$6 USD) - 2016/06/20 11:29:11 ET
Table 'Saldanha' 6-max Seat #6 is the button
Seat 1: Ag3r0n ($228.88 in chips)
Seat 6: Murrrr_@T ($53.49 in chips)
Murrrr_@T: posts small blind $1
Ag3r0n: posts big blind $3
*** HOLE CARDS ***
Murrrr_@T: raises $3 to $6
Ag3r0n: calls $3
*** FLOP *** [Tc Th 8s]
Ag3r0n: checks
Murrrr_@T: bets $3
Ag3r0n: calls $3
*** TURN *** [Tc Th 8s] [8h]
Ag3r0n: checks
Murrrr_@T: bets $6
Ag3r0n: calls $6
*** RIVER *** [Tc Th 8s 8h] [4d]
Ag3r0n: checks
Murrrr_@T: checks
*** SHOW DOWN ***
Ag3r0n: shows [Ad 5c] (two pair, Tens and Eights)
Murrrr_@T: mucks hand
Ag3r0n collected $29.50 from pot
*** SUMMARY ***
Total pot $30 | Rake $0.50
Board [Tc Th 8s 8h 4d]
Seat 1: Ag3r0n (big blind) showed [Ad 5c] and won ($29.50) with two pair, Tens and Eights
Seat 6: Murrrr_@T (button) (small blind) mucked


PokerStars Hand #154978972688:  Hold'em Limit ($3/$6 USD) - 2016/06/20 11:29:55 ET
Table 'Saldanha' 6-max Seat #1 is the button
Seat 1: Ag3r0n ($236.38 in chips)
Seat 6: Murrrr_@T ($105.25 in chips)
Ag3r0n: posts small blind $1
Murrrr_@T: posts big blind $3
*** HOLE CARDS ***
Ag3r0n: raises $3 to $6
Murrrr_@T: folds
Uncalled bet ($3) returned to Ag3r0n
Ag3r0n collected $6 from pot
*** SUMMARY ***
Total pot $6 | Rake $0
Seat 1: Ag3r0n (button) (small blind) collected ($6)
Seat 6: Murrrr_@T (big blind) folded before Flop


PokerStars Hand #154978960953:  Hold'em Limit ($3/$6 USD) - 2016/06/20 11:29:35 ET
Table 'Saldanha' 6-max Seat #6 is the button
Seat 1: Ag3r0n ($242.38 in chips)
Seat 6: Murrrr_@T ($99.49 in chips)
Murrrr_@T: posts small blind $1
Ag3r0n: posts big blind $3
*** HOLE CARDS ***
Murrrr_@T: raises $3 to $6
Ag3r0n: calls $3
*** FLOP *** [3s 7h Td]
Ag3r0n: checks
Murrrr_@T: checks
*** TURN *** [3s 7h Td] [4d]
Ag3r0n: checks
Murrrr_@T: bets $6
Ag3r0n: folds
Uncalled bet ($6) returned to Murrrr_@T
Murrrr_@T collected $11.76 from pot
Murrrr_@T: doesn't show hand
*** SUMMARY ***
Total pot $12 | Rake $0.24
Board [3s 7h Td 4d]
Seat 1: Ag3r0n (big blind) folded on the Turn
Seat 6: Murrrr_@T (button) (small blind) collected ($11.76)


PokerStars Hand #154978993373:  Hold'em Limit ($3/$6 USD) - 2016/06/20 11:30:28 ET
Table 'Saldanha' 6-max Seat #1 is the button
Seat 1: Ag3r0n ($252.90 in chips)
Seat 6: Murrrr_@T ($88.25 in chips)
Ag3r0n: posts small blind $1
Murrrr_@T: posts big blind $3
*** HOLE CARDS ***
Ag3r0n: raises $3 to $6
Murrrr_@T: calls $3
*** FLOP *** [Td Jc 2d]
Murrrr_@T: checks
Ag3r0n: checks
*** TURN *** [Td Jc 2d] [Jd]
Murrrr_@T: checks
Ag3r0n: bets $6
Murrrr_@T: folds
Uncalled bet ($6) returned to Ag3r0n
Ag3r0n collected $11.76 from pot
*** SUMMARY ***
Total pot $12 | Rake $0.24
Board [Td Jc 2d Jd]
Seat 1: Ag3r0n (button) (small blind) collected ($11.76)
Seat 6: Murrrr_@T (big blind) folded on the Turn


PokerStars Hand #154979001785:  Hold'em Limit ($3/$6 USD) - 2016/06/20 11:30:42 ET
Table 'Saldanha' 6-max Seat #6 is the button
Seat 1: Ag3r0n ($258.66 in chips)
Seat 6: Murrrr_@T ($82.25 in chips)
Murrrr_@T: posts small blind $1
Ag3r0n: posts big blind $3
*** HOLE CARDS ***
Murrrr_@T: raises $3 to $6
Ag3r0n: calls $3
*** FLOP *** [7c 3h Ks]
Ag3r0n: checks
Murrrr_@T: bets $3
Ag3r0n: raises $3 to $6
Murrrr_@T: calls $3
*** TURN *** [7c 3h Ks] [2h]
Ag3r0n: bets $6
Murrrr_@T: calls $6
*** RIVER *** [7c 3h Ks 2h] [3d]
Ag3r0n: bets $6
Murrrr_@T: calls $6
*** SHOW DOWN ***
Ag3r0n: shows [4c 5s] (a pair of Threes)
Murrrr_@T: shows [Ac 7d] (two pair, Sevens and Threes)
Murrrr_@T collected $47.50 from pot
*** SUMMARY ***
Total pot $48 | Rake $0.50
Board [7c 3h Ks 2h 3d]
Seat 1: Ag3r0n (big blind) showed [4c 5s] and lost with a pair of Threes
Seat 6: Murrrr_@T (button) (small blind) showed [Ac 7d] and won ($47.50) with two pair, Sevens and Threes


PokerStars Hand #154978990727:  Hold'em Limit ($3/$6 USD) - 2016/06/20 11:30:24 ET
Table 'Saldanha' 6-max Seat #6 is the button
Seat 1: Ag3r0n ($251.90 in chips)
Seat 6: Murrrr_@T ($89.25 in chips)
Murrrr_@T: posts small blind $1
Ag3r0n: posts big blind $3
*** HOLE CARDS ***
Murrrr_@T: folds
Uncalled bet ($2) returned to Ag3r0n
Ag3r0n collected $2 from pot
*** SUMMARY ***
Total pot $2 | Rake $0
Seat 1: Ag3r0n (big blind) collected ($2)
Seat 6: Murrrr_@T (button) (small blind) folded before Flop


PokerStars Hand #154978978634:  Hold'em Limit ($3/$6 USD) - 2016/06/20 11:30:03 ET
Table 'Saldanha' 6-max Seat #1 is the button
Seat 1: Ag3r0n ($240.38 in chips)
Seat 6: Murrrr_@T ($101.25 in chips)
Ag3r0n: posts small blind $1
Murrrr_@T: posts big blind $3
*** HOLE CARDS ***
Ag3r0n: raises $3 to $6
Murrrr_@T: calls $3
*** FLOP *** [Tc 3d 5s]
Murrrr_@T: checks
Ag3r0n: checks
*** TURN *** [Tc 3d 5s] [Ad]
Murrrr_@T: checks
Ag3r0n: checks
*** RIVER *** [Tc 3d 5s Ad] [Qh]
Murrrr_@T: bets $6
Ag3r0n: calls $6
*** SHOW DOWN ***
Murrrr_@T: shows [2h 6d] (high card Ace)
Ag3r0n: shows [4s Qd] (a pair of Queens)
Ag3r0n collected $23.52 from pot
*** SUMMARY ***
Total pot $24 | Rake $0.48
Board [Tc 3d 5s Ad Qh]
Seat 1: Ag3r0n (button) (small blind) showed [4s Qd] and won ($23.52) with a pair of Queens
Seat 6: Murrrr_@T (big blind) showed [2h 6d] and lost with high card Ace


PokerStars Hand #154979037487:  Hold'em Limit ($3/$6 USD) - 2016/06/20 11:31:41 ET
Table 'Saldanha' 6-max Seat #6 is the button
Seat 1: Ag3r0n ($255.16 in chips)
Seat 6: Murrrr_@T ($84.75 in chips)
Murrrr_@T: posts small blind $1
Ag3r0n: posts big blind $3
*** HOLE CARDS ***
Murrrr_@T: folds
Uncalled bet ($2) returned to Ag3r0n
Ag3r0n collected $2 from pot
*** SUMMARY ***
Total pot $2 | Rake $0
Seat 1: Ag3r0n (big blind) collected ($2)
Seat 6: Murrrr_@T (button) (small blind) folded before Flop


PokerStars Hand #154979015904:  Hold'em Limit ($3/$6 USD) - 2016/06/20 11:31:05 ET
Table 'Saldanha' 6-max Seat #1 is the button
Seat 1: Ag3r0n ($234.66 in chips)
Seat 6: Murrrr_@T ($105.75 in chips)
Ag3r0n: posts small blind $1
Murrrr_@T: posts big blind $3
*** HOLE CARDS ***
Ag3r0n: raises $3 to $6
Murrrr_@T: raises $3 to $9
Ag3r0n: calls $3
*** FLOP *** [9c 5d Ac]
Murrrr_@T: bets $3
Ag3r0n: raises $3 to $6
Murrrr_@T: calls $3
*** TURN *** [9c 5d Ac] [9d]
Murrrr_@T: checks
Ag3r0n: bets $6
Murrrr_@T: calls $6
*** RIVER *** [9c 5d Ac 9d] [5c]
Murrrr_@T: checks
Ag3r0n: bets $6
Murrrr_@T: folds
Uncalled bet ($6) returned to Ag3r0n
Ag3r0n collected $41.50 from pot
*** SUMMARY ***
Total pot $42 | Rake $0.50
Board [9c 5d Ac 9d 5c]
Seat 1: Ag3r0n (button) (small blind) collected ($41.50)
Seat 6: Murrrr_@T (big blind) folded on the River


PokerStars Hand #154979039999:  Hold'em Limit ($3/$6 USD) - 2016/06/20 11:31:45 ET
Table 'Saldanha' 6-max Seat #1 is the button
Seat 1: Ag3r0n ($256.16 in chips)
Seat 6: Murrrr_@T ($83.75 in chips)
Ag3r0n: posts small blind $1
Murrrr_@T: posts big blind $3
*** HOLE CARDS ***
Ag3r0n: raises $3 to $6
Murrrr_@T: calls $3
*** FLOP *** [6h 2d 8d]
Murrrr_@T: checks
Ag3r0n: bets $3
Murrrr_@T: calls $3
*** TURN *** [6h 2d 8d] [8h]
Murrrr_@T: checks
Ag3r0n: bets $6
Murrrr_@T: folds
Uncalled bet ($6) returned to Ag3r0n
Ag3r0n collected $17.64 from pot
*** SUMMARY ***
Total pot $18 | Rake $0.36
Board [6h 2d 8d 8h]
Seat 1: Ag3r0n (button) (small blind) collected ($17.64)
Seat 6: Murrrr_@T (big blind) folded on the Turn


PokerStars Hand #154979048760:  Hold'em Limit ($3/$6 USD) - 2016/06/20 11:31:59 ET
Table 'Saldanha' 6-max Seat #6 is the button
Seat 1: Ag3r0n ($264.80 in chips)
Seat 6: Murrrr_@T ($74.75 in chips)
Murrrr_@T: posts small blind $1
Ag3r0n: posts big blind $3
*** HOLE CARDS ***
Murrrr_@T: raises $3 to $6
Ag3r0n: raises $3 to $9
Murrrr_@T: calls $3
*** FLOP *** [6c Qh 3d]
Ag3r0n: bets $3
Murrrr_@T: calls $3
*** TURN *** [6c Qh 3d] [9h]
Ag3r0n: bets $6
Murrrr_@T: folds
Uncalled bet ($6) returned to Ag3r0n
Ag3r0n collected $23.52 from pot
*** SUMMARY ***
Total pot $24 | Rake $0.48
Board [6c Qh 3d 9h]
Seat 1: Ag3r0n (big blind) collected ($23.52)
Seat 6: Murrrr_@T (button) (small blind) folded on the Turn


PokerStars Hand #154979072639:  Hold'em Limit ($3/$6 USD) - 2016/06/20 11:32:38 ET
Table 'Saldanha' 6-max Seat #6 is the button
Seat 1: Ag3r0n ($290.82 in chips)
Seat 6: Murrrr_@T ($47.75 in chips)
Murrrr_@T: posts small blind $1
Ag3r0n: posts big blind $3
*** HOLE CARDS ***
Murrrr_@T: raises $3 to $6
Ag3r0n: calls $3
*** FLOP *** [Ad 5c 5h]
Ag3r0n: checks
Murrrr_@T: bets $3
Ag3r0n: raises $3 to $6
Murrrr_@T: folds
Uncalled bet ($3) returned to Ag3r0n
Ag3r0n collected $17.64 from pot
*** SUMMARY ***
Total pot $18 | Rake $0.36
Board [Ad 5c 5h]
Seat 1: Ag3r0n (big blind) collected ($17.64)
Seat 6: Murrrr_@T (button) (small blind) folded on the Flop


PokerStars Hand #154979060255:  Hold'em Limit ($3/$6 USD) - 2016/06/20 11:32:18 ET
Table 'Saldanha' 6-max Seat #1 is the button
Seat 1: Ag3r0n ($276.32 in chips)
Seat 6: Murrrr_@T ($62.75 in chips)
Ag3r0n: posts small blind $1
Murrrr_@T: posts big blind $3
*** HOLE CARDS ***
Ag3r0n: raises $3 to $6
Murrrr_@T: calls $3
*** FLOP *** [Ts Th Qd]
Murrrr_@T: checks
Ag3r0n: bets $3
Murrrr_@T: calls $3
*** TURN *** [Ts Th Qd] [Kh]
Murrrr_@T: checks
Ag3r0n: checks
*** RIVER *** [Ts Th Qd Kh] [3s]
Murrrr_@T: bets $6
Ag3r0n: calls $6
*** SHOW DOWN ***
Murrrr_@T: shows [9h 8d] (a pair of Tens)
Ag3r0n: shows [5s 5d] (two pair, Tens and Fives)
Ag3r0n collected $29.50 from pot
*** SUMMARY ***
Total pot $30 | Rake $0.50
Board [Ts Th Qd Kh 3s]
Seat 1: Ag3r0n (button) (small blind) showed [5s 5d] and won ($29.50) with two pair, Tens and Fives
Seat 6: Murrrr_@T (big blind) showed [9h 8d] and lost with a pair of Tens


PokerStars Hand #154979080190:  Hold'em Limit ($3/$6 USD) - 2016/06/20 11:32:51 ET
Table 'Saldanha' 6-max Seat #1 is the button
Seat 1: Ag3r0n ($299.46 in chips)
Seat 6: Murrrr_@T ($98.75 in chips)
Ag3r0n: posts small blind $1
Murrrr_@T: posts big blind $3
*** HOLE CARDS ***
Ag3r0n: folds
Uncalled bet ($2) returned to Murrrr_@T
Murrrr_@T collected $2 from pot
Murrrr_@T: doesn't show hand
*** SUMMARY ***
Total pot $2 | Rake $0
Seat 1: Ag3r0n (button) (small blind) folded before Flop
Seat 6: Murrrr_@T (big blind) collected ($2)


PokerStars Hand #154979082753:  Hold'em Limit ($3/$6 USD) - 2016/06/20 11:32:55 ET
Table 'Saldanha' 6-max Seat #6 is the button
Seat 1: Ag3r0n ($298.46 in chips)
Seat 6: Murrrr_@T ($99.75 in chips)
Murrrr_@T: posts small blind $1
Ag3r0n: posts big blind $3
*** HOLE CARDS ***
Murrrr_@T: raises $3 to $6
Ag3r0n: calls $3
*** FLOP *** [Ad 3d 5c]
Ag3r0n: checks
Murrrr_@T: bets $3
Ag3r0n: folds
Uncalled bet ($3) returned to Murrrr_@T
Murrrr_@T collected $11.76 from pot
Murrrr_@T: doesn't show hand
*** SUMMARY ***
Total pot $12 | Rake $0.24
Board [Ad 3d 5c]
Seat 1: Ag3r0n (big blind) folded on the Flop
Seat 6: Murrrr_@T (button) (small blind) collected ($11.76)


PokerStars Hand #154979088904:  Hold'em Limit ($3/$6 USD) - 2016/06/20 11:33:05 ET
Table 'Saldanha' 6-max Seat #1 is the button
Seat 1: Ag3r0n ($292.46 in chips)
Seat 6: Murrrr_@T ($105.51 in chips)
Ag3r0n: posts small blind $1
Murrrr_@T: posts big blind $3
*** HOLE CARDS ***
Ag3r0n: raises $3 to $6
Murrrr_@T: raises $3 to $9
Ag3r0n: raises $3 to $12
Betting is capped
Murrrr_@T: calls $3
*** FLOP *** [Jh 6h 3c]
Murrrr_@T: checks
Ag3r0n: bets $3
Murrrr_@T: raises $3 to $6
Ag3r0n: calls $3
*** TURN *** [Jh 6h 3c] [Ad]
Murrrr_@T: checks
Ag3r0n: bets $6
Murrrr_@T: calls $6
*** RIVER *** [Jh 6h 3c Ad] [Tc]
Murrrr_@T: checks
Ag3r0n: bets $6
gogo3474 leaves the table
Murrrr_@T: folds
Uncalled bet ($6) returned to Ag3r0n
Ag3r0n collected $47.50 from pot
*** SUMMARY ***
Total pot $48 | Rake $0.50
Board [Jh 6h 3c Ad Tc]
Seat 1: Ag3r0n (button) (small blind) collected ($47.50)
Seat 6: Murrrr_@T (big blind) folded on the River


PokerStars Hand #154979130699:  Hold'em Limit ($3/$6 USD) - 2016/06/20 11:34:14 ET
Table 'Saldanha' 6-max Seat #6 is the button
Seat 1: Ag3r0n ($315.96 in chips)
Seat 6: Murrrr_@T ($81.51 in chips)
Murrrr_@T: posts small blind $1
Ag3r0n: posts big blind $3
*** HOLE CARDS ***
Murrrr_@T: raises $3 to $6
Ag3r0n: calls $3
*** FLOP *** [Jd 7h Jh]
Ag3r0n: checks
Murrrr_@T: bets $3
Ag3r0n: folds
Uncalled bet ($3) returned to Murrrr_@T
Murrrr_@T collected $11.76 from pot
Murrrr_@T: doesn't show hand
*** SUMMARY ***
Total pot $12 | Rake $0.24
Board [Jd 7h Jh]
Seat 1: Ag3r0n (big blind) folded on the Flop
Seat 6: Murrrr_@T (button) (small blind) collected ($11.76)


