PokerStars Hand #150985797485:  Hold'em Limit ($3/$6 USD) - 2016/03/26 20:02:51 ET
Table 'Salli III' 6-max Seat #5 is the button
Seat 5: gazzzzzza ($49.17 in chips)
Seat 6: Chessnok ($176.22 in chips)
gazzzzzza: posts small blind $1
Chessnok: posts big blind $3
*** HOLE CARDS ***
gazzzzzza: raises $3 to $6
Chessnok: calls $3
*** FLOP *** [7h Ks 5c]
Chessnok: bets $3
gazzzzzza: raises $3 to $6
Chessnok: calls $3
*** TURN *** [7h Ks 5c] [4h]
Chessnok: checks
gazzzzzza: bets $6
Chessnok: folds
Uncalled bet ($6) returned to gazzzzzza
gazzzzzza collected $23.52 from pot
*** SUMMARY ***
Total pot $24 | Rake $0.48
Board [7h Ks 5c 4h]
Seat 5: gazzzzzza (button) (small blind) collected ($23.52)
Seat 6: Chessnok (big blind) folded on the Turn


PokerStars Hand #150985788229:  Hold'em Limit ($3/$6 USD) - 2016/03/26 20:02:38 ET
Table 'Salli III' 6-max Seat #6 is the button
Seat 5: gazzzzzza ($55.17 in chips)
Seat 6: Chessnok ($170.46 in chips)
Chessnok: posts small blind $1
vestimokrec: is sitting out
gazzzzzza: posts big blind $3
*** HOLE CARDS ***
Chessnok: raises $3 to $6
vestimokrec leaves the table
gazzzzzza: calls $3
*** FLOP *** [5c 2s As]
gazzzzzza: checks
Chessnok: bets $3
gazzzzzza: folds
Uncalled bet ($3) returned to Chessnok
Chessnok collected $11.76 from pot
Chessnok: doesn't show hand
*** SUMMARY ***
Total pot $12 | Rake $0.24
Board [5c 2s As]
Seat 5: gazzzzzza (big blind) folded on the Flop
Seat 6: Chessnok (button) (small blind) collected ($11.76)


PokerStars Hand #150989037917:  Hold'em Limit ($3/$6 USD) - 2016/03/26 21:32:40 ET
Table 'Salli III' 6-max Seat #4 is the button
Seat 3: seurtje ($70.81 in chips)
Seat 4: AzureCaper ($72 in chips)
AzureCaper: posts small blind $1
seurtje: posts big blind $3
*** HOLE CARDS ***
AzureCaper: folds
Uncalled bet ($2) returned to seurtje
seurtje collected $2 from pot
*** SUMMARY ***
Total pot $2 | Rake $0
Seat 3: seurtje (big blind) collected ($2)
Seat 4: AzureCaper (button) (small blind) folded before Flop


PokerStars Hand #150989022924:  Hold'em Limit ($3/$6 USD) - 2016/03/26 21:32:11 ET
Table 'Salli III' 6-max Seat #3 is the button
Seat 3: seurtje ($65.05 in chips)
Seat 4: AzureCaper ($72 in chips)
seurtje: posts small blind $1
AzureCaper: posts big blind $3
*** HOLE CARDS ***
seurtje: raises $3 to $6
AzureCaper: calls $3
*** FLOP *** [Qh 8h Jc]
AzureCaper: checks
seurtje: bets $3
AzureCaper: folds
Uncalled bet ($3) returned to seurtje
seurtje collected $11.76 from pot
*** SUMMARY ***
Total pot $12 | Rake $0.24
Board [Qh 8h Jc]
Seat 3: seurtje (button) (small blind) collected ($11.76)
Seat 4: AzureCaper (big blind) folded on the Flop


PokerStars Hand #150989045906:  Hold'em Limit ($3/$6 USD) - 2016/03/26 21:32:56 ET
Table 'Salli III' 6-max Seat #3 is the button
Seat 3: seurtje ($71.81 in chips)
Seat 4: AzureCaper ($72 in chips)
seurtje: posts small blind $1
AzureCaper: posts big blind $3
*** HOLE CARDS ***
seurtje: calls $2
AzureCaper: raises $3 to $6
seurtje: calls $3
*** FLOP *** [Td Qc As]
AzureCaper: checks
seurtje: bets $3
AzureCaper: raises $3 to $6
seurtje: calls $3
*** TURN *** [Td Qc As] [Ac]
AzureCaper: checks
seurtje: bets $6
AzureCaper: calls $6
*** RIVER *** [Td Qc As Ac] [5d]
AzureCaper: checks
seurtje: bets $6
AzureCaper: calls $6
*** SHOW DOWN ***
seurtje: shows [Qd 9d] (two pair, Aces and Queens)
AzureCaper: shows [Th Qh] (two pair, Aces and Queens)
AzureCaper collected $23.75 from pot
seurtje collected $23.75 from pot
*** SUMMARY ***
Total pot $48 | Rake $0.50
Board [Td Qc As Ac 5d]
Seat 3: seurtje (button) (small blind) showed [Qd 9d] and won ($23.75) with two pair, Aces and Queens
Seat 4: AzureCaper (big blind) showed [Th Qh] and won ($23.75) with two pair, Aces and Queens


PokerStars Hand #150989086388:  Hold'em Limit ($3/$6 USD) - 2016/03/26 21:34:17 ET
Table 'Salli III' 6-max Seat #3 is the button
Seat 3: seurtje ($62.56 in chips)
Seat 4: AzureCaper ($80.64 in chips)
seurtje: posts small blind $1
AzureCaper: posts big blind $3
*** HOLE CARDS ***
seurtje: raises $3 to $6
AzureCaper: calls $3
*** FLOP *** [9c 2h Tc]
AzureCaper: checks
seurtje: bets $3
AzureCaper: folds
Uncalled bet ($3) returned to seurtje
seurtje collected $11.76 from pot
*** SUMMARY ***
Total pot $12 | Rake $0.24
Board [9c 2h Tc]
Seat 3: seurtje (button) (small blind) collected ($11.76)
Seat 4: AzureCaper (big blind) folded on the Flop


PokerStars Hand #150989074647:  Hold'em Limit ($3/$6 USD) - 2016/03/26 21:33:53 ET
Table 'Salli III' 6-max Seat #4 is the button
Seat 3: seurtje ($71.56 in chips)
Seat 4: AzureCaper ($72 in chips)
AzureCaper: posts small blind $1
seurtje: posts big blind $3
*** HOLE CARDS ***
Clark205 joins the table at seat #2
AzureCaper: raises $3 to $6
seurtje: calls $3
*** FLOP *** [5c Ts Tc]
seurtje: checks
AzureCaper: bets $3
seurtje: calls $3
*** TURN *** [5c Ts Tc] [Qc]
seurtje: checks
AzureCaper: bets $6
seurtje: folds
Uncalled bet ($6) returned to AzureCaper
AzureCaper collected $17.64 from pot
AzureCaper: doesn't show hand
*** SUMMARY ***
Total pot $18 | Rake $0.36
Board [5c Ts Tc Qc]
Seat 3: seurtje (big blind) folded on the Turn
Seat 4: AzureCaper (button) (small blind) collected ($17.64)


PokerStars Hand #150991711115:  Hold'em Limit ($3/$6 USD) - 2016/03/26 23:19:40 ET
Table 'Salli III' 6-max Seat #3 is the button
Seat 3: Mr Snugfit ($138.08 in chips)
Seat 5: SonneUndMond ($190.40 in chips)
Mr Snugfit: posts small blind $1
SonneUndMond: posts big blind $3
*** HOLE CARDS ***
Mr Snugfit: raises $3 to $6
SonneUndMond: calls $3
*** FLOP *** [5s 2d 8h]
SonneUndMond: checks
Mr Snugfit: bets $3
SonneUndMond: calls $3
*** TURN *** [5s 2d 8h] [Ts]
SonneUndMond: checks
Mr Snugfit: checks
*** RIVER *** [5s 2d 8h Ts] [4c]
SonneUndMond: bets $6
Mr Snugfit: calls $6
*** SHOW DOWN ***
SonneUndMond: shows [2h Qd] (a pair of Deuces)
Mr Snugfit: mucks hand
SonneUndMond collected $29.50 from pot
*** SUMMARY ***
Total pot $30 | Rake $0.50
Board [5s 2d 8h Ts 4c]
Seat 3: Mr Snugfit (button) (small blind) mucked
Seat 5: SonneUndMond (big blind) showed [2h Qd] and won ($29.50) with a pair of Deuces


