PokerStars Hand #163301563943:  Hold'em Limit ($3/$6 USD) - 2016/12/21 13:44:01 ET
Table 'Salli' 6-max Seat #3 is the button
Seat 3: Blikon ($100 in chips)
Seat 4: kolaz03 ($72 in chips)
Blikon: posts small blind $1
kolaz03: posts big blind $3
*** HOLE CARDS ***
Blikon: raises $3 to $6
kolaz03: calls $3
*** FLOP *** [Qd 6d Ks]
kolaz03: checks
Blikon: checks
*** TURN *** [Qd 6d Ks] [Jc]
kolaz03: bets $6
Blikon: raises $6 to $12
kolaz03: calls $6
*** RIVER *** [Qd 6d Ks Jc] [7h]
kolaz03: checks
Blikon: bets $6
kolaz03: folds
Uncalled bet ($6) returned to Blikon
Blikon collected $35.50 from pot
*** SUMMARY ***
Total pot $36 | Rake $0.50
Board [Qd 6d Ks Jc 7h]
Seat 3: Blikon (button) (small blind) collected ($35.50)
Seat 4: kolaz03 (big blind) folded on the River


PokerStars Hand #163301627207:  Hold'em Limit ($3/$6 USD) - 2016/12/21 13:45:12 ET
Table 'Salli' 6-max Seat #4 is the button
Seat 3: Blikon ($123.02 in chips)
Seat 4: kolaz03 ($73 in chips)
kolaz03: posts small blind $1
Blikon: posts big blind $3
*** HOLE CARDS ***
kolaz03: raises $3 to $6
Blikon: calls $3
*** FLOP *** [6c 6s 9d]
Blikon: checks
kolaz03: bets $3
Blikon: raises $3 to $6
kolaz03: calls $3
*** TURN *** [6c 6s 9d] [Jc]
Blikon: bets $6
kolaz03: calls $6
*** RIVER *** [6c 6s 9d Jc] [4d]
Blikon: bets $6
kolaz03: calls $6
*** SHOW DOWN ***
Blikon: shows [5s Ah] (a pair of Sixes)
kolaz03: shows [8d 8h] (two pair, Eights and Sixes)
kolaz03 collected $47.50 from pot
*** SUMMARY ***
Total pot $48 | Rake $0.50
Board [6c 6s 9d Jc 4d]
Seat 3: Blikon (big blind) showed [5s Ah] and lost with a pair of Sixes
Seat 4: kolaz03 (button) (small blind) showed [8d 8h] and won ($47.50) with two pair, Eights and Sixes


PokerStars Hand #163301622677:  Hold'em Limit ($3/$6 USD) - 2016/12/21 13:45:07 ET
Table 'Salli' 6-max Seat #3 is the button
Seat 3: Blikon ($124.02 in chips)
Seat 4: kolaz03 ($72 in chips)
Blikon: posts small blind $1
kolaz03: posts big blind $3
*** HOLE CARDS ***
Blikon: folds
Uncalled bet ($2) returned to kolaz03
kolaz03 collected $2 from pot
kolaz03: doesn't show hand
*** SUMMARY ***
Total pot $2 | Rake $0
Seat 3: Blikon (button) (small blind) folded before Flop
Seat 4: kolaz03 (big blind) collected ($2)


PokerStars Hand #163301618827:  Hold'em Limit ($3/$6 USD) - 2016/12/21 13:45:02 ET
Table 'Salli' 6-max Seat #4 is the button
Seat 3: Blikon ($123.02 in chips)
Seat 4: kolaz03 ($72 in chips)
kolaz03: posts small blind $1
Blikon: posts big blind $3
*** HOLE CARDS ***
kolaz03: folds
Uncalled bet ($2) returned to Blikon
Blikon collected $2 from pot
*** SUMMARY ***
Total pot $2 | Rake $0
Seat 3: Blikon (big blind) collected ($2)
Seat 4: kolaz03 (button) (small blind) folded before Flop


PokerStars Hand #163301608602:  Hold'em Limit ($3/$6 USD) - 2016/12/21 13:44:51 ET
Table 'Salli' 6-max Seat #3 is the button
Seat 3: Blikon ($117.26 in chips)
Seat 4: kolaz03 ($72 in chips)
Blikon: posts small blind $1
kolaz03: posts big blind $3
*** HOLE CARDS ***
Blikon: raises $3 to $6
kolaz03: calls $3
*** FLOP *** [7c Qc Kc]
kolaz03: checks
Blikon: bets $3
kolaz03: folds
Uncalled bet ($3) returned to Blikon
Blikon collected $11.76 from pot
*** SUMMARY ***
Total pot $12 | Rake $0.24
Board [7c Qc Kc]
Seat 3: Blikon (button) (small blind) collected ($11.76)
Seat 4: kolaz03 (big blind) folded on the Flop


PokerStars Hand #163301591559:  Hold'em Limit ($3/$6 USD) - 2016/12/21 13:44:32 ET
Table 'Salli' 6-max Seat #4 is the button
Seat 3: Blikon ($117.50 in chips)
Seat 4: kolaz03 ($72 in chips)
kolaz03: posts small blind $1
Blikon: posts big blind $3
*** HOLE CARDS ***
kolaz03: raises $3 to $6
Blikon: calls $3
*** FLOP *** [8h Js 5h]
Blikon: checks
kolaz03: checks
*** TURN *** [8h Js 5h] [Kc]
Blikon: checks
kolaz03: checks
*** RIVER *** [8h Js 5h Kc] [5c]
Blikon: bets $6
kolaz03: calls $6
*** SHOW DOWN ***
Blikon: shows [Qc Ts] (a pair of Fives)
kolaz03: shows [Qd 7s] (a pair of Fives)
Blikon collected $11.76 from pot
kolaz03 collected $11.76 from pot
*** SUMMARY ***
Total pot $24 | Rake $0.48
Board [8h Js 5h Kc 5c]
Seat 3: Blikon (big blind) showed [Qc Ts] and won ($11.76) with a pair of Fives
Seat 4: kolaz03 (button) (small blind) showed [Qd 7s] and won ($11.76) with a pair of Fives


PokerStars Hand #163301703938:  Hold'em Limit ($3/$6 USD) - 2016/12/21 13:46:37 ET
Table 'Salli' 6-max Seat #3 is the button
Seat 3: Blikon ($137.02 in chips)
Seat 4: kolaz03 ($72 in chips)
Blikon: posts small blind $1
kolaz03: posts big blind $3
*** HOLE CARDS ***
Blikon: raises $3 to $6
kolaz03: folds
Uncalled bet ($3) returned to Blikon
Blikon collected $6 from pot
*** SUMMARY ***
Total pot $6 | Rake $0
Seat 3: Blikon (button) (small blind) collected ($6)
Seat 4: kolaz03 (big blind) folded before Flop


PokerStars Hand #163301671172:  Hold'em Limit ($3/$6 USD) - 2016/12/21 13:46:00 ET
Table 'Salli' 6-max Seat #4 is the button
Seat 3: Blikon ($116.52 in chips)
Seat 4: kolaz03 ($78.50 in chips)
kolaz03: posts small blind $1
Blikon: posts big blind $3
*** HOLE CARDS ***
kolaz03: raises $3 to $6
Blikon: calls $3
*** FLOP *** [Td 2h 9s]
Blikon: checks
kolaz03: bets $3
Blikon: calls $3
*** TURN *** [Td 2h 9s] [3d]
Blikon: checks
kolaz03: bets $6
Blikon: calls $6
*** RIVER *** [Td 2h 9s 3d] [Ac]
Blikon: bets $6
kolaz03: calls $6
*** SHOW DOWN ***
Blikon: shows [3c Ah] (two pair, Aces and Threes)
kolaz03: mucks hand
Blikon collected $41.50 from pot
*** SUMMARY ***
Total pot $42 | Rake $0.50
Board [Td 2h 9s 3d Ac]
Seat 3: Blikon (big blind) showed [3c Ah] and won ($41.50) with two pair, Aces and Threes
Seat 4: kolaz03 (button) (small blind) mucked


PokerStars Hand #163301651179:  Hold'em Limit ($3/$6 USD) - 2016/12/21 13:45:38 ET
Table 'Salli' 6-max Seat #3 is the button
Seat 3: Blikon ($99.02 in chips)
Seat 4: kolaz03 ($96.50 in chips)
Blikon: posts small blind $1
kolaz03: posts big blind $3
*** HOLE CARDS ***
Blikon: raises $3 to $6
kolaz03: calls $3
*** FLOP *** [9h 4s 6s]
kolaz03: checks
Blikon: bets $3
kolaz03: raises $3 to $6
Blikon: calls $3
*** TURN *** [9h 4s 6s] [4d]
kolaz03: checks
Blikon: bets $6
kolaz03: calls $6
*** RIVER *** [9h 4s 6s 4d] [2h]
kolaz03: checks
Blikon: checks
*** SHOW DOWN ***
kolaz03: shows [3s Qs] (a pair of Fours)
Blikon: shows [Jh Qc] (a pair of Fours - Queen+Jack kicker)
Blikon collected $35.50 from pot
*** SUMMARY ***
Total pot $36 | Rake $0.50
Board [9h 4s 6s 4d 2h]
Seat 3: Blikon (button) (small blind) showed [Jh Qc] and won ($35.50) with a pair of Fours
Seat 4: kolaz03 (big blind) showed [3s Qs] and lost with a pair of Fours


PokerStars Hand #163301750405:  Hold'em Limit ($3/$6 USD) - 2016/12/21 13:47:28 ET
Table 'Salli' 6-max Seat #3 is the button
Seat 3: Blikon ($129.54 in chips)
Seat 4: kolaz03 ($81.50 in chips)
Blikon: posts small blind $1
kolaz03: posts big blind $3
*** HOLE CARDS ***
Blikon: raises $3 to $6
kolaz03: calls $3
*** FLOP *** [Js 2d 5d]
kolaz03: checks
Blikon: bets $3
kolaz03: calls $3
*** TURN *** [Js 2d 5d] [Jd]
kolaz03: checks
Blikon: checks
*** RIVER *** [Js 2d 5d Jd] [7c]
kolaz03: bets $6
Blikon: calls $6
*** SHOW DOWN ***
kolaz03: shows [Kc 2h] (two pair, Jacks and Deuces)
Blikon: mucks hand
kolaz03 collected $29.50 from pot
*** SUMMARY ***
Total pot $30 | Rake $0.50
Board [Js 2d 5d Jd 7c]
Seat 3: Blikon (button) (small blind) mucked
Seat 4: kolaz03 (big blind) showed [Kc 2h] and won ($29.50) with two pair, Jacks and Deuces


PokerStars Hand #163301738790:  Hold'em Limit ($3/$6 USD) - 2016/12/21 13:47:15 ET
Table 'Salli' 6-max Seat #4 is the button
Seat 3: Blikon ($118.02 in chips)
Seat 4: kolaz03 ($93.50 in chips)
kolaz03: posts small blind $1
Blikon: posts big blind $3
*** HOLE CARDS ***
kolaz03: raises $3 to $6
Blikon: calls $3
*** FLOP *** [Qs 8s 9d]
Blikon: checks
kolaz03: bets $3
Blikon: raises $3 to $6
kolaz03: calls $3
*** TURN *** [Qs 8s 9d] [7h]
Blikon: bets $6
kolaz03: folds
Uncalled bet ($6) returned to Blikon
Blikon collected $23.52 from pot
*** SUMMARY ***
Total pot $24 | Rake $0.48
Board [Qs 8s 9d 7h]
Seat 3: Blikon (big blind) collected ($23.52)
Seat 4: kolaz03 (button) (small blind) folded on the Turn


PokerStars Hand #163301732833:  Hold'em Limit ($3/$6 USD) - 2016/12/21 13:47:08 ET
Table 'Salli' 6-max Seat #3 is the button
Seat 3: Blikon ($119.02 in chips)
Seat 4: kolaz03 ($92.50 in chips)
Blikon: posts small blind $1
kolaz03: posts big blind $3
*** HOLE CARDS ***
Blikon: folds
Uncalled bet ($2) returned to kolaz03
kolaz03 collected $2 from pot
kolaz03: doesn't show hand
*** SUMMARY ***
Total pot $2 | Rake $0
Seat 3: Blikon (button) (small blind) folded before Flop
Seat 4: kolaz03 (big blind) collected ($2)


PokerStars Hand #163301712242:  Hold'em Limit ($3/$6 USD) - 2016/12/21 13:46:46 ET
Table 'Salli' 6-max Seat #4 is the button
Seat 3: Blikon ($140.02 in chips)
Seat 4: kolaz03 ($72 in chips)
kolaz03: posts small blind $1
Blikon: posts big blind $3
*** HOLE CARDS ***
kolaz03: raises $3 to $6
Blikon: calls $3
*** FLOP *** [5d 5h 4h]
Blikon: checks
kolaz03: bets $3
Blikon: calls $3
*** TURN *** [5d 5h 4h] [9d]
Blikon: checks
kolaz03: bets $6
Blikon: calls $6
*** RIVER *** [5d 5h 4h 9d] [Jh]
Blikon: checks
kolaz03: bets $6
Blikon: calls $6
*** SHOW DOWN ***
kolaz03: shows [7h 9h] (a flush, Jack high)
Blikon: mucks hand
kolaz03 collected $41.50 from pot
*** SUMMARY ***
Total pot $42 | Rake $0.50
Board [5d 5h 4h 9d Jh]
Seat 3: Blikon (big blind) mucked
Seat 4: kolaz03 (button) (small blind) showed [7h 9h] and won ($41.50) with a flush, Jack high


PokerStars Hand #163301784398:  Hold'em Limit ($3/$6 USD) - 2016/12/21 13:48:05 ET
Table 'Salli' 6-max Seat #3 is the button
Seat 3: Blikon ($90.54 in chips)
Seat 4: kolaz03 ($119.50 in chips)
Blikon: posts small blind $1
kolaz03: posts big blind $3
*** HOLE CARDS ***
Junsku joins the table at seat #2
Blikon: folds
Uncalled bet ($2) returned to kolaz03
kolaz03 collected $2 from pot
kolaz03: doesn't show hand
*** SUMMARY ***
Total pot $2 | Rake $0
Seat 3: Blikon (button) (small blind) folded before Flop
Seat 4: kolaz03 (big blind) collected ($2)


PokerStars Hand #163301765322:  Hold'em Limit ($3/$6 USD) - 2016/12/21 13:47:45 ET
Table 'Salli' 6-max Seat #4 is the button
Seat 3: Blikon ($114.54 in chips)
Seat 4: kolaz03 ($96 in chips)
kolaz03: posts small blind $1
Blikon: posts big blind $3
*** HOLE CARDS ***
kolaz03: raises $3 to $6
Blikon: raises $3 to $9
kolaz03: calls $3
*** FLOP *** [8d 8c Ad]
Blikon: bets $3
kolaz03: calls $3
*** TURN *** [8d 8c Ad] [Kh]
Blikon: bets $6
kolaz03: calls $6
*** RIVER *** [8d 8c Ad Kh] [Td]
Blikon: bets $6
kolaz03: calls $6
*** SHOW DOWN ***
Blikon: shows [5s Ts] (two pair, Tens and Eights)
kolaz03: shows [Ah Qh] (two pair, Aces and Eights)
kolaz03 collected $47.50 from pot
*** SUMMARY ***
Total pot $48 | Rake $0.50
Board [8d 8c Ad Kh Td]
Seat 3: Blikon (big blind) showed [5s Ts] and lost with two pair, Tens and Eights
Seat 4: kolaz03 (button) (small blind) showed [Ah Qh] and won ($47.50) with two pair, Aces and Eights


PokerStars Hand #163303883715:  Hold'em Limit ($3/$6 USD) - 2016/12/21 14:27:43 ET
Table 'Salli' 6-max Seat #1 is the button
Seat 1: swics1202 ($177.75 in chips)
Seat 5: junkcardman ($106.38 in chips)
swics1202: posts small blind $1
junkcardman: posts big blind $3
*** HOLE CARDS ***
Blikon leaves the table
swics1202: folds
Uncalled bet ($2) returned to junkcardman
junkcardman collected $2 from pot
*** SUMMARY ***
Total pot $2 | Rake $0
Seat 1: swics1202 (button) (small blind) folded before Flop
Seat 5: junkcardman (big blind) collected ($2)


