PokerStars Hand #168838176687:  Hold'em Limit ($3/$6 USD) - 2017/04/10 8:24:23 ET
Table 'Salli II' 6-max Seat #6 is the button
Seat 3: sim5sim5 ($72 in chips)
Seat 6: HAOYUN88888 ($40.61 in chips)
HAOYUN88888: posts small blind $1
sim5sim5: posts big blind $3
*** HOLE CARDS ***
HAOYUN88888: folds
Uncalled bet ($2) returned to sim5sim5
sim5sim5 collected $2 from pot
sim5sim5: doesn't show hand
*** SUMMARY ***
Total pot $2 | Rake $0
Seat 3: sim5sim5 (big blind) collected ($2)
Seat 6: HAOYUN88888 (button) (small blind) folded before Flop


PokerStars Hand #168838180030:  Hold'em Limit ($3/$6 USD) - 2017/04/10 8:24:30 ET
Table 'Salli II' 6-max Seat #3 is the button
Seat 3: sim5sim5 ($73 in chips)
Seat 6: HAOYUN88888 ($39.61 in chips)
sim5sim5: posts small blind $1
HAOYUN88888: posts big blind $3
*** HOLE CARDS ***
sim5sim5: raises $3 to $6
HAOYUN88888: calls $3
*** FLOP *** [4d Jd 2c]
HAOYUN88888: checks
sim5sim5: bets $3
HAOYUN88888: calls $3
*** TURN *** [4d Jd 2c] [Kd]
HAOYUN88888: checks
sim5sim5: bets $6
HAOYUN88888: calls $6
*** RIVER *** [4d Jd 2c Kd] [9c]
Psynto joins the table at seat #1
HAOYUN88888: checks
sim5sim5: bets $6
HAOYUN88888: folds
Uncalled bet ($6) returned to sim5sim5
sim5sim5 collected $29.50 from pot
sim5sim5: doesn't show hand
*** SUMMARY ***
Total pot $30 | Rake $0.50
Board [4d Jd 2c Kd 9c]
Seat 3: sim5sim5 (button) (small blind) collected ($29.50)
Seat 6: HAOYUN88888 (big blind) folded on the River


PokerStars Hand #168838220905:  Hold'em Limit ($3/$6 USD) - 2017/04/10 8:25:55 ET
Table 'Salli II' 6-max Seat #6 is the button
Seat 1: Psynto ($75 in chips)
Seat 6: HAOYUN88888 ($50.56 in chips)
HAOYUN88888: posts small blind $1
Psynto: posts big blind $3
*** HOLE CARDS ***
HAOYUN88888: raises $3 to $6
Psynto: calls $3
*** FLOP *** [Qs 3s 5d]
Psynto: checks
sim5sim5 leaves the table
HAOYUN88888: bets $3
Psynto: folds
Uncalled bet ($3) returned to HAOYUN88888
HAOYUN88888 collected $11.76 from pot
HAOYUN88888: doesn't show hand
*** SUMMARY ***
Total pot $12 | Rake $0.24
Board [Qs 3s 5d]
Seat 1: Psynto (big blind) folded on the Flop
Seat 6: HAOYUN88888 (button) (small blind) collected ($11.76)


PokerStars Hand #168838217770:  Hold'em Limit ($3/$6 USD) - 2017/04/10 8:25:49 ET
Table 'Salli II' 6-max Seat #1 is the button
Seat 1: Psynto ($72 in chips)
Seat 6: HAOYUN88888 ($53.56 in chips)
Psynto: posts small blind $1
sim5sim5: is sitting out
HAOYUN88888: posts big blind $3
*** HOLE CARDS ***
Psynto: raises $3 to $6
HAOYUN88888: folds
Uncalled bet ($3) returned to Psynto
Psynto collected $6 from pot
Psynto: doesn't show hand
*** SUMMARY ***
Total pot $6 | Rake $0
Seat 1: Psynto (button) (small blind) collected ($6)
Seat 6: HAOYUN88888 (big blind) folded before Flop


