PokerStars Hand #164348404695:  Hold'em Limit ($3/$6 USD) - 2017/01/10 10:22:47 ET
Table 'Salli II' 6-max Seat #2 is the button
Seat 1: yirkape ($71.84 in chips)
Seat 2: kolaz03 ($73 in chips)
kolaz03: posts small blind $1
yirkape: posts big blind $3
*** HOLE CARDS ***
kolaz03: folds
Uncalled bet ($2) returned to yirkape
yirkape collected $2 from pot
yirkape: doesn't show hand
*** SUMMARY ***
Total pot $2 | Rake $0
Seat 1: yirkape (big blind) collected ($2)
Seat 2: kolaz03 (button) (small blind) folded before Flop


PokerStars Hand #164348401487:  Hold'em Limit ($3/$6 USD) - 2017/01/10 10:22:43 ET
Table 'Salli II' 6-max Seat #1 is the button
Seat 1: yirkape ($72.84 in chips)
Seat 2: kolaz03 ($72 in chips)
yirkape: posts small blind $1
kolaz03: posts big blind $3
*** HOLE CARDS ***
yirkape: folds
Uncalled bet ($2) returned to kolaz03
kolaz03 collected $2 from pot
kolaz03: doesn't show hand
*** SUMMARY ***
Total pot $2 | Rake $0
Seat 1: yirkape (button) (small blind) folded before Flop
Seat 2: kolaz03 (big blind) collected ($2)


PokerStars Hand #164348374842:  Hold'em Limit ($3/$6 USD) - 2017/01/10 10:22:06 ET
Table 'Salli II' 6-max Seat #2 is the button
Seat 1: yirkape ($58.34 in chips)
Seat 2: kolaz03 ($72 in chips)
kolaz03: posts small blind $1
yirkape: posts big blind $3
*** HOLE CARDS ***
kolaz03: raises $3 to $6
yirkape: calls $3
*** FLOP *** [5h Ad As]
yirkape: checks
kolaz03: bets $3
yirkape: calls $3
*** TURN *** [5h Ad As] [4c]
yirkape: checks
kolaz03: checks
*** RIVER *** [5h Ad As 4c] [3d]
yirkape: bets $6
kolaz03: calls $6
*** SHOW DOWN ***
yirkape: shows [Qd Ks] (a pair of Aces)
kolaz03: mucks hand
yirkape collected $29.50 from pot
*** SUMMARY ***
Total pot $30 | Rake $0.50
Board [5h Ad As 4c 3d]
Seat 1: yirkape (big blind) showed [Qd Ks] and won ($29.50) with a pair of Aces
Seat 2: kolaz03 (button) (small blind) mucked


PokerStars Hand #164348325191:  Hold'em Limit ($3/$6 USD) - 2017/01/10 10:20:57 ET
Table 'Salli II' 6-max Seat #1 is the button
Seat 1: yirkape ($40.84 in chips)
Seat 2: kolaz03 ($72 in chips)
yirkape: posts small blind $1
kolaz03: posts big blind $3
*** HOLE CARDS ***
yirkape: calls $2
kolaz03: raises $3 to $6
yirkape: calls $3
*** FLOP *** [2d 6h 7c]
kolaz03: bets $3
yirkape: raises $3 to $6
kolaz03: calls $3
*** TURN *** [2d 6h 7c] [4h]
kolaz03: checks
yirkape: bets $6
kolaz03: calls $6
*** RIVER *** [2d 6h 7c 4h] [5d]
kolaz03: checks
yirkape: bets $6
kolaz03: folds
Uncalled bet ($6) returned to yirkape
yirkape collected $35.50 from pot
yirkape: doesn't show hand
*** SUMMARY ***
Total pot $36 | Rake $0.50
Board [2d 6h 7c 4h 5d]
Seat 1: yirkape (button) (small blind) collected ($35.50)
Seat 2: kolaz03 (big blind) folded on the River


PokerStars Hand #164348407647:  Hold'em Limit ($3/$6 USD) - 2017/01/10 10:22:51 ET
Table 'Salli II' 6-max Seat #1 is the button
Seat 1: yirkape ($72.84 in chips)
Seat 2: kolaz03 ($72 in chips)
yirkape: posts small blind $1
kolaz03: posts big blind $3
*** HOLE CARDS ***
yirkape: calls $2
kolaz03: raises $3 to $6
yirkape: calls $3
*** FLOP *** [Kd Qc 9s]
kolaz03: bets $3
yirkape: raises $3 to $6
kolaz03: raises $3 to $9
yirkape: calls $3
*** TURN *** [Kd Qc 9s] [8s]
kolaz03: bets $6
yirkape: calls $6
*** RIVER *** [Kd Qc 9s 8s] [Qs]
kolaz03: bets $6
yirkape: calls $6
*** SHOW DOWN ***
kolaz03: shows [Ks Ad] (two pair, Kings and Queens)
yirkape: mucks hand
kolaz03 collected $53.50 from pot
*** SUMMARY ***
Total pot $54 | Rake $0.50
Board [Kd Qc 9s 8s Qs]
Seat 1: yirkape (button) (small blind) mucked
Seat 2: kolaz03 (big blind) showed [Ks Ad] and won ($53.50) with two pair, Kings and Queens


PokerStars Hand #164348489143:  Hold'em Limit ($3/$6 USD) - 2017/01/10 10:24:43 ET
Table 'Salli II' 6-max Seat #1 is the button
Seat 1: yirkape ($44.18 in chips)
Seat 2: kolaz03 ($99.16 in chips)
yirkape: posts small blind $1
kolaz03: posts big blind $3
*** HOLE CARDS ***
yirkape: calls $2
kolaz03: checks
*** FLOP *** [Ks 7h 5h]
kolaz03: checks
yirkape: bets $3
kolaz03: folds
Uncalled bet ($3) returned to yirkape
yirkape collected $5.88 from pot
yirkape: doesn't show hand
*** SUMMARY ***
Total pot $6 | Rake $0.12
Board [Ks 7h 5h]
Seat 1: yirkape (button) (small blind) collected ($5.88)
Seat 2: kolaz03 (big blind) folded on the Flop


PokerStars Hand #164348485716:  Hold'em Limit ($3/$6 USD) - 2017/01/10 10:24:38 ET
Table 'Salli II' 6-max Seat #2 is the button
Seat 1: yirkape ($43.18 in chips)
Seat 2: kolaz03 ($100.16 in chips)
kolaz03: posts small blind $1
yirkape: posts big blind $3
*** HOLE CARDS ***
kolaz03: folds
Uncalled bet ($2) returned to yirkape
yirkape collected $2 from pot
yirkape: doesn't show hand
*** SUMMARY ***
Total pot $2 | Rake $0
Seat 1: yirkape (big blind) collected ($2)
Seat 2: kolaz03 (button) (small blind) folded before Flop


PokerStars Hand #164348471658:  Hold'em Limit ($3/$6 USD) - 2017/01/10 10:24:19 ET
Table 'Salli II' 6-max Seat #1 is the button
Seat 1: yirkape ($21.84 in chips)
Seat 2: kolaz03 ($122 in chips)
yirkape: posts small blind $1
kolaz03: posts big blind $3
*** HOLE CARDS ***
yirkape: raises $3 to $6
kolaz03: raises $3 to $9
yirkape: raises $3 to $12
Betting is capped
kolaz03: calls $3
*** FLOP *** [8s Qd 6h]
kolaz03: bets $3
yirkape: raises $3 to $6
kolaz03: raises $3 to $9
yirkape: raises $0.84 to $9.84 and is all-in
Betting is capped
kolaz03: calls $0.84
*** TURN *** [8s Qd 6h] [5s]
*** RIVER *** [8s Qd 6h 5s] [Qc]
*** SHOW DOWN ***
kolaz03: shows [Jc Ks] (a pair of Queens)
yirkape: shows [Ac 7h] (a pair of Queens - Ace kicker)
yirkape collected $43.18 from pot
*** SUMMARY ***
Total pot $43.68 | Rake $0.50
Board [8s Qd 6h 5s Qc]
Seat 1: yirkape (button) (small blind) showed [Ac 7h] and won ($43.18) with a pair of Queens
Seat 2: kolaz03 (big blind) showed [Jc Ks] and lost with a pair of Queens


PokerStars Hand #164348441219:  Hold'em Limit ($3/$6 USD) - 2017/01/10 10:23:37 ET
Table 'Salli II' 6-max Seat #2 is the button
Seat 1: yirkape ($45.84 in chips)
Seat 2: kolaz03 ($98.50 in chips)
kolaz03: posts small blind $1
yirkape: posts big blind $3
*** HOLE CARDS ***
kolaz03: raises $3 to $6
yirkape: calls $3
*** FLOP *** [9d Ac 7d]
yirkape: checks
kolaz03: bets $3
yirkape: raises $3 to $6
kolaz03: calls $3
*** TURN *** [9d Ac 7d] [5d]
yirkape: checks
kolaz03: bets $6
yirkape: calls $6
*** RIVER *** [9d Ac 7d 5d] [Td]
yirkape: checks
kolaz03: bets $6
yirkape: calls $6
*** SHOW DOWN ***
kolaz03: shows [6h Ad] (a flush, Ace high)
yirkape: mucks hand
kolaz03 collected $47.50 from pot
*** SUMMARY ***
Total pot $48 | Rake $0.50
Board [9d Ac 7d 5d Td]
Seat 1: yirkape (big blind) mucked
Seat 2: kolaz03 (button) (small blind) showed [6h Ad] and won ($47.50) with a flush, Ace high


PokerStars Hand #164348510093:  Hold'em Limit ($3/$6 USD) - 2017/01/10 10:25:12 ET
Table 'Salli II' 6-max Seat #1 is the button
Seat 1: yirkape ($55.70 in chips)
Seat 2: kolaz03 ($87.16 in chips)
yirkape: posts small blind $1
kolaz03: posts big blind $3
*** HOLE CARDS ***
yirkape: raises $3 to $6
kolaz03: raises $3 to $9
yirkape: calls $3
*** FLOP *** [7h 6c 3c]
kolaz03: bets $3
yirkape: calls $3
*** TURN *** [7h 6c 3c] [Th]
kolaz03: checks
yirkape: checks
*** RIVER *** [7h 6c 3c Th] [9s]
kolaz03: checks
yirkape: checks
*** SHOW DOWN ***
kolaz03: shows [As Jd] (high card Ace)
yirkape: mucks hand
kolaz03 collected $23.52 from pot
*** SUMMARY ***
Total pot $24 | Rake $0.48
Board [7h 6c 3c Th 9s]
Seat 1: yirkape (button) (small blind) mucked
Seat 2: kolaz03 (big blind) showed [As Jd] and won ($23.52) with high card Ace


PokerStars Hand #164348497393:  Hold'em Limit ($3/$6 USD) - 2017/01/10 10:24:54 ET
Table 'Salli II' 6-max Seat #2 is the button
Seat 1: yirkape ($47.06 in chips)
Seat 2: kolaz03 ($96.16 in chips)
kolaz03: posts small blind $1
yirkape: posts big blind $3
*** HOLE CARDS ***
kolaz03: raises $3 to $6
yirkape: raises $3 to $9
B_loJkl joins the table at seat #3
kolaz03: calls $3
*** FLOP *** [2s 2c Ad]
yirkape: checks
kolaz03: checks
*** TURN *** [2s 2c Ad] [8c]
yirkape: bets $6
kolaz03: folds
Uncalled bet ($6) returned to yirkape
yirkape collected $17.64 from pot
yirkape: doesn't show hand
*** SUMMARY ***
Total pot $18 | Rake $0.36
Board [2s 2c Ad 8c]
Seat 1: yirkape (big blind) collected ($17.64)
Seat 2: kolaz03 (button) (small blind) folded on the Turn


