PokerStars Hand #169490149372:  Hold'em Limit ($3/$6 USD) - 2017/04/24 9:25:09 ET
Table 'Salli' 6-max Seat #4 is the button
Seat 4: HIGHIQ74 ($121 in chips)
Seat 6: BugerDV ($71 in chips)
HIGHIQ74: posts small blind $1
BugerDV: posts big blind $3
*** HOLE CARDS ***
HIGHIQ74: raises $3 to $6
BugerDV: calls $3
*** FLOP *** [Ah Ks Jc]
BugerDV: checks
HIGHIQ74: bets $3
BugerDV: folds
Uncalled bet ($3) returned to HIGHIQ74
HIGHIQ74 collected $11.76 from pot
*** SUMMARY ***
Total pot $12 | Rake $0.24
Board [Ah Ks Jc]
Seat 4: HIGHIQ74 (button) (small blind) collected ($11.76)
Seat 6: BugerDV (big blind) folded on the Flop


PokerStars Hand #169490141017:  Hold'em Limit ($3/$6 USD) - 2017/04/24 9:24:54 ET
Table 'Salli' 6-max Seat #6 is the button
Seat 4: HIGHIQ74 ($120 in chips)
Seat 6: BugerDV ($72 in chips)
BugerDV: posts small blind $1
HIGHIQ74: posts big blind $3
*** HOLE CARDS ***
BugerDV: folds
Uncalled bet ($2) returned to HIGHIQ74
HIGHIQ74 collected $2 from pot
*** SUMMARY ***
Total pot $2 | Rake $0
Seat 4: HIGHIQ74 (big blind) collected ($2)
Seat 6: BugerDV (button) (small blind) folded before Flop


PokerStars Hand #169490191443:  Hold'em Limit ($3/$6 USD) - 2017/04/24 9:26:24 ET
Table 'Salli' 6-max Seat #4 is the button
Seat 4: HIGHIQ74 ($114.51 in chips)
Seat 6: BugerDV ($76.39 in chips)
HIGHIQ74: posts small blind $1
BugerDV: posts big blind $3
*** HOLE CARDS ***
HIGHIQ74: folds
Uncalled bet ($2) returned to BugerDV
BugerDV collected $2 from pot
BugerDV: doesn't show hand
*** SUMMARY ***
Total pot $2 | Rake $0
Seat 4: HIGHIQ74 (button) (small blind) folded before Flop
Seat 6: BugerDV (big blind) collected ($2)


PokerStars Hand #169490188473:  Hold'em Limit ($3/$6 USD) - 2017/04/24 9:26:19 ET
Table 'Salli' 6-max Seat #6 is the button
Seat 4: HIGHIQ74 ($117.51 in chips)
Seat 6: BugerDV ($73.39 in chips)
BugerDV: posts small blind $1
HIGHIQ74: posts big blind $3
*** HOLE CARDS ***
BugerDV: raises $3 to $6
HIGHIQ74: folds
Uncalled bet ($3) returned to BugerDV
BugerDV collected $6 from pot
BugerDV: doesn't show hand
*** SUMMARY ***
Total pot $6 | Rake $0
Seat 4: HIGHIQ74 (big blind) folded before Flop
Seat 6: BugerDV (button) (small blind) collected ($6)


PokerStars Hand #169490174807:  Hold'em Limit ($3/$6 USD) - 2017/04/24 9:25:54 ET
Table 'Salli' 6-max Seat #4 is the button
Seat 4: HIGHIQ74 ($126.51 in chips)
Seat 6: BugerDV ($64.75 in chips)
HIGHIQ74: posts small blind $1
BugerDV: posts big blind $3
*** HOLE CARDS ***
HIGHIQ74: raises $3 to $6
BugerDV: calls $3
*** FLOP *** [3h As 9c]
BugerDV: checks
HIGHIQ74: bets $3
BugerDV: calls $3
*** TURN *** [3h As 9c] [Ts]
BugerDV: checks
HIGHIQ74: checks
*** RIVER *** [3h As 9c Ts] [8c]
BugerDV: bets $6
HIGHIQ74: folds
Uncalled bet ($6) returned to BugerDV
BugerDV collected $17.64 from pot
BugerDV: doesn't show hand
*** SUMMARY ***
Total pot $18 | Rake $0.36
Board [3h As 9c Ts 8c]
Seat 4: HIGHIQ74 (button) (small blind) folded on the River
Seat 6: BugerDV (big blind) collected ($17.64)


PokerStars Hand #169490157885:  Hold'em Limit ($3/$6 USD) - 2017/04/24 9:25:24 ET
Table 'Salli' 6-max Seat #6 is the button
Seat 4: HIGHIQ74 ($126.76 in chips)
Seat 6: BugerDV ($65 in chips)
BugerDV: posts small blind $1
HIGHIQ74: posts big blind $3
*** HOLE CARDS ***
BugerDV: raises $3 to $6
HIGHIQ74: calls $3
*** FLOP *** [Jc 4s 4c]
HIGHIQ74: checks
BugerDV: bets $3
HIGHIQ74: calls $3
*** TURN *** [Jc 4s 4c] [2c]
HIGHIQ74: checks
BugerDV: bets $6
HIGHIQ74: raises $6 to $12
BugerDV: calls $6
*** RIVER *** [Jc 4s 4c 2c] [2h]
HIGHIQ74: bets $6
BugerDV: raises $6 to $12
HIGHIQ74: raises $6 to $18
BugerDV: raises $6 to $24
Betting is capped
HIGHIQ74: calls $6
*** SHOW DOWN ***
BugerDV: shows [4h 3h] (a full house, Fours full of Deuces)
HIGHIQ74: shows [7d 4d] (a full house, Fours full of Deuces)
HIGHIQ74 collected $44.75 from pot
BugerDV collected $44.75 from pot
*** SUMMARY ***
Total pot $90 | Rake $0.50
Board [Jc 4s 4c 2c 2h]
Seat 4: HIGHIQ74 (big blind) showed [7d 4d] and won ($44.75) with a full house, Fours full of Deuces
Seat 6: BugerDV (button) (small blind) showed [4h 3h] and won ($44.75) with a full house, Fours full of Deuces


PokerStars Hand #169490211241:  Hold'em Limit ($3/$6 USD) - 2017/04/24 9:26:59 ET
Table 'Salli' 6-max Seat #6 is the button
Seat 4: HIGHIQ74 ($102.51 in chips)
Seat 6: BugerDV ($88.15 in chips)
BugerDV: posts small blind $1
HIGHIQ74: posts big blind $3
*** HOLE CARDS ***
BugerDV: raises $3 to $6
HIGHIQ74: calls $3
*** FLOP *** [5c Kh 7h]
HIGHIQ74: checks
BugerDV: bets $3
HIGHIQ74: calls $3
*** TURN *** [5c Kh 7h] [Tc]
HIGHIQ74: checks
BugerDV: checks
*** RIVER *** [5c Kh 7h Tc] [4d]
HIGHIQ74: bets $6
BugerDV: calls $6
*** SHOW DOWN ***
HIGHIQ74: shows [Qh 3s] (high card King)
BugerDV: shows [8s 7d] (a pair of Sevens)
BugerDV collected $29.50 from pot
*** SUMMARY ***
Total pot $30 | Rake $0.50
Board [5c Kh 7h Tc 4d]
Seat 4: HIGHIQ74 (big blind) showed [Qh 3s] and lost with high card King
Seat 6: BugerDV (button) (small blind) showed [8s 7d] and won ($29.50) with a pair of Sevens


PokerStars Hand #169490208810:  Hold'em Limit ($3/$6 USD) - 2017/04/24 9:26:55 ET
Table 'Salli' 6-max Seat #4 is the button
Seat 4: HIGHIQ74 ($103.51 in chips)
Seat 6: BugerDV ($87.15 in chips)
HIGHIQ74: posts small blind $1
BugerDV: posts big blind $3
*** HOLE CARDS ***
HIGHIQ74: folds
Uncalled bet ($2) returned to BugerDV
BugerDV collected $2 from pot
BugerDV: doesn't show hand
*** SUMMARY ***
Total pot $2 | Rake $0
Seat 4: HIGHIQ74 (button) (small blind) folded before Flop
Seat 6: BugerDV (big blind) collected ($2)


PokerStars Hand #169490199725:  Hold'em Limit ($3/$6 USD) - 2017/04/24 9:26:39 ET
Table 'Salli' 6-max Seat #6 is the button
Seat 4: HIGHIQ74 ($109.51 in chips)
Seat 6: BugerDV ($81.39 in chips)
BugerDV: posts small blind $1
HIGHIQ74: posts big blind $3
*** HOLE CARDS ***
BugerDV: raises $3 to $6
HIGHIQ74: calls $3
*** FLOP *** [Th Jh Td]
HIGHIQ74: checks
BugerDV: bets $3
HIGHIQ74: folds
Uncalled bet ($3) returned to BugerDV
BugerDV collected $11.76 from pot
BugerDV: doesn't show hand
*** SUMMARY ***
Total pot $12 | Rake $0.24
Board [Th Jh Td]
Seat 4: HIGHIQ74 (big blind) folded on the Flop
Seat 6: BugerDV (button) (small blind) collected ($11.76)


PokerStars Hand #169490197315:  Hold'em Limit ($3/$6 USD) - 2017/04/24 9:26:34 ET
Table 'Salli' 6-max Seat #4 is the button
Seat 4: HIGHIQ74 ($110.51 in chips)
Seat 6: BugerDV ($80.39 in chips)
HIGHIQ74: posts small blind $1
BugerDV: posts big blind $3
*** HOLE CARDS ***
HIGHIQ74: folds
Uncalled bet ($2) returned to BugerDV
BugerDV collected $2 from pot
BugerDV: doesn't show hand
*** SUMMARY ***
Total pot $2 | Rake $0
Seat 4: HIGHIQ74 (button) (small blind) folded before Flop
Seat 6: BugerDV (big blind) collected ($2)


PokerStars Hand #169490194195:  Hold'em Limit ($3/$6 USD) - 2017/04/24 9:26:29 ET
Table 'Salli' 6-max Seat #6 is the button
Seat 4: HIGHIQ74 ($113.51 in chips)
Seat 6: BugerDV ($77.39 in chips)
BugerDV: posts small blind $1
HIGHIQ74: posts big blind $3
*** HOLE CARDS ***
BugerDV: raises $3 to $6
HIGHIQ74: folds
Uncalled bet ($3) returned to BugerDV
BugerDV collected $6 from pot
BugerDV: doesn't show hand
*** SUMMARY ***
Total pot $6 | Rake $0
Seat 4: HIGHIQ74 (big blind) folded before Flop
Seat 6: BugerDV (button) (small blind) collected ($6)


PokerStars Hand #169490245139:  Hold'em Limit ($3/$6 USD) - 2017/04/24 9:28:01 ET
Table 'Salli' 6-max Seat #4 is the button
Seat 4: HIGHIQ74 ($64.51 in chips)
Seat 6: BugerDV ($125.15 in chips)
HIGHIQ74: posts small blind $1
BugerDV: posts big blind $3
*** HOLE CARDS ***
HIGHIQ74: raises $3 to $6
BugerDV: calls $3
*** FLOP *** [7c Jh 2s]
BugerDV: checks
HIGHIQ74: bets $3
BugerDV: raises $3 to $6
HIGHIQ74: calls $3
*** TURN *** [7c Jh 2s] [9h]
BugerDV: bets $6
HIGHIQ74: calls $6
*** RIVER *** [7c Jh 2s 9h] [4c]
BugerDV: bets $6
HIGHIQ74: folds
Uncalled bet ($6) returned to BugerDV
BugerDV collected $35.50 from pot
BugerDV: doesn't show hand
*** SUMMARY ***
Total pot $36 | Rake $0.50
Board [7c Jh 2s 9h 4c]
Seat 4: HIGHIQ74 (button) (small blind) folded on the River
Seat 6: BugerDV (big blind) collected ($35.50)


PokerStars Hand #169490240490:  Hold'em Limit ($3/$6 USD) - 2017/04/24 9:27:52 ET
Table 'Salli' 6-max Seat #6 is the button
Seat 4: HIGHIQ74 ($63.51 in chips)
Seat 6: BugerDV ($126.15 in chips)
BugerDV: posts small blind $1
HIGHIQ74: posts big blind $3
*** HOLE CARDS ***
BugerDV: folds
Uncalled bet ($2) returned to HIGHIQ74
HIGHIQ74 collected $2 from pot
*** SUMMARY ***
Total pot $2 | Rake $0
Seat 4: HIGHIQ74 (big blind) collected ($2)
Seat 6: BugerDV (button) (small blind) folded before Flop


PokerStars Hand #169490223204:  Hold'em Limit ($3/$6 USD) - 2017/04/24 9:27:21 ET
Table 'Salli' 6-max Seat #4 is the button
Seat 4: HIGHIQ74 ($87.51 in chips)
Seat 6: BugerDV ($102.65 in chips)
HIGHIQ74: posts small blind $1
BugerDV: posts big blind $3
*** HOLE CARDS ***
HIGHIQ74: raises $3 to $6
BugerDV: calls $3
*** FLOP *** [3s Qs Ad]
BugerDV: checks
HIGHIQ74: bets $3
BugerDV: raises $3 to $6
HIGHIQ74: calls $3
*** TURN *** [3s Qs Ad] [4d]
BugerDV: bets $6
HIGHIQ74: calls $6
*** RIVER *** [3s Qs Ad 4d] [Th]
BugerDV: bets $6
HIGHIQ74: calls $6
*** SHOW DOWN ***
BugerDV: shows [4c Qc] (two pair, Queens and Fours)
HIGHIQ74: mucks hand
BugerDV collected $47.50 from pot
*** SUMMARY ***
Total pot $48 | Rake $0.50
Board [3s Qs Ad 4d Th]
Seat 4: HIGHIQ74 (button) (small blind) mucked
Seat 6: BugerDV (big blind) showed [4c Qc] and won ($47.50) with two pair, Queens and Fours


PokerStars Hand #169490261896:  Hold'em Limit ($3/$6 USD) - 2017/04/24 9:28:30 ET
Table 'Salli' 6-max Seat #4 is the button
Seat 4: HIGHIQ74 ($107.51 in chips)
Seat 6: BugerDV ($141.65 in chips)
HIGHIQ74: posts small blind $1
BugerDV: posts big blind $3
*** HOLE CARDS ***
HIGHIQ74: raises $3 to $6
artecris joins the table at seat #3
BugerDV: folds
Uncalled bet ($3) returned to HIGHIQ74
HIGHIQ74 collected $6 from pot
*** SUMMARY ***
Total pot $6 | Rake $0
Seat 4: HIGHIQ74 (button) (small blind) collected ($6)
Seat 6: BugerDV (big blind) folded before Flop


PokerStars Hand #169490258095:  Hold'em Limit ($3/$6 USD) - 2017/04/24 9:28:24 ET
Table 'Salli' 6-max Seat #6 is the button
Seat 4: HIGHIQ74 ($46.51 in chips)
Seat 6: BugerDV ($142.65 in chips)
BugerDV: posts small blind $1
HIGHIQ74: posts big blind $3
*** HOLE CARDS ***
BugerDV: folds
Uncalled bet ($2) returned to HIGHIQ74
HIGHIQ74 collected $2 from pot
*** SUMMARY ***
Total pot $2 | Rake $0
Seat 4: HIGHIQ74 (big blind) collected ($2)
Seat 6: BugerDV (button) (small blind) folded before Flop


PokerStars Hand #169490461493:  Hold'em Limit ($3/$6 USD) - 2017/04/24 9:34:26 ET
Table 'Salli' 6-max Seat #1 is the button
Seat 1: Qvidde ($128.46 in chips)
Seat 3: artecris ($181.15 in chips)
Qvidde: posts small blind $1
artecris: posts big blind $3
*** HOLE CARDS ***
Qvidde: raises $3 to $6
artecris: folds
Uncalled bet ($3) returned to Qvidde
Qvidde collected $6 from pot
Qvidde: doesn't show hand
*** SUMMARY ***
Total pot $6 | Rake $0
Seat 1: Qvidde (button) (small blind) collected ($6)
Seat 3: artecris (big blind) folded before Flop


PokerStars Hand #169491417258:  Hold'em Limit ($3/$6 USD) - 2017/04/24 10:03:23 ET
Table 'Salli' 6-max Seat #3 is the button
Seat 3: artecris ($169.46 in chips)
Seat 5: Pelurile ($72 in chips)
artecris: posts small blind $1
Pelurile: posts big blind $3
*** HOLE CARDS ***
artecris: folds
Uncalled bet ($2) returned to Pelurile
Pelurile collected $2 from pot
Pelurile: doesn't show hand
*** SUMMARY ***
Total pot $2 | Rake $0
Seat 3: artecris (button) (small blind) folded before Flop
Seat 5: Pelurile (big blind) collected ($2)


PokerStars Hand #169491401278:  Hold'em Limit ($3/$6 USD) - 2017/04/24 10:02:55 ET
Table 'Salli' 6-max Seat #5 is the button
Seat 3: artecris ($160.82 in chips)
Seat 5: Pelurile ($76 in chips)
Pelurile: posts small blind $1
hugostud: is sitting out
artecris: posts big blind $3
*** HOLE CARDS ***
hugostud leaves the table
Pelurile: raises $3 to $6
swics1202 leaves the table
artecris: raises $3 to $9
Pelurile: calls $3
*** FLOP *** [Th 3c Ks]
artecris: bets $3
Pelurile: folds
Uncalled bet ($3) returned to artecris
artecris collected $17.64 from pot
artecris: doesn't show hand
*** SUMMARY ***
Total pot $18 | Rake $0.36
Board [Th 3c Ks]
Seat 3: artecris (big blind) collected ($17.64)
Seat 5: Pelurile (button) (small blind) folded on the Flop


PokerStars Hand #169491441567:  Hold'em Limit ($3/$6 USD) - 2017/04/24 10:04:06 ET
Table 'Salli' 6-max Seat #5 is the button
Seat 3: artecris ($155.46 in chips)
Seat 5: Pelurile ($85.52 in chips)
Pelurile: posts small blind $1
artecris: posts big blind $3
*** HOLE CARDS ***
Pelurile: folds
Uncalled bet ($2) returned to artecris
artecris collected $2 from pot
artecris: doesn't show hand
*** SUMMARY ***
Total pot $2 | Rake $0
Seat 3: artecris (big blind) collected ($2)
Seat 5: Pelurile (button) (small blind) folded before Flop


PokerStars Hand #169491439078:  Hold'em Limit ($3/$6 USD) - 2017/04/24 10:04:01 ET
Table 'Salli' 6-max Seat #3 is the button
Seat 3: artecris ($156.46 in chips)
Seat 5: Pelurile ($84.52 in chips)
artecris: posts small blind $1
Pelurile: posts big blind $3
*** HOLE CARDS ***
artecris: folds
Uncalled bet ($2) returned to Pelurile
Pelurile collected $2 from pot
Pelurile: doesn't show hand
*** SUMMARY ***
Total pot $2 | Rake $0
Seat 3: artecris (button) (small blind) folded before Flop
Seat 5: Pelurile (big blind) collected ($2)


PokerStars Hand #169491419813:  Hold'em Limit ($3/$6 USD) - 2017/04/24 10:03:27 ET
Table 'Salli' 6-max Seat #5 is the button
Seat 3: artecris ($168.46 in chips)
Seat 5: Pelurile ($73 in chips)
Pelurile: posts small blind $1
artecris: posts big blind $3
*** HOLE CARDS ***
Pelurile: raises $3 to $6
artecris: calls $3
*** FLOP *** [6d 8c 9c]
artecris: checks
Pelurile: checks
*** TURN *** [6d 8c 9c] [7h]
artecris: bets $6
Pelurile: calls $6
*** RIVER *** [6d 8c 9c 7h] [Ks]
artecris: checks
Pelurile: bets $6
artecris: folds
Uncalled bet ($6) returned to Pelurile
Pelurile collected $23.52 from pot
Pelurile: doesn't show hand
*** SUMMARY ***
Total pot $24 | Rake $0.48
Board [6d 8c 9c 7h Ks]
Seat 3: artecris (big blind) folded on the River
Seat 5: Pelurile (button) (small blind) collected ($23.52)


