PokerStars Hand #153362276794:  Hold'em Limit ($3/$6 USD) - 2016/05/15 15:21:49 ET
Table 'Salli II' 6-max Seat #1 is the button
Seat 1: Zubasa07 ($500 in chips)
Seat 3: mylifeluvsol ($30 in chips)
Zubasa07: posts small blind $1
mylifeluvsol: posts big blind $3
*** HOLE CARDS ***
Zubasa07: raises $3 to $6
mylifeluvsol: raises $3 to $9
GRAILKO joins the table at seat #4
Zubasa07: calls $3
*** FLOP *** [Qc 9c 3c]
mylifeluvsol: bets $3
Zubasa07: calls $3
*** TURN *** [Qc 9c 3c] [Th]
mylifeluvsol: bets $6
Zubasa07: calls $6
*** RIVER *** [Qc 9c 3c Th] [8d]
mylifeluvsol: bets $6
Zubasa07: raises $6 to $12
mylifeluvsol: calls $6 and is all-in
*** SHOW DOWN ***
Zubasa07: shows [7c Js] (a straight, Eight to Queen)
mylifeluvsol: shows [3s 3h] (three of a kind, Threes)
Zubasa07 collected $59.50 from pot
*** SUMMARY ***
Total pot $60 | Rake $0.50
Board [Qc 9c 3c Th 8d]
Seat 1: Zubasa07 (button) (small blind) showed [7c Js] and won ($59.50) with a straight, Eight to Queen
Seat 3: mylifeluvsol (big blind) showed [3s 3h] and lost with three of a kind, Threes


PokerStars Hand #153362339088:  Hold'em Limit ($3/$6 USD) - 2016/05/15 15:22:49 ET
Table 'Salli II' 6-max Seat #4 is the button
Seat 3: mylifeluvsol ($30 in chips)
Seat 4: GRAILKO ($200 in chips)
GRAILKO: posts small blind $1
Zubasa07: is sitting out
mylifeluvsol: posts big blind $3
*** HOLE CARDS ***
GRAILKO: raises $3 to $6
mylifeluvsol: calls $3
*** FLOP *** [6s 3s Th]
mylifeluvsol: checks
GRAILKO: bets $3
mylifeluvsol: folds
Uncalled bet ($3) returned to GRAILKO
GRAILKO collected $11.76 from pot
GRAILKO: doesn't show hand
*** SUMMARY ***
Total pot $12 | Rake $0.24
Board [6s 3s Th]
Seat 3: mylifeluvsol (big blind) folded on the Flop
Seat 4: GRAILKO (button) (small blind) collected ($11.76)


PokerStars Hand #153362361518:  Hold'em Limit ($3/$6 USD) - 2016/05/15 15:23:10 ET
Table 'Salli II' 6-max Seat #3 is the button
Seat 3: mylifeluvsol ($24 in chips)
Seat 4: GRAILKO ($205.76 in chips)
mylifeluvsol: posts small blind $1
GRAILKO: posts big blind $3
*** HOLE CARDS ***
mylifeluvsol: raises $3 to $6
GRAILKO: calls $3
*** FLOP *** [2c Ad 7s]
GRAILKO: checks
mylifeluvsol: bets $3
GRAILKO: folds
Uncalled bet ($3) returned to mylifeluvsol
mylifeluvsol collected $11.76 from pot
mylifeluvsol: doesn't show hand
*** SUMMARY ***
Total pot $12 | Rake $0.24
Board [2c Ad 7s]
Seat 3: mylifeluvsol (button) (small blind) collected ($11.76)
Seat 4: GRAILKO (big blind) folded on the Flop


PokerStars Hand #153362763733:  Hold'em Limit ($3/$6 USD) - 2016/05/15 15:29:28 ET
Table 'Salli II' 6-max Seat #3 is the button
Seat 2: Bucs9397 ($71.43 in chips)
Seat 3: mylifeluvsol ($69.39 in chips)
mylifeluvsol: posts small blind $1
GRAILKO: is sitting out
Bucs9397: posts big blind $3
*** HOLE CARDS ***
mylifeluvsol: folds
Uncalled bet ($2) returned to Bucs9397
Bucs9397 collected $2 from pot
*** SUMMARY ***
Total pot $2 | Rake $0
Seat 2: Bucs9397 (big blind) collected ($2)
Seat 3: mylifeluvsol (button) (small blind) folded before Flop


PokerStars Hand #153362815488:  Hold'em Limit ($3/$6 USD) - 2016/05/15 15:30:19 ET
Table 'Salli II' 6-max Seat #3 is the button
Seat 3: mylifeluvsol ($60.39 in chips)
Seat 4: GRAILKO ($224.40 in chips)
mylifeluvsol: posts small blind $1
GRAILKO: posts big blind $3
*** HOLE CARDS ***
mylifeluvsol: folds
Uncalled bet ($2) returned to GRAILKO
GRAILKO collected $2 from pot
GRAILKO: doesn't show hand
*** SUMMARY ***
Total pot $2 | Rake $0
Seat 3: mylifeluvsol (button) (small blind) folded before Flop
Seat 4: GRAILKO (big blind) collected ($2)


PokerStars Hand #153362809625:  Hold'em Limit ($3/$6 USD) - 2016/05/15 15:30:13 ET
Table 'Salli II' 6-max Seat #4 is the button
Seat 3: mylifeluvsol ($59.39 in chips)
Seat 4: GRAILKO ($225.40 in chips)
GRAILKO: posts small blind $1
mylifeluvsol: posts big blind $3
*** HOLE CARDS ***
GRAILKO: folds
Uncalled bet ($2) returned to mylifeluvsol
mylifeluvsol collected $2 from pot
*** SUMMARY ***
Total pot $2 | Rake $0
Seat 3: mylifeluvsol (big blind) collected ($2)
Seat 4: GRAILKO (button) (small blind) folded before Flop


PokerStars Hand #153362769593:  Hold'em Limit ($3/$6 USD) - 2016/05/15 15:29:33 ET
Table 'Salli II' 6-max Seat #2 is the button
Seat 2: Bucs9397 ($72.43 in chips)
Seat 3: mylifeluvsol ($68.39 in chips)
Bucs9397: posts small blind $1
mylifeluvsol: posts big blind $3
*** HOLE CARDS ***
Bucs9397: folds
Uncalled bet ($2) returned to mylifeluvsol
mylifeluvsol collected $2 from pot
mylifeluvsol: doesn't show hand
*** SUMMARY ***
Total pot $2 | Rake $0
Seat 2: Bucs9397 (button) (small blind) folded before Flop
Seat 3: mylifeluvsol (big blind) collected ($2)


PokerStars Hand #153362845144:  Hold'em Limit ($3/$6 USD) - 2016/05/15 15:30:47 ET
Table 'Salli II' 6-max Seat #3 is the button
Seat 3: mylifeluvsol ($65.15 in chips)
Seat 4: GRAILKO ($219.40 in chips)
joayjo joins the table at seat #5
mylifeluvsol: posts small blind $1
GRAILKO: posts big blind $3
*** HOLE CARDS ***
mylifeluvsol: raises $3 to $6
ravnen666 joins the table at seat #6
GRAILKO: calls $3
*** FLOP *** [3c 8c Qs]
awelli joins the table at seat #1
TinaTurner72 joins the table at seat #2
GRAILKO: checks
mylifeluvsol: checks
*** TURN *** [3c 8c Qs] [Qd]
GRAILKO: bets $6
mylifeluvsol: raises $6 to $12
GRAILKO: folds
Uncalled bet ($6) returned to mylifeluvsol
mylifeluvsol collected $23.52 from pot
mylifeluvsol: doesn't show hand
*** SUMMARY ***
Total pot $24 | Rake $0.48
Board [3c 8c Qs Qd]
Seat 3: mylifeluvsol (button) (small blind) collected ($23.52)
Seat 4: GRAILKO (big blind) folded on the Turn


PokerStars Hand #153362820946:  Hold'em Limit ($3/$6 USD) - 2016/05/15 15:30:24 ET
Table 'Salli II' 6-max Seat #4 is the button
Seat 3: mylifeluvsol ($59.39 in chips)
Seat 4: GRAILKO ($225.40 in chips)
GRAILKO: posts small blind $1
mylifeluvsol: posts big blind $3
*** HOLE CARDS ***
GRAILKO: raises $3 to $6
mylifeluvsol: calls $3
*** FLOP *** [9c Qs Th]
mylifeluvsol: checks
GRAILKO: checks
*** TURN *** [9c Qs Th] [5s]
mylifeluvsol: checks
GRAILKO: checks
*** RIVER *** [9c Qs Th 5s] [6h]
mylifeluvsol: checks
GRAILKO: checks
*** SHOW DOWN ***
mylifeluvsol: shows [Kh Jh] (a straight, Nine to King)
GRAILKO: mucks hand
mylifeluvsol collected $11.76 from pot
*** SUMMARY ***
Total pot $12 | Rake $0.24
Board [9c Qs Th 5s 6h]
Seat 3: mylifeluvsol (big blind) showed [Kh Jh] and won ($11.76) with a straight, Nine to King
Seat 4: GRAILKO (button) (small blind) mucked


PokerStars Hand #153364993708:  Hold'em Limit ($3/$6 USD) - 2016/05/15 16:07:32 ET
Table 'Salli II' 6-max Seat #6 is the button
Seat 2: lin1rabbit ($90 in chips)
Seat 6: ravnen666 ($124.53 in chips)
ravnen666: posts small blind $1
lin1rabbit: posts big blind $3
*** HOLE CARDS ***
ravnen666: folds
Uncalled bet ($2) returned to lin1rabbit
lin1rabbit collected $2 from pot
lin1rabbit: doesn't show hand
*** SUMMARY ***
Total pot $2 | Rake $0
Seat 2: lin1rabbit (big blind) collected ($2)
Seat 6: ravnen666 (button) (small blind) folded before Flop


PokerStars Hand #153364986076:  Hold'em Limit ($3/$6 USD) - 2016/05/15 16:07:25 ET
Table 'Salli II' 6-max Seat #2 is the button
Seat 2: lin1rabbit ($87 in chips)
Seat 6: ravnen666 ($127.53 in chips)
lin1rabbit: posts small blind $1
vestimokrec: is sitting out
ravnen666: posts big blind $3
*** HOLE CARDS ***
lin1rabbit: raises $3 to $6
ravnen666: folds
Uncalled bet ($3) returned to lin1rabbit
lin1rabbit collected $6 from pot
lin1rabbit: doesn't show hand
*** SUMMARY ***
Total pot $6 | Rake $0
Seat 2: lin1rabbit (button) (small blind) collected ($6)
Seat 6: ravnen666 (big blind) folded before Flop


