PokerStars Hand #158534608321:  Hold'em Limit ($3/$6 USD) - 2016/09/12 23:18:53 ET
Table 'Salm' 6-max Seat #5 is the button
Seat 1: Velbor107 ($299 in chips)
Seat 5: Clark205 ($361 in chips)
Clark205: posts small blind $1
Velbor107: posts big blind $3
*** HOLE CARDS ***
Clark205: folds
Uncalled bet ($2) returned to Velbor107
Velbor107 collected $2 from pot
*** SUMMARY ***
Total pot $2 | Rake $0
Seat 1: Velbor107 (big blind) collected ($2)
Seat 5: Clark205 (button) (small blind) folded before Flop


PokerStars Hand #158534602785:  Hold'em Limit ($3/$6 USD) - 2016/09/12 23:18:35 ET
Table 'Salm' 6-max Seat #1 is the button
Seat 1: Velbor107 ($300 in chips)
Seat 5: Clark205 ($360 in chips)
Velbor107: posts small blind $1
Clark205: posts big blind $3
*** HOLE CARDS ***
Velbor107: folds
Uncalled bet ($2) returned to Clark205
Clark205 collected $2 from pot
Clark205: doesn't show hand
*** SUMMARY ***
Total pot $2 | Rake $0
Seat 1: Velbor107 (button) (small blind) folded before Flop
Seat 5: Clark205 (big blind) collected ($2)


PokerStars Hand #158534619379:  Hold'em Limit ($3/$6 USD) - 2016/09/12 23:19:29 ET
Table 'Salm' 6-max Seat #5 is the button
Seat 1: Velbor107 ($270 in chips)
Seat 5: Clark205 ($389.50 in chips)
Clark205: posts small blind $1
Velbor107: posts big blind $3
*** HOLE CARDS ***
Clark205: folds
Uncalled bet ($2) returned to Velbor107
Velbor107 collected $2 from pot
*** SUMMARY ***
Total pot $2 | Rake $0
Seat 1: Velbor107 (big blind) collected ($2)
Seat 5: Clark205 (button) (small blind) folded before Flop


PokerStars Hand #158534609931:  Hold'em Limit ($3/$6 USD) - 2016/09/12 23:18:58 ET
Table 'Salm' 6-max Seat #1 is the button
Seat 1: Velbor107 ($300 in chips)
Seat 5: Clark205 ($360 in chips)
Velbor107: posts small blind $1
Clark205: posts big blind $3
*** HOLE CARDS ***
Velbor107: raises $3 to $6
Clark205: raises $3 to $9
Velbor107: calls $3
*** FLOP *** [Ks 9h Ac]
Clark205: bets $3
Velbor107: calls $3
*** TURN *** [Ks 9h Ac] [5h]
Clark205: checks
Velbor107: bets $6
Clark205: raises $6 to $12
Velbor107: calls $6
*** RIVER *** [Ks 9h Ac 5h] [4d]
Clark205: bets $6
Velbor107: calls $6
*** SHOW DOWN ***
Clark205: shows [3s Ad] (a pair of Aces)
Velbor107: mucks hand
Clark205 collected $59.50 from pot
*** SUMMARY ***
Total pot $60 | Rake $0.50
Board [Ks 9h Ac 5h 4d]
Seat 1: Velbor107 (button) (small blind) mucked
Seat 5: Clark205 (big blind) showed [3s Ad] and won ($59.50) with a pair of Aces


PokerStars Hand #158534620820:  Hold'em Limit ($3/$6 USD) - 2016/09/12 23:19:34 ET
Table 'Salm' 6-max Seat #1 is the button
Seat 1: Velbor107 ($271 in chips)
Seat 5: Clark205 ($388.50 in chips)
Velbor107: posts small blind $1
Clark205: posts big blind $3
*** HOLE CARDS ***
Velbor107: raises $3 to $6
Clark205: raises $3 to $9
b.lutsik joins the table at seat #3
Velbor107: raises $3 to $12
Betting is capped
Clark205: calls $3
*** FLOP *** [6c 3c Ac]
Clark205: bets $3
Velbor107: calls $3
*** TURN *** [6c 3c Ac] [2c]
Clark205: checks
Velbor107: bets $6
Clark205: calls $6
*** RIVER *** [6c 3c Ac 2c] [Qh]
Clark205: checks
Velbor107: bets $6
Clark205: calls $6
*** SHOW DOWN ***
Velbor107: shows [Qd As] (two pair, Aces and Queens)
Clark205: shows [Jc 7c] (a flush, Ace high)
Clark205 collected $53.50 from pot
*** SUMMARY ***
Total pot $54 | Rake $0.50
Board [6c 3c Ac 2c Qh]
Seat 1: Velbor107 (button) (small blind) showed [Qd As] and lost with two pair, Aces and Queens
Seat 5: Clark205 (big blind) showed [Jc 7c] and won ($53.50) with a flush, Ace high


