PokerStars Hand #145605571328:  Hold'em Limit ($3/$6 USD) - 2015/12/19 17:29:28 ET
Table 'Salm' 2-max Seat #2 is the button
Seat 1: aruhtart ($120 in chips)
Seat 2: dodge658 ($52.78 in chips)
dodge658: posts small blind $1
aruhtart: posts big blind $3
*** HOLE CARDS ***
dodge658: calls $2
aruhtart: checks
*** FLOP *** [2h 8d 6s]
aruhtart: bets $3
dodge658: calls $3
*** TURN *** [2h 8d 6s] [9d]
aruhtart: bets $6
dodge658: calls $6
*** RIVER *** [2h 8d 6s 9d] [Tc]
aruhtart: checks
dodge658: bets $6
aruhtart: calls $6
*** SHOW DOWN ***
dodge658: shows [9c Ts] (two pair, Tens and Nines)
aruhtart: mucks hand
dodge658 collected $35.50 from pot
*** SUMMARY ***
Total pot $36 | Rake $0.50
Board [2h 8d 6s 9d Tc]
Seat 1: aruhtart (big blind) mucked
Seat 2: dodge658 (button) (small blind) showed [9c Ts] and won ($35.50) with two pair, Tens and Nines


PokerStars Hand #145605588647:  Hold'em Limit ($3/$6 USD) - 2015/12/19 17:29:48 ET
Table 'Salm' 2-max Seat #1 is the button
Seat 1: aruhtart ($120 in chips)
Seat 2: dodge658 ($70.28 in chips)
aruhtart: posts small blind $1
dodge658: posts big blind $3
*** HOLE CARDS ***
aruhtart: raises $3 to $6
dodge658: calls $3
*** FLOP *** [9d Ts 5d]
dodge658: checks
aruhtart: bets $3
dodge658: folds
Uncalled bet ($3) returned to aruhtart
aruhtart collected $11.76 from pot
aruhtart: doesn't show hand
*** SUMMARY ***
Total pot $12 | Rake $0.24
Board [9d Ts 5d]
Seat 1: aruhtart (button) (small blind) collected ($11.76)
Seat 2: dodge658 (big blind) folded on the Flop


PokerStars Hand #145605601582:  Hold'em Limit ($3/$6 USD) - 2015/12/19 17:30:02 ET
Table 'Salm' 2-max Seat #2 is the button
Seat 1: aruhtart ($125.76 in chips)
Seat 2: dodge658 ($64.28 in chips)
dodge658: posts small blind $1
aruhtart: posts big blind $3
*** HOLE CARDS ***
dodge658: calls $2
aruhtart: checks
*** FLOP *** [8h 7d Td]
aruhtart: bets $3
dodge658: calls $3
*** TURN *** [8h 7d Td] [Ac]
aruhtart: bets $6
dodge658: calls $6
*** RIVER *** [8h 7d Td Ac] [2d]
aruhtart: bets $6
dodge658: calls $6
*** SHOW DOWN ***
aruhtart: shows [Tc Jh] (a pair of Tens)
dodge658: mucks hand
aruhtart collected $35.50 from pot
*** SUMMARY ***
Total pot $36 | Rake $0.50
Board [8h 7d Td Ac 2d]
Seat 1: aruhtart (big blind) showed [Tc Jh] and won ($35.50) with a pair of Tens
Seat 2: dodge658 (button) (small blind) mucked


PokerStars Hand #145605620913:  Hold'em Limit ($3/$6 USD) - 2015/12/19 17:30:25 ET
Table 'Salm' 2-max Seat #1 is the button
Seat 1: aruhtart ($143.26 in chips)
Seat 2: dodge658 ($46.28 in chips)
aruhtart: posts small blind $1
dodge658: posts big blind $3
*** HOLE CARDS ***
aruhtart: folds
Uncalled bet ($2) returned to dodge658
dodge658 collected $2 from pot
dodge658: doesn't show hand
*** SUMMARY ***
Total pot $2 | Rake $0
Seat 1: aruhtart (button) (small blind) folded before Flop
Seat 2: dodge658 (big blind) collected ($2)


PokerStars Hand #145605626682:  Hold'em Limit ($3/$6 USD) - 2015/12/19 17:30:31 ET
Table 'Salm' 2-max Seat #2 is the button
Seat 1: aruhtart ($142.26 in chips)
Seat 2: dodge658 ($47.28 in chips)
dodge658: posts small blind $1
aruhtart: posts big blind $3
*** HOLE CARDS ***
dodge658: folds
Uncalled bet ($2) returned to aruhtart
aruhtart collected $2 from pot
aruhtart: doesn't show hand
*** SUMMARY ***
Total pot $2 | Rake $0
Seat 1: aruhtart (big blind) collected ($2)
Seat 2: dodge658 (button) (small blind) folded before Flop


PokerStars Hand #145605632991:  Hold'em Limit ($3/$6 USD) - 2015/12/19 17:30:39 ET
Table 'Salm' 2-max Seat #1 is the button
Seat 1: aruhtart ($143.26 in chips)
Seat 2: dodge658 ($46.28 in chips)
aruhtart: posts small blind $1
dodge658: posts big blind $3
*** HOLE CARDS ***
aruhtart: raises $3 to $6
dodge658: calls $3
*** FLOP *** [9s 9h Ac]
dodge658: checks
aruhtart: bets $3
dodge658: calls $3
*** TURN *** [9s 9h Ac] [4h]
dodge658: checks
aruhtart: bets $6
dodge658: calls $6
*** RIVER *** [9s 9h Ac 4h] [6d]
dodge658: bets $6
aruhtart: folds
Uncalled bet ($6) returned to dodge658
dodge658 collected $29.50 from pot
dodge658: doesn't show hand
*** SUMMARY ***
Total pot $30 | Rake $0.50
Board [9s 9h Ac 4h 6d]
Seat 1: aruhtart (button) (small blind) folded on the River
Seat 2: dodge658 (big blind) collected ($29.50)


PokerStars Hand #145605653528:  Hold'em Limit ($3/$6 USD) - 2015/12/19 17:31:02 ET
Table 'Salm' 2-max Seat #2 is the button
Seat 1: aruhtart ($128.26 in chips)
Seat 2: dodge658 ($60.78 in chips)
dodge658: posts small blind $1
aruhtart: posts big blind $3
*** HOLE CARDS ***
dodge658: calls $2
aruhtart: checks
*** FLOP *** [9s 7h 6d]
aruhtart: checks
dodge658: checks
*** TURN *** [9s 7h 6d] [8h]
aruhtart: checks
dodge658: checks
*** RIVER *** [9s 7h 6d 8h] [2h]
aruhtart: bets $6
dodge658: folds
Uncalled bet ($6) returned to aruhtart
aruhtart collected $5.88 from pot
aruhtart: doesn't show hand
*** SUMMARY ***
Total pot $6 | Rake $0.12
Board [9s 7h 6d 8h 2h]
Seat 1: aruhtart (big blind) collected ($5.88)
Seat 2: dodge658 (button) (small blind) folded on the River


PokerStars Hand #145605671141:  Hold'em Limit ($3/$6 USD) - 2015/12/19 17:31:23 ET
Table 'Salm' 2-max Seat #1 is the button
Seat 1: aruhtart ($131.14 in chips)
Seat 2: dodge658 ($57.78 in chips)
aruhtart: posts small blind $1
dodge658: posts big blind $3
*** HOLE CARDS ***
aruhtart: raises $3 to $6
dodge658: calls $3
*** FLOP *** [3h 5h Qd]
dodge658: bets $3
aruhtart: calls $3
*** TURN *** [3h 5h Qd] [8s]
dodge658: checks
aruhtart: bets $6
dodge658: folds
Uncalled bet ($6) returned to aruhtart
aruhtart collected $17.64 from pot
aruhtart: doesn't show hand
*** SUMMARY ***
Total pot $18 | Rake $0.36
Board [3h 5h Qd 8s]
Seat 1: aruhtart (button) (small blind) collected ($17.64)
Seat 2: dodge658 (big blind) folded on the Turn


PokerStars Hand #145605688591:  Hold'em Limit ($3/$6 USD) - 2015/12/19 17:31:43 ET
Table 'Salm' 2-max Seat #2 is the button
Seat 1: aruhtart ($139.78 in chips)
Seat 2: dodge658 ($48.78 in chips)
dodge658: posts small blind $1
aruhtart: posts big blind $3
*** HOLE CARDS ***
dodge658: folds
Uncalled bet ($2) returned to aruhtart
aruhtart collected $2 from pot
aruhtart: doesn't show hand
*** SUMMARY ***
Total pot $2 | Rake $0
Seat 1: aruhtart (big blind) collected ($2)
Seat 2: dodge658 (button) (small blind) folded before Flop


PokerStars Hand #145605694555:  Hold'em Limit ($3/$6 USD) - 2015/12/19 17:31:50 ET
Table 'Salm' 2-max Seat #1 is the button
Seat 1: aruhtart ($140.78 in chips)
Seat 2: dodge658 ($47.78 in chips)
aruhtart: posts small blind $1
dodge658: posts big blind $3
*** HOLE CARDS ***
aruhtart: raises $3 to $6
dodge658: folds
Uncalled bet ($3) returned to aruhtart
aruhtart collected $6 from pot
aruhtart: doesn't show hand
*** SUMMARY ***
Total pot $6 | Rake $0
Seat 1: aruhtart (button) (small blind) collected ($6)
Seat 2: dodge658 (big blind) folded before Flop


PokerStars Hand #145605700007:  Hold'em Limit ($3/$6 USD) - 2015/12/19 17:31:56 ET
Table 'Salm' 2-max Seat #2 is the button
Seat 1: aruhtart ($143.78 in chips)
Seat 2: dodge658 ($44.78 in chips)
dodge658: posts small blind $1
aruhtart: posts big blind $3
*** HOLE CARDS ***
dodge658: calls $2
aruhtart: checks
*** FLOP *** [Jd Ah 9h]
aruhtart: bets $3
dodge658: calls $3
*** TURN *** [Jd Ah 9h] [3s]
aruhtart: checks
dodge658: bets $6
aruhtart: calls $6
*** RIVER *** [Jd Ah 9h 3s] [8s]
aruhtart: checks
dodge658: bets $6
aruhtart: folds
Uncalled bet ($6) returned to dodge658
dodge658 collected $23.52 from pot
dodge658: doesn't show hand
*** SUMMARY ***
Total pot $24 | Rake $0.48
Board [Jd Ah 9h 3s 8s]
Seat 1: aruhtart (big blind) folded on the River
Seat 2: dodge658 (button) (small blind) collected ($23.52)


PokerStars Hand #145605719248:  Hold'em Limit ($3/$6 USD) - 2015/12/19 17:32:18 ET
Table 'Salm' 2-max Seat #1 is the button
Seat 1: aruhtart ($131.78 in chips)
Seat 2: dodge658 ($56.30 in chips)
aruhtart: posts small blind $1
dodge658: posts big blind $3
*** HOLE CARDS ***
aruhtart: raises $3 to $6
dodge658: calls $3
*** FLOP *** [9s 6s 4s]
dodge658: bets $3
aruhtart: calls $3
*** TURN *** [9s 6s 4s] [Jd]
dodge658: bets $6
aruhtart: calls $6
*** RIVER *** [9s 6s 4s Jd] [5d]
dodge658: bets $6
aruhtart: raises $6 to $12
dodge658: folds
Uncalled bet ($6) returned to aruhtart
aruhtart collected $41.50 from pot
aruhtart: doesn't show hand
*** SUMMARY ***
Total pot $42 | Rake $0.50
Board [9s 6s 4s Jd 5d]
Seat 1: aruhtart (button) (small blind) collected ($41.50)
Seat 2: dodge658 (big blind) folded on the River


PokerStars Hand #145605743993:  Hold'em Limit ($3/$6 USD) - 2015/12/19 17:32:46 ET
Table 'Salm' 2-max Seat #2 is the button
Seat 1: aruhtart ($152.28 in chips)
Seat 2: dodge658 ($35.30 in chips)
dodge658: posts small blind $1
aruhtart: posts big blind $3
*** HOLE CARDS ***
dodge658: calls $2
aruhtart: checks
*** FLOP *** [7c Ac 8h]
aruhtart: checks
dodge658: checks
*** TURN *** [7c Ac 8h] [Jd]
aruhtart: checks
dodge658: checks
*** RIVER *** [7c Ac 8h Jd] [Kc]
aruhtart: checks
dodge658: bets $6
aruhtart: calls $6
*** SHOW DOWN ***
dodge658: shows [Ts 8s] (a pair of Eights)
aruhtart: shows [Kh 5d] (a pair of Kings)
aruhtart collected $17.64 from pot
*** SUMMARY ***
Total pot $18 | Rake $0.36
Board [7c Ac 8h Jd Kc]
Seat 1: aruhtart (big blind) showed [Kh 5d] and won ($17.64) with a pair of Kings
Seat 2: dodge658 (button) (small blind) showed [Ts 8s] and lost with a pair of Eights


PokerStars Hand #145605759833:  Hold'em Limit ($3/$6 USD) - 2015/12/19 17:33:05 ET
Table 'Salm' 2-max Seat #1 is the button
Seat 1: aruhtart ($160.92 in chips)
Seat 2: dodge658 ($26.30 in chips)
aruhtart: posts small blind $1
dodge658: posts big blind $3
*** HOLE CARDS ***
aruhtart: raises $3 to $6
dodge658: calls $3
*** FLOP *** [6d 3d Ac]
dodge658: checks
aruhtart: bets $3
dodge658: calls $3
*** TURN *** [6d 3d Ac] [Kc]
dodge658: checks
aruhtart: bets $6
dodge658: folds
Uncalled bet ($6) returned to aruhtart
aruhtart collected $17.64 from pot
aruhtart: doesn't show hand
*** SUMMARY ***
Total pot $18 | Rake $0.36
Board [6d 3d Ac Kc]
Seat 1: aruhtart (button) (small blind) collected ($17.64)
Seat 2: dodge658 (big blind) folded on the Turn


PokerStars Hand #145605776991:  Hold'em Limit ($3/$6 USD) - 2015/12/19 17:33:24 ET
Table 'Salm' 2-max Seat #2 is the button
Seat 1: aruhtart ($169.56 in chips)
Seat 2: dodge658 ($17.30 in chips)
dodge658: posts small blind $1
aruhtart: posts big blind $3
*** HOLE CARDS ***
dodge658: calls $2
aruhtart: checks
*** FLOP *** [4d Kc Tc]
aruhtart: checks
dodge658: checks
*** TURN *** [4d Kc Tc] [Qc]
aruhtart: checks
dodge658: checks
*** RIVER *** [4d Kc Tc Qc] [Kh]
aruhtart: checks
dodge658: checks
*** SHOW DOWN ***
aruhtart: shows [6h 9s] (a pair of Kings)
dodge658: shows [Ad 2d] (a pair of Kings - Ace kicker)
dodge658 collected $5.88 from pot
*** SUMMARY ***
Total pot $6 | Rake $0.12
Board [4d Kc Tc Qc Kh]
Seat 1: aruhtart (big blind) showed [6h 9s] and lost with a pair of Kings
Seat 2: dodge658 (button) (small blind) showed [Ad 2d] and won ($5.88) with a pair of Kings


PokerStars Hand #145605797430:  Hold'em Limit ($3/$6 USD) - 2015/12/19 17:33:48 ET
Table 'Salm' 2-max Seat #1 is the button
Seat 1: aruhtart ($166.56 in chips)
Seat 2: dodge658 ($20.18 in chips)
aruhtart: posts small blind $1
dodge658: posts big blind $3
*** HOLE CARDS ***
aruhtart: raises $3 to $6
dodge658: calls $3
*** FLOP *** [3s 9s 4s]
dodge658: checks
aruhtart: bets $3
dodge658: folds
Uncalled bet ($3) returned to aruhtart
aruhtart collected $11.76 from pot
aruhtart: doesn't show hand
*** SUMMARY ***
Total pot $12 | Rake $0.24
Board [3s 9s 4s]
Seat 1: aruhtart (button) (small blind) collected ($11.76)
Seat 2: dodge658 (big blind) folded on the Flop


PokerStars Hand #145605814326:  Hold'em Limit ($3/$6 USD) - 2015/12/19 17:34:08 ET
Table 'Salm' 2-max Seat #2 is the button
Seat 1: aruhtart ($172.32 in chips)
Seat 2: dodge658 ($14.18 in chips)
dodge658: posts small blind $1
aruhtart: posts big blind $3
*** HOLE CARDS ***
dodge658: calls $2
aruhtart: raises $3 to $6
dodge658: calls $3
*** FLOP *** [Ah 6s 8d]
aruhtart: bets $3
dodge658: folds
Uncalled bet ($3) returned to aruhtart
aruhtart collected $11.76 from pot
aruhtart: doesn't show hand
*** SUMMARY ***
Total pot $12 | Rake $0.24
Board [Ah 6s 8d]
Seat 1: aruhtart (big blind) collected ($11.76)
Seat 2: dodge658 (button) (small blind) folded on the Flop


PokerStars Hand #145605827590:  Hold'em Limit ($3/$6 USD) - 2015/12/19 17:34:23 ET
Table 'Salm' 2-max Seat #1 is the button
Seat 1: aruhtart ($178.08 in chips)
Seat 2: dodge658 ($8.18 in chips)
aruhtart: posts small blind $1
dodge658: posts big blind $3
*** HOLE CARDS ***
aruhtart: raises $3 to $6
dodge658: calls $3
*** FLOP *** [Th 3h Kd]
dodge658: bets $2.18 and is all-in
aruhtart: calls $2.18
*** TURN *** [Th 3h Kd] [7c]
*** RIVER *** [Th 3h Kd 7c] [Ac]
*** SHOW DOWN ***
dodge658: shows [2h Qh] (high card Ace)
aruhtart: shows [As 4s] (a pair of Aces)
aruhtart collected $16.03 from pot
*** SUMMARY ***
Total pot $16.36 | Rake $0.33
Board [Th 3h Kd 7c Ac]
Seat 1: aruhtart (button) (small blind) showed [As 4s] and won ($16.03) with a pair of Aces
Seat 2: dodge658 (big blind) showed [2h Qh] and lost with high card Ace


