PokerStars Hand #146005645999:  Hold'em Limit ($3/$6 USD) - 2015/12/27 11:35:03 ET
Table 'Salonta' 6-max Seat #2 is the button
Seat 1: VolkovDmitri ($123 in chips)
Seat 2: cashmuzi ($114.99 in chips)
cashmuzi: posts small blind $1
VolkovDmitri: posts big blind $3
*** HOLE CARDS ***
cashmuzi: calls $2
VolkovDmitri: raises $3 to $6
cashmuzi: calls $3
*** FLOP *** [4h Kc 3h]
VolkovDmitri: bets $3
cashmuzi: raises $3 to $6
VolkovDmitri: raises $3 to $9
cashmuzi: raises $3 to $12
Betting is capped
VolkovDmitri: calls $3
*** TURN *** [4h Kc 3h] [Jh]
VolkovDmitri: checks
cashmuzi: checks
*** RIVER *** [4h Kc 3h Jh] [5s]
VolkovDmitri: bets $6
cashmuzi: calls $6
*** SHOW DOWN ***
VolkovDmitri: shows [Kh 7d] (a pair of Kings)
cashmuzi: mucks hand
VolkovDmitri collected $47.50 from pot
*** SUMMARY ***
Total pot $48 | Rake $0.50
Board [4h Kc 3h Jh 5s]
Seat 1: VolkovDmitri (big blind) showed [Kh 7d] and won ($47.50) with a pair of Kings
Seat 2: cashmuzi (button) (small blind) mucked


PokerStars Hand #146005722585:  Hold'em Limit ($3/$6 USD) - 2015/12/27 11:36:21 ET
Table 'Salonta' 6-max Seat #2 is the button
Seat 1: VolkovDmitri ($144.26 in chips)
Seat 2: cashmuzi ($92.63 in chips)
cashmuzi: posts small blind $1
VolkovDmitri: posts big blind $3
*** HOLE CARDS ***
cashmuzi: folds
Uncalled bet ($2) returned to VolkovDmitri
VolkovDmitri collected $2 from pot
VolkovDmitri: doesn't show hand
*** SUMMARY ***
Total pot $2 | Rake $0
Seat 1: VolkovDmitri (big blind) collected ($2)
Seat 2: cashmuzi (button) (small blind) folded before Flop


PokerStars Hand #146005695297:  Hold'em Limit ($3/$6 USD) - 2015/12/27 11:35:54 ET
Table 'Salonta' 6-max Seat #2 is the button
Seat 1: VolkovDmitri ($152.26 in chips)
Seat 2: cashmuzi ($84.99 in chips)
cashmuzi: posts small blind $1
VolkovDmitri: posts big blind $3
*** HOLE CARDS ***
cashmuzi: folds
Uncalled bet ($2) returned to VolkovDmitri
VolkovDmitri collected $2 from pot
VolkovDmitri: doesn't show hand
*** SUMMARY ***
Total pot $2 | Rake $0
Seat 1: VolkovDmitri (big blind) collected ($2)
Seat 2: cashmuzi (button) (small blind) folded before Flop


PokerStars Hand #146005680735:  Hold'em Limit ($3/$6 USD) - 2015/12/27 11:35:39 ET
Table 'Salonta' 6-max Seat #1 is the button
Seat 1: VolkovDmitri ($146.50 in chips)
Seat 2: cashmuzi ($90.99 in chips)
VolkovDmitri: posts small blind $1
cashmuzi: posts big blind $3
*** HOLE CARDS ***
VolkovDmitri: raises $3 to $6
cashmuzi: calls $3
*** FLOP *** [Jh 5c 5d]
cashmuzi: checks
VolkovDmitri: bets $3
cashmuzi: folds
Uncalled bet ($3) returned to VolkovDmitri
VolkovDmitri collected $11.76 from pot
VolkovDmitri: doesn't show hand
*** SUMMARY ***
Total pot $12 | Rake $0.24
Board [Jh 5c 5d]
Seat 1: VolkovDmitri (button) (small blind) collected ($11.76)
Seat 2: cashmuzi (big blind) folded on the Flop


PokerStars Hand #146005767265:  Hold'em Limit ($3/$6 USD) - 2015/12/27 11:37:07 ET
Table 'Salonta' 6-max Seat #2 is the button
Seat 1: VolkovDmitri ($159.76 in chips)
Seat 2: cashmuzi ($76.63 in chips)
cashmuzi: posts small blind $1
VolkovDmitri: posts big blind $3
*** HOLE CARDS ***
cashmuzi: raises $3 to $6
VolkovDmitri: calls $3
*** FLOP *** [4h Tc 6c]
VolkovDmitri: bets $3
cashmuzi: calls $3
*** TURN *** [4h Tc 6c] [Kh]
VolkovDmitri: bets $6
cashmuzi: calls $6
*** RIVER *** [4h Tc 6c Kh] [Qc]
VolkovDmitri: checks
cashmuzi: bets $6
VolkovDmitri: calls $6
*** SHOW DOWN ***
cashmuzi: shows [Ah 8h] (high card Ace)
VolkovDmitri: shows [6h Js] (a pair of Sixes)
VolkovDmitri collected $41.50 from pot
*** SUMMARY ***
Total pot $42 | Rake $0.50
Board [4h Tc 6c Kh Qc]
Seat 1: VolkovDmitri (big blind) showed [6h Js] and won ($41.50) with a pair of Sixes
Seat 2: cashmuzi (button) (small blind) showed [Ah 8h] and lost with high card Ace


PokerStars Hand #146005726894:  Hold'em Limit ($3/$6 USD) - 2015/12/27 11:36:26 ET
Table 'Salonta' 6-max Seat #1 is the button
Seat 1: VolkovDmitri ($145.26 in chips)
Seat 2: cashmuzi ($91.63 in chips)
VolkovDmitri: posts small blind $1
cashmuzi: posts big blind $3
*** HOLE CARDS ***
VolkovDmitri: raises $3 to $6
cashmuzi: calls $3
*** FLOP *** [9h 3s Js]
cashmuzi: checks
VolkovDmitri: bets $3
cashmuzi: calls $3
*** TURN *** [9h 3s Js] [9c]
cashmuzi: checks
VolkovDmitri: bets $6
cashmuzi: calls $6
*** RIVER *** [9h 3s Js 9c] [2h]
cashmuzi: checks
VolkovDmitri: bets $6
cashmuzi: folds
Uncalled bet ($6) returned to VolkovDmitri
VolkovDmitri collected $29.50 from pot
VolkovDmitri: doesn't show hand
*** SUMMARY ***
Total pot $30 | Rake $0.50
Board [9h 3s Js 9c 2h]
Seat 1: VolkovDmitri (button) (small blind) collected ($29.50)
Seat 2: cashmuzi (big blind) folded on the River


PokerStars Hand #146023458596:  Hold'em Limit ($3/$6 USD) - 2015/12/27 16:12:43 ET
Table 'Salonta' 6-max Seat #2 is the button
Seat 2: FaStBluff ($65.01 in chips)
Seat 3: PelonCabelao ($107.39 in chips)
FaStBluff: posts small blind $1
PelonCabelao: posts big blind $3
*** HOLE CARDS ***
FaStBluff: folds
Uncalled bet ($2) returned to PelonCabelao
PelonCabelao collected $2 from pot
PelonCabelao: doesn't show hand
*** SUMMARY ***
Total pot $2 | Rake $0
Seat 2: FaStBluff (button) (small blind) folded before Flop
Seat 3: PelonCabelao (big blind) collected ($2)


PokerStars Hand #146023420614:  Hold'em Limit ($3/$6 USD) - 2015/12/27 16:12:09 ET
Table 'Salonta' 6-max Seat #3 is the button
Seat 2: FaStBluff ($83.01 in chips)
Seat 3: PelonCabelao ($89.89 in chips)
PelonCabelao: posts small blind $1
Pandakey: is sitting out
FaStBluff: posts big blind $3
*** HOLE CARDS ***
PelonCabelao: raises $3 to $6
FaStBluff: raises $3 to $9
PelonCabelao: calls $3
*** FLOP *** [5c Kh 2d]
Pandakey leaves the table
FaStBluff: bets $3
PelonCabelao: calls $3
*** TURN *** [5c Kh 2d] [8s]
FaStBluff: bets $6
PelonCabelao: calls $6
*** RIVER *** [5c Kh 2d 8s] [6c]
FaStBluff: checks
PelonCabelao: checks
*** SHOW DOWN ***
FaStBluff: shows [Ah 4d] (high card Ace)
PelonCabelao: shows [9s 2s] (a pair of Deuces)
PelonCabelao collected $35.50 from pot
*** SUMMARY ***
Total pot $36 | Rake $0.50
Board [5c Kh 2d 8s 6c]
Seat 2: FaStBluff (big blind) showed [Ah 4d] and lost with high card Ace
Seat 3: PelonCabelao (button) (small blind) showed [9s 2s] and won ($35.50) with a pair of Deuces


