PokerStars Hand #145244506400:  Hold'em Limit ($3/$6 USD) - 2015/12/12 16:13:33 ET
Table 'Salome II' 6-max Seat #6 is the button
Seat 5: akon12793 ($32.97 in chips)
Seat 6: SashaYuvelir ($164.70 in chips)
SashaYuvelir: posts small blind $1
Tibidear: is sitting out
akon12793: posts big blind $3
*** HOLE CARDS ***
SashaYuvelir: raises $3 to $6
Tibidear leaves the table
akon12793: calls $3
*** FLOP *** [2h 4h 8d]
ogdealer joins the table at seat #3
akon12793: checks
SashaYuvelir: bets $3
akon12793: raises $3 to $6
SashaYuvelir: calls $3
*** TURN *** [2h 4h 8d] [4d]
akon12793: bets $6
alexslep joins the table at seat #4
SashaYuvelir: calls $6
*** RIVER *** [2h 4h 8d 4d] [3c]
akon12793: bets $6
SashaYuvelir: folds
Uncalled bet ($6) returned to akon12793
akon12793 collected $35.50 from pot
*** SUMMARY ***
Total pot $36 | Rake $0.50
Board [2h 4h 8d 4d 3c]
Seat 5: akon12793 (big blind) collected ($35.50)
Seat 6: SashaYuvelir (button) (small blind) folded on the River


PokerStars Hand #145244544291:  Hold'em Limit ($3/$6 USD) - 2015/12/12 16:14:12 ET
Table 'Salome II' 6-max Seat #5 is the button
Seat 5: akon12793 ($50.47 in chips)
Seat 6: SashaYuvelir ($146.70 in chips)
akon12793: posts small blind $1
SashaYuvelir: posts big blind $3
*** HOLE CARDS ***
akon12793: raises $3 to $6
SashaYuvelir: calls $3
*** FLOP *** [Jd 9s 5c]
SashaYuvelir: checks
akon12793: bets $3
SashaYuvelir: raises $3 to $6
Carl1891 joins the table at seat #1
akon12793: calls $3
*** TURN *** [Jd 9s 5c] [5h]
SashaYuvelir: bets $6
akon12793: folds
Uncalled bet ($6) returned to SashaYuvelir
vestimokrec joins the table at seat #2
SashaYuvelir collected $23.52 from pot
SashaYuvelir: doesn't show hand
*** SUMMARY ***
Total pot $24 | Rake $0.48
Board [Jd 9s 5c 5h]
Seat 5: akon12793 (button) (small blind) folded on the Turn
Seat 6: SashaYuvelir (big blind) collected ($23.52)


PokerStars Hand #145249428331:  Hold'em Limit ($3/$6 USD) - 2015/12/12 17:45:14 ET
Table 'Salome II' 6-max Seat #1 is the button
Seat 1: Carl1891 ($112.08 in chips)
Seat 4: alexslep ($157.36 in chips)
selam777 will be allowed to play after the button
chezlaw will be allowed to play after the button
Carl1891: posts small blind $1
vestimokrec: is sitting out
Vandiesel: is sitting out
alexslep: posts big blind $3
*** HOLE CARDS ***
Carl1891: folds
Uncalled bet ($2) returned to alexslep
alexslep collected $2 from pot
alexslep: doesn't show hand
*** SUMMARY ***
Total pot $2 | Rake $0
Seat 1: Carl1891 (button) (small blind) folded before Flop
Seat 4: alexslep (big blind) collected ($2)


PokerStars Hand #145249716552:  Hold'em Limit ($3/$6 USD) - 2015/12/12 17:50:59 ET
Table 'Salome II' 6-max Seat #1 is the button
Seat 1: Carl1891 ($64.16 in chips)
Seat 5: scorpio04 ($72 in chips)
Carl1891: posts small blind $1
SashaYuvelir: is sitting out
alexslep: is sitting out
scorpio04: posts big blind $3
*** HOLE CARDS ***
SashaYuvelir leaves the table
Carl1891: folds
Uncalled bet ($2) returned to scorpio04
scorpio04 collected $2 from pot
scorpio04: doesn't show hand
*** SUMMARY ***
Total pot $2 | Rake $0
Seat 1: Carl1891 (button) (small blind) folded before Flop
Seat 5: scorpio04 (big blind) collected ($2)


PokerStars Hand #145249734605:  Hold'em Limit ($3/$6 USD) - 2015/12/12 17:51:20 ET
Table 'Salome II' 6-max Seat #1 is the button
Seat 1: Carl1891 ($60.16 in chips)
Seat 5: scorpio04 ($76 in chips)
Carl1891: posts small blind $1
scorpio04: posts big blind $3
*** HOLE CARDS ***
Carl1891: folds
Uncalled bet ($2) returned to scorpio04
scorpio04 collected $2 from pot
scorpio04: doesn't show hand
*** SUMMARY ***
Total pot $2 | Rake $0
Seat 1: Carl1891 (button) (small blind) folded before Flop
Seat 5: scorpio04 (big blind) collected ($2)


PokerStars Hand #145249721929:  Hold'em Limit ($3/$6 USD) - 2015/12/12 17:51:05 ET
Table 'Salome II' 6-max Seat #5 is the button
Seat 1: Carl1891 ($63.16 in chips)
Seat 5: scorpio04 ($73 in chips)
scorpio04: posts small blind $1
Carl1891: posts big blind $3
*** HOLE CARDS ***
scorpio04: raises $3 to $6
Carl1891: folds
Uncalled bet ($3) returned to scorpio04
scorpio04 collected $6 from pot
scorpio04: doesn't show hand
alexslep leaves the table
*** SUMMARY ***
Total pot $6 | Rake $0
Seat 1: Carl1891 (big blind) folded before Flop
Seat 5: scorpio04 (button) (small blind) collected ($6)


PokerStars Hand #145249738274:  Hold'em Limit ($3/$6 USD) - 2015/12/12 17:51:25 ET
Table 'Salome II' 6-max Seat #5 is the button
Seat 1: Carl1891 ($59.16 in chips)
Seat 5: scorpio04 ($77 in chips)
scorpio04: posts small blind $1
Carl1891: posts big blind $3
*** HOLE CARDS ***
scorpio04: raises $3 to $6
Carl1891: folds
Uncalled bet ($3) returned to scorpio04
scorpio04 collected $6 from pot
scorpio04: doesn't show hand
*** SUMMARY ***
Total pot $6 | Rake $0
Seat 1: Carl1891 (big blind) folded before Flop
Seat 5: scorpio04 (button) (small blind) collected ($6)


PokerStars Hand #145249751908:  Hold'em Limit ($3/$6 USD) - 2015/12/12 17:51:41 ET
Table 'Salome II' 6-max Seat #1 is the button
Seat 1: Carl1891 ($56.16 in chips)
Seat 5: scorpio04 ($80 in chips)
Carl1891: posts small blind $1
vestimokrec was removed from the table for failing to post
scorpio04: posts big blind $3
*** HOLE CARDS ***
Carl1891: raises $3 to $6
scorpio04: calls $3
*** FLOP *** [Jc Kc 6s]
scorpio04: checks
Carl1891: bets $3
scorpio04: calls $3
*** TURN *** [Jc Kc 6s] [3h]
scorpio04: checks
Carl1891: checks
*** RIVER *** [Jc Kc 6s 3h] [5c]
scorpio04: bets $6
Carl1891: calls $6
*** SHOW DOWN ***
scorpio04: shows [5s Js] (two pair, Jacks and Fives)
Carl1891: mucks hand
scorpio04 collected $29.50 from pot
*** SUMMARY ***
Total pot $30 | Rake $0.50
Board [Jc Kc 6s 3h 5c]
Seat 1: Carl1891 (button) (small blind) mucked
Seat 5: scorpio04 (big blind) showed [5s Js] and won ($29.50) with two pair, Jacks and Fives


PokerStars Hand #145249785346:  Hold'em Limit ($3/$6 USD) - 2015/12/12 17:52:22 ET
Table 'Salome II' 6-max Seat #1 is the button
Seat 1: Carl1891 ($38.16 in chips)
Seat 5: scorpio04 ($97.50 in chips)
Carl1891: posts small blind $1
scorpio04: posts big blind $3
*** HOLE CARDS ***
Carl1891: folds
Uncalled bet ($2) returned to scorpio04
scorpio04 collected $2 from pot
scorpio04: doesn't show hand
*** SUMMARY ***
Total pot $2 | Rake $0
Seat 1: Carl1891 (button) (small blind) folded before Flop
Seat 5: scorpio04 (big blind) collected ($2)


PokerStars Hand #145249778293:  Hold'em Limit ($3/$6 USD) - 2015/12/12 17:52:13 ET
Table 'Salome II' 6-max Seat #5 is the button
Seat 1: Carl1891 ($41.16 in chips)
Seat 5: scorpio04 ($94.50 in chips)
scorpio04: posts small blind $1
Carl1891: posts big blind $3
*** HOLE CARDS ***
scorpio04: raises $3 to $6
Carl1891: folds
Uncalled bet ($3) returned to scorpio04
scorpio04 collected $6 from pot
scorpio04: doesn't show hand
*** SUMMARY ***
Total pot $6 | Rake $0
Seat 1: Carl1891 (big blind) folded before Flop
Seat 5: scorpio04 (button) (small blind) collected ($6)


PokerStars Hand #145249788934:  Hold'em Limit ($3/$6 USD) - 2015/12/12 17:52:26 ET
Table 'Salome II' 6-max Seat #5 is the button
Seat 1: Carl1891 ($37.16 in chips)
Seat 5: scorpio04 ($98.50 in chips)
scorpio04: posts small blind $1
Carl1891: posts big blind $3
*** HOLE CARDS ***
scorpio04: raises $3 to $6
Carl1891: raises $3 to $9
scorpio04: calls $3
*** FLOP *** [Ks 9c 6s]
Carl1891: bets $3
scorpio04: folds
Uncalled bet ($3) returned to Carl1891
Carl1891 collected $17.64 from pot
Carl1891: doesn't show hand
*** SUMMARY ***
Total pot $18 | Rake $0.36
Board [Ks 9c 6s]
Seat 1: Carl1891 (big blind) collected ($17.64)
Seat 5: scorpio04 (button) (small blind) folded on the Flop


PokerStars Hand #145249807777:  Hold'em Limit ($3/$6 USD) - 2015/12/12 17:52:49 ET
Table 'Salome II' 6-max Seat #1 is the button
Seat 1: Carl1891 ($45.80 in chips)
Seat 5: scorpio04 ($89.50 in chips)
Carl1891: posts small blind $1
scorpio04: posts big blind $3
*** HOLE CARDS ***
Carl1891: raises $3 to $6
scorpio04: calls $3
*** FLOP *** [3s Td 2h]
scorpio04: checks
Carl1891: bets $3
scorpio04: calls $3
*** TURN *** [3s Td 2h] [Ks]
scorpio04: checks
Carl1891: bets $6
scorpio04: folds
Uncalled bet ($6) returned to Carl1891
Carl1891 collected $17.64 from pot
Carl1891: doesn't show hand
*** SUMMARY ***
Total pot $18 | Rake $0.36
Board [3s Td 2h Ks]
Seat 1: Carl1891 (button) (small blind) collected ($17.64)
Seat 5: scorpio04 (big blind) folded on the Turn


PokerStars Hand #145249853427:  Hold'em Limit ($3/$6 USD) - 2015/12/12 17:53:44 ET
Table 'Salome II' 6-max Seat #1 is the button
Seat 1: Carl1891 ($51.44 in chips)
Seat 5: scorpio04 ($83.50 in chips)
Carl1891: posts small blind $1
scorpio04: posts big blind $3
*** HOLE CARDS ***
Carl1891: folds
Uncalled bet ($2) returned to scorpio04
scorpio04 collected $2 from pot
scorpio04: doesn't show hand
*** SUMMARY ***
Total pot $2 | Rake $0
Seat 1: Carl1891 (button) (small blind) folded before Flop
Seat 5: scorpio04 (big blind) collected ($2)


PokerStars Hand #145249840118:  Hold'em Limit ($3/$6 USD) - 2015/12/12 17:53:28 ET
Table 'Salome II' 6-max Seat #5 is the button
Seat 1: Carl1891 ($54.44 in chips)
Seat 5: scorpio04 ($80.50 in chips)
scorpio04: posts small blind $1
Carl1891: posts big blind $3
*** HOLE CARDS ***
scorpio04: raises $3 to $6
Carl1891: folds
Uncalled bet ($3) returned to scorpio04
scorpio04 collected $6 from pot
scorpio04: doesn't show hand
*** SUMMARY ***
Total pot $6 | Rake $0
Seat 1: Carl1891 (big blind) folded before Flop
Seat 5: scorpio04 (button) (small blind) collected ($6)


PokerStars Hand #145249862376:  Hold'em Limit ($3/$6 USD) - 2015/12/12 17:53:54 ET
Table 'Salome II' 6-max Seat #1 is the button
Seat 1: Carl1891 ($47.44 in chips)
Seat 5: scorpio04 ($87.50 in chips)
Carl1891: posts small blind $1
scorpio04: posts big blind $3
*** HOLE CARDS ***
Carl1891: raises $3 to $6
scorpio04: calls $3
*** FLOP *** [5h 6c 8c]
vestimokrec joins the table at seat #2
scorpio04: checks
Carl1891: checks
*** TURN *** [5h 6c 8c] [2d]
scorpio04: bets $6
Carl1891: folds
Uncalled bet ($6) returned to scorpio04
scorpio04 collected $11.76 from pot
scorpio04: doesn't show hand
*** SUMMARY ***
Total pot $12 | Rake $0.24
Board [5h 6c 8c 2d]
Seat 1: Carl1891 (button) (small blind) folded on the Turn
Seat 5: scorpio04 (big blind) collected ($11.76)


PokerStars Hand #145249856892:  Hold'em Limit ($3/$6 USD) - 2015/12/12 17:53:48 ET
Table 'Salome II' 6-max Seat #5 is the button
Seat 1: Carl1891 ($50.44 in chips)
Seat 5: scorpio04 ($84.50 in chips)
scorpio04: posts small blind $1
Carl1891: posts big blind $3
*** HOLE CARDS ***
scorpio04: raises $3 to $6
Carl1891: folds
Uncalled bet ($3) returned to scorpio04
scorpio04 collected $6 from pot
scorpio04: doesn't show hand
*** SUMMARY ***
Total pot $6 | Rake $0
Seat 1: Carl1891 (big blind) folded before Flop
Seat 5: scorpio04 (button) (small blind) collected ($6)


PokerStars Hand #145249895334:  Hold'em Limit ($3/$6 USD) - 2015/12/12 17:54:35 ET
Table 'Salome II' 6-max Seat #5 is the button
Seat 1: Carl1891 ($41.44 in chips)
Seat 5: scorpio04 ($93.26 in chips)
scorpio04: posts small blind $1
Carl1891: posts big blind $3
*** HOLE CARDS ***
scorpio04: raises $3 to $6
Carl1891: raises $3 to $9
scorpio04: calls $3
*** FLOP *** [5h Kc Ks]
Carl1891: bets $3
scorpio04: calls $3
*** TURN *** [5h Kc Ks] [Th]
Carl1891: bets $6
scorpio04: calls $6
*** RIVER *** [5h Kc Ks Th] [7d]
Carl1891: bets $6
scorpio04: calls $6
*** SHOW DOWN ***
Carl1891: shows [5d 5s] (a full house, Fives full of Kings)
scorpio04: mucks hand
Carl1891 collected $47.50 from pot
*** SUMMARY ***
Total pot $48 | Rake $0.50
Board [5h Kc Ks Th 7d]
Seat 1: Carl1891 (big blind) showed [5d 5s] and won ($47.50) with a full house, Fives full of Kings
Seat 5: scorpio04 (button) (small blind) mucked


