PokerStars Hand #145487500547:  Hold'em Limit ($3/$6 USD) - 2015/12/17 12:15:45 ET
Table 'Salome' 10-max Seat #6 is the button
Seat 6: 40 ft cliff ($105.27 in chips)
Seat 7: PelonCabelao ($75 in chips)
40 ft cliff: posts small blind $1
PelonCabelao: posts big blind $3
*** HOLE CARDS ***
40 ft cliff: raises $3 to $6
PelonCabelao: calls $3
*** FLOP *** [4c 8d 4h]
PelonCabelao: checks
40 ft cliff: checks
*** TURN *** [4c 8d 4h] [6s]
PelonCabelao: bets $6
40 ft cliff: folds
Uncalled bet ($6) returned to PelonCabelao
PelonCabelao collected $11.76 from pot
PelonCabelao: doesn't show hand
*** SUMMARY ***
Total pot $12 | Rake $0.24
Board [4c 8d 4h 6s]
Seat 6: 40 ft cliff (button) (small blind) folded on the Turn
Seat 7: PelonCabelao (big blind) collected ($11.76)


PokerStars Hand #145487555064:  Hold'em Limit ($3/$6 USD) - 2015/12/17 12:16:52 ET
Table 'Salome' 10-max Seat #6 is the button
Seat 6: 40 ft cliff ($78.27 in chips)
Seat 7: PelonCabelao ($101.26 in chips)
40 ft cliff: posts small blind $1
PelonCabelao: posts big blind $3
*** HOLE CARDS ***
40 ft cliff: folds
Uncalled bet ($2) returned to PelonCabelao
PelonCabelao collected $2 from pot
PelonCabelao: doesn't show hand
*** SUMMARY ***
Total pot $2 | Rake $0
Seat 6: 40 ft cliff (button) (small blind) folded before Flop
Seat 7: PelonCabelao (big blind) collected ($2)


PokerStars Hand #145487521855:  Hold'em Limit ($3/$6 USD) - 2015/12/17 12:16:11 ET
Table 'Salome' 10-max Seat #7 is the button
Seat 6: 40 ft cliff ($99.27 in chips)
Seat 7: PelonCabelao ($80.76 in chips)
PelonCabelao: posts small blind $1
40 ft cliff: posts big blind $3
*** HOLE CARDS ***
PelonCabelao: raises $3 to $6
40 ft cliff: calls $3
*** FLOP *** [7s 7c 5c]
40 ft cliff: checks
PelonCabelao: bets $3
40 ft cliff: calls $3
*** TURN *** [7s 7c 5c] [6c]
40 ft cliff: checks
PelonCabelao: bets $6
40 ft cliff: calls $6
*** RIVER *** [7s 7c 5c 6c] [8s]
40 ft cliff: checks
PelonCabelao: bets $6
40 ft cliff: calls $6
*** SHOW DOWN ***
PelonCabelao: shows [8d 5h] (two pair, Eights and Sevens)
40 ft cliff: mucks hand
PelonCabelao collected $41.50 from pot
*** SUMMARY ***
Total pot $42 | Rake $0.50
Board [7s 7c 5c 6c 8s]
Seat 6: 40 ft cliff (big blind) mucked
Seat 7: PelonCabelao (button) (small blind) showed [8d 5h] and won ($41.50) with two pair, Eights and Sevens


PokerStars Hand #145487560360:  Hold'em Limit ($3/$6 USD) - 2015/12/17 12:16:59 ET
Table 'Salome' 10-max Seat #7 is the button
Seat 6: 40 ft cliff ($77.27 in chips)
Seat 7: PelonCabelao ($102.26 in chips)
PelonCabelao: posts small blind $1
40 ft cliff: posts big blind $3
*** HOLE CARDS ***
PelonCabelao: raises $3 to $6
40 ft cliff: calls $3
*** FLOP *** [Kh 4h Ts]
MellivoraSto joins the table at seat #8
40 ft cliff: bets $3
PelonCabelao: calls $3
*** TURN *** [Kh 4h Ts] [Jh]
40 ft cliff: bets $6
PelonCabelao: raises $6 to $12
40 ft cliff: calls $6
*** RIVER *** [Kh 4h Ts Jh] [9s]
40 ft cliff: checks
PelonCabelao: bets $6
40 ft cliff: calls $6
*** SHOW DOWN ***
PelonCabelao: shows [Ah 5h] (a flush, Ace high)
40 ft cliff: mucks hand
PelonCabelao collected $53.50 from pot
*** SUMMARY ***
Total pot $54 | Rake $0.50
Board [Kh 4h Ts Jh 9s]
Seat 6: 40 ft cliff (big blind) mucked
Seat 7: PelonCabelao (button) (small blind) showed [Ah 5h] and won ($53.50) with a flush, Ace high


PokerStars Hand #145487601274:  Hold'em Limit ($3/$6 USD) - 2015/12/17 12:17:49 ET
Table 'Salome' 10-max Seat #7 is the button
Seat 6: 40 ft cliff ($53.27 in chips)
Seat 7: PelonCabelao ($125.76 in chips)
PelonCabelao: posts small blind $1
40 ft cliff: posts big blind $3
*** HOLE CARDS ***
PelonCabelao: folds
Uncalled bet ($2) returned to 40 ft cliff
40 ft cliff collected $2 from pot
40 ft cliff: doesn't show hand
*** SUMMARY ***
Total pot $2 | Rake $0
Seat 6: 40 ft cliff (big blind) collected ($2)
Seat 7: PelonCabelao (button) (small blind) folded before Flop


PokerStars Hand #145487629548:  Hold'em Limit ($3/$6 USD) - 2015/12/17 12:18:24 ET
Table 'Salome' 10-max Seat #7 is the button
Seat 6: 40 ft cliff ($77.77 in chips)
Seat 7: PelonCabelao ($100.76 in chips)
PelonCabelao: posts small blind $1
40 ft cliff: posts big blind $3
*** HOLE CARDS ***
PelonCabelao: folds
Uncalled bet ($2) returned to 40 ft cliff
40 ft cliff collected $2 from pot
40 ft cliff: doesn't show hand
*** SUMMARY ***
Total pot $2 | Rake $0
Seat 6: 40 ft cliff (big blind) collected ($2)
Seat 7: PelonCabelao (button) (small blind) folded before Flop


PokerStars Hand #145487607244:  Hold'em Limit ($3/$6 USD) - 2015/12/17 12:17:56 ET
Table 'Salome' 10-max Seat #6 is the button
Seat 6: 40 ft cliff ($54.27 in chips)
Seat 7: PelonCabelao ($124.76 in chips)
40 ft cliff: posts small blind $1
PelonCabelao: posts big blind $3
*** HOLE CARDS ***
40 ft cliff: raises $3 to $6
PelonCabelao: raises $3 to $9
40 ft cliff: calls $3
*** FLOP *** [2s 3s 6d]
MellivoraSto leaves the table
PelonCabelao: bets $3
40 ft cliff: calls $3
*** TURN *** [2s 3s 6d] [5s]
PelonCabelao: bets $6
40 ft cliff: calls $6
*** RIVER *** [2s 3s 6d 5s] [Th]
PelonCabelao: bets $6
40 ft cliff: calls $6
*** SHOW DOWN ***
PelonCabelao: shows [Jh 9s] (high card Jack)
40 ft cliff: shows [Kc 2c] (a pair of Deuces)
40 ft cliff collected $47.50 from pot
*** SUMMARY ***
Total pot $48 | Rake $0.50
Board [2s 3s 6d 5s Th]
Seat 6: 40 ft cliff (button) (small blind) showed [Kc 2c] and won ($47.50) with a pair of Deuces
Seat 7: PelonCabelao (big blind) showed [Jh 9s] and lost with high card Jack


PokerStars Hand #145487673973:  Hold'em Limit ($3/$6 USD) - 2015/12/17 12:19:18 ET
Table 'Salome' 10-max Seat #7 is the button
Seat 6: 40 ft cliff ($89.27 in chips)
Seat 7: PelonCabelao ($88.52 in chips)
PelonCabelao: posts small blind $1
40 ft cliff: posts big blind $3
*** HOLE CARDS ***
PelonCabelao: folds
Uncalled bet ($2) returned to 40 ft cliff
40 ft cliff collected $2 from pot
40 ft cliff: doesn't show hand
*** SUMMARY ***
Total pot $2 | Rake $0
Seat 6: 40 ft cliff (big blind) collected ($2)
Seat 7: PelonCabelao (button) (small blind) folded before Flop


PokerStars Hand #145487668804:  Hold'em Limit ($3/$6 USD) - 2015/12/17 12:19:12 ET
Table 'Salome' 10-max Seat #6 is the button
Seat 6: 40 ft cliff ($90.27 in chips)
Seat 7: PelonCabelao ($87.52 in chips)
40 ft cliff: posts small blind $1
PelonCabelao: posts big blind $3
*** HOLE CARDS ***
40 ft cliff: folds
Uncalled bet ($2) returned to PelonCabelao
PelonCabelao collected $2 from pot
PelonCabelao: doesn't show hand
*** SUMMARY ***
Total pot $2 | Rake $0
Seat 6: 40 ft cliff (button) (small blind) folded before Flop
Seat 7: PelonCabelao (big blind) collected ($2)


PokerStars Hand #145487656854:  Hold'em Limit ($3/$6 USD) - 2015/12/17 12:18:57 ET
Table 'Salome' 10-max Seat #7 is the button
Seat 6: 40 ft cliff ($96.27 in chips)
Seat 7: PelonCabelao ($81.76 in chips)
PelonCabelao: posts small blind $1
40 ft cliff: posts big blind $3
*** HOLE CARDS ***
PelonCabelao: raises $3 to $6
40 ft cliff: calls $3
*** FLOP *** [Td Jd Ks]
40 ft cliff: checks
PelonCabelao: bets $3
40 ft cliff: folds
Uncalled bet ($3) returned to PelonCabelao
PelonCabelao collected $11.76 from pot
PelonCabelao: doesn't show hand
*** SUMMARY ***
Total pot $12 | Rake $0.24
Board [Td Jd Ks]
Seat 6: 40 ft cliff (big blind) folded on the Flop
Seat 7: PelonCabelao (button) (small blind) collected ($11.76)


PokerStars Hand #145487634094:  Hold'em Limit ($3/$6 USD) - 2015/12/17 12:18:29 ET
Table 'Salome' 10-max Seat #6 is the button
Seat 6: 40 ft cliff ($78.77 in chips)
Seat 7: PelonCabelao ($99.76 in chips)
40 ft cliff: posts small blind $1
PelonCabelao: posts big blind $3
*** HOLE CARDS ***
40 ft cliff: raises $3 to $6
PelonCabelao: calls $3
*** FLOP *** [Qs 4h Kh]
PelonCabelao: checks
40 ft cliff: bets $3
PelonCabelao: raises $3 to $6
40 ft cliff: calls $3
*** TURN *** [Qs 4h Kh] [Ad]
PelonCabelao: bets $6
40 ft cliff: calls $6
*** RIVER *** [Qs 4h Kh Ad] [6h]
PelonCabelao: checks
40 ft cliff: checks
*** SHOW DOWN ***
PelonCabelao: shows [Jd 2c] (high card Ace)
40 ft cliff: shows [Ts Ks] (a pair of Kings)
40 ft cliff collected $35.50 from pot
*** SUMMARY ***
Total pot $36 | Rake $0.50
Board [Qs 4h Kh Ad 6h]
Seat 6: 40 ft cliff (button) (small blind) showed [Ts Ks] and won ($35.50) with a pair of Kings
Seat 7: PelonCabelao (big blind) showed [Jd 2c] and lost with high card Ace


PokerStars Hand #145487679017:  Hold'em Limit ($3/$6 USD) - 2015/12/17 12:19:25 ET
Table 'Salome' 10-max Seat #6 is the button
Seat 6: 40 ft cliff ($90.27 in chips)
Seat 7: PelonCabelao ($87.52 in chips)
40 ft cliff: posts small blind $1
PelonCabelao: posts big blind $3
*** HOLE CARDS ***
40 ft cliff: raises $3 to $6
PelonCabelao: raises $3 to $9
40 ft cliff: raises $3 to $12
Betting is capped
PelonCabelao: calls $3
*** FLOP *** [8h 9d 7d]
PelonCabelao: checks
40 ft cliff: checks
*** TURN *** [8h 9d 7d] [4c]
PelonCabelao: bets $6
40 ft cliff: calls $6
*** RIVER *** [8h 9d 7d 4c] [3s]
PelonCabelao: bets $6
40 ft cliff: calls $6
*** SHOW DOWN ***
PelonCabelao: shows [9h 8c] (two pair, Nines and Eights)
40 ft cliff: mucks hand
PelonCabelao collected $47.50 from pot
*** SUMMARY ***
Total pot $48 | Rake $0.50
Board [8h 9d 7d 4c 3s]
Seat 6: 40 ft cliff (button) (small blind) mucked
Seat 7: PelonCabelao (big blind) showed [9h 8c] and won ($47.50) with two pair, Nines and Eights


PokerStars Hand #145487741828:  Hold'em Limit ($3/$6 USD) - 2015/12/17 12:20:43 ET
Table 'Salome' 10-max Seat #6 is the button
Seat 6: 40 ft cliff ($39.27 in chips)
Seat 7: PelonCabelao ($137.52 in chips)
40 ft cliff: posts small blind $1
PelonCabelao: posts big blind $3
*** HOLE CARDS ***
40 ft cliff: folds
Uncalled bet ($2) returned to PelonCabelao
keneke51 joins the table at seat #8
PelonCabelao collected $2 from pot
PelonCabelao: doesn't show hand
*** SUMMARY ***
Total pot $2 | Rake $0
Seat 6: 40 ft cliff (button) (small blind) folded before Flop
Seat 7: PelonCabelao (big blind) collected ($2)


PokerStars Hand #145487702529:  Hold'em Limit ($3/$6 USD) - 2015/12/17 12:19:54 ET
Table 'Salome' 10-max Seat #7 is the button
Seat 6: 40 ft cliff ($66.27 in chips)
Seat 7: PelonCabelao ($111.02 in chips)
PelonCabelao: posts small blind $1
40 ft cliff: posts big blind $3
*** HOLE CARDS ***
PelonCabelao: raises $3 to $6
40 ft cliff: calls $3
*** FLOP *** [Ah 4s 9c]
40 ft cliff: bets $3
PelonCabelao: calls $3
*** TURN *** [Ah 4s 9c] [Kh]
40 ft cliff: bets $6
PelonCabelao: raises $6 to $12
40 ft cliff: calls $6
*** RIVER *** [Ah 4s 9c Kh] [2c]
40 ft cliff: checks
PelonCabelao: bets $6
40 ft cliff: calls $6
*** SHOW DOWN ***
PelonCabelao: shows [Ac Js] (a pair of Aces)
40 ft cliff: mucks hand
PelonCabelao collected $53.50 from pot
*** SUMMARY ***
Total pot $54 | Rake $0.50
Board [Ah 4s 9c Kh 2c]
Seat 6: 40 ft cliff (big blind) mucked
Seat 7: PelonCabelao (button) (small blind) showed [Ac Js] and won ($53.50) with a pair of Aces


PokerStars Hand #145488324550:  Hold'em Limit ($3/$6 USD) - 2015/12/17 12:32:43 ET
Table 'Salome' 10-max Seat #7 is the button
Seat 5: TheCRIdol ($93 in chips)
Seat 7: PelonCabelao ($176.85 in chips)
PelonCabelao: posts small blind $1
alexslep: is sitting out
Karpik09: is sitting out
TheCRIdol: posts big blind $3
*** HOLE CARDS ***
alexslep leaves the table
Karpik09 leaves the table
PelonCabelao: folds
Uncalled bet ($2) returned to TheCRIdol
TheCRIdol collected $2 from pot
TheCRIdol: doesn't show hand
*** SUMMARY ***
Total pot $2 | Rake $0
Seat 5: TheCRIdol (big blind) collected ($2)
Seat 7: PelonCabelao (button) (small blind) folded before Flop


