PokerStars Hand #149869596083:  Hold'em Limit ($3/$6 USD) - 2016/03/05 7:59:54 ET
Table 'Salonta' 6-max Seat #6 is the button
Seat 1: VolkovDmitri ($132 in chips)
Seat 6: 19woody58 ($77.77 in chips)
19woody58: posts small blind $1
VolkovDmitri: posts big blind $3
*** HOLE CARDS ***
19woody58: folds
Uncalled bet ($2) returned to VolkovDmitri
VolkovDmitri collected $2 from pot
VolkovDmitri: doesn't show hand
*** SUMMARY ***
Total pot $2 | Rake $0
Seat 1: VolkovDmitri (big blind) collected ($2)
Seat 6: 19woody58 (button) (small blind) folded before Flop


PokerStars Hand #149869591605:  Hold'em Limit ($3/$6 USD) - 2016/03/05 7:59:46 ET
Table 'Salonta' 6-max Seat #1 is the button
Seat 1: VolkovDmitri ($129 in chips)
Seat 6: 19woody58 ($80.77 in chips)
VolkovDmitri: posts small blind $1
19woody58: posts big blind $3
*** HOLE CARDS ***
VolkovDmitri: raises $3 to $6
19woody58: folds
Uncalled bet ($3) returned to VolkovDmitri
VolkovDmitri collected $6 from pot
VolkovDmitri: doesn't show hand
*** SUMMARY ***
Total pot $6 | Rake $0
Seat 1: VolkovDmitri (button) (small blind) collected ($6)
Seat 6: 19woody58 (big blind) folded before Flop


PokerStars Hand #149869587378:  Hold'em Limit ($3/$6 USD) - 2016/03/05 7:59:38 ET
Table 'Salonta' 6-max Seat #6 is the button
Seat 1: VolkovDmitri ($128 in chips)
Seat 6: 19woody58 ($81.77 in chips)
19woody58: posts small blind $1
VolkovDmitri: posts big blind $3
*** HOLE CARDS ***
19woody58: folds
Uncalled bet ($2) returned to VolkovDmitri
VolkovDmitri collected $2 from pot
VolkovDmitri: doesn't show hand
*** SUMMARY ***
Total pot $2 | Rake $0
Seat 1: VolkovDmitri (big blind) collected ($2)
Seat 6: 19woody58 (button) (small blind) folded before Flop


PokerStars Hand #149869582403:  Hold'em Limit ($3/$6 USD) - 2016/03/05 7:59:29 ET
Table 'Salonta' 6-max Seat #1 is the button
Seat 1: VolkovDmitri ($125 in chips)
Seat 6: 19woody58 ($84.77 in chips)
VolkovDmitri: posts small blind $1
19woody58: posts big blind $3
*** HOLE CARDS ***
VolkovDmitri: raises $3 to $6
19woody58: folds
Uncalled bet ($3) returned to VolkovDmitri
VolkovDmitri collected $6 from pot
VolkovDmitri: doesn't show hand
*** SUMMARY ***
Total pot $6 | Rake $0
Seat 1: VolkovDmitri (button) (small blind) collected ($6)
Seat 6: 19woody58 (big blind) folded before Flop


PokerStars Hand #149869579297:  Hold'em Limit ($3/$6 USD) - 2016/03/05 7:59:24 ET
Table 'Salonta' 6-max Seat #6 is the button
Seat 1: VolkovDmitri ($124 in chips)
Seat 6: 19woody58 ($85.77 in chips)
19woody58: posts small blind $1
VolkovDmitri: posts big blind $3
*** HOLE CARDS ***
19woody58: folds
Uncalled bet ($2) returned to VolkovDmitri
VolkovDmitri collected $2 from pot
VolkovDmitri: doesn't show hand
*** SUMMARY ***
Total pot $2 | Rake $0
Seat 1: VolkovDmitri (big blind) collected ($2)
Seat 6: 19woody58 (button) (small blind) folded before Flop


PokerStars Hand #149869572722:  Hold'em Limit ($3/$6 USD) - 2016/03/05 7:59:11 ET
Table 'Salonta' 6-max Seat #1 is the button
Seat 1: VolkovDmitri ($121 in chips)
Seat 6: 19woody58 ($88.77 in chips)
VolkovDmitri: posts small blind $1
19woody58: posts big blind $3
*** HOLE CARDS ***
VolkovDmitri: raises $3 to $6
19woody58: folds
Uncalled bet ($3) returned to VolkovDmitri
VolkovDmitri collected $6 from pot
VolkovDmitri: doesn't show hand
*** SUMMARY ***
Total pot $6 | Rake $0
Seat 1: VolkovDmitri (button) (small blind) collected ($6)
Seat 6: 19woody58 (big blind) folded before Flop


PokerStars Hand #149869619847:  Hold'em Limit ($3/$6 USD) - 2016/03/05 8:00:36 ET
Table 'Salonta' 6-max Seat #6 is the button
Seat 1: VolkovDmitri ($121 in chips)
Seat 6: 19woody58 ($88.29 in chips)
19woody58: posts small blind $1
VolkovDmitri: posts big blind $3
*** HOLE CARDS ***
19woody58: folds
Uncalled bet ($2) returned to VolkovDmitri
VolkovDmitri collected $2 from pot
VolkovDmitri: doesn't show hand
HAL9QQQ joins the table at seat #4
*** SUMMARY ***
Total pot $2 | Rake $0
Seat 1: VolkovDmitri (big blind) collected ($2)
Seat 6: 19woody58 (button) (small blind) folded before Flop


PokerStars Hand #149869599107:  Hold'em Limit ($3/$6 USD) - 2016/03/05 8:00:00 ET
Table 'Salonta' 6-max Seat #1 is the button
Seat 1: VolkovDmitri ($133 in chips)
Seat 6: 19woody58 ($76.77 in chips)
VolkovDmitri: posts small blind $1
19woody58: posts big blind $3
*** HOLE CARDS ***
VolkovDmitri: raises $3 to $6
19woody58: calls $3
*** FLOP *** [Td Qc Jc]
19woody58: checks
VolkovDmitri: bets $3
19woody58: raises $3 to $6
VolkovDmitri: calls $3
*** TURN *** [Td Qc Jc] [3d]
19woody58: bets $6
Ale4o joins the table at seat #2
VolkovDmitri: folds
Uncalled bet ($6) returned to 19woody58
19woody58 collected $23.52 from pot
*** SUMMARY ***
Total pot $24 | Rake $0.48
Board [Td Qc Jc 3d]
Seat 1: VolkovDmitri (button) (small blind) folded on the Turn
Seat 6: 19woody58 (big blind) collected ($23.52)


PokerStars Hand #149873764720:  Hold'em Limit ($3/$6 USD) - 2016/03/05 9:42:21 ET
Table 'Salonta' 6-max Seat #6 is the button
Seat 2: Hats007 ($245.47 in chips)
Seat 6: AzureCaper ($125.67 in chips)
AzureCaper: posts small blind $1
CatPuppy1999: is sitting out
Hats007: posts big blind $3
*** HOLE CARDS ***
AzureCaper: raises $3 to $6
Hats007: calls $3
*** FLOP *** [Qs 8c 2s]
Hats007: bets $3
AzureCaper: calls $3
*** TURN *** [Qs 8c 2s] [4s]
Hats007: bets $6
AzureCaper: calls $6
*** RIVER *** [Qs 8c 2s 4s] [9h]
Hats007: bets $6
AzureCaper: calls $6
*** SHOW DOWN ***
Hats007: shows [9c As] (a pair of Nines)
AzureCaper: mucks hand
Hats007 collected $41.50 from pot
*** SUMMARY ***
Total pot $42 | Rake $0.50
Board [Qs 8c 2s 4s 9h]
Seat 2: Hats007 (big blind) showed [9c As] and won ($41.50) with a pair of Nines
Seat 6: AzureCaper (button) (small blind) mucked


PokerStars Hand #149873782992:  Hold'em Limit ($3/$6 USD) - 2016/03/05 9:42:46 ET
Table 'Salonta' 6-max Seat #2 is the button
Seat 2: Hats007 ($265.97 in chips)
Seat 6: AzureCaper ($104.67 in chips)
Hats007: posts small blind $1
AzureCaper: posts big blind $3
*** HOLE CARDS ***
Hats007: folds
Uncalled bet ($2) returned to AzureCaper
AzureCaper collected $2 from pot
AzureCaper: doesn't show hand
*** SUMMARY ***
Total pot $2 | Rake $0
Seat 2: Hats007 (button) (small blind) folded before Flop
Seat 6: AzureCaper (big blind) collected ($2)


PokerStars Hand #149873786998:  Hold'em Limit ($3/$6 USD) - 2016/03/05 9:42:51 ET
Table 'Salonta' 6-max Seat #6 is the button
Seat 2: Hats007 ($264.97 in chips)
Seat 6: AzureCaper ($105.67 in chips)
AzureCaper: posts small blind $1
Hats007: posts big blind $3
*** HOLE CARDS ***
AzureCaper: raises $3 to $6
Hats007: calls $3
*** FLOP *** [4c Jd 8c]
Hats007: checks
AzureCaper: bets $3
Hats007: folds
Uncalled bet ($3) returned to AzureCaper
AzureCaper collected $11.76 from pot
AzureCaper: doesn't show hand
*** SUMMARY ***
Total pot $12 | Rake $0.24
Board [4c Jd 8c]
Seat 2: Hats007 (big blind) folded on the Flop
Seat 6: AzureCaper (button) (small blind) collected ($11.76)


PokerStars Hand #149873797749:  Hold'em Limit ($3/$6 USD) - 2016/03/05 9:43:06 ET
Table 'Salonta' 6-max Seat #2 is the button
Seat 2: Hats007 ($258.97 in chips)
Seat 6: AzureCaper ($111.43 in chips)
Hats007: posts small blind $1
AzureCaper: posts big blind $3
*** HOLE CARDS ***
Hats007: folds
Uncalled bet ($2) returned to AzureCaper
AzureCaper collected $2 from pot
AzureCaper: doesn't show hand
*** SUMMARY ***
Total pot $2 | Rake $0
Seat 2: Hats007 (button) (small blind) folded before Flop
Seat 6: AzureCaper (big blind) collected ($2)


PokerStars Hand #149873801532:  Hold'em Limit ($3/$6 USD) - 2016/03/05 9:43:11 ET
Table 'Salonta' 6-max Seat #6 is the button
Seat 2: Hats007 ($257.97 in chips)
Seat 6: AzureCaper ($112.43 in chips)
AzureCaper: posts small blind $1
Hats007: posts big blind $3
*** HOLE CARDS ***
AzureCaper: raises $3 to $6
Hats007: folds
Uncalled bet ($3) returned to AzureCaper
AzureCaper collected $6 from pot
AzureCaper: doesn't show hand
*** SUMMARY ***
Total pot $6 | Rake $0
Seat 2: Hats007 (big blind) folded before Flop
Seat 6: AzureCaper (button) (small blind) collected ($6)


PokerStars Hand #149873805964:  Hold'em Limit ($3/$6 USD) - 2016/03/05 9:43:17 ET
Table 'Salonta' 6-max Seat #2 is the button
Seat 2: Hats007 ($254.97 in chips)
Seat 6: AzureCaper ($115.43 in chips)
Hats007: posts small blind $1
Johnliu was removed from the table for failing to post
AzureCaper: posts big blind $3
*** HOLE CARDS ***
Hats007: raises $3 to $6
AzureCaper: calls $3
*** FLOP *** [5d Ks 4h]
AzureCaper: bets $3
Hats007: raises $3 to $6
AzureCaper: raises $3 to $9
Hats007: calls $3
*** TURN *** [5d Ks 4h] [6h]
AzureCaper: bets $6
Hats007: calls $6
*** RIVER *** [5d Ks 4h 6h] [8c]
AzureCaper: bets $6
Hats007: folds
Uncalled bet ($6) returned to AzureCaper
AzureCaper collected $41.50 from pot
AzureCaper: doesn't show hand
*** SUMMARY ***
Total pot $42 | Rake $0.50
Board [5d Ks 4h 6h 8c]
Seat 2: Hats007 (button) (small blind) folded on the River
Seat 6: AzureCaper (big blind) collected ($41.50)


PokerStars Hand #149873824041:  Hold'em Limit ($3/$6 USD) - 2016/03/05 9:43:41 ET
Table 'Salonta' 6-max Seat #6 is the button
Seat 2: Hats007 ($233.97 in chips)
Seat 6: AzureCaper ($135.93 in chips)
AzureCaper: posts small blind $1
Hats007: posts big blind $3
*** HOLE CARDS ***
AzureCaper: raises $3 to $6
Hats007: raises $3 to $9
AzureCaper: calls $3
*** FLOP *** [Qh 6h Jd]
Hats007: bets $3
AzureCaper: calls $3
*** TURN *** [Qh 6h Jd] [6d]
Hats007: bets $6
AzureCaper: raises $6 to $12
Hats007: calls $6
*** RIVER *** [Qh 6h Jd 6d] [9c]
Hats007: checks
AzureCaper: bets $6
Hats007: calls $6
*** SHOW DOWN ***
AzureCaper: shows [6s 9s] (a full house, Sixes full of Nines)
Hats007: mucks hand
AzureCaper collected $59.50 from pot
*** SUMMARY ***
Total pot $60 | Rake $0.50
Board [Qh 6h Jd 6d 9c]
Seat 2: Hats007 (big blind) mucked
Seat 6: AzureCaper (button) (small blind) showed [6s 9s] and won ($59.50) with a full house, Sixes full of Nines


PokerStars Hand #149873839710:  Hold'em Limit ($3/$6 USD) - 2016/03/05 9:44:02 ET
Table 'Salonta' 6-max Seat #2 is the button
Seat 2: Hats007 ($203.97 in chips)
Seat 6: AzureCaper ($165.43 in chips)
Hats007: posts small blind $1
AzureCaper: posts big blind $3
*** HOLE CARDS ***
Hats007: raises $3 to $6
AzureCaper: folds
Uncalled bet ($3) returned to Hats007
Hats007 collected $6 from pot
Hats007: doesn't show hand
*** SUMMARY ***
Total pot $6 | Rake $0
Seat 2: Hats007 (button) (small blind) collected ($6)
Seat 6: AzureCaper (big blind) folded before Flop


PokerStars Hand #149873845735:  Hold'em Limit ($3/$6 USD) - 2016/03/05 9:44:11 ET
Table 'Salonta' 6-max Seat #6 is the button
Seat 2: Hats007 ($206.97 in chips)
Seat 6: AzureCaper ($162.43 in chips)
AzureCaper: posts small blind $1
Hats007: posts big blind $3
*** HOLE CARDS ***
AzureCaper: raises $3 to $6
Hats007: calls $3
*** FLOP *** [Th 6h Ad]
Hats007: checks
AzureCaper: bets $3
Hats007: folds
Uncalled bet ($3) returned to AzureCaper
AzureCaper collected $11.76 from pot
AzureCaper: doesn't show hand
*** SUMMARY ***
Total pot $12 | Rake $0.24
Board [Th 6h Ad]
Seat 2: Hats007 (big blind) folded on the Flop
Seat 6: AzureCaper (button) (small blind) collected ($11.76)


PokerStars Hand #149873857781:  Hold'em Limit ($3/$6 USD) - 2016/03/05 9:44:27 ET
Table 'Salonta' 6-max Seat #6 is the button
Seat 2: Hats007 ($203.97 in chips)
Seat 6: AzureCaper ($165.19 in chips)
AzureCaper: posts small blind $1
Hats007: posts big blind $3
*** HOLE CARDS ***
AzureCaper: raises $3 to $6
Hats007: folds
Uncalled bet ($3) returned to AzureCaper
AzureCaper collected $6 from pot
AzureCaper: doesn't show hand
*** SUMMARY ***
Total pot $6 | Rake $0
Seat 2: Hats007 (big blind) folded before Flop
Seat 6: AzureCaper (button) (small blind) collected ($6)


PokerStars Hand #149873853619:  Hold'em Limit ($3/$6 USD) - 2016/03/05 9:44:21 ET
Table 'Salonta' 6-max Seat #2 is the button
Seat 2: Hats007 ($200.97 in chips)
Seat 6: AzureCaper ($168.19 in chips)
Hats007: posts small blind $1
AzureCaper: posts big blind $3
*** HOLE CARDS ***
Hats007: raises $3 to $6
AzureCaper: folds
Uncalled bet ($3) returned to Hats007
Hats007 collected $6 from pot
Hats007: doesn't show hand
*** SUMMARY ***
Total pot $6 | Rake $0
Seat 2: Hats007 (button) (small blind) collected ($6)
Seat 6: AzureCaper (big blind) folded before Flop


PokerStars Hand #149873862811:  Hold'em Limit ($3/$6 USD) - 2016/03/05 9:44:34 ET
Table 'Salonta' 6-max Seat #2 is the button
Seat 2: Hats007 ($200.97 in chips)
Seat 6: AzureCaper ($168.19 in chips)
Hats007: posts small blind $1
AzureCaper: posts big blind $3
*** HOLE CARDS ***
Hats007: folds
Uncalled bet ($2) returned to AzureCaper
AzureCaper collected $2 from pot
AzureCaper: doesn't show hand
*** SUMMARY ***
Total pot $2 | Rake $0
Seat 2: Hats007 (button) (small blind) folded before Flop
Seat 6: AzureCaper (big blind) collected ($2)


PokerStars Hand #149873881164:  Hold'em Limit ($3/$6 USD) - 2016/03/05 9:44:59 ET
Table 'Salonta' 6-max Seat #6 is the button
Seat 2: Hats007 ($207.61 in chips)
Seat 6: AzureCaper ($161.19 in chips)
AzureCaper: posts small blind $1
Hats007: posts big blind $3
*** HOLE CARDS ***
AzureCaper: folds
Uncalled bet ($2) returned to Hats007
Hats007 collected $2 from pot
Hats007: doesn't show hand
*** SUMMARY ***
Total pot $2 | Rake $0
Seat 2: Hats007 (big blind) collected ($2)
Seat 6: AzureCaper (button) (small blind) folded before Flop


PokerStars Hand #149873877354:  Hold'em Limit ($3/$6 USD) - 2016/03/05 9:44:53 ET
Table 'Salonta' 6-max Seat #2 is the button
Seat 2: Hats007 ($208.61 in chips)
Seat 6: AzureCaper ($160.19 in chips)
Hats007: posts small blind $1
AzureCaper: posts big blind $3
*** HOLE CARDS ***
Hats007: folds
Uncalled bet ($2) returned to AzureCaper
AzureCaper collected $2 from pot
AzureCaper: doesn't show hand
*** SUMMARY ***
Total pot $2 | Rake $0
Seat 2: Hats007 (button) (small blind) folded before Flop
Seat 6: AzureCaper (big blind) collected ($2)


PokerStars Hand #149873884619:  Hold'em Limit ($3/$6 USD) - 2016/03/05 9:45:03 ET
Table 'Salonta' 6-max Seat #2 is the button
Seat 2: Hats007 ($208.61 in chips)
Seat 6: AzureCaper ($160.19 in chips)
Hats007: posts small blind $1
AzureCaper: posts big blind $3
*** HOLE CARDS ***
Hats007: raises $3 to $6
AzureCaper: raises $3 to $9
Hats007: calls $3
*** FLOP *** [Td 7h 7c]
AzureCaper: bets $3
Hats007: raises $3 to $6
AzureCaper: raises $3 to $9
Hats007: calls $3
*** TURN *** [Td 7h 7c] [Js]
AzureCaper: bets $6
Hats007: calls $6
*** RIVER *** [Td 7h 7c Js] [As]
AzureCaper: checks
Hats007: bets $6
AzureCaper: calls $6
*** SHOW DOWN ***
Hats007: shows [8c 6c] (a pair of Sevens)
AzureCaper: shows [Ts 9s] (two pair, Tens and Sevens)
AzureCaper collected $59.50 from pot
*** SUMMARY ***
Total pot $60 | Rake $0.50
Board [Td 7h 7c Js As]
Seat 2: Hats007 (button) (small blind) showed [8c 6c] and lost with a pair of Sevens
Seat 6: AzureCaper (big blind) showed [Ts 9s] and won ($59.50) with two pair, Tens and Sevens


PokerStars Hand #149873900773:  Hold'em Limit ($3/$6 USD) - 2016/03/05 9:45:25 ET
Table 'Salonta' 6-max Seat #6 is the button
Seat 2: Hats007 ($178.61 in chips)
Seat 6: AzureCaper ($189.69 in chips)
AzureCaper: posts small blind $1
Hats007: posts big blind $3
*** HOLE CARDS ***
AzureCaper: raises $3 to $6
Hats007: calls $3
*** FLOP *** [Td 8h Js]
Hats007: checks
AzureCaper: bets $3
Hats007: folds
Uncalled bet ($3) returned to AzureCaper
AzureCaper collected $11.76 from pot
AzureCaper: doesn't show hand
*** SUMMARY ***
Total pot $12 | Rake $0.24
Board [Td 8h Js]
Seat 2: Hats007 (big blind) folded on the Flop
Seat 6: AzureCaper (button) (small blind) collected ($11.76)


PokerStars Hand #149873866507:  Hold'em Limit ($3/$6 USD) - 2016/03/05 9:44:39 ET
Table 'Salonta' 6-max Seat #6 is the button
Seat 2: Hats007 ($199.97 in chips)
Seat 6: AzureCaper ($169.19 in chips)
AzureCaper: posts small blind $1
Hats007: posts big blind $3
*** HOLE CARDS ***
AzureCaper: raises $3 to $6
Hats007: calls $3
*** FLOP *** [6d 9d 6h]
Hats007: checks
AzureCaper: bets $3
Hats007: raises $3 to $6
AzureCaper: folds
Uncalled bet ($3) returned to Hats007
Hats007 collected $17.64 from pot
Hats007: doesn't show hand
*** SUMMARY ***
Total pot $18 | Rake $0.36
Board [6d 9d 6h]
Seat 2: Hats007 (big blind) collected ($17.64)
Seat 6: AzureCaper (button) (small blind) folded on the Flop


PokerStars Hand #149873907960:  Hold'em Limit ($3/$6 USD) - 2016/03/05 9:45:35 ET
Table 'Salonta' 6-max Seat #2 is the button
Seat 2: Hats007 ($172.61 in chips)
Seat 6: AzureCaper ($195.45 in chips)
Hats007: posts small blind $1
AzureCaper: posts big blind $3
*** HOLE CARDS ***
Hats007: raises $3 to $6
AzureCaper: calls $3
*** FLOP *** [3h 6s 2h]
AzureCaper: checks
Hats007: bets $3
AzureCaper: calls $3
*** TURN *** [3h 6s 2h] [4c]
AzureCaper: checks
Hats007: bets $6
AzureCaper: calls $6
*** RIVER *** [3h 6s 2h 4c] [9h]
AzureCaper: checks
Hats007: bets $6
AzureCaper: calls $6
*** SHOW DOWN ***
Hats007: shows [9d As] (a pair of Nines)
AzureCaper: mucks hand
Hats007 collected $41.50 from pot
*** SUMMARY ***
Total pot $42 | Rake $0.50
Board [3h 6s 2h 4c 9h]
Seat 2: Hats007 (button) (small blind) showed [9d As] and won ($41.50) with a pair of Nines
Seat 6: AzureCaper (big blind) mucked


PokerStars Hand #149873928362:  Hold'em Limit ($3/$6 USD) - 2016/03/05 9:46:01 ET
Table 'Salonta' 6-max Seat #6 is the button
Seat 2: Hats007 ($193.11 in chips)
Seat 6: AzureCaper ($174.45 in chips)
AzureCaper: posts small blind $1
Hats007: posts big blind $3
*** HOLE CARDS ***
AzureCaper: raises $3 to $6
Hats007: calls $3
*** FLOP *** [5c 4s Qc]
Hats007: checks
AzureCaper: bets $3
DismasX leaves the table
Hats007: calls $3
*** TURN *** [5c 4s Qc] [Ad]
Hats007: checks
AzureCaper: bets $6
Hats007: calls $6
*** RIVER *** [5c 4s Qc Ad] [As]
Hats007: checks
AzureCaper: bets $6
Hats007: calls $6
*** SHOW DOWN ***
AzureCaper: shows [5d Ts] (two pair, Aces and Fives)
Hats007: shows [Qh 2h] (two pair, Aces and Queens)
Hats007 collected $41.50 from pot
*** SUMMARY ***
Total pot $42 | Rake $0.50
Board [5c 4s Qc Ad As]
Seat 2: Hats007 (big blind) showed [Qh 2h] and won ($41.50) with two pair, Aces and Queens
Seat 6: AzureCaper (button) (small blind) showed [5d Ts] and lost with two pair, Aces and Fives


PokerStars Hand #149873943381:  Hold'em Limit ($3/$6 USD) - 2016/03/05 9:46:22 ET
Table 'Salonta' 6-max Seat #2 is the button
Seat 2: Hats007 ($213.61 in chips)
Seat 6: AzureCaper ($153.45 in chips)
Hats007: posts small blind $1
AzureCaper: posts big blind $3
*** HOLE CARDS ***
Hats007: raises $3 to $6
AzureCaper: calls $3
*** FLOP *** [Jc 8h 4s]
AzureCaper: checks
Hats007: bets $3
AzureCaper: calls $3
*** TURN *** [Jc 8h 4s] [6c]
AzureCaper: checks
Hats007: bets $6
AzureCaper: calls $6
*** RIVER *** [Jc 8h 4s 6c] [Ac]
AzureCaper: checks
Hats007: bets $6
AzureCaper: calls $6
*** SHOW DOWN ***
Hats007: shows [Jd 8d] (two pair, Jacks and Eights)
AzureCaper: mucks hand
Hats007 collected $41.50 from pot
*** SUMMARY ***
Total pot $42 | Rake $0.50
Board [Jc 8h 4s 6c Ac]
Seat 2: Hats007 (button) (small blind) showed [Jd 8d] and won ($41.50) with two pair, Jacks and Eights
Seat 6: AzureCaper (big blind) mucked


PokerStars Hand #149873957244:  Hold'em Limit ($3/$6 USD) - 2016/03/05 9:46:41 ET
Table 'Salonta' 6-max Seat #6 is the button
Seat 2: Hats007 ($234.11 in chips)
Seat 6: AzureCaper ($132.45 in chips)
AzureCaper: posts small blind $1
Hats007: posts big blind $3
*** HOLE CARDS ***
AzureCaper: raises $3 to $6
Hats007: calls $3
*** FLOP *** [8c 6s 6c]
Hats007: bets $3
AzureCaper: calls $3
*** TURN *** [8c 6s 6c] [2c]
Hats007: bets $6
AzureCaper: raises $6 to $12
Hats007: calls $6
*** RIVER *** [8c 6s 6c 2c] [9h]
Hats007: checks
AzureCaper: bets $6
Hats007: raises $6 to $12
AzureCaper: folds
Uncalled bet ($6) returned to Hats007
Hats007 collected $53.50 from pot
Hats007: doesn't show hand
*** SUMMARY ***
Total pot $54 | Rake $0.50
Board [8c 6s 6c 2c 9h]
Seat 2: Hats007 (big blind) collected ($53.50)
Seat 6: AzureCaper (button) (small blind) folded on the River


PokerStars Hand #149873979185:  Hold'em Limit ($3/$6 USD) - 2016/03/05 9:47:05 ET
Table 'Salonta' 6-max Seat #2 is the button
Seat 2: Hats007 ($260.61 in chips)
Seat 6: AzureCaper ($105.45 in chips)
Hats007: posts small blind $1
AzureCaper: posts big blind $3
*** HOLE CARDS ***
Hats007: calls $2
AzureCaper: raises $3 to $6
Hats007: calls $3
*** FLOP *** [Td 5s Kd]
AzureCaper: bets $3
Hats007: folds
Uncalled bet ($3) returned to AzureCaper
AzureCaper collected $11.76 from pot
AzureCaper: doesn't show hand
*** SUMMARY ***
Total pot $12 | Rake $0.24
Board [Td 5s Kd]
Seat 2: Hats007 (button) (small blind) folded on the Flop
Seat 6: AzureCaper (big blind) collected ($11.76)


PokerStars Hand #149873986090:  Hold'em Limit ($3/$6 USD) - 2016/03/05 9:47:14 ET
Table 'Salonta' 6-max Seat #6 is the button
Seat 2: Hats007 ($254.61 in chips)
Seat 6: AzureCaper ($111.21 in chips)
AzureCaper: posts small blind $1
Hats007: posts big blind $3
*** HOLE CARDS ***
AzureCaper: raises $3 to $6
Hats007: raises $3 to $9
AzureCaper: calls $3
*** FLOP *** [Tc Ks 9s]
Hats007: bets $3
AzureCaper: folds
Uncalled bet ($3) returned to Hats007
Hats007 collected $17.64 from pot
Hats007: doesn't show hand
*** SUMMARY ***
Total pot $18 | Rake $0.36
Board [Tc Ks 9s]
Seat 2: Hats007 (big blind) collected ($17.64)
Seat 6: AzureCaper (button) (small blind) folded on the Flop


PokerStars Hand #149874029799:  Hold'em Limit ($3/$6 USD) - 2016/03/05 9:47:54 ET
Table 'Salonta' 6-max Seat #2 is the button
Seat 2: Hats007 ($236.25 in chips)
Seat 6: AzureCaper ($128.71 in chips)
Hats007: posts small blind $1
AzureCaper: posts big blind $3
*** HOLE CARDS ***
Hats007: folds
Uncalled bet ($2) returned to AzureCaper
AzureCaper collected $2 from pot
AzureCaper: doesn't show hand
*** SUMMARY ***
Total pot $2 | Rake $0
Seat 2: Hats007 (button) (small blind) folded before Flop
Seat 6: AzureCaper (big blind) collected ($2)


PokerStars Hand #149874034279:  Hold'em Limit ($3/$6 USD) - 2016/03/05 9:47:59 ET
Table 'Salonta' 6-max Seat #6 is the button
Seat 2: Hats007 ($235.25 in chips)
Seat 6: AzureCaper ($129.71 in chips)
AzureCaper: posts small blind $1
Hats007: posts big blind $3
*** HOLE CARDS ***
AzureCaper: raises $3 to $6
Hats007: calls $3
*** FLOP *** [9h 3c 7h]
Hats007: checks
AzureCaper: bets $3
Hats007: raises $3 to $6
AzureCaper: calls $3
*** TURN *** [9h 3c 7h] [3s]
Hats007: bets $6
AzureCaper: calls $6
*** RIVER *** [9h 3c 7h 3s] [5d]
Hats007: bets $6
AzureCaper: calls $6
*** SHOW DOWN ***
Hats007: shows [9c Kd] (two pair, Nines and Threes)
AzureCaper: mucks hand
Hats007 collected $47.50 from pot
*** SUMMARY ***
Total pot $48 | Rake $0.50
Board [9h 3c 7h 3s 5d]
Seat 2: Hats007 (big blind) showed [9c Kd] and won ($47.50) with two pair, Nines and Threes
Seat 6: AzureCaper (button) (small blind) mucked


PokerStars Hand #149874024541:  Hold'em Limit ($3/$6 USD) - 2016/03/05 9:47:49 ET
Table 'Salonta' 6-max Seat #6 is the button
Seat 2: Hats007 ($239.25 in chips)
Seat 6: AzureCaper ($125.71 in chips)
AzureCaper: posts small blind $1
Hats007: posts big blind $3
*** HOLE CARDS ***
AzureCaper: raises $3 to $6
Hats007: folds
Uncalled bet ($3) returned to AzureCaper
AzureCaper collected $6 from pot
AzureCaper: doesn't show hand
*** SUMMARY ***
Total pot $6 | Rake $0
Seat 2: Hats007 (big blind) folded before Flop
Seat 6: AzureCaper (button) (small blind) collected ($6)


PokerStars Hand #149873998301:  Hold'em Limit ($3/$6 USD) - 2016/03/05 9:47:25 ET
Table 'Salonta' 6-max Seat #2 is the button
Seat 2: Hats007 ($263.25 in chips)
Seat 6: AzureCaper ($102.21 in chips)
Hats007: posts small blind $1
AzureCaper: posts big blind $3
*** HOLE CARDS ***
Hats007: raises $3 to $6
AzureCaper: raises $3 to $9
Hats007: raises $3 to $12
Betting is capped
AzureCaper: calls $3
*** FLOP *** [3c Qs 8s]
AzureCaper: checks
Hats007: bets $3
AzureCaper: raises $3 to $6
Hats007: calls $3
*** TURN *** [3c Qs 8s] [6h]
AzureCaper: bets $6
Hats007: calls $6
*** RIVER *** [3c Qs 8s 6h] [5c]
AzureCaper: bets $6
Hats007: folds
Uncalled bet ($6) returned to AzureCaper
AzureCaper collected $47.50 from pot
AzureCaper: doesn't show hand
*** SUMMARY ***
Total pot $48 | Rake $0.50
Board [3c Qs 8s 6h 5c]
Seat 2: Hats007 (button) (small blind) folded on the River
Seat 6: AzureCaper (big blind) collected ($47.50)


PokerStars Hand #149874076684:  Hold'em Limit ($3/$6 USD) - 2016/03/05 9:48:55 ET
Table 'Salonta' 6-max Seat #2 is the button
Seat 2: Hats007 ($278.01 in chips)
Seat 6: AzureCaper ($85.47 in chips)
Hats007: posts small blind $1
AzureCaper: posts big blind $3
*** HOLE CARDS ***
Hats007: folds
Uncalled bet ($2) returned to AzureCaper
AzureCaper collected $2 from pot
*** SUMMARY ***
Total pot $2 | Rake $0
Seat 2: Hats007 (button) (small blind) folded before Flop
Seat 6: AzureCaper (big blind) collected ($2)


PokerStars Hand #149874089986:  Hold'em Limit ($3/$6 USD) - 2016/03/05 9:49:13 ET
Table 'Salonta' 6-max Seat #2 is the button
Seat 2: Hats007 ($271.01 in chips)
Seat 6: AzureCaper ($92.23 in chips)
Hats007: posts small blind $1
AzureCaper: posts big blind $3
*** HOLE CARDS ***
Hats007: calls $2
AzureCaper: checks
*** FLOP *** [7d 7c 2h]
AzureCaper: checks
Hats007: checks
*** TURN *** [7d 7c 2h] [2s]
AzureCaper: checks
Hats007: bets $6
AzureCaper: calls $6
*** RIVER *** [7d 7c 2h 2s] [Qs]
AzureCaper: checks
REZOLUTION84 joins the table at seat #3
Hats007: checks
*** SHOW DOWN ***
AzureCaper: shows [Kd 5c] (two pair, Sevens and Deuces)
Hats007: shows [5s Kc] (two pair, Sevens and Deuces)
AzureCaper collected $8.82 from pot
Hats007 collected $8.82 from pot
*** SUMMARY ***
Total pot $18 | Rake $0.36
Board [7d 7c 2h 2s Qs]
Seat 2: Hats007 (button) (small blind) showed [5s Kc] and won ($8.82) with two pair, Sevens and Deuces
Seat 6: AzureCaper (big blind) showed [Kd 5c] and won ($8.82) with two pair, Sevens and Deuces


PokerStars Hand #149874066079:  Hold'em Limit ($3/$6 USD) - 2016/03/05 9:48:41 ET
Table 'Salonta' 6-max Seat #2 is the button
Seat 2: Hats007 ($285.01 in chips)
Seat 6: AzureCaper ($78.71 in chips)
Hats007: posts small blind $1
AzureCaper: posts big blind $3
*** HOLE CARDS ***
Hats007: folds
Uncalled bet ($2) returned to AzureCaper
AzureCaper collected $2 from pot
AzureCaper: doesn't show hand
*** SUMMARY ***
Total pot $2 | Rake $0
Seat 2: Hats007 (button) (small blind) folded before Flop
Seat 6: AzureCaper (big blind) collected ($2)


PokerStars Hand #149874053780:  Hold'em Limit ($3/$6 USD) - 2016/03/05 9:48:24 ET
Table 'Salonta' 6-max Seat #6 is the button
Seat 2: Hats007 ($264.51 in chips)
Seat 6: AzureCaper ($99.71 in chips)
AzureCaper: posts small blind $1
Hats007: posts big blind $3
*** HOLE CARDS ***
AzureCaper: raises $3 to $6
Hats007: calls $3
*** FLOP *** [3c Ks 9s]
Hats007: checks
AzureCaper: bets $3
Hats007: calls $3
*** TURN *** [3c Ks 9s] [Td]
Hats007: checks
AzureCaper: bets $6
Hats007: raises $6 to $12
AzureCaper: calls $6
*** RIVER *** [3c Ks 9s Td] [2d]
Hats007: bets $6
AzureCaper: folds
Uncalled bet ($6) returned to Hats007
Hats007 collected $41.50 from pot
Hats007: doesn't show hand
*** SUMMARY ***
Total pot $42 | Rake $0.50
Board [3c Ks 9s Td 2d]
Seat 2: Hats007 (big blind) collected ($41.50)
Seat 6: AzureCaper (button) (small blind) folded on the River


PokerStars Hand #149874101609:  Hold'em Limit ($3/$6 USD) - 2016/03/05 9:49:28 ET
Table 'Salonta' 6-max Seat #6 is the button
Seat 2: Hats007 ($270.83 in chips)
Seat 6: AzureCaper ($92.05 in chips)
AzureCaper: posts small blind $1
Hats007: posts big blind $3
*** HOLE CARDS ***
AzureCaper: raises $3 to $6
Hats007: calls $3
*** FLOP *** [6h Qd 9c]
Hats007: checks
AzureCaper: bets $3
Hats007: raises $3 to $6
AzureCaper: folds
Uncalled bet ($3) returned to Hats007
Hats007 collected $17.64 from pot
Hats007: doesn't show hand
*** SUMMARY ***
Total pot $18 | Rake $0.36
Board [6h Qd 9c]
Seat 2: Hats007 (big blind) collected ($17.64)
Seat 6: AzureCaper (button) (small blind) folded on the Flop


PokerStars Hand #149877992299:  Hold'em Limit ($3/$6 USD) - 2016/03/05 11:13:52 ET
Table 'Salonta' 6-max Seat #5 is the button
Seat 1: JayEm82 ($129.43 in chips)
Seat 5: SmellyToes4u ($103.07 in chips)
SmellyToes4u: posts small blind $1
JayEm82: posts big blind $3
*** HOLE CARDS ***
Mordnilap leaves the table
SmellyToes4u: folds
Uncalled bet ($2) returned to JayEm82
JayEm82 collected $2 from pot
JayEm82: doesn't show hand
*** SUMMARY ***
Total pot $2 | Rake $0
Seat 1: JayEm82 (big blind) collected ($2)
Seat 5: SmellyToes4u (button) (small blind) folded before Flop


PokerStars Hand #149878015691:  Hold'em Limit ($3/$6 USD) - 2016/03/05 11:14:20 ET
Table 'Salonta' 6-max Seat #5 is the button
Seat 1: JayEm82 ($144.93 in chips)
Seat 5: SmellyToes4u ($87.07 in chips)
SmellyToes4u: posts small blind $1
JayEm82: posts big blind $3
*** HOLE CARDS ***
SmellyToes4u: folds
Uncalled bet ($2) returned to JayEm82
JayEm82 collected $2 from pot
JayEm82: doesn't show hand
*** SUMMARY ***
Total pot $2 | Rake $0
Seat 1: JayEm82 (big blind) collected ($2)
Seat 5: SmellyToes4u (button) (small blind) folded before Flop


PokerStars Hand #149877999084:  Hold'em Limit ($3/$6 USD) - 2016/03/05 11:14:00 ET
Table 'Salonta' 6-max Seat #1 is the button
Seat 1: JayEm82 ($130.43 in chips)
Seat 5: SmellyToes4u ($102.07 in chips)
JayEm82: posts small blind $1
SmellyToes4u: posts big blind $3
*** HOLE CARDS ***
JayEm82: raises $3 to $6
SmellyToes4u: calls $3
*** FLOP *** [6s 2d Ts]
SmellyToes4u: checks
JayEm82: bets $3
SmellyToes4u: calls $3
*** TURN *** [6s 2d Ts] [Jd]
SmellyToes4u: checks
JayEm82: checks
*** RIVER *** [6s 2d Ts Jd] [Qs]
SmellyToes4u: bets $6
JayEm82: raises $6 to $12
SmellyToes4u: folds
Uncalled bet ($6) returned to JayEm82
JayEm82 collected $29.50 from pot
JayEm82: doesn't show hand
*** SUMMARY ***
Total pot $30 | Rake $0.50
Board [6s 2d Ts Jd Qs]
Seat 1: JayEm82 (button) (small blind) collected ($29.50)
Seat 5: SmellyToes4u (big blind) folded on the River


PokerStars Hand #149878022215:  Hold'em Limit ($3/$6 USD) - 2016/03/05 11:14:27 ET
Table 'Salonta' 6-max Seat #1 is the button
Seat 1: JayEm82 ($145.93 in chips)
Seat 5: SmellyToes4u ($86.07 in chips)
JayEm82: posts small blind $1
SmellyToes4u: posts big blind $3
*** HOLE CARDS ***
JayEm82: raises $3 to $6
SmellyToes4u: folds
Uncalled bet ($3) returned to JayEm82
JayEm82 collected $6 from pot
JayEm82: doesn't show hand
*** SUMMARY ***
Total pot $6 | Rake $0
Seat 1: JayEm82 (button) (small blind) collected ($6)
Seat 5: SmellyToes4u (big blind) folded before Flop


PokerStars Hand #149878029091:  Hold'em Limit ($3/$6 USD) - 2016/03/05 11:14:36 ET
Table 'Salonta' 6-max Seat #5 is the button
Seat 1: JayEm82 ($148.93 in chips)
Seat 5: SmellyToes4u ($83.07 in chips)
SmellyToes4u: posts small blind $1
JayEm82: posts big blind $3
*** HOLE CARDS ***
SmellyToes4u: raises $3 to $6
JayEm82: calls $3
*** FLOP *** [6h Qc Ks]
JayEm82: checks
SmellyToes4u: checks
*** TURN *** [6h Qc Ks] [Jh]
JayEm82: checks
SmellyToes4u: bets $6
JayEm82: calls $6
*** RIVER *** [6h Qc Ks Jh] [3s]
JayEm82: checks
SmellyToes4u: bets $6
JayEm82: calls $6
*** SHOW DOWN ***
SmellyToes4u: shows [Qs Th] (a pair of Queens)
JayEm82: mucks hand
SmellyToes4u collected $35.50 from pot
*** SUMMARY ***
Total pot $36 | Rake $0.50
Board [6h Qc Ks Jh 3s]
Seat 1: JayEm82 (big blind) mucked
Seat 5: SmellyToes4u (button) (small blind) showed [Qs Th] and won ($35.50) with a pair of Queens


PokerStars Hand #149878058202:  Hold'em Limit ($3/$6 USD) - 2016/03/05 11:15:10 ET
Table 'Salonta' 6-max Seat #5 is the button
Seat 1: JayEm82 ($129.93 in chips)
Seat 5: SmellyToes4u ($101.57 in chips)
SmellyToes4u: posts small blind $1
JayEm82: posts big blind $3
*** HOLE CARDS ***
SmellyToes4u: raises $3 to $6
JayEm82: calls $3
*** FLOP *** [6c 9d 4h]
JayEm82: bets $3
SmellyToes4u: raises $3 to $6
JayEm82: raises $3 to $9
SmellyToes4u: calls $3
*** TURN *** [6c 9d 4h] [Ah]
JayEm82: bets $6
SmellyToes4u: raises $6 to $12
JayEm82: calls $6
*** RIVER *** [6c 9d 4h Ah] [2d]
JayEm82: checks
SmellyToes4u: bets $6
JayEm82: calls $6
*** SHOW DOWN ***
SmellyToes4u: shows [Kd 9c] (a pair of Nines)
JayEm82: mucks hand
Hats007 joins the table at seat #2
SmellyToes4u collected $65.50 from pot
*** SUMMARY ***
Total pot $66 | Rake $0.50
Board [6c 9d 4h Ah 2d]
Seat 1: JayEm82 (big blind) mucked
Seat 5: SmellyToes4u (button) (small blind) showed [Kd 9c] and won ($65.50) with a pair of Nines


PokerStars Hand #149878052054:  Hold'em Limit ($3/$6 USD) - 2016/03/05 11:15:03 ET
Table 'Salonta' 6-max Seat #1 is the button
Seat 1: JayEm82 ($130.93 in chips)
Seat 5: SmellyToes4u ($100.57 in chips)
JayEm82: posts small blind $1
SmellyToes4u: posts big blind $3
*** HOLE CARDS ***
JayEm82: folds
Uncalled bet ($2) returned to SmellyToes4u
SmellyToes4u collected $2 from pot
SmellyToes4u: doesn't show hand
*** SUMMARY ***
Total pot $2 | Rake $0
Seat 1: JayEm82 (button) (small blind) folded before Flop
Seat 5: SmellyToes4u (big blind) collected ($2)


PokerStars Hand #149887884911:  Hold'em Limit ($3/$6 USD) - 2016/03/05 14:24:36 ET
Table 'Salonta' 6-max Seat #3 is the button
Seat 3: Hats007 ($131.52 in chips)
Seat 6: Chessnok ($139 in chips)
Hats007: posts small blind $1
Chessnok: posts big blind $3
*** HOLE CARDS ***
Hats007: raises $3 to $6
Chessnok: calls $3
*** FLOP *** [Kd Ks 5s]
Chessnok: checks
Hats007: bets $3
Chessnok: folds
Uncalled bet ($3) returned to Hats007
Hats007 collected $11.76 from pot
Hats007: doesn't show hand
*** SUMMARY ***
Total pot $12 | Rake $0.24
Board [Kd Ks 5s]
Seat 3: Hats007 (button) (small blind) collected ($11.76)
Seat 6: Chessnok (big blind) folded on the Flop


PokerStars Hand #149887910415:  Hold'em Limit ($3/$6 USD) - 2016/03/05 14:25:04 ET
Table 'Salonta' 6-max Seat #3 is the button
Seat 3: Hats007 ($157.78 in chips)
Seat 6: Chessnok ($112 in chips)
Hats007: posts small blind $1
Chessnok: posts big blind $3
*** HOLE CARDS ***
Hats007: calls $2
Chessnok: checks
*** FLOP *** [8d Th As]
Chessnok: checks
Hats007: checks
*** TURN *** [8d Th As] [2c]
Chessnok: bets $6
Hats007: calls $6
*** RIVER *** [8d Th As 2c] [Kd]
Chessnok: checks
Hats007: bets $6
Chessnok: folds
Uncalled bet ($6) returned to Hats007
Hats007 collected $17.64 from pot
Hats007: doesn't show hand
*** SUMMARY ***
Total pot $18 | Rake $0.36
Board [8d Th As 2c Kd]
Seat 3: Hats007 (button) (small blind) collected ($17.64)
Seat 6: Chessnok (big blind) folded on the River


PokerStars Hand #149887894112:  Hold'em Limit ($3/$6 USD) - 2016/03/05 14:24:46 ET
Table 'Salonta' 6-max Seat #6 is the button
Seat 3: Hats007 ($137.28 in chips)
Seat 6: Chessnok ($133 in chips)
Chessnok: posts small blind $1
Hats007: posts big blind $3
*** HOLE CARDS ***
Chessnok: raises $3 to $6
Hats007: calls $3
*** FLOP *** [8d 9s Jc]
Hats007: bets $3
Chessnok: calls $3
*** TURN *** [8d 9s Jc] [8c]
Hats007: bets $6
Chessnok: calls $6
*** RIVER *** [8d 9s Jc 8c] [4s]
Hats007: checks
Chessnok: bets $6
Hats007: calls $6
*** SHOW DOWN ***
Chessnok: shows [Qs 6s] (a pair of Eights)
Hats007: shows [9d 3d] (two pair, Nines and Eights)
Hats007 collected $41.50 from pot
*** SUMMARY ***
Total pot $42 | Rake $0.50
Board [8d 9s Jc 8c 4s]
Seat 3: Hats007 (big blind) showed [9d 3d] and won ($41.50) with two pair, Nines and Eights
Seat 6: Chessnok (button) (small blind) showed [Qs 6s] and lost with a pair of Eights


PokerStars Hand #149887948133:  Hold'em Limit ($3/$6 USD) - 2016/03/05 14:25:47 ET
Table 'Salonta' 6-max Seat #3 is the button
Seat 3: Hats007 ($195.92 in chips)
Seat 6: Chessnok ($73 in chips)
Hats007: posts small blind $1
Chessnok: posts big blind $3
*** HOLE CARDS ***
Hats007: raises $3 to $6
Chessnok: raises $3 to $9
Hats007: calls $3
*** FLOP *** [6c Jc 2h]
Chessnok: bets $3
Hats007: calls $3
*** TURN *** [6c Jc 2h] [9c]
Chessnok: bets $6
Hats007: calls $6
*** RIVER *** [6c Jc 2h 9c] [8d]
Chessnok: bets $6
Hats007: raises $6 to $12
Chessnok: calls $6
*** SHOW DOWN ***
Hats007: shows [7h 8s] (a pair of Eights)
Chessnok: shows [Js Qh] (a pair of Jacks)
Chessnok collected $59.50 from pot
*** SUMMARY ***
Total pot $60 | Rake $0.50
Board [6c Jc 2h 9c 8d]
Seat 3: Hats007 (button) (small blind) showed [7h 8s] and lost with a pair of Eights
Seat 6: Chessnok (big blind) showed [Js Qh] and won ($59.50) with a pair of Jacks


PokerStars Hand #149887970544:  Hold'em Limit ($3/$6 USD) - 2016/03/05 14:26:12 ET
Table 'Salonta' 6-max Seat #6 is the button
Seat 3: Hats007 ($165.92 in chips)
Seat 6: Chessnok ($102.50 in chips)
Chessnok: posts small blind $1
Hats007: posts big blind $3
*** HOLE CARDS ***
Chessnok: raises $3 to $6
Hats007: raises $3 to $9
Chessnok: calls $3
*** FLOP *** [2h Ks 9c]
Hats007: bets $3
Chessnok: calls $3
*** TURN *** [2h Ks 9c] [Qh]
Hats007: bets $6
Chessnok: calls $6
*** RIVER *** [2h Ks 9c Qh] [Qd]
Hats007: bets $6
Chessnok: raises $6 to $12
Hats007: calls $6
*** SHOW DOWN ***
Chessnok: shows [Qs 7s] (three of a kind, Queens)
Hats007: mucks hand
Chessnok collected $59.50 from pot
*** SUMMARY ***
Total pot $60 | Rake $0.50
Board [2h Ks 9c Qh Qd]
Seat 3: Hats007 (big blind) mucked
Seat 6: Chessnok (button) (small blind) showed [Qs 7s] and won ($59.50) with three of a kind, Queens


PokerStars Hand #149887925698:  Hold'em Limit ($3/$6 USD) - 2016/03/05 14:25:22 ET
Table 'Salonta' 6-max Seat #6 is the button
Seat 3: Hats007 ($166.42 in chips)
Seat 6: Chessnok ($103 in chips)
Chessnok: posts small blind $1
Hats007: posts big blind $3
*** HOLE CARDS ***
Chessnok: raises $3 to $6
Hats007: calls $3
*** FLOP *** [8c 3c 4d]
Hats007: checks
Chessnok: bets $3
Hats007: raises $3 to $6
Chessnok: calls $3
*** TURN *** [8c 3c 4d] [9c]
Hats007: bets $6
Chessnok: raises $6 to $12
Hats007: calls $6
*** RIVER *** [8c 3c 4d 9c] [5s]
Hats007: checks
Chessnok: bets $6
Hats007: calls $6
*** SHOW DOWN ***
Chessnok: shows [Qc Th] (high card Queen)
Hats007: shows [8d Qs] (a pair of Eights)
Hats007 collected $59.50 from pot
*** SUMMARY ***
Total pot $60 | Rake $0.50
Board [8c 3c 4d 9c 5s]
Seat 3: Hats007 (big blind) showed [8d Qs] and won ($59.50) with a pair of Eights
Seat 6: Chessnok (button) (small blind) showed [Qc Th] and lost with high card Queen


PokerStars Hand #149888007853:  Hold'em Limit ($3/$6 USD) - 2016/03/05 14:26:54 ET
Table 'Salonta' 6-max Seat #6 is the button
Seat 3: Hats007 ($142.56 in chips)
Seat 6: Chessnok ($125 in chips)
Chessnok: posts small blind $1
Hats007: posts big blind $3
*** HOLE CARDS ***
Chessnok: raises $3 to $6
Hats007: raises $3 to $9
Chessnok: calls $3
*** FLOP *** [4c Js 3s]
Hats007: bets $3
Chessnok: calls $3
*** TURN *** [4c Js 3s] [8c]
Hats007: bets $6
Chessnok: calls $6
*** RIVER *** [4c Js 3s 8c] [5c]
Hats007: checks
Chessnok: bets $6
Hats007: calls $6
*** SHOW DOWN ***
Chessnok: shows [4h 5d] (two pair, Fives and Fours)
Hats007: mucks hand
Chessnok collected $47.50 from pot
*** SUMMARY ***
Total pot $48 | Rake $0.50
Board [4c Js 3s 8c 5c]
Seat 3: Hats007 (big blind) mucked
Seat 6: Chessnok (button) (small blind) showed [4h 5d] and won ($47.50) with two pair, Fives and Fours


PokerStars Hand #149887989456:  Hold'em Limit ($3/$6 USD) - 2016/03/05 14:26:33 ET
Table 'Salonta' 6-max Seat #3 is the button
Seat 3: Hats007 ($135.92 in chips)
Seat 6: Chessnok ($132 in chips)
Hats007: posts small blind $1
Chessnok: posts big blind $3
*** HOLE CARDS ***
Hats007: folds
Uncalled bet ($2) returned to Chessnok
Chessnok collected $2 from pot
Chessnok: doesn't show hand
*** SUMMARY ***
Total pot $2 | Rake $0
Seat 3: Hats007 (button) (small blind) folded before Flop
Seat 6: Chessnok (big blind) collected ($2)


PokerStars Hand #149888002923:  Hold'em Limit ($3/$6 USD) - 2016/03/05 14:26:48 ET
Table 'Salonta' 6-max Seat #3 is the button
Seat 3: Hats007 ($143.56 in chips)
Seat 6: Chessnok ($124 in chips)
Hats007: posts small blind $1
Chessnok: posts big blind $3
*** HOLE CARDS ***
Hats007: folds
Uncalled bet ($2) returned to Chessnok
Chessnok collected $2 from pot
Chessnok: doesn't show hand
*** SUMMARY ***
Total pot $2 | Rake $0
Seat 3: Hats007 (button) (small blind) folded before Flop
Seat 6: Chessnok (big blind) collected ($2)


PokerStars Hand #149887993819:  Hold'em Limit ($3/$6 USD) - 2016/03/05 14:26:38 ET
Table 'Salonta' 6-max Seat #6 is the button
Seat 3: Hats007 ($134.92 in chips)
Seat 6: Chessnok ($133 in chips)
Chessnok: posts small blind $1
Hats007: posts big blind $3
*** HOLE CARDS ***
Chessnok: raises $3 to $6
Hats007: raises $3 to $9
Chessnok: calls $3
*** FLOP *** [3d Kh Ad]
Hats007: bets $3
Chessnok: folds
Uncalled bet ($3) returned to Hats007
Hats007 collected $17.64 from pot
Hats007: doesn't show hand
*** SUMMARY ***
Total pot $18 | Rake $0.36
Board [3d Kh Ad]
Seat 3: Hats007 (big blind) collected ($17.64)
Seat 6: Chessnok (button) (small blind) folded on the Flop


PokerStars Hand #149888054246:  Hold'em Limit ($3/$6 USD) - 2016/03/05 14:27:46 ET
Table 'Salonta' 6-max Seat #3 is the button
Seat 3: Hats007 ($109.56 in chips)
Seat 6: Chessnok ($157.26 in chips)
Hats007: posts small blind $1
Chessnok: posts big blind $3
*** HOLE CARDS ***
Hats007: raises $3 to $6
Chessnok: calls $3
*** FLOP *** [Kc 7c Jh]
Chessnok: checks
Hats007: bets $3
Chessnok: calls $3
*** TURN *** [Kc 7c Jh] [7h]
Chessnok: checks
Hats007: bets $6
Chessnok: raises $6 to $12
Hats007: raises $6 to $18
Chessnok: calls $6
*** RIVER *** [Kc 7c Jh 7h] [5c]
Chessnok: checks
Hats007: bets $6
Chessnok: folds
Uncalled bet ($6) returned to Hats007
Hats007 collected $53.50 from pot
Hats007: doesn't show hand
*** SUMMARY ***
Total pot $54 | Rake $0.50
Board [Kc 7c Jh 7h 5c]
Seat 3: Hats007 (button) (small blind) collected ($53.50)
Seat 6: Chessnok (big blind) folded on the River


PokerStars Hand #149888075588:  Hold'em Limit ($3/$6 USD) - 2016/03/05 14:28:10 ET
Table 'Salonta' 6-max Seat #6 is the button
Seat 3: Hats007 ($136.06 in chips)
Seat 6: Chessnok ($130.26 in chips)
Chessnok: posts small blind $1
Hats007: posts big blind $3
*** HOLE CARDS ***
Chessnok: raises $3 to $6
Hats007: raises $3 to $9
Chessnok: calls $3
*** FLOP *** [9d 8h 5s]
Hats007: bets $3
Chessnok: calls $3
*** TURN *** [9d 8h 5s] [8c]
Hats007: bets $6
Chessnok: calls $6
*** RIVER *** [9d 8h 5s 8c] [4s]
Hats007: bets $6
Chessnok: folds
Uncalled bet ($6) returned to Hats007
Hats007 collected $35.50 from pot
Hats007: doesn't show hand
*** SUMMARY ***
Total pot $36 | Rake $0.50
Board [9d 8h 5s 8c 4s]
Seat 3: Hats007 (big blind) collected ($35.50)
Seat 6: Chessnok (button) (small blind) folded on the River


PokerStars Hand #149888048486:  Hold'em Limit ($3/$6 USD) - 2016/03/05 14:27:39 ET
Table 'Salonta' 6-max Seat #6 is the button
Seat 3: Hats007 ($112.56 in chips)
Seat 6: Chessnok ($154.26 in chips)
Chessnok: posts small blind $1
Hats007: posts big blind $3
*** HOLE CARDS ***
Chessnok: raises $3 to $6
Hats007: folds
Uncalled bet ($3) returned to Chessnok
Chessnok collected $6 from pot
Chessnok: doesn't show hand
*** SUMMARY ***
Total pot $6 | Rake $0
Seat 3: Hats007 (big blind) folded before Flop
Seat 6: Chessnok (button) (small blind) collected ($6)


PokerStars Hand #149888029784:  Hold'em Limit ($3/$6 USD) - 2016/03/05 14:27:18 ET
Table 'Salonta' 6-max Seat #3 is the button
Seat 3: Hats007 ($118.56 in chips)
Seat 6: Chessnok ($148.50 in chips)
Hats007: posts small blind $1
Chessnok: posts big blind $3
*** HOLE CARDS ***
Hats007: raises $3 to $6
Chessnok: calls $3
*** FLOP *** [6d Ks 8s]
Chessnok: checks
Hats007: checks
*** TURN *** [6d Ks 8s] [Jh]
Chessnok: checks
Hats007: checks
*** RIVER *** [6d Ks 8s Jh] [3s]
Chessnok: bets $6
Hats007: folds
Uncalled bet ($6) returned to Chessnok
Chessnok collected $11.76 from pot
Chessnok: doesn't show hand
*** SUMMARY ***
Total pot $12 | Rake $0.24
Board [6d Ks 8s Jh 3s]
Seat 3: Hats007 (button) (small blind) folded on the River
Seat 6: Chessnok (big blind) collected ($11.76)


PokerStars Hand #149888093036:  Hold'em Limit ($3/$6 USD) - 2016/03/05 14:28:29 ET
Table 'Salonta' 6-max Seat #3 is the button
Seat 3: Hats007 ($153.56 in chips)
Seat 6: Chessnok ($112.26 in chips)
Hats007: posts small blind $1
Chessnok: posts big blind $3
*** HOLE CARDS ***
Hats007: calls $2
Chessnok: checks
*** FLOP *** [5h Jc 5c]
Chessnok: checks
Hats007: checks
*** TURN *** [5h Jc 5c] [Qc]
Chessnok: bets $6
Hats007: folds
Uncalled bet ($6) returned to Chessnok
Chessnok collected $5.88 from pot
Chessnok: doesn't show hand
*** SUMMARY ***
Total pot $6 | Rake $0.12
Board [5h Jc 5c Qc]
Seat 3: Hats007 (button) (small blind) folded on the Turn
Seat 6: Chessnok (big blind) collected ($5.88)


PokerStars Hand #149888113336:  Hold'em Limit ($3/$6 USD) - 2016/03/05 14:28:51 ET
Table 'Salonta' 6-max Seat #3 is the button
Seat 3: Hats007 ($147.56 in chips)
Seat 6: Chessnok ($118.14 in chips)
Hats007: posts small blind $1
Chessnok: posts big blind $3
*** HOLE CARDS ***
Hats007: calls $2
Chessnok: checks
*** FLOP *** [3d Ah Ts]
Chessnok: checks
Hats007: checks
*** TURN *** [3d Ah Ts] [5c]
Chessnok: bets $6
Hats007: folds
Uncalled bet ($6) returned to Chessnok
Chessnok collected $5.88 from pot
Chessnok: doesn't show hand
*** SUMMARY ***
Total pot $6 | Rake $0.12
Board [3d Ah Ts 5c]
Seat 3: Hats007 (button) (small blind) folded on the Turn
Seat 6: Chessnok (big blind) collected ($5.88)


PokerStars Hand #149888124774:  Hold'em Limit ($3/$6 USD) - 2016/03/05 14:29:04 ET
Table 'Salonta' 6-max Seat #6 is the button
Seat 3: Hats007 ($144.56 in chips)
Seat 6: Chessnok ($121.02 in chips)
Chessnok: posts small blind $1
Hats007: posts big blind $3
*** HOLE CARDS ***
Chessnok: raises $3 to $6
Hats007: folds
Uncalled bet ($3) returned to Chessnok
Chessnok collected $6 from pot
Chessnok: doesn't show hand
*** SUMMARY ***
Total pot $6 | Rake $0
Seat 3: Hats007 (big blind) folded before Flop
Seat 6: Chessnok (button) (small blind) collected ($6)


PokerStars Hand #149888136402:  Hold'em Limit ($3/$6 USD) - 2016/03/05 14:29:17 ET
Table 'Salonta' 6-max Seat #3 is the button
Seat 3: Hats007 ($141.56 in chips)
Seat 6: Chessnok ($124.02 in chips)
Hats007: posts small blind $1
Chessnok: posts big blind $3
*** HOLE CARDS ***
Hats007: raises $3 to $6
Chessnok: calls $3
*** FLOP *** [9d Kh 3c]
Chessnok: checks
Hats007: checks
*** TURN *** [9d Kh 3c] [7c]
Chessnok: checks
Hats007: bets $6
Chessnok: folds
Uncalled bet ($6) returned to Hats007
Hats007 collected $11.76 from pot
Hats007: doesn't show hand
*** SUMMARY ***
Total pot $12 | Rake $0.24
Board [9d Kh 3c 7c]
Seat 3: Hats007 (button) (small blind) collected ($11.76)
Seat 6: Chessnok (big blind) folded on the Turn


PokerStars Hand #149888107387:  Hold'em Limit ($3/$6 USD) - 2016/03/05 14:28:45 ET
Table 'Salonta' 6-max Seat #6 is the button
Seat 3: Hats007 ($150.56 in chips)
Seat 6: Chessnok ($115.14 in chips)
Chessnok: posts small blind $1
Hats007: posts big blind $3
*** HOLE CARDS ***
Chessnok: raises $3 to $6
Hats007: folds
Uncalled bet ($3) returned to Chessnok
Chessnok collected $6 from pot
Chessnok: doesn't show hand
*** SUMMARY ***
Total pot $6 | Rake $0
Seat 3: Hats007 (big blind) folded before Flop
Seat 6: Chessnok (button) (small blind) collected ($6)


PokerStars Hand #149888156470:  Hold'em Limit ($3/$6 USD) - 2016/03/05 14:29:40 ET
Table 'Salonta' 6-max Seat #3 is the button
Seat 3: Hats007 ($155.96 in chips)
Seat 6: Chessnok ($109.02 in chips)
Hats007: posts small blind $1
Chessnok: posts big blind $3
*** HOLE CARDS ***
RowntreWilly joins the table at seat #4
Hats007: folds
Uncalled bet ($2) returned to Chessnok
Chessnok collected $2 from pot
Chessnok: doesn't show hand
*** SUMMARY ***
Total pot $2 | Rake $0
Seat 3: Hats007 (button) (small blind) folded before Flop
Seat 6: Chessnok (big blind) collected ($2)


PokerStars Hand #149888148095:  Hold'em Limit ($3/$6 USD) - 2016/03/05 14:29:30 ET
Table 'Salonta' 6-max Seat #6 is the button
Seat 3: Hats007 ($147.32 in chips)
Seat 6: Chessnok ($118.02 in chips)
Chessnok: posts small blind $1
Hats007: posts big blind $3
*** HOLE CARDS ***
Chessnok: raises $3 to $6
Hats007: raises $3 to $9
Chessnok: calls $3
*** FLOP *** [8d 2d Td]
Hats007: bets $3
Chessnok: folds
Uncalled bet ($3) returned to Hats007
Hats007 collected $17.64 from pot
Hats007: doesn't show hand
*** SUMMARY ***
Total pot $18 | Rake $0.36
Board [8d 2d Td]
Seat 3: Hats007 (big blind) collected ($17.64)
Seat 6: Chessnok (button) (small blind) folded on the Flop


PokerStars Hand #149888161786:  Hold'em Limit ($3/$6 USD) - 2016/03/05 14:29:45 ET
Table 'Salonta' 6-max Seat #6 is the button
Seat 3: Hats007 ($154.96 in chips)
Seat 6: Chessnok ($110.02 in chips)
Chessnok: posts small blind $1
Hats007: posts big blind $3
*** HOLE CARDS ***
Chessnok: folds
Uncalled bet ($2) returned to Hats007
Hats007 collected $2 from pot
Hats007: doesn't show hand
*** SUMMARY ***
Total pot $2 | Rake $0
Seat 3: Hats007 (big blind) collected ($2)
Seat 6: Chessnok (button) (small blind) folded before Flop


PokerStars Hand #149894083754:  Hold'em Limit ($3/$6 USD) - 2016/03/05 16:17:42 ET
Table 'Salonta' 6-max Seat #5 is the button
Seat 1: ZinZar ($75 in chips)
Seat 5: JayEm82 ($206.06 in chips)
JayEm82: posts small blind $1
ZinZar: posts big blind $3
*** HOLE CARDS ***
JayEm82: raises $3 to $6
Holtzinger leaves the table
ZinZar: raises $3 to $9
JayEm82: calls $3
*** FLOP *** [2h Qs 4c]
ZinZar: bets $3
JayEm82: calls $3
*** TURN *** [2h Qs 4c] [7s]
ZinZar: bets $6
JayEm82: calls $6
*** RIVER *** [2h Qs 4c 7s] [4s]
ZinZar: bets $6
JayEm82: calls $6
*** SHOW DOWN ***
ZinZar: shows [Qd Kh] (two pair, Queens and Fours)
JayEm82: mucks hand
ZinZar collected $47.50 from pot
*** SUMMARY ***
Total pot $48 | Rake $0.50
Board [2h Qs 4c 7s 4s]
Seat 1: ZinZar (big blind) showed [Qd Kh] and won ($47.50) with two pair, Queens and Fours
Seat 5: JayEm82 (button) (small blind) mucked


PokerStars Hand #149894109922:  Hold'em Limit ($3/$6 USD) - 2016/03/05 16:18:10 ET
Table 'Salonta' 6-max Seat #5 is the button
Seat 1: ZinZar ($97.50 in chips)
Seat 5: JayEm82 ($183.06 in chips)
JayEm82: posts small blind $1
ZinZar: posts big blind $3
*** HOLE CARDS ***
JayEm82: raises $3 to $6
ZinZar: raises $3 to $9
JayEm82: calls $3
*** FLOP *** [6s Ts 7h]
ZinZar: bets $3
JayEm82: calls $3
*** TURN *** [6s Ts 7h] [Td]
ZinZar: checks
JayEm82: bets $6
ZinZar: calls $6
*** RIVER *** [6s Ts 7h Td] [6d]
ZinZar: checks
JayEm82: checks
*** SHOW DOWN ***
ZinZar: shows [Kc 9c] (two pair, Tens and Sixes)
JayEm82: shows [As 4h] (two pair, Tens and Sixes - Ace kicker)
JayEm82 collected $35.50 from pot
*** SUMMARY ***
Total pot $36 | Rake $0.50
Board [6s Ts 7h Td 6d]
Seat 1: ZinZar (big blind) showed [Kc 9c] and lost with two pair, Tens and Sixes
Seat 5: JayEm82 (button) (small blind) showed [As 4h] and won ($35.50) with two pair, Tens and Sixes


PokerStars Hand #149894155132:  Hold'em Limit ($3/$6 USD) - 2016/03/05 16:18:58 ET
Table 'Salonta' 6-max Seat #1 is the button
Seat 1: ZinZar ($79.50 in chips)
Seat 5: JayEm82 ($200.56 in chips)
ZinZar: posts small blind $1
JayEm82: posts big blind $3
*** HOLE CARDS ***
ZinZar: folds
Uncalled bet ($2) returned to JayEm82
JayEm82 collected $2 from pot
JayEm82: doesn't show hand
*** SUMMARY ***
Total pot $2 | Rake $0
Seat 1: ZinZar (button) (small blind) folded before Flop
Seat 5: JayEm82 (big blind) collected ($2)


PokerStars Hand #149894160461:  Hold'em Limit ($3/$6 USD) - 2016/03/05 16:19:04 ET
Table 'Salonta' 6-max Seat #5 is the button
Seat 1: ZinZar ($78.50 in chips)
Seat 5: JayEm82 ($201.56 in chips)
JayEm82: posts small blind $1
ZinZar: posts big blind $3
*** HOLE CARDS ***
JayEm82: raises $3 to $6
ZinZar: raises $3 to $9
JayEm82: raises $3 to $12
Betting is capped
ZinZar: calls $3
*** FLOP *** [Ts 2c 2s]
ZinZar: checks
JayEm82: bets $3
ZinZar: calls $3
*** TURN *** [Ts 2c 2s] [6s]
ZinZar: checks
JayEm82: bets $6
ZinZar: folds
Uncalled bet ($6) returned to JayEm82
JayEm82 collected $29.50 from pot
JayEm82: doesn't show hand
*** SUMMARY ***
Total pot $30 | Rake $0.50
Board [Ts 2c 2s 6s]
Seat 1: ZinZar (big blind) folded on the Turn
Seat 5: JayEm82 (button) (small blind) collected ($29.50)


PokerStars Hand #149894145467:  Hold'em Limit ($3/$6 USD) - 2016/03/05 16:18:48 ET
Table 'Salonta' 6-max Seat #1 is the button
Seat 1: ZinZar ($79.50 in chips)
Seat 5: JayEm82 ($200.56 in chips)
ZinZar: posts small blind $1
JayEm82: posts big blind $3
*** HOLE CARDS ***
ZinZar: folds
Uncalled bet ($2) returned to JayEm82
JayEm82 collected $2 from pot
JayEm82: doesn't show hand
*** SUMMARY ***
Total pot $2 | Rake $0
Seat 1: ZinZar (button) (small blind) folded before Flop
Seat 5: JayEm82 (big blind) collected ($2)


