PokerStars Hand #160711752228:  Hold'em Limit ($3/$6 USD) - 2016/10/31 17:26:05 ET
Table 'Salvia' 6-max Seat #3 is the button
Seat 3: GrumpyGonzo ($72.98 in chips)
Seat 5: oliwan ($269.80 in chips)
GrumpyGonzo: posts small blind $1
vestimokrec: is sitting out
oliwan: posts big blind $3
*** HOLE CARDS ***
GrumpyGonzo: folds
Uncalled bet ($2) returned to oliwan
oliwan collected $2 from pot
oliwan: doesn't show hand
*** SUMMARY ***
Total pot $2 | Rake $0
Seat 3: GrumpyGonzo (button) (small blind) folded before Flop
Seat 5: oliwan (big blind) collected ($2)


PokerStars Hand #160718068666:  Hold'em Limit ($3/$6 USD) - 2016/10/31 19:44:54 ET
Table 'Salvia' 6-max Seat #6 is the button
Seat 2: paco74415 ($166.14 in chips)
Seat 6: ABATAPP ($77.78 in chips)
ABATAPP: posts small blind $1
KvanZy joins the table at seat #3
Great_Kang: is sitting out
paco74415: posts big blind $3
*** HOLE CARDS ***
ABATAPP: raises $3 to $6
paco74415: raises $3 to $9
ABATAPP: calls $3
*** FLOP *** [Jc Kd Qd]
paco74415: checks
ABATAPP: bets $3
paco74415: raises $3 to $6
ABATAPP: calls $3
*** TURN *** [Jc Kd Qd] [Kc]
paco74415: bets $6
ABATAPP: folds
Uncalled bet ($6) returned to paco74415
paco74415 collected $29.50 from pot
paco74415: doesn't show hand
*** SUMMARY ***
Total pot $30 | Rake $0.50
Board [Jc Kd Qd Kc]
Seat 2: paco74415 (big blind) collected ($29.50)
Seat 6: ABATAPP (button) (small blind) folded on the Turn


