PokerStars Hand #160718696327:  Hold'em Limit ($3/$6 USD) - 2016/10/31 20:01:53 ET
Table 'Salvia' 6-max Seat #6 is the button
Seat 2: paco74415 ($44.36 in chips)
Seat 6: ABATAPP ($106.85 in chips)
ABATAPP: posts small blind $1
Great_Kang: is sitting out
paco74415: posts big blind $3
*** HOLE CARDS ***
ABATAPP: raises $3 to $6
paco74415: calls $3
*** FLOP *** [7s 8c 5s]
paco74415: checks
ABATAPP: bets $3
paco74415: calls $3
*** TURN *** [7s 8c 5s] [7d]
paco74415: checks
ABATAPP: bets $6
paco74415: calls $6
*** RIVER *** [7s 8c 5s 7d] [Qd]
paco74415: checks
ABATAPP: bets $6
paco74415: raises $6 to $12
ABATAPP: raises $6 to $18
paco74415: calls $6
*** SHOW DOWN ***
ABATAPP: shows [6d 9d] (a straight, Five to Nine)
paco74415: mucks hand
ABATAPP collected $65.50 from pot
*** SUMMARY ***
Total pot $66 | Rake $0.50
Board [7s 8c 5s 7d Qd]
Seat 2: paco74415 (big blind) mucked
Seat 6: ABATAPP (button) (small blind) showed [6d 9d] and won ($65.50) with a straight, Five to Nine


PokerStars Hand #160718721346:  Hold'em Limit ($3/$6 USD) - 2016/10/31 20:02:33 ET
Table 'Salvia' 6-max Seat #2 is the button
Seat 2: paco74415 ($15.36 in chips)
Seat 6: ABATAPP ($135.35 in chips)
paco74415: posts small blind $1
ABATAPP: posts big blind $3
*** HOLE CARDS ***
paco74415: raises $3 to $6
ABATAPP: raises $3 to $9
paco74415: calls $3
*** FLOP *** [9c 7s 9d]
ABATAPP: bets $3
paco74415: raises $3 to $6
ABATAPP: raises $3 to $9
paco74415: calls $0.36 and is all-in
Uncalled bet ($2.64) returned to ABATAPP
*** TURN *** [9c 7s 9d] [Ac]
*** RIVER *** [9c 7s 9d Ac] [As]
*** SHOW DOWN ***
ABATAPP: shows [Qc Qs] (two pair, Aces and Queens)
paco74415: shows [5c Kc] (two pair, Aces and Nines)
ABATAPP collected $30.22 from pot
*** SUMMARY ***
Total pot $30.72 | Rake $0.50
Board [9c 7s 9d Ac As]
Seat 2: paco74415 (button) (small blind) showed [5c Kc] and lost with two pair, Aces and Nines
Seat 6: ABATAPP (big blind) showed [Qc Qs] and won ($30.22) with two pair, Aces and Queens


PokerStars Hand #160718716349:  Hold'em Limit ($3/$6 USD) - 2016/10/31 20:02:25 ET
Table 'Salvia' 6-max Seat #6 is the button
Seat 2: paco74415 ($14.36 in chips)
Seat 6: ABATAPP ($136.35 in chips)
ABATAPP: posts small blind $1
paco74415: posts big blind $3
Great_Kang leaves the table
*** HOLE CARDS ***
ABATAPP: folds
Uncalled bet ($2) returned to paco74415
paco74415 collected $2 from pot
paco74415: doesn't show hand
*** SUMMARY ***
Total pot $2 | Rake $0
Seat 2: paco74415 (big blind) collected ($2)
Seat 6: ABATAPP (button) (small blind) folded before Flop


PokerStars Hand #160718712528:  Hold'em Limit ($3/$6 USD) - 2016/10/31 20:02:18 ET
Table 'Salvia' 6-max Seat #2 is the button
Seat 2: paco74415 ($11.36 in chips)
Seat 6: ABATAPP ($139.35 in chips)
paco74415: posts small blind $1
ABATAPP: posts big blind $3
*** HOLE CARDS ***
paco74415: raises $3 to $6
ABATAPP: folds
Uncalled bet ($3) returned to paco74415
paco74415 collected $6 from pot
paco74415: doesn't show hand
*** SUMMARY ***
Total pot $6 | Rake $0
Seat 2: paco74415 (button) (small blind) collected ($6)
Seat 6: ABATAPP (big blind) folded before Flop


PokerStars Hand #160733808828:  Hold'em Limit ($3/$6 USD) - 2016/11/01 7:41:57 ET
Table 'Salvia' 6-max Seat #4 is the button
Seat 1: s4ntaa ($18 in chips)
Seat 4: Agrotait ($83.52 in chips)
Agrotait: posts small blind $1
s4ntaa: posts big blind $3
*** HOLE CARDS ***
Agrotait: raises $3 to $6
s4ntaa: raises $3 to $9
Agrotait: calls $3
*** FLOP *** [Qd Ad 3s]
s4ntaa: bets $3
Agrotait: folds
Uncalled bet ($3) returned to s4ntaa
s4ntaa collected $17.64 from pot
s4ntaa: doesn't show hand
*** SUMMARY ***
Total pot $18 | Rake $0.36
Board [Qd Ad 3s]
Seat 1: s4ntaa (big blind) collected ($17.64)
Seat 4: Agrotait (button) (small blind) folded on the Flop


PokerStars Hand #160733905215:  Hold'em Limit ($3/$6 USD) - 2016/11/01 7:45:13 ET
Table 'Salvia' 6-max Seat #3 is the button
Seat 3: SLK500 ($91.04 in chips)
Seat 4: Agrotait ($90.53 in chips)
SLK500: posts small blind $1
Agrotait: posts big blind $3
*** HOLE CARDS ***
knas4 leaves the table
SLK500: raises $3 to $6
Agrotait: calls $3
*** FLOP *** [Kc Js Jh]
Agrotait: checks
SLK500: bets $3
Agrotait: raises $3 to $6
SLK500: folds
Uncalled bet ($3) returned to Agrotait
Agrotait collected $17.64 from pot
Agrotait: doesn't show hand
*** SUMMARY ***
Total pot $18 | Rake $0.36
Board [Kc Js Jh]
Seat 3: SLK500 (button) (small blind) folded on the Flop
Seat 4: Agrotait (big blind) collected ($17.64)


PokerStars Hand #160733913413:  Hold'em Limit ($3/$6 USD) - 2016/11/01 7:45:29 ET
Table 'Salvia' 6-max Seat #4 is the button
Seat 3: SLK500 ($82.04 in chips)
Seat 4: Agrotait ($99.17 in chips)
Agrotait: posts small blind $1
SLK500: posts big blind $3
*** HOLE CARDS ***
Agrotait: raises $3 to $6
SLK500: calls $3
*** FLOP *** [Td Jd Jh]
SLK500: bets $3
Agrotait: calls $3
*** TURN *** [Td Jd Jh] [4s]
SLK500: checks
Agrotait: bets $6
SLK500: calls $6
*** RIVER *** [Td Jd Jh 4s] [Kd]
SLK500: bets $6
Agrotait: folds
Uncalled bet ($6) returned to SLK500
SLK500 collected $29.50 from pot
SLK500: doesn't show hand
*** SUMMARY ***
Total pot $30 | Rake $0.50
Board [Td Jd Jh 4s Kd]
Seat 3: SLK500 (big blind) collected ($29.50)
Seat 4: Agrotait (button) (small blind) folded on the River


