PokerStars Hand #171039206596:  Hold'em Limit ($3/$6 USD) - 2017/05/28 15:39:59 ET
Table 'Salvia II' 10-max Seat #6 is the button
Seat 4: FabronxRJ ($75.50 in chips)
Seat 6: sim5sim5 ($72 in chips)
sim5sim5: posts small blind $1
FabronxRJ: posts big blind $3
*** HOLE CARDS ***
sim5sim5: raises $3 to $6
FabronxRJ: calls $3
*** FLOP *** [4h 5d 6d]
FabronxRJ: checks
sim5sim5: bets $3
Jojje_G joins the table at seat #5
FabronxRJ: folds
Uncalled bet ($3) returned to sim5sim5
sim5sim5 collected $11.76 from pot
sim5sim5: doesn't show hand
*** SUMMARY ***
Total pot $12 | Rake $0.24
Board [4h 5d 6d]
Seat 4: FabronxRJ (big blind) folded on the Flop
Seat 6: sim5sim5 (button) (small blind) collected ($11.76)


PokerStars Hand #171039169662:  Hold'em Limit ($3/$6 USD) - 2017/05/28 15:39:20 ET
Table 'Salvia II' 10-max Seat #4 is the button
Seat 4: FabronxRJ ($58 in chips)
Seat 6: sim5sim5 ($79.64 in chips)
FabronxRJ: posts small blind $1
sim5sim5: posts big blind $3
*** HOLE CARDS ***
FabronxRJ: calls $2
sim5sim5: checks
*** FLOP *** [5d 8h 2d]
sim5sim5: checks
FabronxRJ: bets $3
sim5sim5: calls $3
*** TURN *** [5d 8h 2d] [2s]
sim5sim5: checks
FabronxRJ: bets $6
sim5sim5: calls $6
*** RIVER *** [5d 8h 2d 2s] [Qh]
sim5sim5: checks
FabronxRJ: bets $6
sim5sim5: calls $6
*** SHOW DOWN ***
FabronxRJ: shows [2c As] (three of a kind, Deuces)
sim5sim5: mucks hand
FabronxRJ collected $35.50 from pot
*** SUMMARY ***
Total pot $36 | Rake $0.50
Board [5d 8h 2d 2s Qh]
Seat 4: FabronxRJ (button) (small blind) showed [2c As] and won ($35.50) with three of a kind, Deuces
Seat 6: sim5sim5 (big blind) mucked


PokerStars Hand #171039836585:  Hold'em Limit ($3/$6 USD) - 2017/05/28 15:51:20 ET
Table 'Salvia II' 10-max Seat #8 is the button
Seat 7: P3zz ($112.38 in chips)
Seat 8: Chessnok ($83.71 in chips)
Chessnok: posts small blind $1
Warner13: is sitting out
P3zz: posts big blind $3
*** HOLE CARDS ***
Warner13 leaves the table
Chessnok: folds
Uncalled bet ($2) returned to P3zz
P3zz collected $2 from pot
*** SUMMARY ***
Total pot $2 | Rake $0
Seat 7: P3zz (big blind) collected ($2)
Seat 8: Chessnok (button) (small blind) folded before Flop


