PokerStars Hand #171273150520:  Hold'em Limit ($3/$6 USD) - 2017/06/03 1:03:05 ET
Table 'Salvia' 6-max Seat #4 is the button
Seat 2: sim5sim5 ($72 in chips)
Seat 4: Agrotait ($89.50 in chips)
Agrotait: posts small blind $1
sim5sim5: posts big blind $3
*** HOLE CARDS ***
Agrotait: raises $3 to $6
sim5sim5: calls $3
*** FLOP *** [Qh 5c 4h]
sim5sim5: checks
Agrotait: bets $3
sim5sim5: calls $3
*** TURN *** [Qh 5c 4h] [9d]
sim5sim5: checks
Agrotait: checks
*** RIVER *** [Qh 5c 4h 9d] [8s]
sim5sim5: checks
Agrotait: checks
*** SHOW DOWN ***
sim5sim5: shows [Ac 2d] (high card Ace)
Agrotait: mucks hand
sim5sim5 collected $17.64 from pot
*** SUMMARY ***
Total pot $18 | Rake $0.36
Board [Qh 5c 4h 9d 8s]
Seat 2: sim5sim5 (big blind) showed [Ac 2d] and won ($17.64) with high card Ace
Seat 4: Agrotait (button) (small blind) mucked


PokerStars Hand #171273136573:  Hold'em Limit ($3/$6 USD) - 2017/06/03 1:02:15 ET
Table 'Salvia' 6-max Seat #2 is the button
Seat 2: sim5sim5 ($72 in chips)
Seat 4: Agrotait ($72 in chips)
sim5sim5: posts small blind $1
Agrotait: posts big blind $3
*** HOLE CARDS ***
sim5sim5: raises $3 to $6
Agrotait: calls $3
*** FLOP *** [9h 8h 6c]
Agrotait: checks
sim5sim5: bets $3
Agrotait: raises $3 to $6
sim5sim5: calls $3
*** TURN *** [9h 8h 6c] [Ac]
Agrotait: bets $6
sim5sim5: calls $6
*** RIVER *** [9h 8h 6c Ac] [7h]
Agrotait: bets $6
sim5sim5: folds
Uncalled bet ($6) returned to Agrotait
Agrotait collected $35.50 from pot
Agrotait: doesn't show hand
*** SUMMARY ***
Total pot $36 | Rake $0.50
Board [9h 8h 6c Ac 7h]
Seat 2: sim5sim5 (button) (small blind) folded on the River
Seat 4: Agrotait (big blind) collected ($35.50)


PokerStars Hand #171275354081:  Hold'em Limit ($3/$6 USD) - 2017/06/03 3:13:10 ET
Table 'Salvia' 6-max Seat #5 is the button
Seat 4: CatPuppy1999 ($85.91 in chips)
Seat 5: masterblstr8 ($129.27 in chips)
masterblstr8: posts small blind $1
CatPuppy1999: posts big blind $3
*** HOLE CARDS ***
masterblstr8: folds
Uncalled bet ($2) returned to CatPuppy1999
CatPuppy1999 collected $2 from pot
CatPuppy1999: doesn't show hand
*** SUMMARY ***
Total pot $2 | Rake $0
Seat 4: CatPuppy1999 (big blind) collected ($2)
Seat 5: masterblstr8 (button) (small blind) folded before Flop


