PokerStars Hand #145701913647:  Hold'em Limit ($3/$6 USD) - 2015/12/21 14:57:37 ET
Table 'Salyut' 2-max Seat #1 is the button
Seat 1: BigYelloFish ($72.28 in chips)
Seat 2: simper11 ($173 in chips)
BigYelloFish: posts small blind $1
simper11: posts big blind $3
*** HOLE CARDS ***
BigYelloFish: raises $3 to $6
simper11: folds
Uncalled bet ($3) returned to BigYelloFish
BigYelloFish collected $6 from pot
BigYelloFish: doesn't show hand
*** SUMMARY ***
Total pot $6 | Rake $0
Seat 1: BigYelloFish (button) (small blind) collected ($6)
Seat 2: simper11 (big blind) folded before Flop


PokerStars Hand #145701902324:  Hold'em Limit ($3/$6 USD) - 2015/12/21 14:57:22 ET
Table 'Salyut' 2-max Seat #2 is the button
Seat 1: BigYelloFish ($60.76 in chips)
Seat 2: simper11 ($185 in chips)
simper11: posts small blind $1
BigYelloFish: posts big blind $3
*** HOLE CARDS ***
simper11: raises $3 to $6
BigYelloFish: raises $3 to $9
simper11: calls $3
*** FLOP *** [7d 3c 3d]
BigYelloFish: bets $3
simper11: calls $3
*** TURN *** [7d 3c 3d] [6d]
BigYelloFish: bets $6
simper11: folds
Uncalled bet ($6) returned to BigYelloFish
BigYelloFish collected $23.52 from pot
BigYelloFish: doesn't show hand
*** SUMMARY ***
Total pot $24 | Rake $0.48
Board [7d 3c 3d 6d]
Seat 1: BigYelloFish (big blind) collected ($23.52)
Seat 2: simper11 (button) (small blind) folded on the Turn


PokerStars Hand #145701881922:  Hold'em Limit ($3/$6 USD) - 2015/12/21 14:56:55 ET
Table 'Salyut' 2-max Seat #1 is the button
Seat 1: BigYelloFish ($99.76 in chips)
Seat 2: simper11 ($146.50 in chips)
BigYelloFish: posts small blind $1
simper11: posts big blind $3
*** HOLE CARDS ***
BigYelloFish: raises $3 to $6
simper11: calls $3
*** FLOP *** [Ad 5d Tc]
simper11: checks
BigYelloFish: bets $3
simper11: calls $3
*** TURN *** [Ad 5d Tc] [Kc]
simper11: checks
BigYelloFish: bets $6
simper11: calls $6
*** RIVER *** [Ad 5d Tc Kc] [3c]
simper11: checks
BigYelloFish: bets $6
simper11: raises $6 to $12
BigYelloFish: raises $6 to $18
simper11: raises $6 to $24
Betting is capped
BigYelloFish: calls $6
*** SHOW DOWN ***
simper11: shows [5c 8c] (a flush, King high)
BigYelloFish: mucks hand
simper11 collected $77.50 from pot
*** SUMMARY ***
Total pot $78 | Rake $0.50
Board [Ad 5d Tc Kc 3c]
Seat 1: BigYelloFish (button) (small blind) mucked
Seat 2: simper11 (big blind) showed [5c 8c] and won ($77.50) with a flush, King high


PokerStars Hand #145701857931:  Hold'em Limit ($3/$6 USD) - 2015/12/21 14:56:23 ET
Table 'Salyut' 2-max Seat #2 is the button
Seat 1: BigYelloFish ($126.76 in chips)
Seat 2: simper11 ($120 in chips)
simper11: posts small blind $1
BigYelloFish: posts big blind $3
*** HOLE CARDS ***
simper11: raises $3 to $6
BigYelloFish: raises $3 to $9
simper11: calls $3
*** FLOP *** [6h 5c 7h]
BigYelloFish: bets $3
simper11: raises $3 to $6
BigYelloFish: calls $3
*** TURN *** [6h 5c 7h] [2d]
BigYelloFish: checks
simper11: bets $6
BigYelloFish: calls $6
*** RIVER *** [6h 5c 7h 2d] [4c]
BigYelloFish: checks
simper11: bets $6
BigYelloFish: calls $6
*** SHOW DOWN ***
simper11: shows [8s 3s] (a straight, Four to Eight)
BigYelloFish: mucks hand
simper11 collected $53.50 from pot
*** SUMMARY ***
Total pot $54 | Rake $0.50
Board [6h 5c 7h 2d 4c]
Seat 1: BigYelloFish (big blind) mucked
Seat 2: simper11 (button) (small blind) showed [8s 3s] and won ($53.50) with a straight, Four to Eight


PokerStars Hand #145701917953:  Hold'em Limit ($3/$6 USD) - 2015/12/21 14:57:43 ET
Table 'Salyut' 2-max Seat #2 is the button
Seat 1: BigYelloFish ($75.28 in chips)
Seat 2: simper11 ($170 in chips)
simper11: posts small blind $1
BigYelloFish: posts big blind $3
*** HOLE CARDS ***
simper11: raises $3 to $6
BigYelloFish: raises $3 to $9
simper11: calls $3
*** FLOP *** [3h 5d 9c]
BigYelloFish: bets $3
simper11: calls $3
*** TURN *** [3h 5d 9c] [Qd]
BigYelloFish: checks
simper11: checks
*** RIVER *** [3h 5d 9c Qd] [Ts]
BigYelloFish: checks
simper11: checks
*** SHOW DOWN ***
BigYelloFish: shows [2d Ac] (high card Ace)
simper11: mucks hand
BigYelloFish collected $23.52 from pot
*** SUMMARY ***
Total pot $24 | Rake $0.48
Board [3h 5d 9c Qd Ts]
Seat 1: BigYelloFish (big blind) showed [2d Ac] and won ($23.52) with high card Ace
Seat 2: simper11 (button) (small blind) mucked


PokerStars Hand #145701952187:  Hold'em Limit ($3/$6 USD) - 2015/12/21 14:58:28 ET
Table 'Salyut' 2-max Seat #2 is the button
Seat 1: BigYelloFish ($107.30 in chips)
Seat 2: simper11 ($137 in chips)
simper11: posts small blind $1
BigYelloFish: posts big blind $3
*** HOLE CARDS ***
simper11: folds
Uncalled bet ($2) returned to BigYelloFish
BigYelloFish collected $2 from pot
BigYelloFish: doesn't show hand
*** SUMMARY ***
Total pot $2 | Rake $0
Seat 1: BigYelloFish (big blind) collected ($2)
Seat 2: simper11 (button) (small blind) folded before Flop


PokerStars Hand #145701935818:  Hold'em Limit ($3/$6 USD) - 2015/12/21 14:58:07 ET
Table 'Salyut' 2-max Seat #1 is the button
Seat 1: BigYelloFish ($86.80 in chips)
Seat 2: simper11 ($158 in chips)
BigYelloFish: posts small blind $1
simper11: posts big blind $3
*** HOLE CARDS ***
BigYelloFish: raises $3 to $6
simper11: calls $3
*** FLOP *** [Qs 7c 7d]
simper11: checks
BigYelloFish: bets $3
simper11: calls $3
*** TURN *** [Qs 7c 7d] [Td]
simper11: checks
BigYelloFish: bets $6
simper11: calls $6
*** RIVER *** [Qs 7c 7d Td] [5s]
simper11: checks
BigYelloFish: bets $6
simper11: calls $6
*** SHOW DOWN ***
BigYelloFish: shows [Kh 7s] (three of a kind, Sevens)
simper11: mucks hand
BigYelloFish collected $41.50 from pot
*** SUMMARY ***
Total pot $42 | Rake $0.50
Board [Qs 7c 7d Td 5s]
Seat 1: BigYelloFish (button) (small blind) showed [Kh 7s] and won ($41.50) with three of a kind, Sevens
Seat 2: simper11 (big blind) mucked


PokerStars Hand #145701981862:  Hold'em Limit ($3/$6 USD) - 2015/12/21 14:59:08 ET
Table 'Salyut' 2-max Seat #2 is the button
Seat 1: BigYelloFish ($108.80 in chips)
Seat 2: simper11 ($134.50 in chips)
simper11: posts small blind $1
BigYelloFish: posts big blind $3
*** HOLE CARDS ***
simper11: raises $3 to $6
BigYelloFish: calls $3
*** FLOP *** [9s Ah 4c]
BigYelloFish: checks
simper11: bets $3
BigYelloFish: folds
Uncalled bet ($3) returned to simper11
simper11 collected $11.76 from pot
simper11: doesn't show hand
*** SUMMARY ***
Total pot $12 | Rake $0.24
Board [9s Ah 4c]
Seat 1: BigYelloFish (big blind) folded on the Flop
Seat 2: simper11 (button) (small blind) collected ($11.76)


PokerStars Hand #145701971397:  Hold'em Limit ($3/$6 USD) - 2015/12/21 14:58:54 ET
Table 'Salyut' 2-max Seat #1 is the button
Seat 1: BigYelloFish ($91.30 in chips)
Seat 2: simper11 ($152.50 in chips)
BigYelloFish: posts small blind $1
simper11: posts big blind $3
*** HOLE CARDS ***
BigYelloFish: raises $3 to $6
simper11: raises $3 to $9
BigYelloFish: calls $3
*** FLOP *** [Td 2d 7d]
simper11: bets $3
BigYelloFish: calls $3
*** TURN *** [Td 2d 7d] [4c]
simper11: bets $6
BigYelloFish: raises $6 to $12
simper11: folds
Uncalled bet ($6) returned to BigYelloFish
BigYelloFish collected $35.50 from pot
BigYelloFish: doesn't show hand
*** SUMMARY ***
Total pot $36 | Rake $0.50
Board [Td 2d 7d 4c]
Seat 1: BigYelloFish (button) (small blind) collected ($35.50)
Seat 2: simper11 (big blind) folded on the Turn


PokerStars Hand #145701991236:  Hold'em Limit ($3/$6 USD) - 2015/12/21 14:59:20 ET
Table 'Salyut' 2-max Seat #1 is the button
Seat 1: BigYelloFish ($102.80 in chips)
Seat 2: simper11 ($140.26 in chips)
BigYelloFish: posts small blind $1
simper11: posts big blind $3
*** HOLE CARDS ***
BigYelloFish: raises $3 to $6
simper11: calls $3
*** FLOP *** [Qs 6h 2c]
simper11: checks
BigYelloFish: bets $3
simper11: folds
Uncalled bet ($3) returned to BigYelloFish
BigYelloFish collected $11.76 from pot
BigYelloFish: doesn't show hand
*** SUMMARY ***
Total pot $12 | Rake $0.24
Board [Qs 6h 2c]
Seat 1: BigYelloFish (button) (small blind) collected ($11.76)
Seat 2: simper11 (big blind) folded on the Flop


PokerStars Hand #145701967372:  Hold'em Limit ($3/$6 USD) - 2015/12/21 14:58:48 ET
Table 'Salyut' 2-max Seat #2 is the button
Seat 1: BigYelloFish ($90.30 in chips)
Seat 2: simper11 ($153.50 in chips)
simper11: posts small blind $1
BigYelloFish: posts big blind $3
*** HOLE CARDS ***
simper11: folds
Uncalled bet ($2) returned to BigYelloFish
BigYelloFish collected $2 from pot
BigYelloFish: doesn't show hand
*** SUMMARY ***
Total pot $2 | Rake $0
Seat 1: BigYelloFish (big blind) collected ($2)
Seat 2: simper11 (button) (small blind) folded before Flop


PokerStars Hand #145701955958:  Hold'em Limit ($3/$6 USD) - 2015/12/21 14:58:33 ET
Table 'Salyut' 2-max Seat #1 is the button
Seat 1: BigYelloFish ($108.30 in chips)
Seat 2: simper11 ($136 in chips)
BigYelloFish: posts small blind $1
simper11: posts big blind $3
*** HOLE CARDS ***
BigYelloFish: raises $3 to $6
simper11: raises $3 to $9
BigYelloFish: calls $3
*** FLOP *** [Kd 9s 6d]
simper11: bets $3
BigYelloFish: calls $3
*** TURN *** [Kd 9s 6d] [Js]
simper11: bets $6
BigYelloFish: calls $6
*** RIVER *** [Kd 9s 6d Js] [2s]
simper11: bets $6
BigYelloFish: folds
Uncalled bet ($6) returned to simper11
simper11 collected $35.50 from pot
simper11: doesn't show hand
*** SUMMARY ***
Total pot $36 | Rake $0.50
Board [Kd 9s 6d Js 2s]
Seat 1: BigYelloFish (button) (small blind) folded on the River
Seat 2: simper11 (big blind) collected ($35.50)


PokerStars Hand #145702004408:  Hold'em Limit ($3/$6 USD) - 2015/12/21 14:59:37 ET
Table 'Salyut' 2-max Seat #2 is the button
Seat 1: BigYelloFish ($108.56 in chips)
Seat 2: simper11 ($134.26 in chips)
simper11: posts small blind $1
BigYelloFish: posts big blind $3
*** HOLE CARDS ***
simper11: raises $3 to $6
BigYelloFish: raises $3 to $9
simper11: calls $3
*** FLOP *** [5h 7d Ks]
BigYelloFish: bets $3
simper11: folds
Uncalled bet ($3) returned to BigYelloFish
BigYelloFish collected $17.64 from pot
BigYelloFish: doesn't show hand
*** SUMMARY ***
Total pot $18 | Rake $0.36
Board [5h 7d Ks]
Seat 1: BigYelloFish (big blind) collected ($17.64)
Seat 2: simper11 (button) (small blind) folded on the Flop


PokerStars Hand #145702011529:  Hold'em Limit ($3/$6 USD) - 2015/12/21 14:59:47 ET
Table 'Salyut' 2-max Seat #1 is the button
Seat 1: BigYelloFish ($117.20 in chips)
Seat 2: simper11 ($125.26 in chips)
BigYelloFish: posts small blind $1
simper11: posts big blind $3
*** HOLE CARDS ***
BigYelloFish: raises $3 to $6
simper11: raises $3 to $9
BigYelloFish: calls $3
*** FLOP *** [Js Qs Td]
simper11: bets $3
BigYelloFish: calls $3
*** TURN *** [Js Qs Td] [Kh]
simper11: bets $6
BigYelloFish: calls $6
*** RIVER *** [Js Qs Td Kh] [3h]
simper11: bets $6
BigYelloFish: calls $6
*** SHOW DOWN ***
simper11: shows [As Ah] (a straight, Ten to Ace)
BigYelloFish: mucks hand
simper11 collected $47.50 from pot
*** SUMMARY ***
Total pot $48 | Rake $0.50
Board [Js Qs Td Kh 3h]
Seat 1: BigYelloFish (button) (small blind) mucked
Seat 2: simper11 (big blind) showed [As Ah] and won ($47.50) with a straight, Ten to Ace


PokerStars Hand #145702025163:  Hold'em Limit ($3/$6 USD) - 2015/12/21 15:00:05 ET
Table 'Salyut' 2-max Seat #2 is the button
Seat 1: BigYelloFish ($93.20 in chips)
Seat 2: simper11 ($148.76 in chips)
simper11: posts small blind $1
BigYelloFish: posts big blind $3
*** HOLE CARDS ***
simper11: folds
Uncalled bet ($2) returned to BigYelloFish
BigYelloFish collected $2 from pot
BigYelloFish: doesn't show hand
*** SUMMARY ***
Total pot $2 | Rake $0
Seat 1: BigYelloFish (big blind) collected ($2)
Seat 2: simper11 (button) (small blind) folded before Flop


PokerStars Hand #145702029919:  Hold'em Limit ($3/$6 USD) - 2015/12/21 15:00:09 ET
Table 'Salyut' 2-max Seat #1 is the button
Seat 1: BigYelloFish ($94.20 in chips)
Seat 2: simper11 ($147.76 in chips)
BigYelloFish: posts small blind $1
simper11: posts big blind $3
*** HOLE CARDS ***
BigYelloFish: raises $3 to $6
simper11: raises $3 to $9
BigYelloFish: raises $3 to $12
Betting is capped
simper11: calls $3
*** FLOP *** [2s Jh 6s]
simper11: checks
BigYelloFish: bets $3
simper11: raises $3 to $6
BigYelloFish: calls $3
*** TURN *** [2s Jh 6s] [Qd]
simper11: bets $6
BigYelloFish: calls $6
*** RIVER *** [2s Jh 6s Qd] [7h]
simper11: bets $6
BigYelloFish: calls $6
*** SHOW DOWN ***
simper11: shows [5s 7s] (a pair of Sevens)
BigYelloFish: shows [Ts Th] (a pair of Tens)
BigYelloFish collected $59.50 from pot
*** SUMMARY ***
Total pot $60 | Rake $0.50
Board [2s Jh 6s Qd 7h]
Seat 1: BigYelloFish (button) (small blind) showed [Ts Th] and won ($59.50) with a pair of Tens
Seat 2: simper11 (big blind) showed [5s 7s] and lost with a pair of Sevens


PokerStars Hand #145702063619:  Hold'em Limit ($3/$6 USD) - 2015/12/21 15:00:50 ET
Table 'Salyut' 2-max Seat #1 is the button
Seat 1: BigYelloFish ($102.70 in chips)
Seat 2: simper11 ($140.50 in chips)
BigYelloFish: posts small blind $1
simper11: posts big blind $3
*** HOLE CARDS ***
BigYelloFish: folds
Uncalled bet ($2) returned to simper11
simper11 collected $2 from pot
simper11: doesn't show hand
*** SUMMARY ***
Total pot $2 | Rake $0
Seat 1: BigYelloFish (button) (small blind) folded before Flop
Seat 2: simper11 (big blind) collected ($2)


PokerStars Hand #145702044731:  Hold'em Limit ($3/$6 USD) - 2015/12/21 15:00:28 ET
Table 'Salyut' 2-max Seat #2 is the button
Seat 1: BigYelloFish ($123.70 in chips)
Seat 2: simper11 ($120 in chips)
simper11: posts small blind $1
BigYelloFish: posts big blind $3
*** HOLE CARDS ***
simper11: raises $3 to $6
BigYelloFish: raises $3 to $9
simper11: calls $3
*** FLOP *** [8s 2h 5s]
BigYelloFish: bets $3
simper11: raises $3 to $6
BigYelloFish: calls $3
*** TURN *** [8s 2h 5s] [Th]
BigYelloFish: checks
simper11: bets $6
BigYelloFish: calls $6
*** RIVER *** [8s 2h 5s Th] [9d]
BigYelloFish: checks
simper11: bets $6
BigYelloFish: folds
Uncalled bet ($6) returned to simper11
simper11 collected $41.50 from pot
simper11: doesn't show hand
*** SUMMARY ***
Total pot $42 | Rake $0.50
Board [8s 2h 5s Th 9d]
Seat 1: BigYelloFish (big blind) folded on the River
Seat 2: simper11 (button) (small blind) collected ($41.50)


PokerStars Hand #145702068149:  Hold'em Limit ($3/$6 USD) - 2015/12/21 15:00:56 ET
Table 'Salyut' 2-max Seat #2 is the button
Seat 1: BigYelloFish ($101.70 in chips)
Seat 2: simper11 ($141.50 in chips)
simper11: posts small blind $1
BigYelloFish: posts big blind $3
*** HOLE CARDS ***
simper11: raises $3 to $6
BigYelloFish: calls $3
*** FLOP *** [As 9s Ts]
BigYelloFish: checks
simper11: bets $3
BigYelloFish: calls $3
*** TURN *** [As 9s Ts] [5d]
BigYelloFish: checks
simper11: bets $6
BigYelloFish: calls $6
*** RIVER *** [As 9s Ts 5d] [4d]
BigYelloFish: checks
simper11: checks
*** SHOW DOWN ***
BigYelloFish: shows [Th 3c] (a pair of Tens)
simper11: mucks hand
BigYelloFish collected $29.50 from pot
*** SUMMARY ***
Total pot $30 | Rake $0.50
Board [As 9s Ts 5d 4d]
Seat 1: BigYelloFish (big blind) showed [Th 3c] and won ($29.50) with a pair of Tens
Seat 2: simper11 (button) (small blind) mucked


PokerStars Hand #145702093460:  Hold'em Limit ($3/$6 USD) - 2015/12/21 15:01:25 ET
Table 'Salyut' 2-max Seat #1 is the button
Seat 1: BigYelloFish ($116.20 in chips)
Seat 2: simper11 ($126.50 in chips)
BigYelloFish: posts small blind $1
simper11: posts big blind $3
*** HOLE CARDS ***
BigYelloFish: calls $2
simper11: checks
*** FLOP *** [2c Qs Td]
simper11: checks
BigYelloFish: checks
*** TURN *** [2c Qs Td] [9c]
simper11: bets $6
BigYelloFish: folds
Uncalled bet ($6) returned to simper11
simper11 collected $5.88 from pot
simper11: doesn't show hand
*** SUMMARY ***
Total pot $6 | Rake $0.12
Board [2c Qs Td 9c]
Seat 1: BigYelloFish (button) (small blind) folded on the Turn
Seat 2: simper11 (big blind) collected ($5.88)


PokerStars Hand #145702129204:  Hold'em Limit ($3/$6 USD) - 2015/12/21 15:02:04 ET
Table 'Salyut' 2-max Seat #1 is the button
Seat 1: BigYelloFish ($92.20 in chips)
Seat 2: simper11 ($149.88 in chips)
BigYelloFish: posts small blind $1
simper11: posts big blind $3
*** HOLE CARDS ***
BigYelloFish: folds
Uncalled bet ($2) returned to simper11
simper11 collected $2 from pot
simper11: doesn't show hand
*** SUMMARY ***
Total pot $2 | Rake $0
Seat 1: BigYelloFish (button) (small blind) folded before Flop
Seat 2: simper11 (big blind) collected ($2)


PokerStars Hand #145702108496:  Hold'em Limit ($3/$6 USD) - 2015/12/21 15:01:42 ET
Table 'Salyut' 2-max Seat #2 is the button
Seat 1: BigYelloFish ($113.20 in chips)
Seat 2: simper11 ($129.38 in chips)
simper11: posts small blind $1
BigYelloFish: posts big blind $3
*** HOLE CARDS ***
simper11: raises $3 to $6
BigYelloFish: calls $3
*** FLOP *** [5c 4d 4h]
BigYelloFish: checks
simper11: bets $3
BigYelloFish: calls $3
*** TURN *** [5c 4d 4h] [5h]
BigYelloFish: checks
simper11: bets $6
BigYelloFish: calls $6
*** RIVER *** [5c 4d 4h 5h] [9c]
BigYelloFish: checks
simper11: bets $6
BigYelloFish: calls $6
*** SHOW DOWN ***
simper11: shows [5s Qd] (a full house, Fives full of Fours)
BigYelloFish: mucks hand
simper11 collected $41.50 from pot
*** SUMMARY ***
Total pot $42 | Rake $0.50
Board [5c 4d 4h 5h 9c]
Seat 1: BigYelloFish (big blind) mucked
Seat 2: simper11 (button) (small blind) showed [5s Qd] and won ($41.50) with a full house, Fives full of Fours


PokerStars Hand #145702135069:  Hold'em Limit ($3/$6 USD) - 2015/12/21 15:02:10 ET
Table 'Salyut' 2-max Seat #2 is the button
Seat 1: BigYelloFish ($91.20 in chips)
Seat 2: simper11 ($150.88 in chips)
simper11: posts small blind $1
BigYelloFish: posts big blind $3
*** HOLE CARDS ***
simper11: folds
Uncalled bet ($2) returned to BigYelloFish
BigYelloFish collected $2 from pot
BigYelloFish: doesn't show hand
*** SUMMARY ***
Total pot $2 | Rake $0
Seat 1: BigYelloFish (big blind) collected ($2)
Seat 2: simper11 (button) (small blind) folded before Flop


PokerStars Hand #145702158675:  Hold'em Limit ($3/$6 USD) - 2015/12/21 15:02:34 ET
Table 'Salyut' 2-max Seat #2 is the button
Seat 1: BigYelloFish ($80.20 in chips)
Seat 2: simper11 ($161.40 in chips)
simper11: posts small blind $1
BigYelloFish: posts big blind $3
*** HOLE CARDS ***
simper11: folds
Uncalled bet ($2) returned to BigYelloFish
BigYelloFish collected $2 from pot
BigYelloFish: doesn't show hand
*** SUMMARY ***
Total pot $2 | Rake $0
Seat 1: BigYelloFish (big blind) collected ($2)
Seat 2: simper11 (button) (small blind) folded before Flop


PokerStars Hand #145702139206:  Hold'em Limit ($3/$6 USD) - 2015/12/21 15:02:14 ET
Table 'Salyut' 2-max Seat #1 is the button
Seat 1: BigYelloFish ($92.20 in chips)
Seat 2: simper11 ($149.88 in chips)
BigYelloFish: posts small blind $1
simper11: posts big blind $3
*** HOLE CARDS ***
BigYelloFish: raises $3 to $6
simper11: calls $3
*** FLOP *** [5d Jh Ts]
simper11: checks
BigYelloFish: bets $3
simper11: raises $3 to $6
BigYelloFish: calls $3
*** TURN *** [5d Jh Ts] [6s]
simper11: bets $6
BigYelloFish: folds
Uncalled bet ($6) returned to simper11
simper11 collected $23.52 from pot
simper11: doesn't show hand
*** SUMMARY ***
Total pot $24 | Rake $0.48
Board [5d Jh Ts 6s]
Seat 1: BigYelloFish (button) (small blind) folded on the Turn
Seat 2: simper11 (big blind) collected ($23.52)


PokerStars Hand #145702162523:  Hold'em Limit ($3/$6 USD) - 2015/12/21 15:02:38 ET
Table 'Salyut' 2-max Seat #1 is the button
Seat 1: BigYelloFish ($81.20 in chips)
Seat 2: simper11 ($160.40 in chips)
BigYelloFish: posts small blind $1
simper11: posts big blind $3
*** HOLE CARDS ***
BigYelloFish: raises $3 to $6
simper11: calls $3
*** FLOP *** [Qd 2h 4d]
simper11: checks
BigYelloFish: bets $3
simper11: raises $3 to $6
BigYelloFish: calls $3
*** TURN *** [Qd 2h 4d] [Jd]
simper11: bets $6
BigYelloFish: raises $6 to $12
simper11: calls $6
*** RIVER *** [Qd 2h 4d Jd] [5d]
simper11: checks
BigYelloFish: checks
*** SHOW DOWN ***
simper11: shows [Qh 5h] (two pair, Queens and Fives)
BigYelloFish: mucks hand
simper11 collected $47.50 from pot
*** SUMMARY ***
Total pot $48 | Rake $0.50
Board [Qd 2h 4d Jd 5d]
Seat 1: BigYelloFish (button) (small blind) mucked
Seat 2: simper11 (big blind) showed [Qh 5h] and won ($47.50) with two pair, Queens and Fives


PokerStars Hand #145702177295:  Hold'em Limit ($3/$6 USD) - 2015/12/21 15:02:54 ET
Table 'Salyut' 2-max Seat #2 is the button
Seat 1: BigYelloFish ($57.20 in chips)
Seat 2: simper11 ($183.90 in chips)
simper11: posts small blind $1
BigYelloFish: posts big blind $3
*** HOLE CARDS ***
simper11: raises $3 to $6
BigYelloFish: calls $3
*** FLOP *** [Jd 4d 4s]
BigYelloFish: checks
simper11: bets $3
BigYelloFish: calls $3
*** TURN *** [Jd 4d 4s] [Tc]
BigYelloFish: checks
simper11: bets $6
BigYelloFish: calls $6
*** RIVER *** [Jd 4d 4s Tc] [3c]
BigYelloFish: checks
simper11: checks
*** SHOW DOWN ***
BigYelloFish: shows [Ac 3s] (two pair, Fours and Threes)
simper11: mucks hand
BigYelloFish collected $29.50 from pot
*** SUMMARY ***
Total pot $30 | Rake $0.50
Board [Jd 4d 4s Tc 3c]
Seat 1: BigYelloFish (big blind) showed [Ac 3s] and won ($29.50) with two pair, Fours and Threes
Seat 2: simper11 (button) (small blind) mucked


PokerStars Hand #145702193802:  Hold'em Limit ($3/$6 USD) - 2015/12/21 15:03:11 ET
Table 'Salyut' 2-max Seat #1 is the button
Seat 1: BigYelloFish ($71.70 in chips)
Seat 2: simper11 ($168.90 in chips)
BigYelloFish: posts small blind $1
simper11: posts big blind $3
*** HOLE CARDS ***
BigYelloFish: folds
Uncalled bet ($2) returned to simper11
simper11 collected $2 from pot
simper11: doesn't show hand
*** SUMMARY ***
Total pot $2 | Rake $0
Seat 1: BigYelloFish (button) (small blind) folded before Flop
Seat 2: simper11 (big blind) collected ($2)


PokerStars Hand #145702199024:  Hold'em Limit ($3/$6 USD) - 2015/12/21 15:03:17 ET
Table 'Salyut' 2-max Seat #2 is the button
Seat 1: BigYelloFish ($70.70 in chips)
Seat 2: simper11 ($169.90 in chips)
simper11: posts small blind $1
BigYelloFish: posts big blind $3
*** HOLE CARDS ***
simper11: raises $3 to $6
BigYelloFish: raises $3 to $9
simper11: calls $3
*** FLOP *** [3d 8s Td]
BigYelloFish: bets $3
simper11: calls $3
*** TURN *** [3d 8s Td] [3c]
BigYelloFish: bets $6
simper11: raises $6 to $12
BigYelloFish: calls $6
*** RIVER *** [3d 8s Td 3c] [2d]
BigYelloFish: checks
simper11: bets $6
BigYelloFish: calls $6
*** SHOW DOWN ***
simper11: shows [3h Ks] (three of a kind, Threes)
BigYelloFish: mucks hand
simper11 collected $59.50 from pot
*** SUMMARY ***
Total pot $60 | Rake $0.50
Board [3d 8s Td 3c 2d]
Seat 1: BigYelloFish (big blind) mucked
Seat 2: simper11 (button) (small blind) showed [3h Ks] and won ($59.50) with three of a kind, Threes


PokerStars Hand #145702215600:  Hold'em Limit ($3/$6 USD) - 2015/12/21 15:03:34 ET
Table 'Salyut' 2-max Seat #1 is the button
Seat 1: BigYelloFish ($40.70 in chips)
Seat 2: simper11 ($199.40 in chips)
BigYelloFish: posts small blind $1
simper11: posts big blind $3
*** HOLE CARDS ***
BigYelloFish: raises $3 to $6
simper11: calls $3
*** FLOP *** [9s 4d 4s]
simper11: checks
BigYelloFish: bets $3
simper11: calls $3
*** TURN *** [9s 4d 4s] [Kd]
simper11: checks
BigYelloFish: bets $6
simper11: calls $6
*** RIVER *** [9s 4d 4s Kd] [9h]
simper11: checks
BigYelloFish: bets $6
simper11: folds
Uncalled bet ($6) returned to BigYelloFish
BigYelloFish collected $29.50 from pot
BigYelloFish: doesn't show hand
*** SUMMARY ***
Total pot $30 | Rake $0.50
Board [9s 4d 4s Kd 9h]
Seat 1: BigYelloFish (button) (small blind) collected ($29.50)
Seat 2: simper11 (big blind) folded on the River


PokerStars Hand #145702234798:  Hold'em Limit ($3/$6 USD) - 2015/12/21 15:03:53 ET
Table 'Salyut' 2-max Seat #2 is the button
Seat 1: BigYelloFish ($55.20 in chips)
Seat 2: simper11 ($184.40 in chips)
simper11: posts small blind $1
BigYelloFish: posts big blind $3
*** HOLE CARDS ***
simper11: raises $3 to $6
BigYelloFish: raises $3 to $9
simper11: calls $3
*** FLOP *** [6s 4c 2d]
BigYelloFish: bets $3
simper11: raises $3 to $6
BigYelloFish: calls $3
*** TURN *** [6s 4c 2d] [Qd]
BigYelloFish: checks
simper11: bets $6
BigYelloFish: calls $6
*** RIVER *** [6s 4c 2d Qd] [Js]
BigYelloFish: checks
simper11: bets $6
BigYelloFish: calls $6
*** SHOW DOWN ***
simper11: shows [7h 6c] (a pair of Sixes)
BigYelloFish: mucks hand
simper11 collected $53.50 from pot
*** SUMMARY ***
Total pot $54 | Rake $0.50
Board [6s 4c 2d Qd Js]
Seat 1: BigYelloFish (big blind) mucked
Seat 2: simper11 (button) (small blind) showed [7h 6c] and won ($53.50) with a pair of Sixes


PokerStars Hand #145702252643:  Hold'em Limit ($3/$6 USD) - 2015/12/21 15:04:11 ET
Table 'Salyut' 2-max Seat #1 is the button
Seat 1: BigYelloFish ($28.20 in chips)
Seat 2: simper11 ($210.90 in chips)
BigYelloFish: posts small blind $1
simper11: posts big blind $3
*** HOLE CARDS ***
BigYelloFish: calls $2
simper11: checks
*** FLOP *** [9c Qd 2c]
simper11: checks
BigYelloFish: checks
*** TURN *** [9c Qd 2c] [3d]
simper11: bets $6
BigYelloFish: calls $6
*** RIVER *** [9c Qd 2c 3d] [Kc]
simper11: bets $6
BigYelloFish: folds
Uncalled bet ($6) returned to simper11
simper11 collected $17.64 from pot
simper11: doesn't show hand
*** SUMMARY ***
Total pot $18 | Rake $0.36
Board [9c Qd 2c 3d Kc]
Seat 1: BigYelloFish (button) (small blind) folded on the River
Seat 2: simper11 (big blind) collected ($17.64)


PokerStars Hand #145702270054:  Hold'em Limit ($3/$6 USD) - 2015/12/21 15:04:29 ET
Table 'Salyut' 2-max Seat #2 is the button
Seat 1: BigYelloFish ($19.20 in chips)
Seat 2: simper11 ($219.54 in chips)
simper11: posts small blind $1
BigYelloFish: posts big blind $3
*** HOLE CARDS ***
simper11: raises $3 to $6
BigYelloFish: calls $3
*** FLOP *** [Ad 7h Kc]
BigYelloFish: checks
simper11: bets $3
BigYelloFish: calls $3
*** TURN *** [Ad 7h Kc] [7c]
BigYelloFish: checks
simper11: bets $6
BigYelloFish: folds
Uncalled bet ($6) returned to simper11
simper11 collected $17.64 from pot
simper11: doesn't show hand
*** SUMMARY ***
Total pot $18 | Rake $0.36
Board [Ad 7h Kc 7c]
Seat 1: BigYelloFish (big blind) folded on the Turn
Seat 2: simper11 (button) (small blind) collected ($17.64)


PokerStars Hand #145702296235:  Hold'em Limit ($3/$6 USD) - 2015/12/21 15:04:55 ET
Table 'Salyut' 2-max Seat #1 is the button
Seat 1: BigYelloFish ($70.20 in chips)
Seat 2: simper11 ($228.18 in chips)
BigYelloFish: posts small blind $1
simper11: posts big blind $3
*** HOLE CARDS ***
BigYelloFish: raises $3 to $6
simper11: raises $3 to $9
BigYelloFish: raises $3 to $12
Betting is capped
simper11: calls $3
*** FLOP *** [Js Ad Jh]
simper11: checks
BigYelloFish: bets $3
simper11: calls $3
*** TURN *** [Js Ad Jh] [5c]
simper11: checks
BigYelloFish: checks
*** RIVER *** [Js Ad Jh 5c] [Ts]
simper11: bets $6
BigYelloFish: folds
Uncalled bet ($6) returned to simper11
simper11 collected $29.50 from pot
simper11: doesn't show hand
*** SUMMARY ***
Total pot $30 | Rake $0.50
Board [Js Ad Jh 5c Ts]
Seat 1: BigYelloFish (button) (small blind) folded on the River
Seat 2: simper11 (big blind) collected ($29.50)


PokerStars Hand #145702327893:  Hold'em Limit ($3/$6 USD) - 2015/12/21 15:05:27 ET
Table 'Salyut' 2-max Seat #2 is the button
Seat 1: BigYelloFish ($55.20 in chips)
Seat 2: simper11 ($242.68 in chips)
simper11: posts small blind $1
BigYelloFish: posts big blind $3
*** HOLE CARDS ***
simper11: raises $3 to $6
BigYelloFish: raises $3 to $9
simper11: calls $3
*** FLOP *** [8d Tc 4s]
BigYelloFish: bets $3
simper11: folds
Uncalled bet ($3) returned to BigYelloFish
BigYelloFish collected $17.64 from pot
BigYelloFish: doesn't show hand
*** SUMMARY ***
Total pot $18 | Rake $0.36
Board [8d Tc 4s]
Seat 1: BigYelloFish (big blind) collected ($17.64)
Seat 2: simper11 (button) (small blind) folded on the Flop


PokerStars Hand #145702340517:  Hold'em Limit ($3/$6 USD) - 2015/12/21 15:05:40 ET
Table 'Salyut' 2-max Seat #1 is the button
Seat 1: BigYelloFish ($63.84 in chips)
Seat 2: simper11 ($233.68 in chips)
BigYelloFish: posts small blind $1
simper11: posts big blind $3
*** HOLE CARDS ***
BigYelloFish: raises $3 to $6
simper11: calls $3
*** FLOP *** [6c Qs 3s]
simper11: checks
BigYelloFish: bets $3
simper11: calls $3
*** TURN *** [6c Qs 3s] [Jh]
simper11: checks
BigYelloFish: bets $6
simper11: calls $6
*** RIVER *** [6c Qs 3s Jh] [5d]
simper11: checks
BigYelloFish: bets $6
simper11: calls $6
*** SHOW DOWN ***
BigYelloFish: shows [Ts Jd] (a pair of Jacks)
simper11: mucks hand
BigYelloFish collected $41.50 from pot
*** SUMMARY ***
Total pot $42 | Rake $0.50
Board [6c Qs 3s Jh 5d]
Seat 1: BigYelloFish (button) (small blind) showed [Ts Jd] and won ($41.50) with a pair of Jacks
Seat 2: simper11 (big blind) mucked


PokerStars Hand #145702375587:  Hold'em Limit ($3/$6 USD) - 2015/12/21 15:06:15 ET
Table 'Salyut' 2-max Seat #1 is the button
Seat 1: BigYelloFish ($101.84 in chips)
Seat 2: simper11 ($194.68 in chips)
BigYelloFish: posts small blind $1
simper11: posts big blind $3
*** HOLE CARDS ***
BigYelloFish: raises $3 to $6
simper11: calls $3
*** FLOP *** [3s Ks 2d]
simper11: checks
BigYelloFish: bets $3
simper11: folds
Uncalled bet ($3) returned to BigYelloFish
BigYelloFish collected $11.76 from pot
BigYelloFish: doesn't show hand
*** SUMMARY ***
Total pot $12 | Rake $0.24
Board [3s Ks 2d]
Seat 1: BigYelloFish (button) (small blind) collected ($11.76)
Seat 2: simper11 (big blind) folded on the Flop


PokerStars Hand #145702387267:  Hold'em Limit ($3/$6 USD) - 2015/12/21 15:06:26 ET
Table 'Salyut' 2-max Seat #2 is the button
Seat 1: BigYelloFish ($107.60 in chips)
Seat 2: simper11 ($188.68 in chips)
simper11: posts small blind $1
BigYelloFish: posts big blind $3
*** HOLE CARDS ***
simper11: raises $3 to $6
BigYelloFish: raises $3 to $9
simper11: calls $3
*** FLOP *** [Ks Qs 2c]
BigYelloFish: bets $3
simper11: calls $3
*** TURN *** [Ks Qs 2c] [Ad]
BigYelloFish: bets $6
simper11: folds
Uncalled bet ($6) returned to BigYelloFish
BigYelloFish collected $23.52 from pot
BigYelloFish: doesn't show hand
*** SUMMARY ***
Total pot $24 | Rake $0.48
Board [Ks Qs 2c Ad]
Seat 1: BigYelloFish (big blind) collected ($23.52)
Seat 2: simper11 (button) (small blind) folded on the Turn


PokerStars Hand #145702357601:  Hold'em Limit ($3/$6 USD) - 2015/12/21 15:05:57 ET
Table 'Salyut' 2-max Seat #2 is the button
Seat 1: BigYelloFish ($84.34 in chips)
Seat 2: simper11 ($212.68 in chips)
simper11: posts small blind $1
BigYelloFish: posts big blind $3
*** HOLE CARDS ***
simper11: raises $3 to $6
BigYelloFish: raises $3 to $9
simper11: calls $3
*** FLOP *** [3h Qh 5d]
BigYelloFish: bets $3
simper11: calls $3
*** TURN *** [3h Qh 5d] [Ad]
BigYelloFish: bets $6
simper11: calls $6
*** RIVER *** [3h Qh 5d Ad] [2c]
BigYelloFish: bets $6
simper11: folds
Uncalled bet ($6) returned to BigYelloFish
BigYelloFish collected $35.50 from pot
BigYelloFish: doesn't show hand
*** SUMMARY ***
Total pot $36 | Rake $0.50
Board [3h Qh 5d Ad 2c]
Seat 1: BigYelloFish (big blind) collected ($35.50)
Seat 2: simper11 (button) (small blind) folded on the River


PokerStars Hand #145702435710:  Hold'em Limit ($3/$6 USD) - 2015/12/21 15:07:16 ET
Table 'Salyut' 2-max Seat #1 is the button
Seat 1: BigYelloFish ($104.12 in chips)
Seat 2: simper11 ($191.08 in chips)
BigYelloFish: posts small blind $1
simper11: posts big blind $3
*** HOLE CARDS ***
BigYelloFish: raises $3 to $6
simper11: raises $3 to $9
BigYelloFish: calls $3
*** FLOP *** [7s 9h 8h]
simper11: bets $3
BigYelloFish: calls $3
*** TURN *** [7s 9h 8h] [Js]
simper11: bets $6
BigYelloFish: calls $6
*** RIVER *** [7s 9h 8h Js] [4h]
simper11: checks
BigYelloFish: checks
*** SHOW DOWN ***
simper11: shows [Qc As] (high card Ace)
BigYelloFish: shows [5c 5d] (a pair of Fives)
BigYelloFish collected $35.50 from pot
*** SUMMARY ***
Total pot $36 | Rake $0.50
Board [7s 9h 8h Js 4h]
Seat 1: BigYelloFish (button) (small blind) showed [5c 5d] and won ($35.50) with a pair of Fives
Seat 2: simper11 (big blind) showed [Qc As] and lost with high card Ace


PokerStars Hand #145702456899:  Hold'em Limit ($3/$6 USD) - 2015/12/21 15:07:37 ET
Table 'Salyut' 2-max Seat #2 is the button
Seat 1: BigYelloFish ($121.62 in chips)
Seat 2: simper11 ($173.08 in chips)
simper11: posts small blind $1
BigYelloFish: posts big blind $3
*** HOLE CARDS ***
simper11: raises $3 to $6
BigYelloFish: raises $3 to $9
simper11: calls $3
*** FLOP *** [9h Jh 7h]
BigYelloFish: bets $3
simper11: calls $3
*** TURN *** [9h Jh 7h] [Ts]
BigYelloFish: bets $6
simper11: raises $6 to $12
BigYelloFish: folds
Uncalled bet ($6) returned to simper11
simper11 collected $35.50 from pot
simper11: doesn't show hand
*** SUMMARY ***
Total pot $36 | Rake $0.50
Board [9h Jh 7h Ts]
Seat 1: BigYelloFish (big blind) folded on the Turn
Seat 2: simper11 (button) (small blind) collected ($35.50)


PokerStars Hand #145702404313:  Hold'em Limit ($3/$6 USD) - 2015/12/21 15:06:44 ET
Table 'Salyut' 2-max Seat #1 is the button
Seat 1: BigYelloFish ($119.12 in chips)
Seat 2: simper11 ($176.68 in chips)
BigYelloFish: posts small blind $1
simper11: posts big blind $3
*** HOLE CARDS ***
BigYelloFish: raises $3 to $6
simper11: calls $3
*** FLOP *** [3s 8d 7h]
simper11: checks
BigYelloFish: bets $3
simper11: calls $3
*** TURN *** [3s 8d 7h] [9h]
simper11: checks
BigYelloFish: checks
*** RIVER *** [3s 8d 7h 9h] [9c]
simper11: bets $6
BigYelloFish: folds
Uncalled bet ($6) returned to simper11
simper11 collected $17.64 from pot
simper11: doesn't show hand
*** SUMMARY ***
Total pot $18 | Rake $0.36
Board [3s 8d 7h 9h 9c]
Seat 1: BigYelloFish (button) (small blind) folded on the River
Seat 2: simper11 (big blind) collected ($17.64)


PokerStars Hand #145702421420:  Hold'em Limit ($3/$6 USD) - 2015/12/21 15:07:01 ET
Table 'Salyut' 2-max Seat #2 is the button
Seat 1: BigYelloFish ($110.12 in chips)
Seat 2: simper11 ($185.32 in chips)
simper11: posts small blind $1
BigYelloFish: posts big blind $3
*** HOLE CARDS ***
simper11: raises $3 to $6
BigYelloFish: calls $3
*** FLOP *** [4d Qc 9d]
BigYelloFish: checks
simper11: bets $3
BigYelloFish: folds
Uncalled bet ($3) returned to simper11
simper11 collected $11.76 from pot
simper11: doesn't show hand
*** SUMMARY ***
Total pot $12 | Rake $0.24
Board [4d Qc 9d]
Seat 1: BigYelloFish (big blind) folded on the Flop
Seat 2: simper11 (button) (small blind) collected ($11.76)


PokerStars Hand #145702499060:  Hold'em Limit ($3/$6 USD) - 2015/12/21 15:08:20 ET
Table 'Salyut' 2-max Seat #1 is the button
Seat 1: BigYelloFish ($103.26 in chips)
Seat 2: simper11 ($190.22 in chips)
BigYelloFish: posts small blind $1
simper11: posts big blind $3
*** HOLE CARDS ***
BigYelloFish: raises $3 to $6
simper11: calls $3
*** FLOP *** [7h Kh 7d]
simper11: checks
BigYelloFish: checks
*** TURN *** [7h Kh 7d] [8c]
simper11: checks
BigYelloFish: bets $6
simper11: folds
Uncalled bet ($6) returned to BigYelloFish
BigYelloFish collected $11.76 from pot
BigYelloFish: doesn't show hand
*** SUMMARY ***
Total pot $12 | Rake $0.24
Board [7h Kh 7d 8c]
Seat 1: BigYelloFish (button) (small blind) collected ($11.76)
Seat 2: simper11 (big blind) folded on the Turn


PokerStars Hand #145702515471:  Hold'em Limit ($3/$6 USD) - 2015/12/21 15:08:37 ET
Table 'Salyut' 2-max Seat #2 is the button
Seat 1: BigYelloFish ($109.02 in chips)
Seat 2: simper11 ($184.22 in chips)
simper11: posts small blind $1
BigYelloFish: posts big blind $3
*** HOLE CARDS ***
simper11: raises $3 to $6
BigYelloFish: calls $3
*** FLOP *** [6s 2d 5d]
BigYelloFish: checks
simper11: bets $3
BigYelloFish: calls $3
*** TURN *** [6s 2d 5d] [3c]
BigYelloFish: checks
simper11: bets $6
BigYelloFish: raises $6 to $12
simper11: calls $6
*** RIVER *** [6s 2d 5d 3c] [Th]
BigYelloFish: bets $6
simper11: calls $6
*** SHOW DOWN ***
BigYelloFish: shows [4c Jc] (a straight, Deuce to Six)
simper11: mucks hand
BigYelloFish collected $53.50 from pot
*** SUMMARY ***
Total pot $54 | Rake $0.50
Board [6s 2d 5d 3c Th]
Seat 1: BigYelloFish (big blind) showed [4c Jc] and won ($53.50) with a straight, Deuce to Six
Seat 2: simper11 (button) (small blind) mucked


PokerStars Hand #145702528044:  Hold'em Limit ($3/$6 USD) - 2015/12/21 15:08:50 ET
Table 'Salyut' 2-max Seat #1 is the button
Seat 1: BigYelloFish ($135.52 in chips)
Seat 2: simper11 ($157.22 in chips)
BigYelloFish: posts small blind $1
simper11: posts big blind $3
*** HOLE CARDS ***
BigYelloFish: folds
Uncalled bet ($2) returned to simper11
simper11 collected $2 from pot
simper11: doesn't show hand
*** SUMMARY ***
Total pot $2 | Rake $0
Seat 1: BigYelloFish (button) (small blind) folded before Flop
Seat 2: simper11 (big blind) collected ($2)


PokerStars Hand #145702472731:  Hold'em Limit ($3/$6 USD) - 2015/12/21 15:07:53 ET
Table 'Salyut' 2-max Seat #1 is the button
Seat 1: BigYelloFish ($103.62 in chips)
Seat 2: simper11 ($190.58 in chips)
BigYelloFish: posts small blind $1
simper11: posts big blind $3
*** HOLE CARDS ***
BigYelloFish: raises $3 to $6
simper11: calls $3
*** FLOP *** [6c As 6d]
simper11: checks
BigYelloFish: bets $3
simper11: raises $3 to $6
BigYelloFish: folds
Uncalled bet ($3) returned to simper11
simper11 collected $17.64 from pot
simper11: doesn't show hand
*** SUMMARY ***
Total pot $18 | Rake $0.36
Board [6c As 6d]
Seat 1: BigYelloFish (button) (small blind) folded on the Flop
Seat 2: simper11 (big blind) collected ($17.64)


PokerStars Hand #145702482233:  Hold'em Limit ($3/$6 USD) - 2015/12/21 15:08:03 ET
Table 'Salyut' 2-max Seat #2 is the button
Seat 1: BigYelloFish ($94.62 in chips)
Seat 2: simper11 ($199.22 in chips)
simper11: posts small blind $1
BigYelloFish: posts big blind $3
*** HOLE CARDS ***
simper11: raises $3 to $6
BigYelloFish: raises $3 to $9
simper11: calls $3
*** FLOP *** [Ts Ah 4d]
BigYelloFish: bets $3
simper11: folds
Uncalled bet ($3) returned to BigYelloFish
BigYelloFish collected $17.64 from pot
BigYelloFish: doesn't show hand
*** SUMMARY ***
Total pot $18 | Rake $0.36
Board [Ts Ah 4d]
Seat 1: BigYelloFish (big blind) collected ($17.64)
Seat 2: simper11 (button) (small blind) folded on the Flop


PokerStars Hand #145702547051:  Hold'em Limit ($3/$6 USD) - 2015/12/21 15:09:09 ET
Table 'Salyut' 2-max Seat #1 is the button
Seat 1: BigYelloFish ($143.16 in chips)
Seat 2: simper11 ($149.22 in chips)
BigYelloFish: posts small blind $1
simper11: posts big blind $3
*** HOLE CARDS ***
BigYelloFish: raises $3 to $6
simper11: calls $3
*** FLOP *** [9d 5d Js]
simper11: checks
BigYelloFish: checks
*** TURN *** [9d 5d Js] [5s]
simper11: checks
BigYelloFish: checks
*** RIVER *** [9d 5d Js 5s] [6s]
simper11: checks
BigYelloFish: bets $6
simper11: calls $6
*** SHOW DOWN ***
BigYelloFish: shows [Ad 6c] (two pair, Sixes and Fives)
simper11: mucks hand
BigYelloFish collected $23.52 from pot
*** SUMMARY ***
Total pot $24 | Rake $0.48
Board [9d 5d Js 5s 6s]
Seat 1: BigYelloFish (button) (small blind) showed [Ad 6c] and won ($23.52) with two pair, Sixes and Fives
Seat 2: simper11 (big blind) mucked


PokerStars Hand #145702533782:  Hold'em Limit ($3/$6 USD) - 2015/12/21 15:08:56 ET
Table 'Salyut' 2-max Seat #2 is the button
Seat 1: BigYelloFish ($134.52 in chips)
Seat 2: simper11 ($158.22 in chips)
simper11: posts small blind $1
BigYelloFish: posts big blind $3
*** HOLE CARDS ***
simper11: raises $3 to $6
BigYelloFish: raises $3 to $9
simper11: calls $3
*** FLOP *** [Kh 7h As]
BigYelloFish: bets $3
simper11: folds
Uncalled bet ($3) returned to BigYelloFish
BigYelloFish collected $17.64 from pot
BigYelloFish: doesn't show hand
*** SUMMARY ***
Total pot $18 | Rake $0.36
Board [Kh 7h As]
Seat 1: BigYelloFish (big blind) collected ($17.64)
Seat 2: simper11 (button) (small blind) folded on the Flop


PokerStars Hand #145702563929:  Hold'em Limit ($3/$6 USD) - 2015/12/21 15:09:26 ET
Table 'Salyut' 2-max Seat #2 is the button
Seat 1: BigYelloFish ($154.68 in chips)
Seat 2: simper11 ($137.22 in chips)
simper11: posts small blind $1
BigYelloFish: posts big blind $3
*** HOLE CARDS ***
simper11: raises $3 to $6
BigYelloFish: raises $3 to $9
simper11: calls $3
*** FLOP *** [Jh Qd As]
BigYelloFish: bets $3
simper11: calls $3
*** TURN *** [Jh Qd As] [Js]
BigYelloFish: checks
simper11: checks
*** RIVER *** [Jh Qd As Js] [8c]
BigYelloFish: bets $6
simper11: calls $6
*** SHOW DOWN ***
BigYelloFish: shows [6s 2s] (a pair of Jacks)
simper11: shows [5h Kh] (a pair of Jacks - Ace+King kicker)
simper11 collected $35.50 from pot
*** SUMMARY ***
Total pot $36 | Rake $0.50
Board [Jh Qd As Js 8c]
Seat 1: BigYelloFish (big blind) showed [6s 2s] and lost with a pair of Jacks
Seat 2: simper11 (button) (small blind) showed [5h Kh] and won ($35.50) with a pair of Jacks


PokerStars Hand #145702598873:  Hold'em Limit ($3/$6 USD) - 2015/12/21 15:10:02 ET
Table 'Salyut' 2-max Seat #2 is the button
Seat 1: BigYelloFish ($142.44 in chips)
Seat 2: simper11 ($148.72 in chips)
simper11: posts small blind $1
BigYelloFish: posts big blind $3
*** HOLE CARDS ***
simper11: folds
Uncalled bet ($2) returned to BigYelloFish
BigYelloFish collected $2 from pot
BigYelloFish: doesn't show hand
*** SUMMARY ***
Total pot $2 | Rake $0
Seat 1: BigYelloFish (big blind) collected ($2)
Seat 2: simper11 (button) (small blind) folded before Flop


PokerStars Hand #145702638104:  Hold'em Limit ($3/$6 USD) - 2015/12/21 15:10:42 ET
Table 'Salyut' 2-max Seat #1 is the button
Seat 1: BigYelloFish ($160.94 in chips)
Seat 2: simper11 ($129.48 in chips)
BigYelloFish: posts small blind $1
simper11: posts big blind $3
*** HOLE CARDS ***
BigYelloFish: raises $3 to $6
simper11: raises $3 to $9
BigYelloFish: calls $3
*** FLOP *** [9h Qh 3h]
simper11: bets $3
BigYelloFish: calls $3
*** TURN *** [9h Qh 3h] [2h]
simper11: bets $6
BigYelloFish: calls $6
*** RIVER *** [9h Qh 3h 2h] [Ah]
simper11: bets $6
BigYelloFish: calls $6
*** SHOW DOWN ***
simper11: shows [As Kc] (a flush, Ace high)
BigYelloFish: shows [9s Jd] (a flush, Ace high)
simper11 collected $23.75 from pot
BigYelloFish collected $23.75 from pot
*** SUMMARY ***
Total pot $48 | Rake $0.50
Board [9h Qh 3h 2h Ah]
Seat 1: BigYelloFish (button) (small blind) showed [9s Jd] and won ($23.75) with a flush, Ace high
Seat 2: simper11 (big blind) showed [As Kc] and won ($23.75) with a flush, Ace high


PokerStars Hand #145702588746:  Hold'em Limit ($3/$6 USD) - 2015/12/21 15:09:51 ET
Table 'Salyut' 2-max Seat #1 is the button
Seat 1: BigYelloFish ($136.68 in chips)
Seat 2: simper11 ($154.72 in chips)
BigYelloFish: posts small blind $1
simper11: posts big blind $3
*** HOLE CARDS ***
BigYelloFish: raises $3 to $6
simper11: calls $3
*** FLOP *** [2d Th 2h]
simper11: checks
BigYelloFish: bets $3
simper11: folds
Uncalled bet ($3) returned to BigYelloFish
BigYelloFish collected $11.76 from pot
BigYelloFish: doesn't show hand
*** SUMMARY ***
Total pot $12 | Rake $0.24
Board [2d Th 2h]
Seat 1: BigYelloFish (button) (small blind) collected ($11.76)
Seat 2: simper11 (big blind) folded on the Flop


PokerStars Hand #145702603250:  Hold'em Limit ($3/$6 USD) - 2015/12/21 15:10:06 ET
Table 'Salyut' 2-max Seat #1 is the button
Seat 1: BigYelloFish ($143.44 in chips)
Seat 2: simper11 ($147.72 in chips)
BigYelloFish: posts small blind $1
simper11: posts big blind $3
*** HOLE CARDS ***
BigYelloFish: raises $3 to $6
simper11: calls $3
*** FLOP *** [2s Qs 7d]
simper11: checks
BigYelloFish: checks
*** TURN *** [2s Qs 7d] [8s]
simper11: checks
BigYelloFish: checks
*** RIVER *** [2s Qs 7d 8s] [Th]
simper11: checks
BigYelloFish: checks
*** SHOW DOWN ***
simper11: shows [Ad 4s] (high card Ace)
BigYelloFish: mucks hand
simper11 collected $11.76 from pot
*** SUMMARY ***
Total pot $12 | Rake $0.24
Board [2s Qs 7d 8s Th]
Seat 1: BigYelloFish (button) (small blind) mucked
Seat 2: simper11 (big blind) showed [Ad 4s] and won ($11.76) with high card Ace


PokerStars Hand #145702617683:  Hold'em Limit ($3/$6 USD) - 2015/12/21 15:10:21 ET
Table 'Salyut' 2-max Seat #2 is the button
Seat 1: BigYelloFish ($137.44 in chips)
Seat 2: simper11 ($153.48 in chips)
simper11: posts small blind $1
BigYelloFish: posts big blind $3
*** HOLE CARDS ***
simper11: raises $3 to $6
BigYelloFish: raises $3 to $9
simper11: calls $3
*** FLOP *** [Ah 8d 6d]
BigYelloFish: bets $3
simper11: calls $3
*** TURN *** [Ah 8d 6d] [7s]
BigYelloFish: bets $6
simper11: calls $6
*** RIVER *** [Ah 8d 6d 7s] [8h]
BigYelloFish: bets $6
simper11: calls $6
*** SHOW DOWN ***
BigYelloFish: shows [2s Ac] (two pair, Aces and Eights)
simper11: mucks hand
BigYelloFish collected $47.50 from pot
*** SUMMARY ***
Total pot $48 | Rake $0.50
Board [Ah 8d 6d 7s 8h]
Seat 1: BigYelloFish (big blind) showed [2s Ac] and won ($47.50) with two pair, Aces and Eights
Seat 2: simper11 (button) (small blind) mucked


PokerStars Hand #145702652083:  Hold'em Limit ($3/$6 USD) - 2015/12/21 15:10:56 ET
Table 'Salyut' 2-max Seat #2 is the button
Seat 1: BigYelloFish ($160.69 in chips)
Seat 2: simper11 ($129.23 in chips)
simper11: posts small blind $1
BigYelloFish: posts big blind $3
*** HOLE CARDS ***
simper11: raises $3 to $6
BigYelloFish: folds
Uncalled bet ($3) returned to simper11
simper11 collected $6 from pot
simper11: doesn't show hand
*** SUMMARY ***
Total pot $6 | Rake $0
Seat 1: BigYelloFish (big blind) folded before Flop
Seat 2: simper11 (button) (small blind) collected ($6)


PokerStars Hand #145702684540:  Hold'em Limit ($3/$6 USD) - 2015/12/21 15:11:29 ET
Table 'Salyut' 2-max Seat #1 is the button
Seat 1: BigYelloFish ($121.69 in chips)
Seat 2: simper11 ($167.25 in chips)
BigYelloFish: posts small blind $1
simper11: posts big blind $3
*** HOLE CARDS ***
BigYelloFish: raises $3 to $6
simper11: calls $3
*** FLOP *** [4s 8d As]
simper11: checks
BigYelloFish: bets $3
simper11: folds
Uncalled bet ($3) returned to BigYelloFish
BigYelloFish collected $11.76 from pot
BigYelloFish: doesn't show hand
*** SUMMARY ***
Total pot $12 | Rake $0.24
Board [4s 8d As]
Seat 1: BigYelloFish (button) (small blind) collected ($11.76)
Seat 2: simper11 (big blind) folded on the Flop


PokerStars Hand #145702705383:  Hold'em Limit ($3/$6 USD) - 2015/12/21 15:11:50 ET
Table 'Salyut' 2-max Seat #1 is the button
Seat 1: BigYelloFish ($121.45 in chips)
Seat 2: simper11 ($167.01 in chips)
BigYelloFish: posts small blind $1
simper11: posts big blind $3
*** HOLE CARDS ***
BigYelloFish: raises $3 to $6
simper11: calls $3
*** FLOP *** [As 9h 8c]
simper11: checks
BigYelloFish: bets $3
simper11: folds
Uncalled bet ($3) returned to BigYelloFish
BigYelloFish collected $11.76 from pot
BigYelloFish: doesn't show hand
*** SUMMARY ***
Total pot $12 | Rake $0.24
Board [As 9h 8c]
Seat 1: BigYelloFish (button) (small blind) collected ($11.76)
Seat 2: simper11 (big blind) folded on the Flop


PokerStars Hand #145702695914:  Hold'em Limit ($3/$6 USD) - 2015/12/21 15:11:41 ET
Table 'Salyut' 2-max Seat #2 is the button
Seat 1: BigYelloFish ($127.45 in chips)
Seat 2: simper11 ($161.25 in chips)
simper11: posts small blind $1
BigYelloFish: posts big blind $3
*** HOLE CARDS ***
simper11: raises $3 to $6
BigYelloFish: calls $3
*** FLOP *** [2d 5s Jc]
BigYelloFish: checks
simper11: bets $3
BigYelloFish: folds
Uncalled bet ($3) returned to simper11
simper11 collected $11.76 from pot
simper11: doesn't show hand
*** SUMMARY ***
Total pot $12 | Rake $0.24
Board [2d 5s Jc]
Seat 1: BigYelloFish (big blind) folded on the Flop
Seat 2: simper11 (button) (small blind) collected ($11.76)


PokerStars Hand #145702656951:  Hold'em Limit ($3/$6 USD) - 2015/12/21 15:11:01 ET
Table 'Salyut' 2-max Seat #1 is the button
Seat 1: BigYelloFish ($157.69 in chips)
Seat 2: simper11 ($132.23 in chips)
BigYelloFish: posts small blind $1
simper11: posts big blind $3
*** HOLE CARDS ***
BigYelloFish: raises $3 to $6
simper11: raises $3 to $9
BigYelloFish: calls $3
*** FLOP *** [Ad 3d 8s]
simper11: bets $3
BigYelloFish: calls $3
*** TURN *** [Ad 3d 8s] [2c]
simper11: bets $6
BigYelloFish: calls $6
*** RIVER *** [Ad 3d 8s 2c] [6c]
simper11: bets $6
BigYelloFish: calls $6
*** SHOW DOWN ***
simper11: shows [Td Ts] (a pair of Tens)
BigYelloFish: mucks hand
simper11 collected $47.50 from pot
*** SUMMARY ***
Total pot $48 | Rake $0.50
Board [Ad 3d 8s 2c 6c]
Seat 1: BigYelloFish (button) (small blind) mucked
Seat 2: simper11 (big blind) showed [Td Ts] and won ($47.50) with a pair of Tens


PokerStars Hand #145702669593:  Hold'em Limit ($3/$6 USD) - 2015/12/21 15:11:14 ET
Table 'Salyut' 2-max Seat #2 is the button
Seat 1: BigYelloFish ($133.69 in chips)
Seat 2: simper11 ($155.73 in chips)
simper11: posts small blind $1
BigYelloFish: posts big blind $3
*** HOLE CARDS ***
simper11: raises $3 to $6
BigYelloFish: raises $3 to $9
simper11: calls $3
*** FLOP *** [2s Kd 5h]
BigYelloFish: bets $3
simper11: raises $3 to $6
BigYelloFish: folds
Uncalled bet ($3) returned to simper11
simper11 collected $23.52 from pot
simper11: doesn't show hand
*** SUMMARY ***
Total pot $24 | Rake $0.48
Board [2s Kd 5h]
Seat 1: BigYelloFish (big blind) folded on the Flop
Seat 2: simper11 (button) (small blind) collected ($23.52)


PokerStars Hand #145702716123:  Hold'em Limit ($3/$6 USD) - 2015/12/21 15:12:01 ET
Table 'Salyut' 2-max Seat #2 is the button
Seat 1: BigYelloFish ($127.21 in chips)
Seat 2: simper11 ($161.01 in chips)
simper11: posts small blind $1
BigYelloFish: posts big blind $3
*** HOLE CARDS ***
simper11: raises $3 to $6
BigYelloFish: calls $3
*** FLOP *** [9d Qc 6h]
BigYelloFish: checks
simper11: bets $3
BigYelloFish: folds
Uncalled bet ($3) returned to simper11
simper11 collected $11.76 from pot
simper11: doesn't show hand
*** SUMMARY ***
Total pot $12 | Rake $0.24
Board [9d Qc 6h]
Seat 1: BigYelloFish (big blind) folded on the Flop
Seat 2: simper11 (button) (small blind) collected ($11.76)


PokerStars Hand #145702735548:  Hold'em Limit ($3/$6 USD) - 2015/12/21 15:12:21 ET
Table 'Salyut' 2-max Seat #2 is the button
Seat 1: BigYelloFish ($124.21 in chips)
Seat 2: simper11 ($163.77 in chips)
simper11: posts small blind $1
BigYelloFish: posts big blind $3
*** HOLE CARDS ***
simper11: folds
Uncalled bet ($2) returned to BigYelloFish
BigYelloFish collected $2 from pot
BigYelloFish: doesn't show hand
*** SUMMARY ***
Total pot $2 | Rake $0
Seat 1: BigYelloFish (big blind) collected ($2)
Seat 2: simper11 (button) (small blind) folded before Flop


PokerStars Hand #145702739982:  Hold'em Limit ($3/$6 USD) - 2015/12/21 15:12:26 ET
Table 'Salyut' 2-max Seat #1 is the button
Seat 1: BigYelloFish ($125.21 in chips)
Seat 2: simper11 ($162.77 in chips)
BigYelloFish: posts small blind $1
simper11: posts big blind $3
*** HOLE CARDS ***
BigYelloFish: raises $3 to $6
simper11: calls $3
*** FLOP *** [7h 2h 7d]
simper11: checks
BigYelloFish: bets $3
simper11: calls $3
*** TURN *** [7h 2h 7d] [8h]
simper11: checks
BigYelloFish: checks
*** RIVER *** [7h 2h 7d 8h] [8c]
simper11: checks
BigYelloFish: checks
*** SHOW DOWN ***
simper11: shows [4h Qc] (two pair, Eights and Sevens)
BigYelloFish: mucks hand
simper11 collected $17.64 from pot
*** SUMMARY ***
Total pot $18 | Rake $0.36
Board [7h 2h 7d 8h 8c]
Seat 1: BigYelloFish (button) (small blind) mucked
Seat 2: simper11 (big blind) showed [4h Qc] and won ($17.64) with two pair, Eights and Sevens


PokerStars Hand #145702724625:  Hold'em Limit ($3/$6 USD) - 2015/12/21 15:12:10 ET
Table 'Salyut' 2-max Seat #1 is the button
Seat 1: BigYelloFish ($121.21 in chips)
Seat 2: simper11 ($166.77 in chips)
BigYelloFish: posts small blind $1
simper11: posts big blind $3
*** HOLE CARDS ***
BigYelloFish: raises $3 to $6
simper11: folds
Uncalled bet ($3) returned to BigYelloFish
BigYelloFish collected $6 from pot
BigYelloFish: doesn't show hand
*** SUMMARY ***
Total pot $6 | Rake $0
Seat 1: BigYelloFish (button) (small blind) collected ($6)
Seat 2: simper11 (big blind) folded before Flop


PokerStars Hand #145702765433:  Hold'em Limit ($3/$6 USD) - 2015/12/21 15:12:52 ET
Table 'Salyut' 2-max Seat #2 is the button
Seat 1: BigYelloFish ($116.21 in chips)
Seat 2: simper11 ($171.41 in chips)
simper11: posts small blind $1
BigYelloFish: posts big blind $3
*** HOLE CARDS ***
simper11: raises $3 to $6
BigYelloFish: folds
Uncalled bet ($3) returned to simper11
simper11 collected $6 from pot
simper11: doesn't show hand
*** SUMMARY ***
Total pot $6 | Rake $0
Seat 1: BigYelloFish (big blind) folded before Flop
Seat 2: simper11 (button) (small blind) collected ($6)


PokerStars Hand #145702807178:  Hold'em Limit ($3/$6 USD) - 2015/12/21 15:13:35 ET
Table 'Salyut' 2-max Seat #1 is the button
Seat 1: BigYelloFish ($100.97 in chips)
Seat 2: simper11 ($185.91 in chips)
BigYelloFish: posts small blind $1
simper11: posts big blind $3
*** HOLE CARDS ***
BigYelloFish: raises $3 to $6
simper11: calls $3
*** FLOP *** [Th Kd 5s]
simper11: checks
BigYelloFish: bets $3
simper11: calls $3
*** TURN *** [Th Kd 5s] [As]
simper11: checks
BigYelloFish: checks
*** RIVER *** [Th Kd 5s As] [9s]
simper11: checks
BigYelloFish: bets $6
simper11: folds
Uncalled bet ($6) returned to BigYelloFish
BigYelloFish collected $17.64 from pot
BigYelloFish: doesn't show hand
*** SUMMARY ***
Total pot $18 | Rake $0.36
Board [Th Kd 5s As 9s]
Seat 1: BigYelloFish (button) (small blind) collected ($17.64)
Seat 2: simper11 (big blind) folded on the River


PokerStars Hand #145702792317:  Hold'em Limit ($3/$6 USD) - 2015/12/21 15:13:20 ET
Table 'Salyut' 2-max Seat #2 is the button
Seat 1: BigYelloFish ($118.97 in chips)
Seat 2: simper11 ($168.41 in chips)
simper11: posts small blind $1
BigYelloFish: posts big blind $3
*** HOLE CARDS ***
simper11: raises $3 to $6
BigYelloFish: raises $3 to $9
simper11: calls $3
*** FLOP *** [Jh Jd Ac]
BigYelloFish: bets $3
simper11: calls $3
*** TURN *** [Jh Jd Ac] [Jc]
BigYelloFish: checks
simper11: checks
*** RIVER *** [Jh Jd Ac Jc] [Qd]
BigYelloFish: bets $6
simper11: raises $6 to $12
BigYelloFish: folds
Uncalled bet ($6) returned to simper11
simper11 collected $35.50 from pot
simper11: doesn't show hand
*** SUMMARY ***
Total pot $36 | Rake $0.50
Board [Jh Jd Ac Jc Qd]
Seat 1: BigYelloFish (big blind) folded on the River
Seat 2: simper11 (button) (small blind) collected ($35.50)


PokerStars Hand #145702777967:  Hold'em Limit ($3/$6 USD) - 2015/12/21 15:13:05 ET
Table 'Salyut' 2-max Seat #1 is the button
Seat 1: BigYelloFish ($113.21 in chips)
Seat 2: simper11 ($174.41 in chips)
BigYelloFish: posts small blind $1
simper11: posts big blind $3
*** HOLE CARDS ***
BigYelloFish: raises $3 to $6
simper11: calls $3
*** FLOP *** [9h As 3h]
simper11: checks
BigYelloFish: bets $3
simper11: folds
Uncalled bet ($3) returned to BigYelloFish
BigYelloFish collected $11.76 from pot
BigYelloFish: doesn't show hand
*** SUMMARY ***
Total pot $12 | Rake $0.24
Board [9h As 3h]
Seat 1: BigYelloFish (button) (small blind) collected ($11.76)
Seat 2: simper11 (big blind) folded on the Flop


PokerStars Hand #145702895923:  Hold'em Limit ($3/$6 USD) - 2015/12/21 15:15:05 ET
Table 'Salyut' 2-max Seat #2 is the button
Seat 1: BigYelloFish ($120.61 in chips)
Seat 2: simper11 ($164.41 in chips)
simper11: posts small blind $1
BigYelloFish: posts big blind $3
*** HOLE CARDS ***
simper11: folds
Uncalled bet ($2) returned to BigYelloFish
BigYelloFish collected $2 from pot
BigYelloFish: doesn't show hand
*** SUMMARY ***
Total pot $2 | Rake $0
Seat 1: BigYelloFish (big blind) collected ($2)
Seat 2: simper11 (button) (small blind) folded before Flop


PokerStars Hand #145702872327:  Hold'em Limit ($3/$6 USD) - 2015/12/21 15:14:41 ET
Table 'Salyut' 2-max Seat #1 is the button
Seat 1: BigYelloFish ($106.11 in chips)
Seat 2: simper11 ($179.41 in chips)
BigYelloFish: posts small blind $1
simper11: posts big blind $3
*** HOLE CARDS ***
BigYelloFish: raises $3 to $6
simper11: calls $3
*** FLOP *** [Kd 8h Jd]
simper11: checks
BigYelloFish: bets $3
simper11: calls $3
*** TURN *** [Kd 8h Jd] [8s]
simper11: checks
BigYelloFish: checks
*** RIVER *** [Kd 8h Jd 8s] [Js]
simper11: checks
BigYelloFish: bets $6
simper11: calls $6
*** SHOW DOWN ***
BigYelloFish: shows [2s Ah] (two pair, Jacks and Eights)
simper11: mucks hand
BigYelloFish collected $29.50 from pot
*** SUMMARY ***
Total pot $30 | Rake $0.50
Board [Kd 8h Jd 8s Js]
Seat 1: BigYelloFish (button) (small blind) showed [2s Ah] and won ($29.50) with two pair, Jacks and Eights
Seat 2: simper11 (big blind) mucked


PokerStars Hand #145702854861:  Hold'em Limit ($3/$6 USD) - 2015/12/21 15:14:23 ET
Table 'Salyut' 2-max Seat #2 is the button
Seat 1: BigYelloFish ($88.61 in chips)
Seat 2: simper11 ($197.41 in chips)
simper11: posts small blind $1
BigYelloFish: posts big blind $3
*** HOLE CARDS ***
simper11: raises $3 to $6
BigYelloFish: raises $3 to $9
simper11: calls $3
*** FLOP *** [Js 2h 8c]
BigYelloFish: bets $3
simper11: calls $3
*** TURN *** [Js 2h 8c] [Ac]
BigYelloFish: bets $6
simper11: calls $6
*** RIVER *** [Js 2h 8c Ac] [2s]
BigYelloFish: checks
simper11: checks
*** SHOW DOWN ***
BigYelloFish: shows [6c 6s] (two pair, Sixes and Deuces)
simper11: mucks hand
BigYelloFish collected $35.50 from pot
*** SUMMARY ***
Total pot $36 | Rake $0.50
Board [Js 2h 8c Ac 2s]
Seat 1: BigYelloFish (big blind) showed [6c 6s] and won ($35.50) with two pair, Sixes and Deuces
Seat 2: simper11 (button) (small blind) mucked


PokerStars Hand #145702849328:  Hold'em Limit ($3/$6 USD) - 2015/12/21 15:14:18 ET
Table 'Salyut' 2-max Seat #1 is the button
Seat 1: BigYelloFish ($85.61 in chips)
Seat 2: simper11 ($200.41 in chips)
BigYelloFish: posts small blind $1
simper11: posts big blind $3
*** HOLE CARDS ***
BigYelloFish: raises $3 to $6
simper11: folds
Uncalled bet ($3) returned to BigYelloFish
BigYelloFish collected $6 from pot
BigYelloFish: doesn't show hand
*** SUMMARY ***
Total pot $6 | Rake $0
Seat 1: BigYelloFish (button) (small blind) collected ($6)
Seat 2: simper11 (big blind) folded before Flop


PokerStars Hand #145702829516:  Hold'em Limit ($3/$6 USD) - 2015/12/21 15:13:57 ET
Table 'Salyut' 2-max Seat #2 is the button
Seat 1: BigYelloFish ($109.61 in chips)
Seat 2: simper11 ($176.91 in chips)
simper11: posts small blind $1
BigYelloFish: posts big blind $3
*** HOLE CARDS ***
simper11: raises $3 to $6
BigYelloFish: raises $3 to $9
simper11: calls $3
*** FLOP *** [8h Kc 5s]
BigYelloFish: bets $3
simper11: calls $3
*** TURN *** [8h Kc 5s] [Js]
BigYelloFish: bets $6
simper11: calls $6
*** RIVER *** [8h Kc 5s Js] [5d]
BigYelloFish: checks
simper11: bets $6
BigYelloFish: calls $6
*** SHOW DOWN ***
simper11: shows [7c Jh] (two pair, Jacks and Fives)
BigYelloFish: mucks hand
simper11 collected $47.50 from pot
*** SUMMARY ***
Total pot $48 | Rake $0.50
Board [8h Kc 5s Js 5d]
Seat 1: BigYelloFish (big blind) mucked
Seat 2: simper11 (button) (small blind) showed [7c Jh] and won ($47.50) with two pair, Jacks and Fives


PokerStars Hand #145702930139:  Hold'em Limit ($3/$6 USD) - 2015/12/21 15:15:40 ET
Table 'Salyut' 2-max Seat #1 is the button
Seat 1: BigYelloFish ($136.11 in chips)
Seat 2: simper11 ($148.05 in chips)
BigYelloFish: posts small blind $1
simper11: posts big blind $3
*** HOLE CARDS ***
BigYelloFish: folds
Uncalled bet ($2) returned to simper11
simper11 collected $2 from pot
simper11: doesn't show hand
*** SUMMARY ***
Total pot $2 | Rake $0
Seat 1: BigYelloFish (button) (small blind) folded before Flop
Seat 2: simper11 (big blind) collected ($2)


PokerStars Hand #145702909872:  Hold'em Limit ($3/$6 USD) - 2015/12/21 15:15:20 ET
Table 'Salyut' 2-max Seat #2 is the button
Seat 1: BigYelloFish ($112.61 in chips)
Seat 2: simper11 ($172.05 in chips)
simper11: posts small blind $1
BigYelloFish: posts big blind $3
*** HOLE CARDS ***
simper11: raises $3 to $6
BigYelloFish: raises $3 to $9
simper11: calls $3
*** FLOP *** [3d Ad 5h]
BigYelloFish: bets $3
simper11: calls $3
*** TURN *** [3d Ad 5h] [Ts]
BigYelloFish: bets $6
simper11: calls $6
*** RIVER *** [3d Ad 5h Ts] [2d]
BigYelloFish: bets $6
simper11: calls $6
*** SHOW DOWN ***
BigYelloFish: shows [5d 3h] (two pair, Fives and Threes)
simper11: mucks hand
BigYelloFish collected $47.50 from pot
*** SUMMARY ***
Total pot $48 | Rake $0.50
Board [3d Ad 5h Ts 2d]
Seat 1: BigYelloFish (big blind) showed [5d 3h] and won ($47.50) with two pair, Fives and Threes
Seat 2: simper11 (button) (small blind) mucked


PokerStars Hand #145702900623:  Hold'em Limit ($3/$6 USD) - 2015/12/21 15:15:10 ET
Table 'Salyut' 2-max Seat #1 is the button
Seat 1: BigYelloFish ($121.61 in chips)
Seat 2: simper11 ($163.41 in chips)
BigYelloFish: posts small blind $1
simper11: posts big blind $3
*** HOLE CARDS ***
BigYelloFish: raises $3 to $6
simper11: raises $3 to $9
BigYelloFish: calls $3
*** FLOP *** [7h Ad Js]
simper11: bets $3
BigYelloFish: folds
Uncalled bet ($3) returned to simper11
simper11 collected $17.64 from pot
simper11: doesn't show hand
*** SUMMARY ***
Total pot $18 | Rake $0.36
Board [7h Ad Js]
Seat 1: BigYelloFish (button) (small blind) folded on the Flop
Seat 2: simper11 (big blind) collected ($17.64)


PokerStars Hand #145703006414:  Hold'em Limit ($3/$6 USD) - 2015/12/21 15:16:58 ET
Table 'Salyut' 2-max Seat #2 is the button
Seat 1: BigYelloFish ($179.11 in chips)
Seat 2: simper11 ($120 in chips)
simper11: posts small blind $1
BigYelloFish: posts big blind $3
*** HOLE CARDS ***
simper11: raises $3 to $6
BigYelloFish: raises $3 to $9
simper11: calls $3
*** FLOP *** [7h 2c 2h]
BigYelloFish: bets $3
simper11: calls $3
*** TURN *** [7h 2c 2h] [Ac]
BigYelloFish: bets $6
simper11: calls $6
*** RIVER *** [7h 2c 2h Ac] [4s]
BigYelloFish: checks
simper11: checks
*** SHOW DOWN ***
BigYelloFish: shows [Qs 9h] (a pair of Deuces)
simper11: shows [Kh Jd] (a pair of Deuces - Ace+King kicker)
simper11 collected $35.50 from pot
*** SUMMARY ***
Total pot $36 | Rake $0.50
Board [7h 2c 2h Ac 4s]
Seat 1: BigYelloFish (big blind) showed [Qs 9h] and lost with a pair of Deuces
Seat 2: simper11 (button) (small blind) showed [Kh Jd] and won ($35.50) with a pair of Deuces


PokerStars Hand #145702941477:  Hold'em Limit ($3/$6 USD) - 2015/12/21 15:15:52 ET
Table 'Salyut' 2-max Seat #2 is the button
Seat 1: BigYelloFish ($135.11 in chips)
Seat 2: simper11 ($149.05 in chips)
simper11: posts small blind $1
BigYelloFish: posts big blind $3
*** HOLE CARDS ***
simper11: raises $3 to $6
BigYelloFish: raises $3 to $9
simper11: calls $3
*** FLOP *** [Qs 2h Ts]
BigYelloFish: bets $3
simper11: calls $3
*** TURN *** [Qs 2h Ts] [3d]
BigYelloFish: bets $6
simper11: raises $6 to $12
BigYelloFish: calls $6
*** RIVER *** [Qs 2h Ts 3d] [9d]
BigYelloFish: checks
simper11: checks
*** SHOW DOWN ***
BigYelloFish: shows [4c Qd] (a pair of Queens)
simper11: mucks hand
BigYelloFish collected $47.50 from pot
*** SUMMARY ***
Total pot $48 | Rake $0.50
Board [Qs 2h Ts 3d 9d]
Seat 1: BigYelloFish (big blind) showed [4c Qd] and won ($47.50) with a pair of Queens
Seat 2: simper11 (button) (small blind) mucked


PokerStars Hand #145702982371:  Hold'em Limit ($3/$6 USD) - 2015/12/21 15:16:33 ET
Table 'Salyut' 2-max Seat #1 is the button
Seat 1: BigYelloFish ($158.61 in chips)
Seat 2: simper11 ($125.05 in chips)
BigYelloFish: posts small blind $1
simper11: posts big blind $3
*** HOLE CARDS ***
BigYelloFish: raises $3 to $6
simper11: calls $3
*** FLOP *** [8h 9c Qs]
simper11: checks
BigYelloFish: bets $3
simper11: calls $3
*** TURN *** [8h 9c Qs] [4c]
simper11: checks
BigYelloFish: bets $6
simper11: calls $6
*** RIVER *** [8h 9c Qs 4c] [7s]
simper11: checks
BigYelloFish: bets $6
simper11: calls $6
*** SHOW DOWN ***
BigYelloFish: shows [Qd Ks] (a pair of Queens)
simper11: mucks hand
BigYelloFish collected $41.50 from pot
*** SUMMARY ***
Total pot $42 | Rake $0.50
Board [8h 9c Qs 4c 7s]
Seat 1: BigYelloFish (button) (small blind) showed [Qd Ks] and won ($41.50) with a pair of Queens
Seat 2: simper11 (big blind) mucked


PokerStars Hand #145703077435:  Hold'em Limit ($3/$6 USD) - 2015/12/21 15:18:11 ET
Table 'Salyut' 2-max Seat #1 is the button
Seat 1: BigYelloFish ($153.61 in chips)
Seat 2: simper11 ($143.76 in chips)
BigYelloFish: posts small blind $1
simper11: posts big blind $3
*** HOLE CARDS ***
BigYelloFish: folds
Uncalled bet ($2) returned to simper11
simper11 collected $2 from pot
simper11: doesn't show hand
*** SUMMARY ***
Total pot $2 | Rake $0
Seat 1: BigYelloFish (button) (small blind) folded before Flop
Seat 2: simper11 (big blind) collected ($2)


PokerStars Hand #145703056606:  Hold'em Limit ($3/$6 USD) - 2015/12/21 15:17:50 ET
Table 'Salyut' 2-max Seat #2 is the button
Seat 1: BigYelloFish ($168.61 in chips)
Seat 2: simper11 ($129.26 in chips)
simper11: posts small blind $1
BigYelloFish: posts big blind $3
*** HOLE CARDS ***
simper11: raises $3 to $6
BigYelloFish: raises $3 to $9
simper11: calls $3
*** FLOP *** [2h 6d 2c]
BigYelloFish: bets $3
simper11: raises $3 to $6
BigYelloFish: calls $3
*** TURN *** [2h 6d 2c] [Ac]
BigYelloFish: checks
simper11: bets $6
BigYelloFish: folds
Uncalled bet ($6) returned to simper11
simper11 collected $29.50 from pot
simper11: doesn't show hand
*** SUMMARY ***
Total pot $30 | Rake $0.50
Board [2h 6d 2c Ac]
Seat 1: BigYelloFish (big blind) folded on the Turn
Seat 2: simper11 (button) (small blind) collected ($29.50)


PokerStars Hand #145703052192:  Hold'em Limit ($3/$6 USD) - 2015/12/21 15:17:45 ET
Table 'Salyut' 2-max Seat #1 is the button
Seat 1: BigYelloFish ($169.61 in chips)
Seat 2: simper11 ($128.26 in chips)
BigYelloFish: posts small blind $1
simper11: posts big blind $3
*** HOLE CARDS ***
BigYelloFish: folds
Uncalled bet ($2) returned to simper11
simper11 collected $2 from pot
simper11: doesn't show hand
*** SUMMARY ***
Total pot $2 | Rake $0
Seat 1: BigYelloFish (button) (small blind) folded before Flop
Seat 2: simper11 (big blind) collected ($2)


PokerStars Hand #145703045057:  Hold'em Limit ($3/$6 USD) - 2015/12/21 15:17:38 ET
Table 'Salyut' 2-max Seat #2 is the button
Seat 1: BigYelloFish ($175.61 in chips)
Seat 2: simper11 ($122.50 in chips)
simper11: posts small blind $1
BigYelloFish: posts big blind $3
*** HOLE CARDS ***
simper11: raises $3 to $6
BigYelloFish: calls $3
*** FLOP *** [9d Jd 9h]
BigYelloFish: checks
simper11: bets $3
BigYelloFish: folds
Uncalled bet ($3) returned to simper11
simper11 collected $11.76 from pot
simper11: doesn't show hand
*** SUMMARY ***
Total pot $12 | Rake $0.24
Board [9d Jd 9h]
Seat 1: BigYelloFish (big blind) folded on the Flop
Seat 2: simper11 (button) (small blind) collected ($11.76)


PokerStars Hand #145703020438:  Hold'em Limit ($3/$6 USD) - 2015/12/21 15:17:12 ET
Table 'Salyut' 2-max Seat #1 is the button
Seat 1: BigYelloFish ($161.11 in chips)
Seat 2: simper11 ($137.50 in chips)
BigYelloFish: posts small blind $1
simper11: posts big blind $3
*** HOLE CARDS ***
BigYelloFish: raises $3 to $6
simper11: raises $3 to $9
BigYelloFish: raises $3 to $12
Betting is capped
simper11: calls $3
*** FLOP *** [6c 2c 8s]
simper11: checks
BigYelloFish: bets $3
simper11: calls $3
*** TURN *** [6c 2c 8s] [5s]
simper11: checks
BigYelloFish: bets $6
simper11: folds
Uncalled bet ($6) returned to BigYelloFish
BigYelloFish collected $29.50 from pot
BigYelloFish: doesn't show hand
*** SUMMARY ***
Total pot $30 | Rake $0.50
Board [6c 2c 8s 5s]
Seat 1: BigYelloFish (button) (small blind) collected ($29.50)
Seat 2: simper11 (big blind) folded on the Turn


PokerStars Hand #145703109738:  Hold'em Limit ($3/$6 USD) - 2015/12/21 15:18:44 ET
Table 'Salyut' 2-max Seat #2 is the button
Seat 1: BigYelloFish ($178.11 in chips)
Seat 2: simper11 ($121 in chips)
simper11: posts small blind $1
BigYelloFish: posts big blind $3
*** HOLE CARDS ***
simper11: raises $3 to $6
BigYelloFish: folds
Uncalled bet ($3) returned to simper11
simper11 collected $6 from pot
simper11: doesn't show hand
*** SUMMARY ***
Total pot $6 | Rake $0
Seat 1: BigYelloFish (big blind) folded before Flop
Seat 2: simper11 (button) (small blind) collected ($6)


PokerStars Hand #145703119896:  Hold'em Limit ($3/$6 USD) - 2015/12/21 15:18:54 ET
Table 'Salyut' 2-max Seat #1 is the button
Seat 1: BigYelloFish ($175.11 in chips)
Seat 2: simper11 ($124 in chips)
BigYelloFish: posts small blind $1
simper11: posts big blind $3
*** HOLE CARDS ***
BigYelloFish: raises $3 to $6
simper11: calls $3
*** FLOP *** [5d 9d 4h]
simper11: checks
BigYelloFish: checks
*** TURN *** [5d 9d 4h] [Th]
simper11: bets $6
BigYelloFish: folds
Uncalled bet ($6) returned to simper11
simper11 collected $11.76 from pot
simper11: doesn't show hand
*** SUMMARY ***
Total pot $12 | Rake $0.24
Board [5d 9d 4h Th]
Seat 1: BigYelloFish (button) (small blind) folded on the Turn
Seat 2: simper11 (big blind) collected ($11.76)


PokerStars Hand #145703103553:  Hold'em Limit ($3/$6 USD) - 2015/12/21 15:18:38 ET
Table 'Salyut' 2-max Seat #1 is the button
Seat 1: BigYelloFish ($179.11 in chips)
Seat 2: simper11 ($120 in chips)
BigYelloFish: posts small blind $1
simper11: posts big blind $3
*** HOLE CARDS ***
BigYelloFish: folds
Uncalled bet ($2) returned to simper11
simper11 collected $2 from pot
simper11: doesn't show hand
*** SUMMARY ***
Total pot $2 | Rake $0
Seat 1: BigYelloFish (button) (small blind) folded before Flop
Seat 2: simper11 (big blind) collected ($2)


PokerStars Hand #145703082893:  Hold'em Limit ($3/$6 USD) - 2015/12/21 15:18:16 ET
Table 'Salyut' 2-max Seat #2 is the button
Seat 1: BigYelloFish ($152.61 in chips)
Seat 2: simper11 ($144.76 in chips)
simper11: posts small blind $1
BigYelloFish: posts big blind $3
*** HOLE CARDS ***
simper11: raises $3 to $6
BigYelloFish: raises $3 to $9
simper11: calls $3
*** FLOP *** [8h Js Ts]
BigYelloFish: bets $3
simper11: raises $3 to $6
BigYelloFish: raises $3 to $9
simper11: raises $3 to $12
Betting is capped
BigYelloFish: calls $3
*** TURN *** [8h Js Ts] [7d]
BigYelloFish: checks
simper11: bets $6
BigYelloFish: calls $6
*** RIVER *** [8h Js Ts 7d] [Ad]
BigYelloFish: checks
simper11: checks
*** SHOW DOWN ***
BigYelloFish: shows [Jh Jd] (three of a kind, Jacks)
simper11: mucks hand
BigYelloFish collected $53.50 from pot
*** SUMMARY ***
Total pot $54 | Rake $0.50
Board [8h Js Ts 7d Ad]
Seat 1: BigYelloFish (big blind) showed [Jh Jd] and won ($53.50) with three of a kind, Jacks
Seat 2: simper11 (button) (small blind) mucked


PokerStars Hand #145703151859:  Hold'em Limit ($3/$6 USD) - 2015/12/21 15:19:27 ET
Table 'Salyut' 2-max Seat #2 is the button
Seat 1: BigYelloFish ($169.11 in chips)
Seat 2: simper11 ($129.76 in chips)
simper11: posts small blind $1
BigYelloFish: posts big blind $3
*** HOLE CARDS ***
simper11: raises $3 to $6
BigYelloFish: raises $3 to $9
simper11: calls $3
*** FLOP *** [4h Qc Ad]
BigYelloFish: bets $3
simper11: calls $3
*** TURN *** [4h Qc Ad] [9c]
BigYelloFish: bets $6
simper11: raises $6 to $12
BigYelloFish: raises $6 to $18
simper11: calls $6
*** RIVER *** [4h Qc Ad 9c] [7h]
BigYelloFish: bets $6
simper11: calls $6
*** SHOW DOWN ***
BigYelloFish: shows [Ac 9h] (two pair, Aces and Nines)
simper11: mucks hand
BigYelloFish collected $71.50 from pot
*** SUMMARY ***
Total pot $72 | Rake $0.50
Board [4h Qc Ad 9c 7h]
Seat 1: BigYelloFish (big blind) showed [Ac 9h] and won ($71.50) with two pair, Aces and Nines
Seat 2: simper11 (button) (small blind) mucked


PokerStars Hand #145703172601:  Hold'em Limit ($3/$6 USD) - 2015/12/21 15:19:48 ET
Table 'Salyut' 2-max Seat #1 is the button
Seat 1: BigYelloFish ($204.61 in chips)
Seat 2: simper11 ($120 in chips)
BigYelloFish: posts small blind $1
simper11: posts big blind $3
*** HOLE CARDS ***
BigYelloFish: raises $3 to $6
simper11: folds
Uncalled bet ($3) returned to BigYelloFish
BigYelloFish collected $6 from pot
BigYelloFish: doesn't show hand
*** SUMMARY ***
Total pot $6 | Rake $0
Seat 1: BigYelloFish (button) (small blind) collected ($6)
Seat 2: simper11 (big blind) folded before Flop


