PokerStars Hand #170449075163:  Hold'em Limit ($3/$6 USD) - 2017/05/15 8:55:04 ET
Table 'Salyut' 6-max Seat #4 is the button
Seat 3: igorkabmw ($40 in chips)
Seat 4: Ale4o ($120 in chips)
Ale4o: posts small blind $1
GoliafUa: is sitting out
igorkabmw: posts big blind $3
*** HOLE CARDS ***
Ale4o: raises $3 to $6
igorkabmw: calls $3
*** FLOP *** [Ts Tc 8d]
igorkabmw: bets $3
Ale4o: raises $3 to $6
igorkabmw: calls $3
*** TURN *** [Ts Tc 8d] [6s]
igorkabmw: checks
Ale4o: bets $6
igorkabmw: folds
Uncalled bet ($6) returned to Ale4o
Ale4o collected $23.52 from pot
Ale4o: doesn't show hand
*** SUMMARY ***
Total pot $24 | Rake $0.48
Board [Ts Tc 8d 6s]
Seat 3: igorkabmw (big blind) folded on the Turn
Seat 4: Ale4o (button) (small blind) collected ($23.52)


PokerStars Hand #170449086144:  Hold'em Limit ($3/$6 USD) - 2017/05/15 8:55:28 ET
Table 'Salyut' 6-max Seat #3 is the button
Seat 3: igorkabmw ($28 in chips)
Seat 4: Ale4o ($131.52 in chips)
igorkabmw: posts small blind $1
Ale4o: posts big blind $3
*** HOLE CARDS ***
igorkabmw: raises $3 to $6
Ale4o: calls $3
*** FLOP *** [9d 8d 4s]
Ale4o: bets $3
igorkabmw: calls $3
*** TURN *** [9d 8d 4s] [Th]
Ale4o: bets $6
igorkabmw: calls $6
*** RIVER *** [9d 8d 4s Th] [Jh]
Ale4o: checks
igorkabmw: bets $6
Ale4o: folds
Uncalled bet ($6) returned to igorkabmw
igorkabmw collected $29.50 from pot
*** SUMMARY ***
Total pot $30 | Rake $0.50
Board [9d 8d 4s Th Jh]
Seat 3: igorkabmw (button) (small blind) collected ($29.50)
Seat 4: Ale4o (big blind) folded on the River


PokerStars Hand #170449096833:  Hold'em Limit ($3/$6 USD) - 2017/05/15 8:55:53 ET
Table 'Salyut' 6-max Seat #3 is the button
Seat 3: igorkabmw ($39.50 in chips)
Seat 4: Ale4o ($119.52 in chips)
igorkabmw: posts small blind $1
Ale4o: posts big blind $3
*** HOLE CARDS ***
igorkabmw: folds
Uncalled bet ($2) returned to Ale4o
Ale4o collected $2 from pot
Ale4o: doesn't show hand
*** SUMMARY ***
Total pot $2 | Rake $0
Seat 3: igorkabmw (button) (small blind) folded before Flop
Seat 4: Ale4o (big blind) collected ($2)


PokerStars Hand #170449094578:  Hold'em Limit ($3/$6 USD) - 2017/05/15 8:55:48 ET
Table 'Salyut' 6-max Seat #4 is the button
Seat 3: igorkabmw ($42.50 in chips)
Seat 4: Ale4o ($116.52 in chips)
Ale4o: posts small blind $1
igorkabmw: posts big blind $3
*** HOLE CARDS ***
Ale4o: raises $3 to $6
igorkabmw: folds
Uncalled bet ($3) returned to Ale4o
Ale4o collected $6 from pot
Ale4o: doesn't show hand
*** SUMMARY ***
Total pot $6 | Rake $0
Seat 3: igorkabmw (big blind) folded before Flop
Seat 4: Ale4o (button) (small blind) collected ($6)


PokerStars Hand #170449098859:  Hold'em Limit ($3/$6 USD) - 2017/05/15 8:55:57 ET
Table 'Salyut' 6-max Seat #4 is the button
Seat 3: igorkabmw ($38.50 in chips)
Seat 4: Ale4o ($120.52 in chips)
Ale4o: posts small blind $1
igorkabmw: posts big blind $3
*** HOLE CARDS ***
Ale4o: raises $3 to $6
igorkabmw: raises $3 to $9
Ale4o: calls $3
*** FLOP *** [Ac 9s Kc]
igorkabmw: bets $3
Ale4o: calls $3
*** TURN *** [Ac 9s Kc] [Jc]
igorkabmw: bets $6
Ale4o: folds
Uncalled bet ($6) returned to igorkabmw
igorkabmw collected $23.52 from pot
*** SUMMARY ***
Total pot $24 | Rake $0.48
Board [Ac 9s Kc Jc]
Seat 3: igorkabmw (big blind) collected ($23.52)
Seat 4: Ale4o (button) (small blind) folded on the Turn


PokerStars Hand #170449106466:  Hold'em Limit ($3/$6 USD) - 2017/05/15 8:56:14 ET
Table 'Salyut' 6-max Seat #3 is the button
Seat 3: igorkabmw ($50.02 in chips)
Seat 4: Ale4o ($108.52 in chips)
igorkabmw: posts small blind $1
Ale4o: posts big blind $3
*** HOLE CARDS ***
igorkabmw: calls $2
Ale4o: raises $3 to $6
igorkabmw: calls $3
*** FLOP *** [2c 5c 2s]
Ale4o: bets $3
igorkabmw: calls $3
*** TURN *** [2c 5c 2s] [6d]
Ale4o: bets $6
igorkabmw: calls $6
*** RIVER *** [2c 5c 2s 6d] [Tc]
Ale4o: bets $6
igorkabmw: folds
Uncalled bet ($6) returned to Ale4o
Ale4o collected $29.50 from pot
Ale4o: doesn't show hand
*** SUMMARY ***
Total pot $30 | Rake $0.50
Board [2c 5c 2s 6d Tc]
Seat 3: igorkabmw (button) (small blind) folded on the River
Seat 4: Ale4o (big blind) collected ($29.50)


PokerStars Hand #170449126116:  Hold'em Limit ($3/$6 USD) - 2017/05/15 8:56:59 ET
Table 'Salyut' 6-max Seat #4 is the button
Seat 3: igorkabmw ($30.78 in chips)
Seat 4: Ale4o ($126.78 in chips)
Ale4o: posts small blind $1
igorkabmw: posts big blind $3
*** HOLE CARDS ***
Ale4o: raises $3 to $6
igorkabmw: raises $3 to $9
Ale4o: raises $3 to $12
Betting is capped
igorkabmw: calls $3
*** FLOP *** [6c 3d 8s]
igorkabmw: bets $3
Ale4o: raises $3 to $6
igorkabmw: calls $3
*** TURN *** [6c 3d 8s] [7d]
igorkabmw: checks
Ale4o: bets $6
igorkabmw: raises $6 to $12
Ale4o: raises $6 to $18
igorkabmw: calls $0.78 and is all-in
Uncalled bet ($5.22) returned to Ale4o
*** RIVER *** [6c 3d 8s 7d] [Ks]
*** SHOW DOWN ***
igorkabmw: shows [Ac Jc] (high card Ace)
Ale4o: shows [9s 9h] (a pair of Nines)
Ale4o collected $61.06 from pot
*** SUMMARY ***
Total pot $61.56 | Rake $0.50
Board [6c 3d 8s 7d Ks]
Seat 3: igorkabmw (big blind) showed [Ac Jc] and lost with high card Ace
Seat 4: Ale4o (button) (small blind) showed [9s 9h] and won ($61.06) with a pair of Nines


PokerStars Hand #170449112795:  Hold'em Limit ($3/$6 USD) - 2017/05/15 8:56:29 ET
Table 'Salyut' 6-max Seat #4 is the button
Seat 3: igorkabmw ($35.02 in chips)
Seat 4: Ale4o ($123.02 in chips)
Ale4o: posts small blind $1
igorkabmw: posts big blind $3
*** HOLE CARDS ***
Ale4o: raises $3 to $6
igorkabmw: folds
Uncalled bet ($3) returned to Ale4o
Ale4o collected $6 from pot
Ale4o: doesn't show hand
*** SUMMARY ***
Total pot $6 | Rake $0
Seat 3: igorkabmw (big blind) folded before Flop
Seat 4: Ale4o (button) (small blind) collected ($6)


PokerStars Hand #170449115103:  Hold'em Limit ($3/$6 USD) - 2017/05/15 8:56:34 ET
Table 'Salyut' 6-max Seat #3 is the button
Seat 3: igorkabmw ($32.02 in chips)
Seat 4: Ale4o ($126.02 in chips)
igorkabmw: posts small blind $1
Ale4o: posts big blind $3
*** HOLE CARDS ***
igorkabmw: raises $3 to $6
Ale4o: calls $3
*** FLOP *** [Td Kc Kh]
Ale4o: checks
igorkabmw: bets $3
Ale4o: folds
Uncalled bet ($3) returned to igorkabmw
igorkabmw collected $11.76 from pot
*** SUMMARY ***
Total pot $12 | Rake $0.24
Board [Td Kc Kh]
Seat 3: igorkabmw (button) (small blind) collected ($11.76)
Seat 4: Ale4o (big blind) folded on the Flop


PokerStars Hand #170449123706:  Hold'em Limit ($3/$6 USD) - 2017/05/15 8:56:54 ET
Table 'Salyut' 6-max Seat #3 is the button
Seat 3: igorkabmw ($31.78 in chips)
Seat 4: Ale4o ($125.78 in chips)
igorkabmw: posts small blind $1
Ale4o: posts big blind $3
*** HOLE CARDS ***
igorkabmw: folds
Uncalled bet ($2) returned to Ale4o
Ale4o collected $2 from pot
Ale4o: doesn't show hand
*** SUMMARY ***
Total pot $2 | Rake $0
Seat 3: igorkabmw (button) (small blind) folded before Flop
Seat 4: Ale4o (big blind) collected ($2)


PokerStars Hand #170449118783:  Hold'em Limit ($3/$6 USD) - 2017/05/15 8:56:42 ET
Table 'Salyut' 6-max Seat #4 is the button
Seat 3: igorkabmw ($37.78 in chips)
Seat 4: Ale4o ($120.02 in chips)
Ale4o: posts small blind $1
igorkabmw: posts big blind $3
*** HOLE CARDS ***
Ale4o: raises $3 to $6
igorkabmw: calls $3
*** FLOP *** [Qd Qc 9d]
igorkabmw: checks
Ale4o: bets $3
igorkabmw: folds
Uncalled bet ($3) returned to Ale4o
Ale4o collected $11.76 from pot
Ale4o: doesn't show hand
*** SUMMARY ***
Total pot $12 | Rake $0.24
Board [Qd Qc 9d]
Seat 3: igorkabmw (big blind) folded on the Flop
Seat 4: Ale4o (button) (small blind) collected ($11.76)


