PokerStars Hand #171214267591:  Hold'em Limit ($3/$6 USD) - 2017/06/01 16:14:37 ET
Table 'Salyut II' 6-max Seat #3 is the button
Seat 3: ouwehaas ($255.02 in chips)
Seat 4: Actionni13 ($150 in chips)
ouwehaas: posts small blind $1
Actionni13: posts big blind $3
*** HOLE CARDS ***
ouwehaas: folds
Uncalled bet ($2) returned to Actionni13
Actionni13 collected $2 from pot
Actionni13: doesn't show hand
*** SUMMARY ***
Total pot $2 | Rake $0
Seat 3: ouwehaas (button) (small blind) folded before Flop
Seat 4: Actionni13 (big blind) collected ($2)


PokerStars Hand #171214262519:  Hold'em Limit ($3/$6 USD) - 2017/06/01 16:14:31 ET
Table 'Salyut II' 6-max Seat #4 is the button
Seat 3: ouwehaas ($254.02 in chips)
Seat 4: Actionni13 ($150 in chips)
Actionni13: posts small blind $1
ouwehaas: posts big blind $3
*** HOLE CARDS ***
Actionni13: folds
Uncalled bet ($2) returned to ouwehaas
ouwehaas collected $2 from pot
*** SUMMARY ***
Total pot $2 | Rake $0
Seat 3: ouwehaas (big blind) collected ($2)
Seat 4: Actionni13 (button) (small blind) folded before Flop


PokerStars Hand #171214247966:  Hold'em Limit ($3/$6 USD) - 2017/06/01 16:14:14 ET
Table 'Salyut II' 6-max Seat #3 is the button
Seat 3: ouwehaas ($248.26 in chips)
Seat 4: Actionni13 ($150 in chips)
ouwehaas: posts small blind $1
Actionni13: posts big blind $3
*** HOLE CARDS ***
ouwehaas: raises $3 to $6
Actionni13: calls $3
*** FLOP *** [8s 8h Qd]
Actionni13: checks
ouwehaas: bets $3
Actionni13: folds
Uncalled bet ($3) returned to ouwehaas
ouwehaas collected $11.76 from pot
*** SUMMARY ***
Total pot $12 | Rake $0.24
Board [8s 8h Qd]
Seat 3: ouwehaas (button) (small blind) collected ($11.76)
Seat 4: Actionni13 (big blind) folded on the Flop


PokerStars Hand #171214271605:  Hold'em Limit ($3/$6 USD) - 2017/06/01 16:14:42 ET
Table 'Salyut II' 6-max Seat #4 is the button
Seat 3: ouwehaas ($254.02 in chips)
Seat 4: Actionni13 ($151 in chips)
Actionni13: posts small blind $1
ouwehaas: posts big blind $3
*** HOLE CARDS ***
Actionni13: raises $3 to $6
ouwehaas: folds
Uncalled bet ($3) returned to Actionni13
Actionni13 collected $6 from pot
Actionni13: doesn't show hand
*** SUMMARY ***
Total pot $6 | Rake $0
Seat 3: ouwehaas (big blind) folded before Flop
Seat 4: Actionni13 (button) (small blind) collected ($6)


PokerStars Hand #171214294685:  Hold'em Limit ($3/$6 USD) - 2017/06/01 16:15:09 ET
Table 'Salyut II' 6-max Seat #4 is the button
Seat 3: ouwehaas ($254.02 in chips)
Seat 4: Actionni13 ($151 in chips)
Actionni13: posts small blind $1
ouwehaas: posts big blind $3
*** HOLE CARDS ***
Actionni13: raises $3 to $6
ouwehaas: folds
Uncalled bet ($3) returned to Actionni13
Actionni13 collected $6 from pot
Actionni13: doesn't show hand
*** SUMMARY ***
Total pot $6 | Rake $0
Seat 3: ouwehaas (big blind) folded before Flop
Seat 4: Actionni13 (button) (small blind) collected ($6)


PokerStars Hand #171214280206:  Hold'em Limit ($3/$6 USD) - 2017/06/01 16:14:52 ET
Table 'Salyut II' 6-max Seat #3 is the button
Seat 3: ouwehaas ($251.02 in chips)
Seat 4: Actionni13 ($154 in chips)
ouwehaas: posts small blind $1
Actionni13: posts big blind $3
*** HOLE CARDS ***
ouwehaas: raises $3 to $6
Actionni13: folds
Uncalled bet ($3) returned to ouwehaas
ouwehaas collected $6 from pot
*** SUMMARY ***
Total pot $6 | Rake $0
Seat 3: ouwehaas (button) (small blind) collected ($6)
Seat 4: Actionni13 (big blind) folded before Flop


PokerStars Hand #171214301519:  Hold'em Limit ($3/$6 USD) - 2017/06/01 16:15:17 ET
Table 'Salyut II' 6-max Seat #3 is the button
Seat 3: ouwehaas ($251.02 in chips)
Seat 4: Actionni13 ($154 in chips)
ouwehaas: posts small blind $1
Actionni13: posts big blind $3
*** HOLE CARDS ***
ouwehaas: raises $3 to $6
Actionni13: calls $3
*** FLOP *** [2h 6d 8c]
Actionni13: checks
ouwehaas: checks
*** TURN *** [2h 6d 8c] [8s]
Actionni13: bets $6
ouwehaas: calls $6
*** RIVER *** [2h 6d 8c 8s] [Ac]
Actionni13: checks
ouwehaas: checks
*** SHOW DOWN ***
Actionni13: shows [8h Kd] (three of a kind, Eights)
ouwehaas: mucks hand
Actionni13 collected $23.52 from pot
*** SUMMARY ***
Total pot $24 | Rake $0.48
Board [2h 6d 8c 8s Ac]
Seat 3: ouwehaas (button) (small blind) mucked
Seat 4: Actionni13 (big blind) showed [8h Kd] and won ($23.52) with three of a kind, Eights


PokerStars Hand #171214320827:  Hold'em Limit ($3/$6 USD) - 2017/06/01 16:15:40 ET
Table 'Salyut II' 6-max Seat #4 is the button
Seat 3: ouwehaas ($239.02 in chips)
Seat 4: Actionni13 ($165.52 in chips)
Actionni13: posts small blind $1
ouwehaas: posts big blind $3
*** HOLE CARDS ***
Actionni13: raises $3 to $6
ouwehaas: raises $3 to $9
Actionni13: calls $3
*** FLOP *** [Qs Tc 8s]
ouwehaas: bets $3
Actionni13: calls $3
*** TURN *** [Qs Tc 8s] [9c]
ouwehaas: bets $6
Actionni13: calls $6
*** RIVER *** [Qs Tc 8s 9c] [Kh]
ouwehaas: bets $6
Actionni13: folds
Uncalled bet ($6) returned to ouwehaas
ouwehaas collected $35.50 from pot
*** SUMMARY ***
Total pot $36 | Rake $0.50
Board [Qs Tc 8s 9c Kh]
Seat 3: ouwehaas (big blind) collected ($35.50)
Seat 4: Actionni13 (button) (small blind) folded on the River


PokerStars Hand #171215103380:  Hold'em Limit ($3/$6 USD) - 2017/06/01 16:31:04 ET
Table 'Salyut II' 6-max Seat #5 is the button
Seat 5: asino222 ($289.35 in chips)
Seat 6: vestimokrec ($190.45 in chips)
asino222: posts small blind $1
vestimokrec: posts big blind $3
*** HOLE CARDS ***
asino222: folds
Uncalled bet ($2) returned to vestimokrec
vestimokrec collected $2 from pot
vestimokrec: doesn't show hand
*** SUMMARY ***
Total pot $2 | Rake $0
Seat 5: asino222 (button) (small blind) folded before Flop
Seat 6: vestimokrec (big blind) collected ($2)


PokerStars Hand #171215093867:  Hold'em Limit ($3/$6 USD) - 2017/06/01 16:30:52 ET
Table 'Salyut II' 6-max Seat #6 is the button
Seat 5: asino222 ($288.35 in chips)
Seat 6: vestimokrec ($191.45 in chips)
vestimokrec: posts small blind $1
Actionni13: is sitting out
asino222: posts big blind $3
*** HOLE CARDS ***
artecris joins the table at seat #1
vestimokrec: folds
Uncalled bet ($2) returned to asino222
asino222 collected $2 from pot
asino222: doesn't show hand
*** SUMMARY ***
Total pot $2 | Rake $0
Seat 5: asino222 (big blind) collected ($2)
Seat 6: vestimokrec (button) (small blind) folded before Flop


