PokerStars Hand #151056691695:  Hold'em Limit ($3/$6 USD) - 2016/03/28 7:25:30 ET
Table 'Salyut' 6-max Seat #4 is the button
Seat 2: HomerJS 1987 ($40 in chips)
Seat 4: Actionni13 ($158.64 in chips)
Actionni13: posts small blind $1
HomerJS 1987: posts big blind $3
*** HOLE CARDS ***
Actionni13: raises $3 to $6
HomerJS 1987: calls $3
*** FLOP *** [7h Tc Ts]
HomerJS 1987: checks
Actionni13: checks
*** TURN *** [7h Tc Ts] [9h]
HomerJS 1987: bets $6
Actionni13: folds
Uncalled bet ($6) returned to HomerJS 1987
HomerJS 1987 collected $11.76 from pot
HomerJS 1987: doesn't show hand
*** SUMMARY ***
Total pot $12 | Rake $0.24
Board [7h Tc Ts 9h]
Seat 2: HomerJS 1987 (big blind) collected ($11.76)
Seat 4: Actionni13 (button) (small blind) folded on the Turn


PokerStars Hand #151056699670:  Hold'em Limit ($3/$6 USD) - 2016/03/28 7:25:44 ET
Table 'Salyut' 6-max Seat #2 is the button
Seat 2: HomerJS 1987 ($45.76 in chips)
Seat 4: Actionni13 ($152.64 in chips)
HomerJS 1987: posts small blind $1
Actionni13: posts big blind $3
*** HOLE CARDS ***
HomerJS 1987: folds
Uncalled bet ($2) returned to Actionni13
Actionni13 collected $2 from pot
Actionni13: doesn't show hand
*** SUMMARY ***
Total pot $2 | Rake $0
Seat 2: HomerJS 1987 (button) (small blind) folded before Flop
Seat 4: Actionni13 (big blind) collected ($2)


PokerStars Hand #151056702351:  Hold'em Limit ($3/$6 USD) - 2016/03/28 7:25:49 ET
Table 'Salyut' 6-max Seat #4 is the button
Seat 2: HomerJS 1987 ($44.76 in chips)
Seat 4: Actionni13 ($153.64 in chips)
Actionni13: posts small blind $1
HomerJS 1987: posts big blind $3
*** HOLE CARDS ***
Actionni13: raises $3 to $6
HomerJS 1987: calls $3
*** FLOP *** [3h Kh 6h]
HomerJS 1987: checks
Actionni13: bets $3
HomerJS 1987: folds
Uncalled bet ($3) returned to Actionni13
Actionni13 collected $11.76 from pot
Actionni13: doesn't show hand
*** SUMMARY ***
Total pot $12 | Rake $0.24
Board [3h Kh 6h]
Seat 2: HomerJS 1987 (big blind) folded on the Flop
Seat 4: Actionni13 (button) (small blind) collected ($11.76)


PokerStars Hand #151056711323:  Hold'em Limit ($3/$6 USD) - 2016/03/28 7:26:06 ET
Table 'Salyut' 6-max Seat #2 is the button
Seat 2: HomerJS 1987 ($38.76 in chips)
Seat 4: Actionni13 ($159.40 in chips)
HomerJS 1987: posts small blind $1
Actionni13: posts big blind $3
*** HOLE CARDS ***
HomerJS 1987: raises $3 to $6
Actionni13: raises $3 to $9
HomerJS 1987: calls $3
*** FLOP *** [9d 4h Jc]
Actionni13: bets $3
HomerJS 1987: raises $3 to $6
Actionni13: raises $3 to $9
HomerJS 1987: calls $3
*** TURN *** [9d 4h Jc] [Qc]
Actionni13: bets $6
HomerJS 1987: folds
Uncalled bet ($6) returned to Actionni13
Actionni13 collected $35.50 from pot
Actionni13: doesn't show hand
*** SUMMARY ***
Total pot $36 | Rake $0.50
Board [9d 4h Jc Qc]
Seat 2: HomerJS 1987 (button) (small blind) folded on the Turn
Seat 4: Actionni13 (big blind) collected ($35.50)


PokerStars Hand #151056727841:  Hold'em Limit ($3/$6 USD) - 2016/03/28 7:26:38 ET
Table 'Salyut' 6-max Seat #4 is the button
Seat 2: HomerJS 1987 ($20.76 in chips)
Seat 4: Actionni13 ($176.90 in chips)
Actionni13: posts small blind $1
HomerJS 1987: posts big blind $3
*** HOLE CARDS ***
Actionni13: raises $3 to $6
HomerJS 1987: calls $3
*** FLOP *** [Ts Jh Kc]
HomerJS 1987: checks
Actionni13: bets $3
HomerJS 1987: folds
Uncalled bet ($3) returned to Actionni13
Actionni13 collected $11.76 from pot
Actionni13: doesn't show hand
*** SUMMARY ***
Total pot $12 | Rake $0.24
Board [Ts Jh Kc]
Seat 2: HomerJS 1987 (big blind) folded on the Flop
Seat 4: Actionni13 (button) (small blind) collected ($11.76)


PokerStars Hand #151056739520:  Hold'em Limit ($3/$6 USD) - 2016/03/28 7:27:00 ET
Table 'Salyut' 6-max Seat #2 is the button
Seat 2: HomerJS 1987 ($14.76 in chips)
Seat 4: Actionni13 ($182.66 in chips)
HomerJS 1987: posts small blind $1
Actionni13: posts big blind $3
*** HOLE CARDS ***
HomerJS 1987: folds
Uncalled bet ($2) returned to Actionni13
Actionni13 collected $2 from pot
Actionni13: doesn't show hand
*** SUMMARY ***
Total pot $2 | Rake $0
Seat 2: HomerJS 1987 (button) (small blind) folded before Flop
Seat 4: Actionni13 (big blind) collected ($2)


PokerStars Hand #151056742210:  Hold'em Limit ($3/$6 USD) - 2016/03/28 7:27:05 ET
Table 'Salyut' 6-max Seat #4 is the button
Seat 2: HomerJS 1987 ($13.76 in chips)
Seat 4: Actionni13 ($183.66 in chips)
Actionni13: posts small blind $1
HomerJS 1987: posts big blind $3
*** HOLE CARDS ***
Actionni13: raises $3 to $6
HomerJS 1987: calls $3
*** FLOP *** [2h Js 2d]
HomerJS 1987: bets $3
Actionni13: calls $3
*** TURN *** [2h Js 2d] [Ts]
HomerJS 1987: bets $4.76 and is all-in
Actionni13: calls $4.76
*** RIVER *** [2h Js 2d Ts] [6s]
*** SHOW DOWN ***
HomerJS 1987: shows [8c 6h] (two pair, Sixes and Deuces)
Actionni13: shows [Kd 9h] (a pair of Deuces)
HomerJS 1987 collected $27.02 from pot
*** SUMMARY ***
Total pot $27.52 | Rake $0.50
Board [2h Js 2d Ts 6s]
Seat 2: HomerJS 1987 (big blind) showed [8c 6h] and won ($27.02) with two pair, Sixes and Deuces
Seat 4: Actionni13 (button) (small blind) showed [Kd 9h] and lost with a pair of Deuces


PokerStars Hand #151056758018:  Hold'em Limit ($3/$6 USD) - 2016/03/28 7:27:36 ET
Table 'Salyut' 6-max Seat #2 is the button
Seat 2: HomerJS 1987 ($27.02 in chips)
Seat 4: Actionni13 ($169.90 in chips)
HomerJS 1987: posts small blind $1
Actionni13: posts big blind $3
*** HOLE CARDS ***
HomerJS 1987: raises $3 to $6
Actionni13: calls $3
*** FLOP *** [5c Qd 5h]
Actionni13: checks
HomerJS 1987: bets $3
Actionni13: calls $3
*** TURN *** [5c Qd 5h] [3s]
Actionni13: checks
HomerJS 1987: bets $6
Actionni13: raises $6 to $12
HomerJS 1987: raises $6 to $18
Actionni13: raises $6 to $24
Betting is capped
HomerJS 1987: calls $0.02 and is all-in
Uncalled bet ($5.98) returned to Actionni13
*** RIVER *** [5c Qd 5h 3s] [Td]
*** SHOW DOWN ***
Actionni13: shows [7h 5d] (three of a kind, Fives)
HomerJS 1987: shows [Ad Qs] (two pair, Queens and Fives)
Actionni13 collected $53.54 from pot
*** SUMMARY ***
Total pot $54.04 | Rake $0.50
Board [5c Qd 5h 3s Td]
Seat 2: HomerJS 1987 (button) (small blind) showed [Ad Qs] and lost with two pair, Queens and Fives
Seat 4: Actionni13 (big blind) showed [7h 5d] and won ($53.54) with three of a kind, Fives


PokerStars Hand #151056927814:  Hold'em Limit ($3/$6 USD) - 2016/03/28 7:32:52 ET
Table 'Salyut' 6-max Seat #4 is the button
Seat 3: 5PRUT5 ($31.12 in chips)
Seat 4: Actionni13 ($196.42 in chips)
Actionni13: posts small blind $1
5PRUT5: posts big blind $3
*** HOLE CARDS ***
Actionni13: raises $3 to $6
5PRUT5: folds
Uncalled bet ($3) returned to Actionni13
Actionni13 collected $6 from pot
Actionni13: doesn't show hand
*** SUMMARY ***
Total pot $6 | Rake $0
Seat 3: 5PRUT5 (big blind) folded before Flop
Seat 4: Actionni13 (button) (small blind) collected ($6)


PokerStars Hand #151056935516:  Hold'em Limit ($3/$6 USD) - 2016/03/28 7:33:07 ET
Table 'Salyut' 6-max Seat #3 is the button
Seat 3: 5PRUT5 ($28.12 in chips)
Seat 4: Actionni13 ($199.42 in chips)
5PRUT5: posts small blind $1
Actionni13: posts big blind $3
*** HOLE CARDS ***
5PRUT5: calls $2
Actionni13: checks
*** FLOP *** [2d 4s 3h]
Actionni13: bets $3
5PRUT5: folds
Uncalled bet ($3) returned to Actionni13
Actionni13 collected $5.88 from pot
Actionni13: doesn't show hand
*** SUMMARY ***
Total pot $6 | Rake $0.12
Board [2d 4s 3h]
Seat 3: 5PRUT5 (button) (small blind) folded on the Flop
Seat 4: Actionni13 (big blind) collected ($5.88)


PokerStars Hand #151056947930:  Hold'em Limit ($3/$6 USD) - 2016/03/28 7:33:30 ET
Table 'Salyut' 6-max Seat #3 is the button
Seat 3: 5PRUT5 ($26.12 in chips)
Seat 4: Actionni13 ($201.30 in chips)
5PRUT5: posts small blind $1
Actionni13: posts big blind $3
*** HOLE CARDS ***
5PRUT5: raises $3 to $6
Actionni13: folds
Uncalled bet ($3) returned to 5PRUT5
5PRUT5 collected $6 from pot
5PRUT5: doesn't show hand
*** SUMMARY ***
Total pot $6 | Rake $0
Seat 3: 5PRUT5 (button) (small blind) collected ($6)
Seat 4: Actionni13 (big blind) folded before Flop


PokerStars Hand #151056944191:  Hold'em Limit ($3/$6 USD) - 2016/03/28 7:33:23 ET
Table 'Salyut' 6-max Seat #4 is the button
Seat 3: 5PRUT5 ($25.12 in chips)
Seat 4: Actionni13 ($202.30 in chips)
Actionni13: posts small blind $1
5PRUT5: posts big blind $3
*** HOLE CARDS ***
Actionni13: folds
Uncalled bet ($2) returned to 5PRUT5
5PRUT5 collected $2 from pot
5PRUT5: doesn't show hand
*** SUMMARY ***
Total pot $2 | Rake $0
Seat 3: 5PRUT5 (big blind) collected ($2)
Seat 4: Actionni13 (button) (small blind) folded before Flop


PokerStars Hand #151056951284:  Hold'em Limit ($3/$6 USD) - 2016/03/28 7:33:36 ET
Table 'Salyut' 6-max Seat #4 is the button
Seat 3: 5PRUT5 ($29.12 in chips)
Seat 4: Actionni13 ($198.30 in chips)
Actionni13: posts small blind $1
5PRUT5: posts big blind $3
*** HOLE CARDS ***
Actionni13: raises $3 to $6
5PRUT5: calls $3
*** FLOP *** [Td Qc Jh]
5PRUT5: checks
Actionni13: bets $3
5PRUT5: calls $3
*** TURN *** [Td Qc Jh] [Ts]
5PRUT5: checks
Actionni13: bets $6
5PRUT5: folds
Uncalled bet ($6) returned to Actionni13
Actionni13 collected $17.64 from pot
Actionni13: doesn't show hand
*** SUMMARY ***
Total pot $18 | Rake $0.36
Board [Td Qc Jh Ts]
Seat 3: 5PRUT5 (big blind) folded on the Turn
Seat 4: Actionni13 (button) (small blind) collected ($17.64)


PokerStars Hand #151056966980:  Hold'em Limit ($3/$6 USD) - 2016/03/28 7:34:05 ET
Table 'Salyut' 6-max Seat #3 is the button
Seat 3: 5PRUT5 ($20.12 in chips)
Seat 4: Actionni13 ($206.94 in chips)
5PRUT5: posts small blind $1
Actionni13: posts big blind $3
*** HOLE CARDS ***
5PRUT5: raises $3 to $6
Actionni13: folds
Uncalled bet ($3) returned to 5PRUT5
5PRUT5 collected $6 from pot
5PRUT5: doesn't show hand
*** SUMMARY ***
Total pot $6 | Rake $0
Seat 3: 5PRUT5 (button) (small blind) collected ($6)
Seat 4: Actionni13 (big blind) folded before Flop


PokerStars Hand #151056971799:  Hold'em Limit ($3/$6 USD) - 2016/03/28 7:34:14 ET
Table 'Salyut' 6-max Seat #4 is the button
Seat 3: 5PRUT5 ($23.12 in chips)
Seat 4: Actionni13 ($203.94 in chips)
Actionni13: posts small blind $1
5PRUT5: posts big blind $3
*** HOLE CARDS ***
Actionni13: folds
Uncalled bet ($2) returned to 5PRUT5
5PRUT5 collected $2 from pot
5PRUT5: doesn't show hand
*** SUMMARY ***
Total pot $2 | Rake $0
Seat 3: 5PRUT5 (big blind) collected ($2)
Seat 4: Actionni13 (button) (small blind) folded before Flop


PokerStars Hand #151056977348:  Hold'em Limit ($3/$6 USD) - 2016/03/28 7:34:25 ET
Table 'Salyut' 6-max Seat #3 is the button
Seat 3: 5PRUT5 ($24.12 in chips)
Seat 4: Actionni13 ($202.94 in chips)
5PRUT5: posts small blind $1
Actionni13: posts big blind $3
*** HOLE CARDS ***
5PRUT5: calls $2
Actionni13: raises $3 to $6
5PRUT5: calls $3
*** FLOP *** [Ac 6c 3s]
Actionni13: checks
5PRUT5: bets $3
Actionni13: calls $3
*** TURN *** [Ac 6c 3s] [4h]
Actionni13: checks
5PRUT5: bets $6
Actionni13: folds
Uncalled bet ($6) returned to 5PRUT5
5PRUT5 collected $17.64 from pot
5PRUT5: doesn't show hand
*** SUMMARY ***
Total pot $18 | Rake $0.36
Board [Ac 6c 3s 4h]
Seat 3: 5PRUT5 (button) (small blind) collected ($17.64)
Seat 4: Actionni13 (big blind) folded on the Turn


PokerStars Hand #151056991038:  Hold'em Limit ($3/$6 USD) - 2016/03/28 7:34:50 ET
Table 'Salyut' 6-max Seat #4 is the button
Seat 3: 5PRUT5 ($32.76 in chips)
Seat 4: Actionni13 ($193.94 in chips)
Actionni13: posts small blind $1
5PRUT5: posts big blind $3
*** HOLE CARDS ***
Actionni13: raises $3 to $6
5PRUT5: calls $3
*** FLOP *** [3d 4s 5c]
5PRUT5: checks
Actionni13: bets $3
5PRUT5: folds
Uncalled bet ($3) returned to Actionni13
Actionni13 collected $11.76 from pot
Actionni13: doesn't show hand
*** SUMMARY ***
Total pot $12 | Rake $0.24
Board [3d 4s 5c]
Seat 3: 5PRUT5 (big blind) folded on the Flop
Seat 4: Actionni13 (button) (small blind) collected ($11.76)


PokerStars Hand #151056998802:  Hold'em Limit ($3/$6 USD) - 2016/03/28 7:35:04 ET
Table 'Salyut' 6-max Seat #3 is the button
Seat 3: 5PRUT5 ($26.76 in chips)
Seat 4: Actionni13 ($199.70 in chips)
5PRUT5: posts small blind $1
Actionni13: posts big blind $3
*** HOLE CARDS ***
5PRUT5: folds
Uncalled bet ($2) returned to Actionni13
Actionni13 collected $2 from pot
Actionni13: doesn't show hand
*** SUMMARY ***
Total pot $2 | Rake $0
Seat 3: 5PRUT5 (button) (small blind) folded before Flop
Seat 4: Actionni13 (big blind) collected ($2)


PokerStars Hand #151057001396:  Hold'em Limit ($3/$6 USD) - 2016/03/28 7:35:09 ET
Table 'Salyut' 6-max Seat #4 is the button
Seat 3: 5PRUT5 ($25.76 in chips)
Seat 4: Actionni13 ($200.70 in chips)
Actionni13: posts small blind $1
5PRUT5: posts big blind $3
*** HOLE CARDS ***
Actionni13: raises $3 to $6
5PRUT5: calls $3
*** FLOP *** [Jh Qd 3d]
5PRUT5: checks
Actionni13: bets $3
5PRUT5: raises $3 to $6
Actionni13: folds
Uncalled bet ($3) returned to 5PRUT5
5PRUT5 collected $17.64 from pot
5PRUT5: doesn't show hand
*** SUMMARY ***
Total pot $18 | Rake $0.36
Board [Jh Qd 3d]
Seat 3: 5PRUT5 (big blind) collected ($17.64)
Seat 4: Actionni13 (button) (small blind) folded on the Flop


PokerStars Hand #151057025551:  Hold'em Limit ($3/$6 USD) - 2016/03/28 7:35:54 ET
Table 'Salyut' 6-max Seat #3 is the button
Seat 3: 5PRUT5 ($27.40 in chips)
Seat 4: Actionni13 ($198.46 in chips)
5PRUT5: posts small blind $1
Actionni13: posts big blind $3
*** HOLE CARDS ***
5PRUT5: folds
Uncalled bet ($2) returned to Actionni13
Actionni13 collected $2 from pot
Actionni13: doesn't show hand
*** SUMMARY ***
Total pot $2 | Rake $0
Seat 3: 5PRUT5 (button) (small blind) folded before Flop
Seat 4: Actionni13 (big blind) collected ($2)


PokerStars Hand #151057017526:  Hold'em Limit ($3/$6 USD) - 2016/03/28 7:35:39 ET
Table 'Salyut' 6-max Seat #4 is the button
Seat 3: 5PRUT5 ($33.40 in chips)
Seat 4: Actionni13 ($192.70 in chips)
Actionni13: posts small blind $1
5PRUT5: posts big blind $3
*** HOLE CARDS ***
Actionni13: raises $3 to $6
5PRUT5: calls $3
*** FLOP *** [5h Kh Th]
5PRUT5: checks
Actionni13: bets $3
frans72 joins the table at seat #2
5PRUT5: folds
Uncalled bet ($3) returned to Actionni13
Actionni13 collected $11.76 from pot
Actionni13: doesn't show hand
*** SUMMARY ***
Total pot $12 | Rake $0.24
Board [5h Kh Th]
Seat 3: 5PRUT5 (big blind) folded on the Flop
Seat 4: Actionni13 (button) (small blind) collected ($11.76)


PokerStars Hand #151057015036:  Hold'em Limit ($3/$6 USD) - 2016/03/28 7:35:35 ET
Table 'Salyut' 6-max Seat #3 is the button
Seat 3: 5PRUT5 ($34.40 in chips)
Seat 4: Actionni13 ($191.70 in chips)
5PRUT5: posts small blind $1
Actionni13: posts big blind $3
*** HOLE CARDS ***
5PRUT5: folds
Uncalled bet ($2) returned to Actionni13
Actionni13 collected $2 from pot
Actionni13: doesn't show hand
*** SUMMARY ***
Total pot $2 | Rake $0
Seat 3: 5PRUT5 (button) (small blind) folded before Flop
Seat 4: Actionni13 (big blind) collected ($2)


PokerStars Hand #151057066002:  Hold'em Limit ($3/$6 USD) - 2016/03/28 7:37:10 ET
Table 'Salyut' 6-max Seat #4 is the button
Seat 2: frans72 ($147.99 in chips)
Seat 4: Actionni13 ($194.94 in chips)
Actionni13: posts small blind $1
frans72: posts big blind $3
*** HOLE CARDS ***
5PRUT5 leaves the table
Actionni13: folds
Uncalled bet ($2) returned to frans72
frans72 collected $2 from pot
frans72: doesn't show hand
*** SUMMARY ***
Total pot $2 | Rake $0
Seat 2: frans72 (big blind) collected ($2)
Seat 4: Actionni13 (button) (small blind) folded before Flop


PokerStars Hand #151057068793:  Hold'em Limit ($3/$6 USD) - 2016/03/28 7:37:15 ET
Table 'Salyut' 6-max Seat #2 is the button
Seat 2: frans72 ($148.99 in chips)
Seat 4: Actionni13 ($193.94 in chips)
frans72: posts small blind $1
Actionni13: posts big blind $3
*** HOLE CARDS ***
frans72: raises $3 to $6
Actionni13: calls $3
*** FLOP *** [9d Jh Jc]
Actionni13: checks
frans72: bets $3
Actionni13: folds
Uncalled bet ($3) returned to frans72
frans72 collected $11.76 from pot
frans72: doesn't show hand
*** SUMMARY ***
Total pot $12 | Rake $0.24
Board [9d Jh Jc]
Seat 2: frans72 (button) (small blind) collected ($11.76)
Seat 4: Actionni13 (big blind) folded on the Flop


PokerStars Hand #151057098580:  Hold'em Limit ($3/$6 USD) - 2016/03/28 7:38:10 ET
Table 'Salyut' 6-max Seat #2 is the button
Seat 2: frans72 ($140.75 in chips)
Seat 4: Actionni13 ($201.34 in chips)
frans72: posts small blind $1
Actionni13: posts big blind $3
*** HOLE CARDS ***
frans72: raises $3 to $6
Actionni13: calls $3
*** FLOP *** [Qh Js 4s]
Actionni13: checks
frans72: bets $3
Actionni13: folds
Uncalled bet ($3) returned to frans72
frans72 collected $11.76 from pot
frans72: doesn't show hand
*** SUMMARY ***
Total pot $12 | Rake $0.24
Board [Qh Js 4s]
Seat 2: frans72 (button) (small blind) collected ($11.76)
Seat 4: Actionni13 (big blind) folded on the Flop


PokerStars Hand #151057095496:  Hold'em Limit ($3/$6 USD) - 2016/03/28 7:38:05 ET
Table 'Salyut' 6-max Seat #4 is the button
Seat 2: frans72 ($139.75 in chips)
Seat 4: Actionni13 ($202.34 in chips)
Actionni13: posts small blind $1
frans72: posts big blind $3
*** HOLE CARDS ***
Actionni13: folds
Uncalled bet ($2) returned to frans72
frans72 collected $2 from pot
frans72: doesn't show hand
*** SUMMARY ***
Total pot $2 | Rake $0
Seat 2: frans72 (big blind) collected ($2)
Seat 4: Actionni13 (button) (small blind) folded before Flop


PokerStars Hand #151057089384:  Hold'em Limit ($3/$6 USD) - 2016/03/28 7:37:53 ET
Table 'Salyut' 6-max Seat #2 is the button
Seat 2: frans72 ($148.75 in chips)
Seat 4: Actionni13 ($193.70 in chips)
frans72: posts small blind $1
Actionni13: posts big blind $3
*** HOLE CARDS ***
frans72: raises $3 to $6
Actionni13: raises $3 to $9
frans72: calls $3
*** FLOP *** [7s 4d 4s]
Actionni13: bets $3
frans72: folds
Uncalled bet ($3) returned to Actionni13
Actionni13 collected $17.64 from pot
Actionni13: doesn't show hand
*** SUMMARY ***
Total pot $18 | Rake $0.36
Board [7s 4d 4s]
Seat 2: frans72 (button) (small blind) folded on the Flop
Seat 4: Actionni13 (big blind) collected ($17.64)


PokerStars Hand #151057084715:  Hold'em Limit ($3/$6 USD) - 2016/03/28 7:37:44 ET
Table 'Salyut' 6-max Seat #4 is the button
Seat 2: frans72 ($154.75 in chips)
Seat 4: Actionni13 ($187.94 in chips)
Actionni13: posts small blind $1
frans72: posts big blind $3
*** HOLE CARDS ***
Actionni13: raises $3 to $6
frans72: calls $3
*** FLOP *** [3s 3h As]
frans72: checks
Actionni13: bets $3
frans72: folds
Uncalled bet ($3) returned to Actionni13
Actionni13 collected $11.76 from pot
Actionni13: doesn't show hand
*** SUMMARY ***
Total pot $12 | Rake $0.24
Board [3s 3h As]
Seat 2: frans72 (big blind) folded on the Flop
Seat 4: Actionni13 (button) (small blind) collected ($11.76)


PokerStars Hand #151057081473:  Hold'em Limit ($3/$6 USD) - 2016/03/28 7:37:38 ET
Table 'Salyut' 6-max Seat #2 is the button
Seat 2: frans72 ($151.75 in chips)
Seat 4: Actionni13 ($190.94 in chips)
frans72: posts small blind $1
Actionni13: posts big blind $3
*** HOLE CARDS ***
frans72: raises $3 to $6
Actionni13: folds
Uncalled bet ($3) returned to frans72
frans72 collected $6 from pot
frans72: doesn't show hand
*** SUMMARY ***
Total pot $6 | Rake $0
Seat 2: frans72 (button) (small blind) collected ($6)
Seat 4: Actionni13 (big blind) folded before Flop


PokerStars Hand #151057078082:  Hold'em Limit ($3/$6 USD) - 2016/03/28 7:37:32 ET
Table 'Salyut' 6-max Seat #4 is the button
Seat 2: frans72 ($154.75 in chips)
Seat 4: Actionni13 ($187.94 in chips)
Actionni13: posts small blind $1
frans72: posts big blind $3
*** HOLE CARDS ***
Actionni13: raises $3 to $6
frans72: folds
Uncalled bet ($3) returned to Actionni13
Actionni13 collected $6 from pot
Actionni13: doesn't show hand
*** SUMMARY ***
Total pot $6 | Rake $0
Seat 2: frans72 (big blind) folded before Flop
Seat 4: Actionni13 (button) (small blind) collected ($6)


PokerStars Hand #151057122755:  Hold'em Limit ($3/$6 USD) - 2016/03/28 7:38:55 ET
Table 'Salyut' 6-max Seat #4 is the button
Seat 2: frans72 ($158.03 in chips)
Seat 4: Actionni13 ($183.34 in chips)
Actionni13: posts small blind $1
frans72: posts big blind $3
*** HOLE CARDS ***
Actionni13: raises $3 to $6
frans72: calls $3
*** FLOP *** [6c Kd 9s]
frans72: checks
Actionni13: bets $3
frans72: calls $3
*** TURN *** [6c Kd 9s] [2h]
frans72: checks
Actionni13: checks
*** RIVER *** [6c Kd 9s 2h] [2s]
frans72: bets $6
Actionni13: folds
Uncalled bet ($6) returned to frans72
frans72 collected $17.64 from pot
frans72: doesn't show hand
*** SUMMARY ***
Total pot $18 | Rake $0.36
Board [6c Kd 9s 2h 2s]
Seat 2: frans72 (big blind) collected ($17.64)
Seat 4: Actionni13 (button) (small blind) folded on the River


PokerStars Hand #151057115349:  Hold'em Limit ($3/$6 USD) - 2016/03/28 7:38:42 ET
Table 'Salyut' 6-max Seat #2 is the button
Seat 2: frans72 ($152.27 in chips)
Seat 4: Actionni13 ($189.34 in chips)
frans72: posts small blind $1
Actionni13: posts big blind $3
*** HOLE CARDS ***
frans72: raises $3 to $6
Actionni13: calls $3
*** FLOP *** [4d Jh 2c]
Actionni13: checks
frans72: bets $3
Actionni13: folds
Uncalled bet ($3) returned to frans72
frans72 collected $11.76 from pot
frans72: doesn't show hand
*** SUMMARY ***
Total pot $12 | Rake $0.24
Board [4d Jh 2c]
Seat 2: frans72 (button) (small blind) collected ($11.76)
Seat 4: Actionni13 (big blind) folded on the Flop


PokerStars Hand #151057105447:  Hold'em Limit ($3/$6 USD) - 2016/03/28 7:38:23 ET
Table 'Salyut' 6-max Seat #4 is the button
Seat 2: frans72 ($146.51 in chips)
Seat 4: Actionni13 ($195.34 in chips)
Actionni13: posts small blind $1
frans72: posts big blind $3
*** HOLE CARDS ***
Actionni13: raises $3 to $6
frans72: calls $3
*** FLOP *** [2d 2c 4c]
frans72: checks
Actionni13: checks
*** TURN *** [2d 2c 4c] [Th]
frans72: checks
Actionni13: checks
*** RIVER *** [2d 2c 4c Th] [Tc]
frans72: checks
Actionni13: checks
*** SHOW DOWN ***
frans72: shows [Qc 9d] (two pair, Tens and Deuces)
Actionni13: mucks hand
frans72 collected $11.76 from pot
*** SUMMARY ***
Total pot $12 | Rake $0.24
Board [2d 2c 4c Th Tc]
Seat 2: frans72 (big blind) showed [Qc 9d] and won ($11.76) with two pair, Tens and Deuces
Seat 4: Actionni13 (button) (small blind) mucked


PokerStars Hand #151057153293:  Hold'em Limit ($3/$6 USD) - 2016/03/28 7:39:52 ET
Table 'Salyut' 6-max Seat #2 is the button
Seat 2: frans72 ($145.67 in chips)
Seat 4: Actionni13 ($194.60 in chips)
frans72: posts small blind $1
Actionni13: posts big blind $3
*** HOLE CARDS ***
frans72: raises $3 to $6
Actionni13: calls $3
*** FLOP *** [Ks Ah 3d]
Actionni13: checks
frans72: bets $3
Actionni13: folds
Uncalled bet ($3) returned to frans72
frans72 collected $11.76 from pot
frans72: doesn't show hand
*** SUMMARY ***
Total pot $12 | Rake $0.24
Board [Ks Ah 3d]
Seat 2: frans72 (button) (small blind) collected ($11.76)
Seat 4: Actionni13 (big blind) folded on the Flop


PokerStars Hand #151057146247:  Hold'em Limit ($3/$6 USD) - 2016/03/28 7:39:39 ET
Table 'Salyut' 6-max Seat #4 is the button
Seat 2: frans72 ($151.67 in chips)
Seat 4: Actionni13 ($188.84 in chips)
Actionni13: posts small blind $1
frans72: posts big blind $3
*** HOLE CARDS ***
Actionni13: raises $3 to $6
frans72: calls $3
*** FLOP *** [Kh Qd As]
frans72: checks
Actionni13: bets $3
frans72: folds
Uncalled bet ($3) returned to Actionni13
Actionni13 collected $11.76 from pot
Actionni13: doesn't show hand
*** SUMMARY ***
Total pot $12 | Rake $0.24
Board [Kh Qd As]
Seat 2: frans72 (big blind) folded on the Flop
Seat 4: Actionni13 (button) (small blind) collected ($11.76)


PokerStars Hand #151057131448:  Hold'em Limit ($3/$6 USD) - 2016/03/28 7:39:11 ET
Table 'Salyut' 6-max Seat #2 is the button
Seat 2: frans72 ($166.67 in chips)
Seat 4: Actionni13 ($174.34 in chips)
frans72: posts small blind $1
Actionni13: posts big blind $3
*** HOLE CARDS ***
frans72: raises $3 to $6
Actionni13: calls $3
*** FLOP *** [5c Qd Qs]
Actionni13: checks
frans72: bets $3
Actionni13: calls $3
*** TURN *** [5c Qd Qs] [4h]
Actionni13: checks
frans72: checks
*** RIVER *** [5c Qd Qs 4h] [As]
Actionni13: checks
frans72: bets $6
Actionni13: raises $6 to $12
frans72: folds
Uncalled bet ($6) returned to Actionni13
Actionni13 collected $29.50 from pot
Actionni13: doesn't show hand
*** SUMMARY ***
Total pot $30 | Rake $0.50
Board [5c Qd Qs 4h As]
Seat 2: frans72 (button) (small blind) folded on the River
Seat 4: Actionni13 (big blind) collected ($29.50)


PokerStars Hand #151057160238:  Hold'em Limit ($3/$6 USD) - 2016/03/28 7:40:04 ET
Table 'Salyut' 6-max Seat #4 is the button
Seat 2: frans72 ($151.43 in chips)
Seat 4: Actionni13 ($188.60 in chips)
Actionni13: posts small blind $1
frans72: posts big blind $3
*** HOLE CARDS ***
Actionni13: raises $3 to $6
frans72: calls $3
*** FLOP *** [Tc 9s 6c]
frans72: checks
Actionni13: checks
*** TURN *** [Tc 9s 6c] [4d]
frans72: checks
Actionni13: bets $6
frans72: calls $6
*** RIVER *** [Tc 9s 6c 4d] [5s]
frans72: checks
Actionni13: checks
*** SHOW DOWN ***
frans72: shows [Ad 8h] (high card Ace)
Actionni13: shows [Jc 6s] (a pair of Sixes)
Actionni13 collected $23.52 from pot
*** SUMMARY ***
Total pot $24 | Rake $0.48
Board [Tc 9s 6c 4d 5s]
Seat 2: frans72 (big blind) showed [Ad 8h] and lost with high card Ace
Seat 4: Actionni13 (button) (small blind) showed [Jc 6s] and won ($23.52) with a pair of Sixes


