PokerStars Hand #149521938771:  Hold'em Limit ($3/$6 USD) - 2016/02/27 16:43:54 ET
Table 'Samitchell II' 6-max Seat #4 is the button
Seat 4: AzureCaper ($72 in chips)
Seat 5: PeteSvensson ($124 in chips)
AzureCaper: posts small blind $1
PeteSvensson: posts big blind $3
*** HOLE CARDS ***
AzureCaper: raises $3 to $6
PeteSvensson: calls $3
*** FLOP *** [Th 8s Jh]
PeteSvensson: checks
AzureCaper: bets $3
PeteSvensson: raises $3 to $6
AzureCaper: calls $3
*** TURN *** [Th 8s Jh] [9c]
PeteSvensson: bets $6
AzureCaper: raises $6 to $12
PeteSvensson: raises $6 to $18
AzureCaper: raises $6 to $24
Betting is capped
PeteSvensson: folds
Uncalled bet ($6) returned to AzureCaper
AzureCaper collected $59.50 from pot
AzureCaper: doesn't show hand
*** SUMMARY ***
Total pot $60 | Rake $0.50
Board [Th 8s Jh 9c]
Seat 4: AzureCaper (button) (small blind) collected ($59.50)
Seat 5: PeteSvensson (big blind) folded on the Turn


PokerStars Hand #149521954214:  Hold'em Limit ($3/$6 USD) - 2016/02/27 16:44:10 ET
Table 'Samitchell II' 6-max Seat #5 is the button
Seat 4: AzureCaper ($101.50 in chips)
Seat 5: PeteSvensson ($94 in chips)
PeteSvensson: posts small blind $1
AzureCaper: posts big blind $3
*** HOLE CARDS ***
PeteSvensson: raises $3 to $6
AzureCaper: calls $3
*** FLOP *** [9d Ac As]
AzureCaper: checks
PeteSvensson: bets $3
AzureCaper: raises $3 to $6
PeteSvensson: calls $3
*** TURN *** [9d Ac As] [3s]
AzureCaper: bets $6
PeteSvensson: raises $6 to $12
AzureCaper: raises $6 to $18
PeteSvensson: calls $6
*** RIVER *** [9d Ac As 3s] [5d]
AzureCaper: bets $6
PeteSvensson: calls $6
*** SHOW DOWN ***
AzureCaper: shows [2c 5s] (two pair, Aces and Fives)
PeteSvensson: shows [Th Td] (two pair, Aces and Tens)
PeteSvensson collected $71.50 from pot
*** SUMMARY ***
Total pot $72 | Rake $0.50
Board [9d Ac As 3s 5d]
Seat 4: AzureCaper (big blind) showed [2c 5s] and lost with two pair, Aces and Fives
Seat 5: PeteSvensson (button) (small blind) showed [Th Td] and won ($71.50) with two pair, Aces and Tens


PokerStars Hand #149521969360:  Hold'em Limit ($3/$6 USD) - 2016/02/27 16:44:25 ET
Table 'Samitchell II' 6-max Seat #4 is the button
Seat 4: AzureCaper ($72 in chips)
Seat 5: PeteSvensson ($129.50 in chips)
AzureCaper: posts small blind $1
PeteSvensson: posts big blind $3
*** HOLE CARDS ***
AzureCaper: raises $3 to $6
PeteSvensson: calls $3
*** FLOP *** [6s Ac 3d]
PeteSvensson: checks
AzureCaper: bets $3
PeteSvensson: raises $3 to $6
AzureCaper: raises $3 to $9
PeteSvensson: raises $3 to $12
Betting is capped
AzureCaper: calls $3
*** TURN *** [6s Ac 3d] [3c]
PeteSvensson: bets $6
AzureCaper: raises $6 to $12
PeteSvensson: calls $6
*** RIVER *** [6s Ac 3d 3c] [6d]
PeteSvensson: checks
AzureCaper: checks
*** SHOW DOWN ***
PeteSvensson: shows [Ah 4s] (two pair, Aces and Sixes)
AzureCaper: mucks hand
PeteSvensson collected $59.50 from pot
*** SUMMARY ***
Total pot $60 | Rake $0.50
Board [6s Ac 3d 3c 6d]
Seat 4: AzureCaper (button) (small blind) mucked
Seat 5: PeteSvensson (big blind) showed [Ah 4s] and won ($59.50) with two pair, Aces and Sixes


PokerStars Hand #149521985472:  Hold'em Limit ($3/$6 USD) - 2016/02/27 16:44:41 ET
Table 'Samitchell II' 6-max Seat #5 is the button
Seat 4: AzureCaper ($72 in chips)
Seat 5: PeteSvensson ($159 in chips)
PeteSvensson: posts small blind $1
AzureCaper: posts big blind $3
*** HOLE CARDS ***
PeteSvensson: raises $3 to $6
AzureCaper: folds
Uncalled bet ($3) returned to PeteSvensson
PeteSvensson collected $6 from pot
PeteSvensson: doesn't show hand
*** SUMMARY ***
Total pot $6 | Rake $0
Seat 4: AzureCaper (big blind) folded before Flop
Seat 5: PeteSvensson (button) (small blind) collected ($6)


PokerStars Hand #149522035621:  Hold'em Limit ($3/$6 USD) - 2016/02/27 16:45:31 ET
Table 'Samitchell II' 6-max Seat #4 is the button
Seat 4: AzureCaper ($95.50 in chips)
Seat 5: PeteSvensson ($168.26 in chips)
AzureCaper: posts small blind $1
PeteSvensson: posts big blind $3
*** HOLE CARDS ***
AzureCaper: raises $3 to $6
PeteSvensson: calls $3
*** FLOP *** [8h 4c Js]
PeteSvensson: checks
AzureCaper: bets $3
PeteSvensson: calls $3
*** TURN *** [8h 4c Js] [6c]
PeteSvensson: checks
AzureCaper: bets $6
PeteSvensson: calls $6
*** RIVER *** [8h 4c Js 6c] [8s]
PeteSvensson: checks
AzureCaper: bets $6
PeteSvensson: folds
Uncalled bet ($6) returned to AzureCaper
AzureCaper collected $29.50 from pot
AzureCaper: doesn't show hand
*** SUMMARY ***
Total pot $30 | Rake $0.50
Board [8h 4c Js 6c 8s]
Seat 4: AzureCaper (button) (small blind) collected ($29.50)
Seat 5: PeteSvensson (big blind) folded on the River


PokerStars Hand #149522019653:  Hold'em Limit ($3/$6 USD) - 2016/02/27 16:45:15 ET
Table 'Samitchell II' 6-max Seat #5 is the button
Seat 4: AzureCaper ($72 in chips)
Seat 5: PeteSvensson ($192.26 in chips)
PeteSvensson: posts small blind $1
AzureCaper: posts big blind $3
*** HOLE CARDS ***
PeteSvensson: raises $3 to $6
AzureCaper: calls $3
*** FLOP *** [9h 7s 4d]
AzureCaper: checks
PeteSvensson: bets $3
AzureCaper: raises $3 to $6
PeteSvensson: calls $3
*** TURN *** [9h 7s 4d] [6d]
AzureCaper: bets $6
PeteSvensson: calls $6
*** RIVER *** [9h 7s 4d 6d] [5s]
AzureCaper: bets $6
PeteSvensson: calls $6
*** SHOW DOWN ***
AzureCaper: shows [5c 7h] (two pair, Sevens and Fives)
PeteSvensson: mucks hand
AzureCaper collected $47.50 from pot
*** SUMMARY ***
Total pot $48 | Rake $0.50
Board [9h 7s 4d 6d 5s]
Seat 4: AzureCaper (big blind) showed [5c 7h] and won ($47.50) with two pair, Sevens and Fives
Seat 5: PeteSvensson (button) (small blind) mucked


PokerStars Hand #149522116524:  Hold'em Limit ($3/$6 USD) - 2016/02/27 16:46:50 ET
Table 'Samitchell II' 6-max Seat #4 is the button
Seat 4: AzureCaper ($83.50 in chips)
Seat 5: PeteSvensson ($178.26 in chips)
AzureCaper: posts small blind $1
PeteSvensson: posts big blind $3
*** HOLE CARDS ***
AzureCaper: raises $3 to $6
PeteSvensson: folds
Uncalled bet ($3) returned to AzureCaper
AzureCaper collected $6 from pot
AzureCaper: doesn't show hand
*** SUMMARY ***
Total pot $6 | Rake $0
Seat 4: AzureCaper (button) (small blind) collected ($6)
Seat 5: PeteSvensson (big blind) folded before Flop


PokerStars Hand #149522110226:  Hold'em Limit ($3/$6 USD) - 2016/02/27 16:46:44 ET
Table 'Samitchell II' 6-max Seat #5 is the button
Seat 4: AzureCaper ($82.50 in chips)
Seat 5: PeteSvensson ($179.26 in chips)
PeteSvensson: posts small blind $1
AzureCaper: posts big blind $3
*** HOLE CARDS ***
PeteSvensson: folds
Uncalled bet ($2) returned to AzureCaper
AzureCaper collected $2 from pot
AzureCaper: doesn't show hand
*** SUMMARY ***
Total pot $2 | Rake $0
Seat 4: AzureCaper (big blind) collected ($2)
Seat 5: PeteSvensson (button) (small blind) folded before Flop


PokerStars Hand #149522103656:  Hold'em Limit ($3/$6 USD) - 2016/02/27 16:46:38 ET
Table 'Samitchell II' 6-max Seat #4 is the button
Seat 4: AzureCaper ($79.50 in chips)
Seat 5: PeteSvensson ($182.26 in chips)
AzureCaper: posts small blind $1
PeteSvensson: posts big blind $3
*** HOLE CARDS ***
AzureCaper: raises $3 to $6
PeteSvensson: folds
Uncalled bet ($3) returned to AzureCaper
AzureCaper collected $6 from pot
AzureCaper: doesn't show hand
*** SUMMARY ***
Total pot $6 | Rake $0
Seat 4: AzureCaper (button) (small blind) collected ($6)
Seat 5: PeteSvensson (big blind) folded before Flop


PokerStars Hand #149522079892:  Hold'em Limit ($3/$6 USD) - 2016/02/27 16:46:14 ET
Table 'Samitchell II' 6-max Seat #5 is the button
Seat 4: AzureCaper ($103.50 in chips)
Seat 5: PeteSvensson ($158.76 in chips)
PeteSvensson: posts small blind $1
AzureCaper: posts big blind $3
*** HOLE CARDS ***
PeteSvensson: raises $3 to $6
AzureCaper: calls $3
*** FLOP *** [Ac 8s Ts]
AzureCaper: checks
PeteSvensson: bets $3
AzureCaper: raises $3 to $6
PeteSvensson: calls $3
*** TURN *** [Ac 8s Ts] [9c]
AzureCaper: bets $6
PeteSvensson: raises $6 to $12
AzureCaper: calls $6
*** RIVER *** [Ac 8s Ts 9c] [4s]
AzureCaper: checks
PeteSvensson: bets $6
AzureCaper: folds
Uncalled bet ($6) returned to PeteSvensson
PeteSvensson collected $47.50 from pot
PeteSvensson: doesn't show hand
*** SUMMARY ***
Total pot $48 | Rake $0.50
Board [Ac 8s Ts 9c 4s]
Seat 4: AzureCaper (big blind) folded on the River
Seat 5: PeteSvensson (button) (small blind) collected ($47.50)


PokerStars Hand #149522065851:  Hold'em Limit ($3/$6 USD) - 2016/02/27 16:46:00 ET
Table 'Samitchell II' 6-max Seat #4 is the button
Seat 4: AzureCaper ($124.50 in chips)
Seat 5: PeteSvensson ($138.26 in chips)
AzureCaper: posts small blind $1
PeteSvensson: posts big blind $3
*** HOLE CARDS ***
AzureCaper: raises $3 to $6
PeteSvensson: calls $3
*** FLOP *** [7s Th Qs]
PeteSvensson: checks
AzureCaper: bets $3
PeteSvensson: raises $3 to $6
AzureCaper: raises $3 to $9
PeteSvensson: calls $3
*** TURN *** [7s Th Qs] [9s]
PeteSvensson: checks
AzureCaper: checks
*** RIVER *** [7s Th Qs 9s] [As]
PeteSvensson: bets $6
AzureCaper: calls $6
*** SHOW DOWN ***
PeteSvensson: shows [6s 7d] (a flush, Ace high)
AzureCaper: mucks hand
PeteSvensson collected $41.50 from pot
*** SUMMARY ***
Total pot $42 | Rake $0.50
Board [7s Th Qs 9s As]
Seat 4: AzureCaper (button) (small blind) mucked
Seat 5: PeteSvensson (big blind) showed [6s 7d] and won ($41.50) with a flush, Ace high


PokerStars Hand #149522050214:  Hold'em Limit ($3/$6 USD) - 2016/02/27 16:45:45 ET
Table 'Samitchell II' 6-max Seat #5 is the button
Seat 4: AzureCaper ($110 in chips)
Seat 5: PeteSvensson ($153.26 in chips)
PeteSvensson: posts small blind $1
AzureCaper: posts big blind $3
*** HOLE CARDS ***
PeteSvensson: raises $3 to $6
AzureCaper: calls $3
*** FLOP *** [4c 4s Qs]
AzureCaper: checks
PeteSvensson: bets $3
AzureCaper: calls $3
*** TURN *** [4c 4s Qs] [3c]
AzureCaper: checks
PeteSvensson: bets $6
AzureCaper: calls $6
*** RIVER *** [4c 4s Qs 3c] [9d]
AzureCaper: checks
PeteSvensson: checks
*** SHOW DOWN ***
AzureCaper: shows [Tc Ks] (a pair of Fours)
PeteSvensson: mucks hand
AzureCaper collected $29.50 from pot
*** SUMMARY ***
Total pot $30 | Rake $0.50
Board [4c 4s Qs 3c 9d]
Seat 4: AzureCaper (big blind) showed [Tc Ks] and won ($29.50) with a pair of Fours
Seat 5: PeteSvensson (button) (small blind) mucked


PokerStars Hand #149522171466:  Hold'em Limit ($3/$6 USD) - 2016/02/27 16:47:41 ET
Table 'Samitchell II' 6-max Seat #5 is the button
Seat 4: AzureCaper ($72 in chips)
Seat 5: PeteSvensson ($200.40 in chips)
PeteSvensson: posts small blind $1
AzureCaper: posts big blind $3
*** HOLE CARDS ***
PeteSvensson: raises $3 to $6
AzureCaper: folds
Uncalled bet ($3) returned to PeteSvensson
PeteSvensson collected $6 from pot
PeteSvensson: doesn't show hand
*** SUMMARY ***
Total pot $6 | Rake $0
Seat 4: AzureCaper (big blind) folded before Flop
Seat 5: PeteSvensson (button) (small blind) collected ($6)


PokerStars Hand #149522161985:  Hold'em Limit ($3/$6 USD) - 2016/02/27 16:47:32 ET
Table 'Samitchell II' 6-max Seat #4 is the button
Seat 4: AzureCaper ($72 in chips)
Seat 5: PeteSvensson ($191.76 in chips)
AzureCaper: posts small blind $1
PeteSvensson: posts big blind $3
*** HOLE CARDS ***
AzureCaper: raises $3 to $6
PeteSvensson: calls $3
*** FLOP *** [9s Ah 8d]
PeteSvensson: checks
AzureCaper: bets $3
PeteSvensson: raises $3 to $6
AzureCaper: folds
Uncalled bet ($3) returned to PeteSvensson
PeteSvensson collected $17.64 from pot
PeteSvensson: doesn't show hand
*** SUMMARY ***
Total pot $18 | Rake $0.36
Board [9s Ah 8d]
Seat 4: AzureCaper (button) (small blind) folded on the Flop
Seat 5: PeteSvensson (big blind) collected ($17.64)


PokerStars Hand #149522148195:  Hold'em Limit ($3/$6 USD) - 2016/02/27 16:47:20 ET
Table 'Samitchell II' 6-max Seat #5 is the button
Seat 4: AzureCaper ($90.50 in chips)
Seat 5: PeteSvensson ($171.26 in chips)
PeteSvensson: posts small blind $1
AzureCaper: posts big blind $3
*** HOLE CARDS ***
PeteSvensson: raises $3 to $6
AzureCaper: calls $3
*** FLOP *** [8h 4c 7c]
AzureCaper: checks
PeteSvensson: bets $3
AzureCaper: calls $3
*** TURN *** [8h 4c 7c] [9s]
AzureCaper: checks
PeteSvensson: bets $6
AzureCaper: calls $6
*** RIVER *** [8h 4c 7c 9s] [2c]
AzureCaper: checks
PeteSvensson: bets $6
AzureCaper: calls $6
*** SHOW DOWN ***
PeteSvensson: shows [9c Kh] (a pair of Nines)
AzureCaper: mucks hand
PeteSvensson collected $41.50 from pot
*** SUMMARY ***
Total pot $42 | Rake $0.50
Board [8h 4c 7c 9s 2c]
Seat 4: AzureCaper (big blind) mucked
Seat 5: PeteSvensson (button) (small blind) showed [9c Kh] and won ($41.50) with a pair of Nines


PokerStars Hand #149522142145:  Hold'em Limit ($3/$6 USD) - 2016/02/27 16:47:14 ET
Table 'Samitchell II' 6-max Seat #4 is the button
Seat 4: AzureCaper ($87.50 in chips)
Seat 5: PeteSvensson ($174.26 in chips)
AzureCaper: posts small blind $1
PeteSvensson: posts big blind $3
*** HOLE CARDS ***
AzureCaper: raises $3 to $6
PeteSvensson: folds
Uncalled bet ($3) returned to AzureCaper
AzureCaper collected $6 from pot
AzureCaper: doesn't show hand
*** SUMMARY ***
Total pot $6 | Rake $0
Seat 4: AzureCaper (button) (small blind) collected ($6)
Seat 5: PeteSvensson (big blind) folded before Flop


PokerStars Hand #149522135026:  Hold'em Limit ($3/$6 USD) - 2016/02/27 16:47:08 ET
Table 'Samitchell II' 6-max Seat #5 is the button
Seat 4: AzureCaper ($86.50 in chips)
Seat 5: PeteSvensson ($175.26 in chips)
PeteSvensson: posts small blind $1
AzureCaper: posts big blind $3
*** HOLE CARDS ***
PeteSvensson: folds
Uncalled bet ($2) returned to AzureCaper
AzureCaper collected $2 from pot
AzureCaper: doesn't show hand
*** SUMMARY ***
Total pot $2 | Rake $0
Seat 4: AzureCaper (big blind) collected ($2)
Seat 5: PeteSvensson (button) (small blind) folded before Flop


PokerStars Hand #149522129170:  Hold'em Limit ($3/$6 USD) - 2016/02/27 16:47:02 ET
Table 'Samitchell II' 6-max Seat #4 is the button
Seat 4: AzureCaper ($87.50 in chips)
Seat 5: PeteSvensson ($174.26 in chips)
AzureCaper: posts small blind $1
PeteSvensson: posts big blind $3
*** HOLE CARDS ***
AzureCaper: folds
Uncalled bet ($2) returned to PeteSvensson
PeteSvensson collected $2 from pot
PeteSvensson: doesn't show hand
*** SUMMARY ***
Total pot $2 | Rake $0
Seat 4: AzureCaper (button) (small blind) folded before Flop
Seat 5: PeteSvensson (big blind) collected ($2)


PokerStars Hand #149522121359:  Hold'em Limit ($3/$6 USD) - 2016/02/27 16:46:55 ET
Table 'Samitchell II' 6-max Seat #5 is the button
Seat 4: AzureCaper ($86.50 in chips)
Seat 5: PeteSvensson ($175.26 in chips)
PeteSvensson: posts small blind $1
AzureCaper: posts big blind $3
*** HOLE CARDS ***
PeteSvensson: folds
Uncalled bet ($2) returned to AzureCaper
AzureCaper collected $2 from pot
AzureCaper: doesn't show hand
*** SUMMARY ***
Total pot $2 | Rake $0
Seat 4: AzureCaper (big blind) collected ($2)
Seat 5: PeteSvensson (button) (small blind) folded before Flop


PokerStars Hand #149522182414:  Hold'em Limit ($3/$6 USD) - 2016/02/27 16:47:51 ET
Table 'Samitchell II' 6-max Seat #5 is the button
Seat 4: AzureCaper ($75 in chips)
Seat 5: PeteSvensson ($200.40 in chips)
PeteSvensson: posts small blind $1
AzureCaper: posts big blind $3
*** HOLE CARDS ***
PeteSvensson: folds
Uncalled bet ($2) returned to AzureCaper
AzureCaper collected $2 from pot
AzureCaper: doesn't show hand
*** SUMMARY ***
Total pot $2 | Rake $0
Seat 4: AzureCaper (big blind) collected ($2)
Seat 5: PeteSvensson (button) (small blind) folded before Flop


PokerStars Hand #149522176874:  Hold'em Limit ($3/$6 USD) - 2016/02/27 16:47:46 ET
Table 'Samitchell II' 6-max Seat #4 is the button
Seat 4: AzureCaper ($72 in chips)
Seat 5: PeteSvensson ($203.40 in chips)
AzureCaper: posts small blind $1
PeteSvensson: posts big blind $3
*** HOLE CARDS ***
AzureCaper: raises $3 to $6
PeteSvensson: folds
Uncalled bet ($3) returned to AzureCaper
AzureCaper collected $6 from pot
AzureCaper: doesn't show hand
*** SUMMARY ***
Total pot $6 | Rake $0
Seat 4: AzureCaper (button) (small blind) collected ($6)
Seat 5: PeteSvensson (big blind) folded before Flop


PokerStars Hand #149522253394:  Hold'em Limit ($3/$6 USD) - 2016/02/27 16:48:54 ET
Table 'Samitchell II' 6-max Seat #5 is the button
Seat 4: AzureCaper ($108 in chips)
Seat 5: PeteSvensson ($166.16 in chips)
PeteSvensson: posts small blind $1
AzureCaper: posts big blind $3
*** HOLE CARDS ***
PeteSvensson: raises $3 to $6
AzureCaper: folds
Uncalled bet ($3) returned to PeteSvensson
PeteSvensson collected $6 from pot
PeteSvensson: doesn't show hand
*** SUMMARY ***
Total pot $6 | Rake $0
Seat 4: AzureCaper (big blind) folded before Flop
Seat 5: PeteSvensson (button) (small blind) collected ($6)


PokerStars Hand #149522243105:  Hold'em Limit ($3/$6 USD) - 2016/02/27 16:48:45 ET
Table 'Samitchell II' 6-max Seat #4 is the button
Seat 4: AzureCaper ($114 in chips)
Seat 5: PeteSvensson ($160.40 in chips)
AzureCaper: posts small blind $1
PeteSvensson: posts big blind $3
*** HOLE CARDS ***
AzureCaper: raises $3 to $6
PeteSvensson: calls $3
*** FLOP *** [3h 9h 3d]
PeteSvensson: checks
AzureCaper: checks
*** TURN *** [3h 9h 3d] [Jc]
PeteSvensson: bets $6
AzureCaper: folds
Uncalled bet ($6) returned to PeteSvensson
PeteSvensson collected $11.76 from pot
PeteSvensson: doesn't show hand
*** SUMMARY ***
Total pot $12 | Rake $0.24
Board [3h 9h 3d Jc]
Seat 4: AzureCaper (button) (small blind) folded on the Turn
Seat 5: PeteSvensson (big blind) collected ($11.76)


PokerStars Hand #149522237994:  Hold'em Limit ($3/$6 USD) - 2016/02/27 16:48:41 ET
Table 'Samitchell II' 6-max Seat #5 is the button
Seat 4: AzureCaper ($113 in chips)
Seat 5: PeteSvensson ($161.40 in chips)
PeteSvensson: posts small blind $1
AzureCaper: posts big blind $3
*** HOLE CARDS ***
PeteSvensson: folds
Uncalled bet ($2) returned to AzureCaper
AzureCaper collected $2 from pot
AzureCaper: doesn't show hand
*** SUMMARY ***
Total pot $2 | Rake $0
Seat 4: AzureCaper (big blind) collected ($2)
Seat 5: PeteSvensson (button) (small blind) folded before Flop


PokerStars Hand #149522232804:  Hold'em Limit ($3/$6 USD) - 2016/02/27 16:48:36 ET
Table 'Samitchell II' 6-max Seat #4 is the button
Seat 4: AzureCaper ($114 in chips)
Seat 5: PeteSvensson ($160.40 in chips)
AzureCaper: posts small blind $1
PeteSvensson: posts big blind $3
*** HOLE CARDS ***
AzureCaper: folds
Uncalled bet ($2) returned to PeteSvensson
PeteSvensson collected $2 from pot
PeteSvensson: doesn't show hand
*** SUMMARY ***
Total pot $2 | Rake $0
Seat 4: AzureCaper (button) (small blind) folded before Flop
Seat 5: PeteSvensson (big blind) collected ($2)


PokerStars Hand #149522216740:  Hold'em Limit ($3/$6 USD) - 2016/02/27 16:48:21 ET
Table 'Samitchell II' 6-max Seat #5 is the button
Seat 4: AzureCaper ($96.50 in chips)
Seat 5: PeteSvensson ($178.40 in chips)
PeteSvensson: posts small blind $1
AzureCaper: posts big blind $3
*** HOLE CARDS ***
PeteSvensson: raises $3 to $6
AzureCaper: raises $3 to $9
PeteSvensson: calls $3
*** FLOP *** [Ts 9c Ks]
AzureCaper: bets $3
PeteSvensson: calls $3
*** TURN *** [Ts 9c Ks] [3c]
AzureCaper: bets $6
PeteSvensson: calls $6
*** RIVER *** [Ts 9c Ks 3c] [8s]
AzureCaper: bets $6
PeteSvensson: folds
Uncalled bet ($6) returned to AzureCaper
AzureCaper collected $35.50 from pot
AzureCaper: doesn't show hand
*** SUMMARY ***
Total pot $36 | Rake $0.50
Board [Ts 9c Ks 3c 8s]
Seat 4: AzureCaper (big blind) collected ($35.50)
Seat 5: PeteSvensson (button) (small blind) folded on the River


PokerStars Hand #149522200759:  Hold'em Limit ($3/$6 USD) - 2016/02/27 16:48:07 ET
Table 'Samitchell II' 6-max Seat #4 is the button
Seat 4: AzureCaper ($76 in chips)
Seat 5: PeteSvensson ($199.40 in chips)
AzureCaper: posts small blind $1
PeteSvensson: posts big blind $3
*** HOLE CARDS ***
AzureCaper: raises $3 to $6
PeteSvensson: calls $3
*** FLOP *** [6d Ks 8s]
PeteSvensson: checks
AzureCaper: bets $3
PeteSvensson: calls $3
*** TURN *** [6d Ks 8s] [6h]
PeteSvensson: checks
AzureCaper: bets $6
PeteSvensson: calls $6
*** RIVER *** [6d Ks 8s 6h] [4c]
PeteSvensson: checks
AzureCaper: bets $6
PeteSvensson: calls $6
*** SHOW DOWN ***
AzureCaper: shows [Kh Ah] (two pair, Kings and Sixes)
PeteSvensson: mucks hand
AzureCaper collected $41.50 from pot
*** SUMMARY ***
Total pot $42 | Rake $0.50
Board [6d Ks 8s 6h 4c]
Seat 4: AzureCaper (button) (small blind) showed [Kh Ah] and won ($41.50) with two pair, Kings and Sixes
Seat 5: PeteSvensson (big blind) mucked


PokerStars Hand #149522193331:  Hold'em Limit ($3/$6 USD) - 2016/02/27 16:48:00 ET
Table 'Samitchell II' 6-max Seat #5 is the button
Seat 4: AzureCaper ($79 in chips)
Seat 5: PeteSvensson ($196.40 in chips)
PeteSvensson: posts small blind $1
AzureCaper: posts big blind $3
*** HOLE CARDS ***
PeteSvensson: raises $3 to $6
AzureCaper: folds
Uncalled bet ($3) returned to PeteSvensson
PeteSvensson collected $6 from pot
PeteSvensson: doesn't show hand
*** SUMMARY ***
Total pot $6 | Rake $0
Seat 4: AzureCaper (big blind) folded before Flop
Seat 5: PeteSvensson (button) (small blind) collected ($6)


PokerStars Hand #149522187727:  Hold'em Limit ($3/$6 USD) - 2016/02/27 16:47:55 ET
Table 'Samitchell II' 6-max Seat #4 is the button
Seat 4: AzureCaper ($76 in chips)
Seat 5: PeteSvensson ($199.40 in chips)
AzureCaper: posts small blind $1
PeteSvensson: posts big blind $3
*** HOLE CARDS ***
AzureCaper: raises $3 to $6
PeteSvensson: folds
Uncalled bet ($3) returned to AzureCaper
AzureCaper collected $6 from pot
AzureCaper: doesn't show hand
*** SUMMARY ***
Total pot $6 | Rake $0
Seat 4: AzureCaper (button) (small blind) collected ($6)
Seat 5: PeteSvensson (big blind) folded before Flop


PokerStars Hand #149522307418:  Hold'em Limit ($3/$6 USD) - 2016/02/27 16:49:43 ET
Table 'Samitchell II' 6-max Seat #4 is the button
Seat 4: AzureCaper ($130.14 in chips)
Seat 5: PeteSvensson ($142.92 in chips)
AzureCaper: posts small blind $1
PeteSvensson: posts big blind $3
*** HOLE CARDS ***
AzureCaper: raises $3 to $6
PeteSvensson: folds
Uncalled bet ($3) returned to AzureCaper
AzureCaper collected $6 from pot
AzureCaper: doesn't show hand
*** SUMMARY ***
Total pot $6 | Rake $0
Seat 4: AzureCaper (button) (small blind) collected ($6)
Seat 5: PeteSvensson (big blind) folded before Flop


PokerStars Hand #149522291403:  Hold'em Limit ($3/$6 USD) - 2016/02/27 16:49:28 ET
Table 'Samitchell II' 6-max Seat #5 is the button
Seat 4: AzureCaper ($136.14 in chips)
Seat 5: PeteSvensson ($137.16 in chips)
PeteSvensson: posts small blind $1
AzureCaper: posts big blind $3
*** HOLE CARDS ***
PeteSvensson: raises $3 to $6
AzureCaper: calls $3
*** FLOP *** [3c Ks Qs]
AzureCaper: checks
PeteSvensson: bets $3
AzureCaper: folds
Uncalled bet ($3) returned to PeteSvensson
PeteSvensson collected $11.76 from pot
PeteSvensson: doesn't show hand
*** SUMMARY ***
Total pot $12 | Rake $0.24
Board [3c Ks Qs]
Seat 4: AzureCaper (big blind) folded on the Flop
Seat 5: PeteSvensson (button) (small blind) collected ($11.76)


PokerStars Hand #149522286285:  Hold'em Limit ($3/$6 USD) - 2016/02/27 16:49:24 ET
Table 'Samitchell II' 6-max Seat #4 is the button
Seat 4: AzureCaper ($137.14 in chips)
Seat 5: PeteSvensson ($136.16 in chips)
AzureCaper: posts small blind $1
PeteSvensson: posts big blind $3
*** HOLE CARDS ***
AzureCaper: folds
Uncalled bet ($2) returned to PeteSvensson
PeteSvensson collected $2 from pot
PeteSvensson: doesn't show hand
*** SUMMARY ***
Total pot $2 | Rake $0
Seat 4: AzureCaper (button) (small blind) folded before Flop
Seat 5: PeteSvensson (big blind) collected ($2)


PokerStars Hand #149522271134:  Hold'em Limit ($3/$6 USD) - 2016/02/27 16:49:10 ET
Table 'Samitchell II' 6-max Seat #5 is the button
Seat 4: AzureCaper ($113.64 in chips)
Seat 5: PeteSvensson ($160.16 in chips)
PeteSvensson: posts small blind $1
AzureCaper: posts big blind $3
*** HOLE CARDS ***
PeteSvensson: raises $3 to $6
AzureCaper: calls $3
*** FLOP *** [Js 2d 7d]
AzureCaper: checks
PeteSvensson: bets $3
AzureCaper: raises $3 to $6
PeteSvensson: calls $3
*** TURN *** [Js 2d 7d] [6h]
AzureCaper: bets $6
PeteSvensson: raises $6 to $12
AzureCaper: calls $6
*** RIVER *** [Js 2d 7d 6h] [8d]
AzureCaper: checks
PeteSvensson: checks
*** SHOW DOWN ***
AzureCaper: shows [7s 5h] (a pair of Sevens)
PeteSvensson: mucks hand
AzureCaper collected $47.50 from pot
*** SUMMARY ***
Total pot $48 | Rake $0.50
Board [Js 2d 7d 6h 8d]
Seat 4: AzureCaper (big blind) showed [7s 5h] and won ($47.50) with a pair of Sevens
Seat 5: PeteSvensson (button) (small blind) mucked


PokerStars Hand #149522260052:  Hold'em Limit ($3/$6 USD) - 2016/02/27 16:49:00 ET
Table 'Samitchell II' 6-max Seat #4 is the button
Seat 4: AzureCaper ($105 in chips)
Seat 5: PeteSvensson ($169.16 in chips)
AzureCaper: posts small blind $1
PeteSvensson: posts big blind $3
*** HOLE CARDS ***
AzureCaper: raises $3 to $6
PeteSvensson: calls $3
*** FLOP *** [Qs Kc 2h]
PeteSvensson: checks
AzureCaper: bets $3
PeteSvensson: calls $3
*** TURN *** [Qs Kc 2h] [7d]
PeteSvensson: checks
AzureCaper: bets $6
PeteSvensson: folds
Uncalled bet ($6) returned to AzureCaper
AzureCaper collected $17.64 from pot
AzureCaper: doesn't show hand
*** SUMMARY ***
Total pot $18 | Rake $0.36
Board [Qs Kc 2h 7d]
Seat 4: AzureCaper (button) (small blind) collected ($17.64)
Seat 5: PeteSvensson (big blind) folded on the Turn


PokerStars Hand #149522373419:  Hold'em Limit ($3/$6 USD) - 2016/02/27 16:50:43 ET
Table 'Samitchell II' 6-max Seat #5 is the button
Seat 4: AzureCaper ($96.89 in chips)
Seat 5: PeteSvensson ($174.33 in chips)
PeteSvensson: posts small blind $1
AzureCaper: posts big blind $3
*** HOLE CARDS ***
PeteSvensson: raises $3 to $6
AzureCaper: raises $3 to $9
PeteSvensson: calls $3
*** FLOP *** [7h Ah 7s]
AzureCaper: bets $3
PeteSvensson: folds
Uncalled bet ($3) returned to AzureCaper
AzureCaper collected $17.64 from pot
AzureCaper: doesn't show hand
*** SUMMARY ***
Total pot $18 | Rake $0.36
Board [7h Ah 7s]
Seat 4: AzureCaper (big blind) collected ($17.64)
Seat 5: PeteSvensson (button) (small blind) folded on the Flop


PokerStars Hand #149522363626:  Hold'em Limit ($3/$6 USD) - 2016/02/27 16:50:34 ET
Table 'Samitchell II' 6-max Seat #4 is the button
Seat 4: AzureCaper ($105.89 in chips)
Seat 5: PeteSvensson ($165.69 in chips)
AzureCaper: posts small blind $1
PeteSvensson: posts big blind $3
*** HOLE CARDS ***
AzureCaper: raises $3 to $6
PeteSvensson: calls $3
*** FLOP *** [Kh 5h 2h]
PeteSvensson: checks
AzureCaper: bets $3
PeteSvensson: raises $3 to $6
AzureCaper: folds
Uncalled bet ($3) returned to PeteSvensson
PeteSvensson collected $17.64 from pot
PeteSvensson: doesn't show hand
*** SUMMARY ***
Total pot $18 | Rake $0.36
Board [Kh 5h 2h]
Seat 4: AzureCaper (button) (small blind) folded on the Flop
Seat 5: PeteSvensson (big blind) collected ($17.64)


PokerStars Hand #149522348185:  Hold'em Limit ($3/$6 USD) - 2016/02/27 16:50:20 ET
Table 'Samitchell II' 6-max Seat #5 is the button
Seat 4: AzureCaper ($106.14 in chips)
Seat 5: PeteSvensson ($165.94 in chips)
PeteSvensson: posts small blind $1
AzureCaper: posts big blind $3
*** HOLE CARDS ***
PeteSvensson: raises $3 to $6
AzureCaper: calls $3
*** FLOP *** [Ac 9c Ts]
AzureCaper: checks
PeteSvensson: bets $3
AzureCaper: calls $3
*** TURN *** [Ac 9c Ts] [Kd]
AzureCaper: checks
PeteSvensson: checks
*** RIVER *** [Ac 9c Ts Kd] [Jh]
AzureCaper: bets $6
PeteSvensson: raises $6 to $12
AzureCaper: raises $6 to $18
PeteSvensson: raises $6 to $24
Betting is capped
AzureCaper: calls $6
*** SHOW DOWN ***
PeteSvensson: shows [Qd 3c] (a straight, Ten to Ace)
AzureCaper: shows [9d Qs] (a straight, Ten to Ace)
AzureCaper collected $32.75 from pot
PeteSvensson collected $32.75 from pot
*** SUMMARY ***
Total pot $66 | Rake $0.50
Board [Ac 9c Ts Kd Jh]
Seat 4: AzureCaper (big blind) showed [9d Qs] and won ($32.75) with a straight, Ten to Ace
Seat 5: PeteSvensson (button) (small blind) showed [Qd 3c] and won ($32.75) with a straight, Ten to Ace


PokerStars Hand #149522337362:  Hold'em Limit ($3/$6 USD) - 2016/02/27 16:50:10 ET
Table 'Samitchell II' 6-max Seat #4 is the button
Seat 4: AzureCaper ($118.14 in chips)
Seat 5: PeteSvensson ($154.42 in chips)
AzureCaper: posts small blind $1
PeteSvensson: posts big blind $3
*** HOLE CARDS ***
AzureCaper: raises $3 to $6
PeteSvensson: calls $3
*** FLOP *** [7s 7h Ts]
PeteSvensson: checks
AzureCaper: bets $3
PeteSvensson: raises $3 to $6
AzureCaper: calls $3
*** TURN *** [7s 7h Ts] [9h]
PeteSvensson: bets $6
AzureCaper: folds
Uncalled bet ($6) returned to PeteSvensson
PeteSvensson collected $23.52 from pot
PeteSvensson: doesn't show hand
*** SUMMARY ***
Total pot $24 | Rake $0.48
Board [7s 7h Ts 9h]
Seat 4: AzureCaper (button) (small blind) folded on the Turn
Seat 5: PeteSvensson (big blind) collected ($23.52)


PokerStars Hand #149522313019:  Hold'em Limit ($3/$6 USD) - 2016/02/27 16:49:48 ET
Table 'Samitchell II' 6-max Seat #5 is the button
Seat 4: AzureCaper ($133.14 in chips)
Seat 5: PeteSvensson ($139.92 in chips)
PeteSvensson: posts small blind $1
AzureCaper: posts big blind $3
*** HOLE CARDS ***
PeteSvensson: raises $3 to $6
AzureCaper: calls $3
*** FLOP *** [Kc 7d 4d]
AzureCaper: checks
PeteSvensson: bets $3
AzureCaper: calls $3
*** TURN *** [Kc 7d 4d] [3s]
AzureCaper: checks
PeteSvensson: bets $6
AzureCaper: calls $6
*** RIVER *** [Kc 7d 4d 3s] [Ad]
AzureCaper: checks
PeteSvensson: bets $6
AzureCaper: folds
Uncalled bet ($6) returned to PeteSvensson
PeteSvensson collected $29.50 from pot
PeteSvensson: doesn't show hand
*** SUMMARY ***
Total pot $30 | Rake $0.50
Board [Kc 7d 4d 3s Ad]
Seat 4: AzureCaper (big blind) folded on the River
Seat 5: PeteSvensson (button) (small blind) collected ($29.50)


PokerStars Hand #149522421850:  Hold'em Limit ($3/$6 USD) - 2016/02/27 16:51:27 ET
Table 'Samitchell II' 6-max Seat #5 is the button
Seat 4: AzureCaper ($90.03 in chips)
Seat 5: PeteSvensson ($179.33 in chips)
PeteSvensson: posts small blind $1
AzureCaper: posts big blind $3
*** HOLE CARDS ***
PeteSvensson: raises $3 to $6
AzureCaper: calls $3
*** FLOP *** [5d Qs 3c]
AzureCaper: checks
PeteSvensson: bets $3
AzureCaper: calls $3
*** TURN *** [5d Qs 3c] [Jc]
AzureCaper: checks
PeteSvensson: bets $6
AzureCaper: calls $6
*** RIVER *** [5d Qs 3c Jc] [9d]
AzureCaper: checks
PeteSvensson: bets $6
AzureCaper: calls $6
*** SHOW DOWN ***
PeteSvensson: shows [5h 2h] (a pair of Fives)
AzureCaper: mucks hand
PeteSvensson collected $41.50 from pot
*** SUMMARY ***
Total pot $42 | Rake $0.50
Board [5d Qs 3c Jc 9d]
Seat 4: AzureCaper (big blind) mucked
Seat 5: PeteSvensson (button) (small blind) showed [5h 2h] and won ($41.50) with a pair of Fives


PokerStars Hand #149522410181:  Hold'em Limit ($3/$6 USD) - 2016/02/27 16:51:16 ET
Table 'Samitchell II' 6-max Seat #4 is the button
Seat 4: AzureCaper ($72.53 in chips)
Seat 5: PeteSvensson ($197.33 in chips)
AzureCaper: posts small blind $1
PeteSvensson: posts big blind $3
*** HOLE CARDS ***
AzureCaper: raises $3 to $6
PeteSvensson: calls $3
*** FLOP *** [Td 9h 6d]
PeteSvensson: checks
AzureCaper: checks
*** TURN *** [Td 9h 6d] [8s]
PeteSvensson: bets $6
AzureCaper: calls $6
*** RIVER *** [Td 9h 6d 8s] [Ts]
PeteSvensson: bets $6
AzureCaper: calls $6
*** SHOW DOWN ***
PeteSvensson: shows [Kh As] (a pair of Tens)
AzureCaper: shows [Ah 8d] (two pair, Tens and Eights)
AzureCaper collected $35.50 from pot
*** SUMMARY ***
Total pot $36 | Rake $0.50
Board [Td 9h 6d 8s Ts]
Seat 4: AzureCaper (button) (small blind) showed [Ah 8d] and won ($35.50) with two pair, Tens and Eights
Seat 5: PeteSvensson (big blind) showed [Kh As] and lost with a pair of Tens


PokerStars Hand #149522396054:  Hold'em Limit ($3/$6 USD) - 2016/02/27 16:51:04 ET
Table 'Samitchell II' 6-max Seat #5 is the button
Seat 4: AzureCaper ($87.53 in chips)
Seat 5: PeteSvensson ($182.83 in chips)
PeteSvensson: posts small blind $1
AzureCaper: posts big blind $3
*** HOLE CARDS ***
PeteSvensson: raises $3 to $6
AzureCaper: calls $3
*** FLOP *** [6h 4d Kh]
AzureCaper: checks
PeteSvensson: bets $3
AzureCaper: calls $3
*** TURN *** [6h 4d Kh] [Qd]
AzureCaper: checks
PeteSvensson: bets $6
AzureCaper: calls $6
*** RIVER *** [6h 4d Kh Qd] [3d]
AzureCaper: checks
PeteSvensson: bets $6
AzureCaper: folds
Uncalled bet ($6) returned to PeteSvensson
PeteSvensson collected $29.50 from pot
PeteSvensson: doesn't show hand
*** SUMMARY ***
Total pot $30 | Rake $0.50
Board [6h 4d Kh Qd 3d]
Seat 4: AzureCaper (big blind) folded on the River
Seat 5: PeteSvensson (button) (small blind) collected ($29.50)


PokerStars Hand #149522436853:  Hold'em Limit ($3/$6 USD) - 2016/02/27 16:51:41 ET
Table 'Samitchell II' 6-max Seat #4 is the button
Seat 4: AzureCaper ($72 in chips)
Seat 5: PeteSvensson ($199.83 in chips)
AzureCaper: posts small blind $1
PeteSvensson: posts big blind $3
*** HOLE CARDS ***
AzureCaper: raises $3 to $6
PeteSvensson: calls $3
*** FLOP *** [8h 6s 7d]
PeteSvensson: checks
AzureCaper: bets $3
PeteSvensson: raises $3 to $6
AzureCaper: raises $3 to $9
PeteSvensson: raises $3 to $12
Betting is capped
AzureCaper: calls $3
*** TURN *** [8h 6s 7d] [3c]
PeteSvensson: bets $6
AzureCaper: raises $6 to $12
PeteSvensson: raises $6 to $18
AzureCaper: calls $6
*** RIVER *** [8h 6s 7d 3c] [5d]
PeteSvensson: bets $6
AzureCaper: calls $6
*** SHOW DOWN ***
PeteSvensson: shows [4h 5c] (a straight, Four to Eight)
AzureCaper: mucks hand
PeteSvensson collected $83.50 from pot
*** SUMMARY ***
Total pot $84 | Rake $0.50
Board [8h 6s 7d 3c 5d]
Seat 4: AzureCaper (button) (small blind) mucked
Seat 5: PeteSvensson (big blind) showed [4h 5c] and won ($83.50) with a straight, Four to Eight


PokerStars Hand #149522382417:  Hold'em Limit ($3/$6 USD) - 2016/02/27 16:50:51 ET
Table 'Samitchell II' 6-max Seat #4 is the button
Seat 4: AzureCaper ($105.53 in chips)
Seat 5: PeteSvensson ($165.33 in chips)
AzureCaper: posts small blind $1
PeteSvensson: posts big blind $3
*** HOLE CARDS ***
AzureCaper: raises $3 to $6
PeteSvensson: calls $3
*** FLOP *** [Ad 3c 3s]
PeteSvensson: checks
AzureCaper: checks
*** TURN *** [Ad 3c 3s] [7h]
PeteSvensson: bets $6
AzureCaper: calls $6
*** RIVER *** [Ad 3c 3s 7h] [6d]
PeteSvensson: bets $6
AzureCaper: calls $6
*** SHOW DOWN ***
PeteSvensson: shows [4c 6h] (two pair, Sixes and Threes)
AzureCaper: mucks hand
PeteSvensson collected $35.50 from pot
*** SUMMARY ***
Total pot $36 | Rake $0.50
Board [Ad 3c 3s 7h 6d]
Seat 4: AzureCaper (button) (small blind) mucked
Seat 5: PeteSvensson (big blind) showed [4c 6h] and won ($35.50) with two pair, Sixes and Threes


PokerStars Hand #149522499472:  Hold'em Limit ($3/$6 USD) - 2016/02/27 16:52:38 ET
Table 'Samitchell II' 6-max Seat #4 is the button
Seat 4: AzureCaper ($80.50 in chips)
Seat 5: PeteSvensson ($235.09 in chips)
AzureCaper: posts small blind $1
PeteSvensson: posts big blind $3
*** HOLE CARDS ***
AzureCaper: raises $3 to $6
PeteSvensson: calls $3
*** FLOP *** [9s Kh 2d]
PeteSvensson: checks
AzureCaper: checks
*** TURN *** [9s Kh 2d] [Qc]
PeteSvensson: bets $6
AzureCaper: folds
Uncalled bet ($6) returned to PeteSvensson
PeteSvensson collected $11.76 from pot
PeteSvensson: doesn't show hand
*** SUMMARY ***
Total pot $12 | Rake $0.24
Board [9s Kh 2d Qc]
Seat 4: AzureCaper (button) (small blind) folded on the Turn
Seat 5: PeteSvensson (big blind) collected ($11.76)


PokerStars Hand #149522489356:  Hold'em Limit ($3/$6 USD) - 2016/02/27 16:52:29 ET
Table 'Samitchell II' 6-max Seat #5 is the button
Seat 4: AzureCaper ($86.50 in chips)
Seat 5: PeteSvensson ($229.33 in chips)
PeteSvensson: posts small blind $1
AzureCaper: posts big blind $3
*** HOLE CARDS ***
PeteSvensson: raises $3 to $6
AzureCaper: calls $3
*** FLOP *** [Jc 8h Ah]
AzureCaper: checks
PeteSvensson: bets $3
AzureCaper: folds
Uncalled bet ($3) returned to PeteSvensson
PeteSvensson collected $11.76 from pot
PeteSvensson: doesn't show hand
*** SUMMARY ***
Total pot $12 | Rake $0.24
Board [Jc 8h Ah]
Seat 4: AzureCaper (big blind) folded on the Flop
Seat 5: PeteSvensson (button) (small blind) collected ($11.76)


PokerStars Hand #149522472816:  Hold'em Limit ($3/$6 USD) - 2016/02/27 16:52:14 ET
Table 'Samitchell II' 6-max Seat #4 is the button
Seat 4: AzureCaper ($72 in chips)
Seat 5: PeteSvensson ($244.33 in chips)
AzureCaper: posts small blind $1
PeteSvensson: posts big blind $3
*** HOLE CARDS ***
AzureCaper: raises $3 to $6
PeteSvensson: calls $3
*** FLOP *** [8h 2d 4h]
PeteSvensson: checks
AzureCaper: bets $3
PeteSvensson: raises $3 to $6
AzureCaper: raises $3 to $9
PeteSvensson: calls $3
*** TURN *** [8h 2d 4h] [4d]
PeteSvensson: checks
AzureCaper: bets $6
PeteSvensson: folds
Uncalled bet ($6) returned to AzureCaper
AzureCaper collected $29.50 from pot
AzureCaper: doesn't show hand
*** SUMMARY ***
Total pot $30 | Rake $0.50
Board [8h 2d 4h 4d]
Seat 4: AzureCaper (button) (small blind) collected ($29.50)
Seat 5: PeteSvensson (big blind) folded on the Turn


PokerStars Hand #149522467797:  Hold'em Limit ($3/$6 USD) - 2016/02/27 16:52:09 ET
Table 'Samitchell II' 6-max Seat #5 is the button
Seat 4: AzureCaper ($75 in chips)
Seat 5: PeteSvensson ($241.33 in chips)
PeteSvensson: posts small blind $1
AzureCaper: posts big blind $3
*** HOLE CARDS ***
PeteSvensson: raises $3 to $6
AzureCaper: folds
Uncalled bet ($3) returned to PeteSvensson
PeteSvensson collected $6 from pot
PeteSvensson: doesn't show hand
*** SUMMARY ***
Total pot $6 | Rake $0
Seat 4: AzureCaper (big blind) folded before Flop
Seat 5: PeteSvensson (button) (small blind) collected ($6)


PokerStars Hand #149522462775:  Hold'em Limit ($3/$6 USD) - 2016/02/27 16:52:04 ET
Table 'Samitchell II' 6-max Seat #4 is the button
Seat 4: AzureCaper ($72 in chips)
Seat 5: PeteSvensson ($244.33 in chips)
AzureCaper: posts small blind $1
PeteSvensson: posts big blind $3
*** HOLE CARDS ***
AzureCaper: raises $3 to $6
PeteSvensson: folds
Uncalled bet ($3) returned to AzureCaper
AzureCaper collected $6 from pot
AzureCaper: doesn't show hand
*** SUMMARY ***
Total pot $6 | Rake $0
Seat 4: AzureCaper (button) (small blind) collected ($6)
Seat 5: PeteSvensson (big blind) folded before Flop


PokerStars Hand #149522457321:  Hold'em Limit ($3/$6 USD) - 2016/02/27 16:51:59 ET
Table 'Samitchell II' 6-max Seat #5 is the button
Seat 4: AzureCaper ($72 in chips)
Seat 5: PeteSvensson ($241.33 in chips)
PeteSvensson: posts small blind $1
AzureCaper: posts big blind $3
*** HOLE CARDS ***
PeteSvensson: raises $3 to $6
AzureCaper: folds
Uncalled bet ($3) returned to PeteSvensson
PeteSvensson collected $6 from pot
PeteSvensson: doesn't show hand
*** SUMMARY ***
Total pot $6 | Rake $0
Seat 4: AzureCaper (big blind) folded before Flop
Seat 5: PeteSvensson (button) (small blind) collected ($6)


PokerStars Hand #149522512456:  Hold'em Limit ($3/$6 USD) - 2016/02/27 16:52:50 ET
Table 'Samitchell II' 6-max Seat #5 is the button
Seat 4: AzureCaper ($74.50 in chips)
Seat 5: PeteSvensson ($240.85 in chips)
PeteSvensson: posts small blind $1
AzureCaper: posts big blind $3
*** HOLE CARDS ***
PeteSvensson: raises $3 to $6
AzureCaper: calls $3
*** FLOP *** [Tc 9s Qd]
AzureCaper: checks
PeteSvensson: bets $3
AzureCaper: calls $3
*** TURN *** [Tc 9s Qd] [Ts]
AzureCaper: checks
PeteSvensson: bets $6
AzureCaper: calls $6
*** RIVER *** [Tc 9s Qd Ts] [Jd]
AzureCaper: checks
PeteSvensson: bets $6
AzureCaper: folds
Uncalled bet ($6) returned to PeteSvensson
PeteSvensson collected $29.50 from pot
PeteSvensson: doesn't show hand
*** SUMMARY ***
Total pot $30 | Rake $0.50
Board [Tc 9s Qd Ts Jd]
Seat 4: AzureCaper (big blind) folded on the River
Seat 5: PeteSvensson (button) (small blind) collected ($29.50)


PokerStars Hand #149522570695:  Hold'em Limit ($3/$6 USD) - 2016/02/27 16:53:44 ET
Table 'Samitchell II' 6-max Seat #4 is the button
Seat 4: AzureCaper ($72 in chips)
Seat 5: PeteSvensson ($269.85 in chips)
AzureCaper: posts small blind $1
PeteSvensson: posts big blind $3
*** HOLE CARDS ***
AzureCaper: folds
Uncalled bet ($2) returned to PeteSvensson
PeteSvensson collected $2 from pot
PeteSvensson: doesn't show hand
*** SUMMARY ***
Total pot $2 | Rake $0
Seat 4: AzureCaper (button) (small blind) folded before Flop
Seat 5: PeteSvensson (big blind) collected ($2)


PokerStars Hand #149522553471:  Hold'em Limit ($3/$6 USD) - 2016/02/27 16:53:28 ET
Table 'Samitchell II' 6-max Seat #5 is the button
Seat 4: AzureCaper ($80.64 in chips)
Seat 5: PeteSvensson ($246.35 in chips)
PeteSvensson: posts small blind $1
AzureCaper: posts big blind $3
*** HOLE CARDS ***
PeteSvensson: raises $3 to $6
AzureCaper: calls $3
*** FLOP *** [2d 3h 5c]
AzureCaper: checks
PeteSvensson: bets $3
AzureCaper: raises $3 to $6
PeteSvensson: calls $3
*** TURN *** [2d 3h 5c] [2s]
AzureCaper: bets $6
PeteSvensson: raises $6 to $12
AzureCaper: calls $6
*** RIVER *** [2d 3h 5c 2s] [9h]
AzureCaper: checks
PeteSvensson: bets $6
AzureCaper: folds
Uncalled bet ($6) returned to PeteSvensson
PeteSvensson collected $47.50 from pot
PeteSvensson: doesn't show hand
*** SUMMARY ***
Total pot $48 | Rake $0.50
Board [2d 3h 5c 2s 9h]
Seat 4: AzureCaper (big blind) folded on the River
Seat 5: PeteSvensson (button) (small blind) collected ($47.50)


PokerStars Hand #149522541602:  Hold'em Limit ($3/$6 USD) - 2016/02/27 16:53:17 ET
Table 'Samitchell II' 6-max Seat #4 is the button
Seat 4: AzureCaper ($72 in chips)
Seat 5: PeteSvensson ($255.35 in chips)
AzureCaper: posts small blind $1
PeteSvensson: posts big blind $3
*** HOLE CARDS ***
AzureCaper: raises $3 to $6
PeteSvensson: calls $3
*** FLOP *** [4d 8c Jh]
PeteSvensson: checks
AzureCaper: bets $3
PeteSvensson: calls $3
*** TURN *** [4d 8c Jh] [9h]
PeteSvensson: checks
AzureCaper: bets $6
PeteSvensson: folds
Uncalled bet ($6) returned to AzureCaper
AzureCaper collected $17.64 from pot
AzureCaper: doesn't show hand
*** SUMMARY ***
Total pot $18 | Rake $0.36
Board [4d 8c Jh 9h]
Seat 4: AzureCaper (button) (small blind) collected ($17.64)
Seat 5: PeteSvensson (big blind) folded on the Turn


PokerStars Hand #149522535942:  Hold'em Limit ($3/$6 USD) - 2016/02/27 16:53:12 ET
Table 'Samitchell II' 6-max Seat #5 is the button
Seat 4: AzureCaper ($75 in chips)
Seat 5: PeteSvensson ($252.35 in chips)
PeteSvensson: posts small blind $1
AzureCaper: posts big blind $3
*** HOLE CARDS ***
PeteSvensson: raises $3 to $6
AzureCaper: folds
Uncalled bet ($3) returned to PeteSvensson
PeteSvensson collected $6 from pot
PeteSvensson: doesn't show hand
*** SUMMARY ***
Total pot $6 | Rake $0
Seat 4: AzureCaper (big blind) folded before Flop
Seat 5: PeteSvensson (button) (small blind) collected ($6)


PokerStars Hand #149522527068:  Hold'em Limit ($3/$6 USD) - 2016/02/27 16:53:04 ET
Table 'Samitchell II' 6-max Seat #4 is the button
Seat 4: AzureCaper ($72 in chips)
Seat 5: PeteSvensson ($255.35 in chips)
AzureCaper: posts small blind $1
PeteSvensson: posts big blind $3
*** HOLE CARDS ***
AzureCaper: raises $3 to $6
PeteSvensson: folds
Uncalled bet ($3) returned to AzureCaper
AzureCaper collected $6 from pot
AzureCaper: doesn't show hand
*** SUMMARY ***
Total pot $6 | Rake $0
Seat 4: AzureCaper (button) (small blind) collected ($6)
Seat 5: PeteSvensson (big blind) folded before Flop


PokerStars Hand #149522575480:  Hold'em Limit ($3/$6 USD) - 2016/02/27 16:53:49 ET
Table 'Samitchell II' 6-max Seat #5 is the button
Seat 4: AzureCaper ($72 in chips)
Seat 5: PeteSvensson ($270.85 in chips)
PeteSvensson: posts small blind $1
AzureCaper: posts big blind $3
*** HOLE CARDS ***
PeteSvensson: raises $3 to $6
AzureCaper: raises $3 to $9
PeteSvensson: calls $3
*** FLOP *** [3c 8d 3d]
AzureCaper: bets $3
PeteSvensson: calls $3
*** TURN *** [3c 8d 3d] [Ks]
AzureCaper: bets $6
PeteSvensson: folds
Uncalled bet ($6) returned to AzureCaper
AzureCaper collected $23.52 from pot
AzureCaper: doesn't show hand
*** SUMMARY ***
Total pot $24 | Rake $0.48
Board [3c 8d 3d Ks]
Seat 4: AzureCaper (big blind) collected ($23.52)
Seat 5: PeteSvensson (button) (small blind) folded on the Turn


PokerStars Hand #149522645209:  Hold'em Limit ($3/$6 USD) - 2016/02/27 16:54:56 ET
Table 'Samitchell II' 6-max Seat #5 is the button
Seat 4: AzureCaper ($85.54 in chips)
Seat 5: PeteSvensson ($255.35 in chips)
PeteSvensson: posts small blind $1
AzureCaper: posts big blind $3
*** HOLE CARDS ***
PeteSvensson: folds
Uncalled bet ($2) returned to AzureCaper
AzureCaper collected $2 from pot
AzureCaper: doesn't show hand
*** SUMMARY ***
Total pot $2 | Rake $0
Seat 4: AzureCaper (big blind) collected ($2)
Seat 5: PeteSvensson (button) (small blind) folded before Flop


PokerStars Hand #149522631810:  Hold'em Limit ($3/$6 USD) - 2016/02/27 16:54:43 ET
Table 'Samitchell II' 6-max Seat #4 is the button
Seat 4: AzureCaper ($74.02 in chips)
Seat 5: PeteSvensson ($267.35 in chips)
AzureCaper: posts small blind $1
PeteSvensson: posts big blind $3
*** HOLE CARDS ***
AzureCaper: raises $3 to $6
PeteSvensson: calls $3
*** FLOP *** [Kc 9s 8d]
PeteSvensson: checks
AzureCaper: checks
*** TURN *** [Kc 9s 8d] [Ac]
PeteSvensson: bets $6
AzureCaper: raises $6 to $12
PeteSvensson: folds
Uncalled bet ($6) returned to AzureCaper
AzureCaper collected $23.52 from pot
AzureCaper: doesn't show hand
*** SUMMARY ***
Total pot $24 | Rake $0.48
Board [Kc 9s 8d Ac]
Seat 4: AzureCaper (button) (small blind) collected ($23.52)
Seat 5: PeteSvensson (big blind) folded on the Turn


PokerStars Hand #149522625598:  Hold'em Limit ($3/$6 USD) - 2016/02/27 16:54:37 ET
Table 'Samitchell II' 6-max Seat #5 is the button
Seat 4: AzureCaper ($77.02 in chips)
Seat 5: PeteSvensson ($264.35 in chips)
PeteSvensson: posts small blind $1
AzureCaper: posts big blind $3
*** HOLE CARDS ***
PeteSvensson: raises $3 to $6
AzureCaper: folds
Uncalled bet ($3) returned to PeteSvensson
PeteSvensson collected $6 from pot
PeteSvensson: doesn't show hand
*** SUMMARY ***
Total pot $6 | Rake $0
Seat 4: AzureCaper (big blind) folded before Flop
Seat 5: PeteSvensson (button) (small blind) collected ($6)


PokerStars Hand #149522618341:  Hold'em Limit ($3/$6 USD) - 2016/02/27 16:54:30 ET
Table 'Samitchell II' 6-max Seat #4 is the button
Seat 4: AzureCaper ($74.02 in chips)
Seat 5: PeteSvensson ($267.35 in chips)
AzureCaper: posts small blind $1
PeteSvensson: posts big blind $3
*** HOLE CARDS ***
AzureCaper: raises $3 to $6
PeteSvensson: folds
Uncalled bet ($3) returned to AzureCaper
AzureCaper collected $6 from pot
AzureCaper: doesn't show hand
*** SUMMARY ***
Total pot $6 | Rake $0
Seat 4: AzureCaper (button) (small blind) collected ($6)
Seat 5: PeteSvensson (big blind) folded before Flop


PokerStars Hand #149522602472:  Hold'em Limit ($3/$6 USD) - 2016/02/27 16:54:14 ET
Table 'Samitchell II' 6-max Seat #5 is the button
Seat 4: AzureCaper ($113.02 in chips)
Seat 5: PeteSvensson ($228.85 in chips)
PeteSvensson: posts small blind $1
AzureCaper: posts big blind $3
*** HOLE CARDS ***
PeteSvensson: raises $3 to $6
AzureCaper: raises $3 to $9
PeteSvensson: calls $3
*** FLOP *** [Tc 4h 7d]
AzureCaper: bets $3
PeteSvensson: raises $3 to $6
AzureCaper: raises $3 to $9
PeteSvensson: raises $3 to $12
Betting is capped
AzureCaper: calls $3
*** TURN *** [Tc 4h 7d] [9h]
AzureCaper: bets $6
PeteSvensson: raises $6 to $12
AzureCaper: calls $6
*** RIVER *** [Tc 4h 7d 9h] [Ac]
AzureCaper: checks
PeteSvensson: bets $6
AzureCaper: calls $6
*** SHOW DOWN ***
PeteSvensson: shows [4d Th] (two pair, Tens and Fours)
AzureCaper: mucks hand
PeteSvensson collected $77.50 from pot
*** SUMMARY ***
Total pot $78 | Rake $0.50
Board [Tc 4h 7d 9h Ac]
Seat 4: AzureCaper (big blind) mucked
Seat 5: PeteSvensson (button) (small blind) showed [4d Th] and won ($77.50) with two pair, Tens and Fours


PokerStars Hand #149522585846:  Hold'em Limit ($3/$6 USD) - 2016/02/27 16:53:58 ET
Table 'Samitchell II' 6-max Seat #4 is the button
Seat 4: AzureCaper ($83.52 in chips)
Seat 5: PeteSvensson ($258.85 in chips)
AzureCaper: posts small blind $1
PeteSvensson: posts big blind $3
*** HOLE CARDS ***
AzureCaper: raises $3 to $6
PeteSvensson: calls $3
*** FLOP *** [9s 2d Qd]
PeteSvensson: checks
AzureCaper: bets $3
PeteSvensson: raises $3 to $6
AzureCaper: raises $3 to $9
PeteSvensson: raises $3 to $12
Betting is capped
AzureCaper: calls $3
*** TURN *** [9s 2d Qd] [4s]
PeteSvensson: bets $6
AzureCaper: raises $6 to $12
PeteSvensson: calls $6
*** RIVER *** [9s 2d Qd 4s] [Ks]
PeteSvensson: checks
AzureCaper: bets $6
PeteSvensson: folds
Uncalled bet ($6) returned to AzureCaper
AzureCaper collected $59.50 from pot
AzureCaper: doesn't show hand
*** SUMMARY ***
Total pot $60 | Rake $0.50
Board [9s 2d Qd 4s Ks]
Seat 4: AzureCaper (button) (small blind) collected ($59.50)
Seat 5: PeteSvensson (big blind) folded on the River


PokerStars Hand #149522657823:  Hold'em Limit ($3/$6 USD) - 2016/02/27 16:55:10 ET
Table 'Samitchell II' 6-max Seat #5 is the button
Seat 4: AzureCaper ($80.54 in chips)
Seat 5: PeteSvensson ($260.11 in chips)
PeteSvensson: posts small blind $1
AzureCaper: posts big blind $3
*** HOLE CARDS ***
PeteSvensson: raises $3 to $6
AzureCaper: calls $3
*** FLOP *** [Jd 7c Qd]
AzureCaper: checks
PeteSvensson: bets $3
AzureCaper: folds
Uncalled bet ($3) returned to PeteSvensson
PeteSvensson collected $11.76 from pot
PeteSvensson: doesn't show hand
*** SUMMARY ***
Total pot $12 | Rake $0.24
Board [Jd 7c Qd]
Seat 4: AzureCaper (big blind) folded on the Flop
Seat 5: PeteSvensson (button) (small blind) collected ($11.76)


PokerStars Hand #149522650278:  Hold'em Limit ($3/$6 USD) - 2016/02/27 16:55:01 ET
Table 'Samitchell II' 6-max Seat #4 is the button
Seat 4: AzureCaper ($86.54 in chips)
Seat 5: PeteSvensson ($254.35 in chips)
AzureCaper: posts small blind $1
PeteSvensson: posts big blind $3
*** HOLE CARDS ***
AzureCaper: raises $3 to $6
PeteSvensson: calls $3
*** FLOP *** [8d Jc 2c]
PeteSvensson: checks
AzureCaper: checks
*** TURN *** [8d Jc 2c] [3s]
PeteSvensson: bets $6
AzureCaper: folds
Uncalled bet ($6) returned to PeteSvensson
PeteSvensson collected $11.76 from pot
PeteSvensson: doesn't show hand
*** SUMMARY ***
Total pot $12 | Rake $0.24
Board [8d Jc 2c 3s]
Seat 4: AzureCaper (button) (small blind) folded on the Turn
Seat 5: PeteSvensson (big blind) collected ($11.76)


PokerStars Hand #149522684991:  Hold'em Limit ($3/$6 USD) - 2016/02/27 16:55:44 ET
Table 'Samitchell II' 6-max Seat #4 is the button
Seat 4: AzureCaper ($84.18 in chips)
Seat 5: PeteSvensson ($255.87 in chips)
AzureCaper: posts small blind $1
PeteSvensson: posts big blind $3
*** HOLE CARDS ***
AzureCaper: raises $3 to $6
PeteSvensson: calls $3
*** FLOP *** [5c 4d 9c]
PeteSvensson: checks
AzureCaper: checks
*** TURN *** [5c 4d 9c] [Qc]
PeteSvensson: bets $6
AzureCaper: folds
Uncalled bet ($6) returned to PeteSvensson
PeteSvensson collected $11.76 from pot
PeteSvensson: doesn't show hand
*** SUMMARY ***
Total pot $12 | Rake $0.24
Board [5c 4d 9c Qc]
Seat 4: AzureCaper (button) (small blind) folded on the Turn
Seat 5: PeteSvensson (big blind) collected ($11.76)


PokerStars Hand #149522681219:  Hold'em Limit ($3/$6 USD) - 2016/02/27 16:55:39 ET
Table 'Samitchell II' 6-max Seat #5 is the button
Seat 4: AzureCaper ($83.18 in chips)
Seat 5: PeteSvensson ($256.87 in chips)
PeteSvensson: posts small blind $1
AzureCaper: posts big blind $3
*** HOLE CARDS ***
PeteSvensson: folds
Uncalled bet ($2) returned to AzureCaper
AzureCaper collected $2 from pot
AzureCaper: doesn't show hand
*** SUMMARY ***
Total pot $2 | Rake $0
Seat 4: AzureCaper (big blind) collected ($2)
Seat 5: PeteSvensson (button) (small blind) folded before Flop


PokerStars Hand #149522673189:  Hold'em Limit ($3/$6 USD) - 2016/02/27 16:55:29 ET
Table 'Samitchell II' 6-max Seat #4 is the button
Seat 4: AzureCaper ($74.54 in chips)
Seat 5: PeteSvensson ($265.87 in chips)
AzureCaper: posts small blind $1
PeteSvensson: posts big blind $3
*** HOLE CARDS ***
AzureCaper: raises $3 to $6
PeteSvensson: calls $3
*** FLOP *** [Jd Ah Tc]
PeteSvensson: checks
AzureCaper: bets $3
PeteSvensson: calls $3
*** TURN *** [Jd Ah Tc] [Td]
PeteSvensson: checks
AzureCaper: bets $6
PeteSvensson: folds
Uncalled bet ($6) returned to AzureCaper
AzureCaper collected $17.64 from pot
AzureCaper: doesn't show hand
*** SUMMARY ***
Total pot $18 | Rake $0.36
Board [Jd Ah Tc Td]
Seat 4: AzureCaper (button) (small blind) collected ($17.64)
Seat 5: PeteSvensson (big blind) folded on the Turn


PokerStars Hand #149522668716:  Hold'em Limit ($3/$6 USD) - 2016/02/27 16:55:24 ET
Table 'Samitchell II' 6-max Seat #5 is the button
Seat 4: AzureCaper ($77.54 in chips)
Seat 5: PeteSvensson ($262.87 in chips)
PeteSvensson: posts small blind $1
AzureCaper: posts big blind $3
*** HOLE CARDS ***
PeteSvensson: raises $3 to $6
AzureCaper: folds
Uncalled bet ($3) returned to PeteSvensson
PeteSvensson collected $6 from pot
PeteSvensson: doesn't show hand
*** SUMMARY ***
Total pot $6 | Rake $0
Seat 4: AzureCaper (big blind) folded before Flop
Seat 5: PeteSvensson (button) (small blind) collected ($6)


PokerStars Hand #149522664902:  Hold'em Limit ($3/$6 USD) - 2016/02/27 16:55:19 ET
Table 'Samitchell II' 6-max Seat #4 is the button
Seat 4: AzureCaper ($74.54 in chips)
Seat 5: PeteSvensson ($265.87 in chips)
AzureCaper: posts small blind $1
PeteSvensson: posts big blind $3
*** HOLE CARDS ***
AzureCaper: raises $3 to $6
PeteSvensson: folds
Uncalled bet ($3) returned to AzureCaper
AzureCaper collected $6 from pot
AzureCaper: doesn't show hand
*** SUMMARY ***
Total pot $6 | Rake $0
Seat 4: AzureCaper (button) (small blind) collected ($6)
Seat 5: PeteSvensson (big blind) folded before Flop


PokerStars Hand #149522700366:  Hold'em Limit ($3/$6 USD) - 2016/02/27 16:56:03 ET
Table 'Samitchell II' 6-max Seat #4 is the button
Seat 4: AzureCaper ($72.18 in chips)
Seat 5: PeteSvensson ($267.39 in chips)
AzureCaper: posts small blind $1
PeteSvensson: posts big blind $3
*** HOLE CARDS ***
AzureCaper: raises $3 to $6
PeteSvensson: calls $3
*** FLOP *** [Jc 9h Ac]
PeteSvensson: checks
AzureCaper: checks
*** TURN *** [Jc 9h Ac] [7c]
PeteSvensson: bets $6
AzureCaper: calls $6
*** RIVER *** [Jc 9h Ac 7c] [6c]
PeteSvensson: bets $6
AzureCaper: calls $6
*** SHOW DOWN ***
PeteSvensson: shows [9d Td] (a pair of Nines)
AzureCaper: shows [3c Js] (a flush, Ace high)
AzureCaper collected $35.50 from pot
*** SUMMARY ***
Total pot $36 | Rake $0.50
Board [Jc 9h Ac 7c 6c]
Seat 4: AzureCaper (button) (small blind) showed [3c Js] and won ($35.50) with a flush, Ace high
Seat 5: PeteSvensson (big blind) showed [9d Td] and lost with a pair of Nines


PokerStars Hand #149522693920:  Hold'em Limit ($3/$6 USD) - 2016/02/27 16:55:55 ET
Table 'Samitchell II' 6-max Seat #5 is the button
Seat 4: AzureCaper ($78.18 in chips)
Seat 5: PeteSvensson ($261.63 in chips)
PeteSvensson: posts small blind $1
AzureCaper: posts big blind $3
*** HOLE CARDS ***
PeteSvensson: raises $3 to $6
AzureCaper: calls $3
*** FLOP *** [5d 8h Ks]
AzureCaper: checks
PeteSvensson: bets $3
AzureCaper: folds
Uncalled bet ($3) returned to PeteSvensson
PeteSvensson collected $11.76 from pot
PeteSvensson: doesn't show hand
*** SUMMARY ***
Total pot $12 | Rake $0.24
Board [5d 8h Ks]
Seat 4: AzureCaper (big blind) folded on the Flop
Seat 5: PeteSvensson (button) (small blind) collected ($11.76)


PokerStars Hand #149522726203:  Hold'em Limit ($3/$6 USD) - 2016/02/27 16:56:36 ET
Table 'Samitchell II' 6-max Seat #5 is the button
Seat 4: AzureCaper ($122.18 in chips)
Seat 5: PeteSvensson ($216.39 in chips)
PeteSvensson: posts small blind $1
AzureCaper: posts big blind $3
*** HOLE CARDS ***
PeteSvensson: raises $3 to $6
AzureCaper: calls $3
*** FLOP *** [8d 8h Th]
AzureCaper: checks
PeteSvensson: bets $3
AzureCaper: folds
Uncalled bet ($3) returned to PeteSvensson
PeteSvensson collected $11.76 from pot
PeteSvensson: doesn't show hand
*** SUMMARY ***
Total pot $12 | Rake $0.24
Board [8d 8h Th]
Seat 4: AzureCaper (big blind) folded on the Flop
Seat 5: PeteSvensson (button) (small blind) collected ($11.76)


PokerStars Hand #149522722301:  Hold'em Limit ($3/$6 USD) - 2016/02/27 16:56:31 ET
Table 'Samitchell II' 6-max Seat #4 is the button
Seat 4: AzureCaper ($119.18 in chips)
Seat 5: PeteSvensson ($219.39 in chips)
AzureCaper: posts small blind $1
PeteSvensson: posts big blind $3
*** HOLE CARDS ***
AzureCaper: raises $3 to $6
PeteSvensson: folds
Uncalled bet ($3) returned to AzureCaper
AzureCaper collected $6 from pot
AzureCaper: doesn't show hand
*** SUMMARY ***
Total pot $6 | Rake $0
Seat 4: AzureCaper (button) (small blind) collected ($6)
Seat 5: PeteSvensson (big blind) folded before Flop


PokerStars Hand #149522707967:  Hold'em Limit ($3/$6 USD) - 2016/02/27 16:56:14 ET
Table 'Samitchell II' 6-max Seat #5 is the button
Seat 4: AzureCaper ($89.68 in chips)
Seat 5: PeteSvensson ($249.39 in chips)
PeteSvensson: posts small blind $1
AzureCaper: posts big blind $3
*** HOLE CARDS ***
PeteSvensson: raises $3 to $6
AzureCaper: raises $3 to $9
PeteSvensson: calls $3
*** FLOP *** [Js 6c 8c]
AzureCaper: bets $3
PeteSvensson: raises $3 to $6
AzureCaper: raises $3 to $9
PeteSvensson: calls $3
*** TURN *** [Js 6c 8c] [Tc]
AzureCaper: bets $6
PeteSvensson: calls $6
*** RIVER *** [Js 6c 8c Tc] [3s]
AzureCaper: bets $6
PeteSvensson: calls $6
*** SHOW DOWN ***
AzureCaper: shows [Kc Kh] (a pair of Kings)
PeteSvensson: mucks hand
AzureCaper collected $59.50 from pot
*** SUMMARY ***
Total pot $60 | Rake $0.50
Board [Js 6c 8c Tc 3s]
Seat 4: AzureCaper (big blind) showed [Kc Kh] and won ($59.50) with a pair of Kings
Seat 5: PeteSvensson (button) (small blind) mucked


PokerStars Hand #149522792368:  Hold'em Limit ($3/$6 USD) - 2016/02/27 16:57:58 ET
Table 'Samitchell II' 6-max Seat #4 is the button
Seat 4: AzureCaper ($96.04 in chips)
Seat 5: PeteSvensson ($241.15 in chips)
AzureCaper: posts small blind $1
PeteSvensson: posts big blind $3
*** HOLE CARDS ***
AzureCaper: folds
Uncalled bet ($2) returned to PeteSvensson
PeteSvensson collected $2 from pot
PeteSvensson: doesn't show hand
*** SUMMARY ***
Total pot $2 | Rake $0
Seat 4: AzureCaper (button) (small blind) folded before Flop
Seat 5: PeteSvensson (big blind) collected ($2)


PokerStars Hand #149522782056:  Hold'em Limit ($3/$6 USD) - 2016/02/27 16:57:45 ET
Table 'Samitchell II' 6-max Seat #5 is the button
Seat 4: AzureCaper ($84.52 in chips)
Seat 5: PeteSvensson ($253.15 in chips)
PeteSvensson: posts small blind $1
AzureCaper: posts big blind $3
*** HOLE CARDS ***
PeteSvensson: raises $3 to $6
AzureCaper: raises $3 to $9
PeteSvensson: calls $3
*** FLOP *** [6c Jd 9h]
AzureCaper: bets $3
PeteSvensson: calls $3
*** TURN *** [6c Jd 9h] [6d]
AzureCaper: checks
PeteSvensson: checks
*** RIVER *** [6c Jd 9h 6d] [Qc]
AzureCaper: bets $6
PeteSvensson: folds
Uncalled bet ($6) returned to AzureCaper
AzureCaper collected $23.52 from pot
AzureCaper: doesn't show hand
*** SUMMARY ***
Total pot $24 | Rake $0.48
Board [6c Jd 9h 6d Qc]
Seat 4: AzureCaper (big blind) collected ($23.52)
Seat 5: PeteSvensson (button) (small blind) folded on the River


PokerStars Hand #149522757690:  Hold'em Limit ($3/$6 USD) - 2016/02/27 16:57:15 ET
Table 'Samitchell II' 6-max Seat #4 is the button
Seat 4: AzureCaper ($95.18 in chips)
Seat 5: PeteSvensson ($242.65 in chips)
AzureCaper: posts small blind $1
PeteSvensson: posts big blind $3
*** HOLE CARDS ***
AzureCaper: raises $3 to $6
PeteSvensson: calls $3
*** FLOP *** [8h 6h Ad]
PeteSvensson: checks
AzureCaper: checks
*** TURN *** [8h 6h Ad] [3c]
PeteSvensson: bets $6
AzureCaper: calls $6
*** RIVER *** [8h 6h Ad 3c] [Kd]
PeteSvensson: bets $6
AzureCaper: raises $6 to $12
PeteSvensson: calls $6
*** SHOW DOWN ***
AzureCaper: shows [Ah 3d] (two pair, Aces and Threes)
PeteSvensson: shows [6c Ac] (two pair, Aces and Sixes)
PeteSvensson collected $47.50 from pot
*** SUMMARY ***
Total pot $48 | Rake $0.50
Board [8h 6h Ad 3c Kd]
Seat 4: AzureCaper (button) (small blind) showed [Ah 3d] and lost with two pair, Aces and Threes
Seat 5: PeteSvensson (big blind) showed [6c Ac] and won ($47.50) with two pair, Aces and Sixes


PokerStars Hand #149522769302:  Hold'em Limit ($3/$6 USD) - 2016/02/27 16:57:30 ET
Table 'Samitchell II' 6-max Seat #5 is the button
Seat 4: AzureCaper ($72 in chips)
Seat 5: PeteSvensson ($266.15 in chips)
PeteSvensson: posts small blind $1
AzureCaper: posts big blind $3
*** HOLE CARDS ***
PeteSvensson: folds
Uncalled bet ($2) returned to AzureCaper
AzureCaper collected $2 from pot
AzureCaper: doesn't show hand
*** SUMMARY ***
Total pot $2 | Rake $0
Seat 4: AzureCaper (big blind) collected ($2)
Seat 5: PeteSvensson (button) (small blind) folded before Flop


PokerStars Hand #149522773269:  Hold'em Limit ($3/$6 USD) - 2016/02/27 16:57:34 ET
Table 'Samitchell II' 6-max Seat #4 is the button
Seat 4: AzureCaper ($73 in chips)
Seat 5: PeteSvensson ($265.15 in chips)
AzureCaper: posts small blind $1
PeteSvensson: posts big blind $3
*** HOLE CARDS ***
AzureCaper: raises $3 to $6
PeteSvensson: calls $3
*** FLOP *** [5s 4d Jh]
PeteSvensson: checks
AzureCaper: checks
*** TURN *** [5s 4d Jh] [4h]
PeteSvensson: bets $6
AzureCaper: raises $6 to $12
PeteSvensson: folds
Uncalled bet ($6) returned to AzureCaper
AzureCaper collected $23.52 from pot
AzureCaper: doesn't show hand
*** SUMMARY ***
Total pot $24 | Rake $0.48
Board [5s 4d Jh 4h]
Seat 4: AzureCaper (button) (small blind) collected ($23.52)
Seat 5: PeteSvensson (big blind) folded on the Turn


PokerStars Hand #149522753761:  Hold'em Limit ($3/$6 USD) - 2016/02/27 16:57:10 ET
Table 'Samitchell II' 6-max Seat #5 is the button
Seat 4: AzureCaper ($94.18 in chips)
Seat 5: PeteSvensson ($243.65 in chips)
PeteSvensson: posts small blind $1
AzureCaper: posts big blind $3
*** HOLE CARDS ***
PeteSvensson: folds
Uncalled bet ($2) returned to AzureCaper
AzureCaper collected $2 from pot
AzureCaper: doesn't show hand
*** SUMMARY ***
Total pot $2 | Rake $0
Seat 4: AzureCaper (big blind) collected ($2)
Seat 5: PeteSvensson (button) (small blind) folded before Flop


PokerStars Hand #149522750168:  Hold'em Limit ($3/$6 USD) - 2016/02/27 16:57:06 ET
Table 'Samitchell II' 6-max Seat #4 is the button
Seat 4: AzureCaper ($95.18 in chips)
Seat 5: PeteSvensson ($242.65 in chips)
AzureCaper: posts small blind $1
PeteSvensson: posts big blind $3
*** HOLE CARDS ***
AzureCaper: folds
Uncalled bet ($2) returned to PeteSvensson
PeteSvensson collected $2 from pot
PeteSvensson: doesn't show hand
*** SUMMARY ***
Total pot $2 | Rake $0
Seat 4: AzureCaper (button) (small blind) folded before Flop
Seat 5: PeteSvensson (big blind) collected ($2)


PokerStars Hand #149522745346:  Hold'em Limit ($3/$6 USD) - 2016/02/27 16:57:00 ET
Table 'Samitchell II' 6-max Seat #5 is the button
Seat 4: AzureCaper ($98.18 in chips)
Seat 5: PeteSvensson ($239.65 in chips)
PeteSvensson: posts small blind $1
AzureCaper: posts big blind $3
*** HOLE CARDS ***
PeteSvensson: raises $3 to $6
AzureCaper: folds
Uncalled bet ($3) returned to PeteSvensson
PeteSvensson collected $6 from pot
PeteSvensson: doesn't show hand
*** SUMMARY ***
Total pot $6 | Rake $0
Seat 4: AzureCaper (big blind) folded before Flop
Seat 5: PeteSvensson (button) (small blind) collected ($6)


PokerStars Hand #149522816576:  Hold'em Limit ($3/$6 USD) - 2016/02/27 16:58:28 ET
Table 'Samitchell II' 6-max Seat #5 is the button
Seat 4: AzureCaper ($80.64 in chips)
Seat 5: PeteSvensson ($262.65 in chips)
PeteSvensson: posts small blind $1
AzureCaper: posts big blind $3
*** HOLE CARDS ***
PeteSvensson: folds
Uncalled bet ($2) returned to AzureCaper
AzureCaper collected $2 from pot
AzureCaper: doesn't show hand
*** SUMMARY ***
Total pot $2 | Rake $0
Seat 4: AzureCaper (big blind) collected ($2)
Seat 5: PeteSvensson (button) (small blind) folded before Flop


PokerStars Hand #149522808138:  Hold'em Limit ($3/$6 USD) - 2016/02/27 16:58:18 ET
Table 'Samitchell II' 6-max Seat #4 is the button
Seat 4: AzureCaper ($72 in chips)
Seat 5: PeteSvensson ($271.65 in chips)
AzureCaper: posts small blind $1
PeteSvensson: posts big blind $3
*** HOLE CARDS ***
AzureCaper: raises $3 to $6
PeteSvensson: calls $3
*** FLOP *** [2d Qs 5h]
PeteSvensson: checks
AzureCaper: bets $3
PeteSvensson: calls $3
*** TURN *** [2d Qs 5h] [5c]
PeteSvensson: checks
AzureCaper: bets $6
PeteSvensson: folds
Uncalled bet ($6) returned to AzureCaper
AzureCaper collected $17.64 from pot
AzureCaper: doesn't show hand
*** SUMMARY ***
Total pot $18 | Rake $0.36
Board [2d Qs 5h 5c]
Seat 4: AzureCaper (button) (small blind) collected ($17.64)
Seat 5: PeteSvensson (big blind) folded on the Turn


PokerStars Hand #149522820121:  Hold'em Limit ($3/$6 USD) - 2016/02/27 16:58:33 ET
Table 'Samitchell II' 6-max Seat #4 is the button
Seat 4: AzureCaper ($81.64 in chips)
Seat 5: PeteSvensson ($261.65 in chips)
AzureCaper: posts small blind $1
PeteSvensson: posts big blind $3
*** HOLE CARDS ***
AzureCaper: raises $3 to $6
PeteSvensson: calls $3
*** FLOP *** [Ad As Ah]
PeteSvensson: checks
AzureCaper: bets $3
PeteSvensson: folds
Uncalled bet ($3) returned to AzureCaper
AzureCaper collected $11.76 from pot
AzureCaper: doesn't show hand
*** SUMMARY ***
Total pot $12 | Rake $0.24
Board [Ad As Ah]
Seat 4: AzureCaper (button) (small blind) collected ($11.76)
Seat 5: PeteSvensson (big blind) folded on the Flop


PokerStars Hand #149522826202:  Hold'em Limit ($3/$6 USD) - 2016/02/27 16:58:40 ET
Table 'Samitchell II' 6-max Seat #5 is the button
Seat 4: AzureCaper ($87.40 in chips)
Seat 5: PeteSvensson ($255.65 in chips)
PeteSvensson: posts small blind $1
AzureCaper: posts big blind $3
*** HOLE CARDS ***
PeteSvensson: raises $3 to $6
AzureCaper: raises $3 to $9
PeteSvensson: calls $3
*** FLOP *** [Th 9s 6d]
AzureCaper: bets $3
PeteSvensson: calls $3
*** TURN *** [Th 9s 6d] [Td]
AzureCaper: bets $6
PeteSvensson: calls $6
*** RIVER *** [Th 9s 6d Td] [9d]
AzureCaper: bets $6
PeteSvensson: raises $6 to $12
AzureCaper: calls $6
*** SHOW DOWN ***
PeteSvensson: shows [2d Qd] (a flush, Queen high)
AzureCaper: mucks hand
PeteSvensson collected $59.50 from pot
*** SUMMARY ***
Total pot $60 | Rake $0.50
Board [Th 9s 6d Td 9d]
Seat 4: AzureCaper (big blind) mucked
Seat 5: PeteSvensson (button) (small blind) showed [2d Qd] and won ($59.50) with a flush, Queen high


PokerStars Hand #149522796119:  Hold'em Limit ($3/$6 USD) - 2016/02/27 16:58:03 ET
Table 'Samitchell II' 6-max Seat #5 is the button
Seat 4: AzureCaper ($95.04 in chips)
Seat 5: PeteSvensson ($242.15 in chips)
PeteSvensson: posts small blind $1
AzureCaper: posts big blind $3
*** HOLE CARDS ***
PeteSvensson: raises $3 to $6
AzureCaper: raises $3 to $9
PeteSvensson: calls $3
*** FLOP *** [Jh 4h Qc]
AzureCaper: bets $3
PeteSvensson: calls $3
*** TURN *** [Jh 4h Qc] [Jc]
AzureCaper: bets $6
PeteSvensson: raises $6 to $12
AzureCaper: calls $6
*** RIVER *** [Jh 4h Qc Jc] [4c]
AzureCaper: checks
PeteSvensson: bets $6
AzureCaper: calls $6
*** SHOW DOWN ***
PeteSvensson: shows [7h Js] (a full house, Jacks full of Fours)
AzureCaper: mucks hand
PeteSvensson collected $59.50 from pot
*** SUMMARY ***
Total pot $60 | Rake $0.50
Board [Jh 4h Qc Jc 4c]
Seat 4: AzureCaper (big blind) mucked
Seat 5: PeteSvensson (button) (small blind) showed [7h Js] and won ($59.50) with a full house, Jacks full of Fours


PokerStars Hand #149522856491:  Hold'em Limit ($3/$6 USD) - 2016/02/27 16:59:17 ET
Table 'Samitchell II' 6-max Seat #5 is the button
Seat 4: AzureCaper ($72 in chips)
Seat 5: PeteSvensson ($308.65 in chips)
PeteSvensson: posts small blind $1
AzureCaper: posts big blind $3
*** HOLE CARDS ***
PeteSvensson: raises $3 to $6
AzureCaper: calls $3
*** FLOP *** [Td 8c 5h]
AzureCaper: checks
PeteSvensson: checks
*** TURN *** [Td 8c 5h] [Jh]
AzureCaper: checks
PeteSvensson: bets $6
AzureCaper: folds
Uncalled bet ($6) returned to PeteSvensson
PeteSvensson collected $11.76 from pot
PeteSvensson: doesn't show hand
*** SUMMARY ***
Total pot $12 | Rake $0.24
Board [Td 8c 5h Jh]
Seat 4: AzureCaper (big blind) folded on the Turn
Seat 5: PeteSvensson (button) (small blind) collected ($11.76)


PokerStars Hand #149522872163:  Hold'em Limit ($3/$6 USD) - 2016/02/27 16:59:36 ET
Table 'Samitchell II' 6-max Seat #5 is the button
Seat 4: AzureCaper ($77.76 in chips)
Seat 5: PeteSvensson ($308.41 in chips)
PeteSvensson: posts small blind $1
AzureCaper: posts big blind $3
*** HOLE CARDS ***
PeteSvensson: raises $3 to $6
AzureCaper: folds
Uncalled bet ($3) returned to PeteSvensson
PeteSvensson collected $6 from pot
PeteSvensson: doesn't show hand
*** SUMMARY ***
Total pot $6 | Rake $0
Seat 4: AzureCaper (big blind) folded before Flop
Seat 5: PeteSvensson (button) (small blind) collected ($6)


PokerStars Hand #149522864943:  Hold'em Limit ($3/$6 USD) - 2016/02/27 16:59:27 ET
Table 'Samitchell II' 6-max Seat #4 is the button
Seat 4: AzureCaper ($72 in chips)
Seat 5: PeteSvensson ($314.41 in chips)
AzureCaper: posts small blind $1
PeteSvensson: posts big blind $3
*** HOLE CARDS ***
AzureCaper: raises $3 to $6
PeteSvensson: calls $3
*** FLOP *** [9s 7d 9d]
PeteSvensson: checks
AzureCaper: bets $3
PeteSvensson: folds
Uncalled bet ($3) returned to AzureCaper
AzureCaper collected $11.76 from pot
AzureCaper: doesn't show hand
*** SUMMARY ***
Total pot $12 | Rake $0.24
Board [9s 7d 9d]
Seat 4: AzureCaper (button) (small blind) collected ($11.76)
Seat 5: PeteSvensson (big blind) folded on the Flop


PokerStars Hand #149522877532:  Hold'em Limit ($3/$6 USD) - 2016/02/27 16:59:43 ET
Table 'Samitchell II' 6-max Seat #4 is the button
Seat 4: AzureCaper ($74.76 in chips)
Seat 5: PeteSvensson ($311.41 in chips)
AzureCaper: posts small blind $1
PeteSvensson: posts big blind $3
*** HOLE CARDS ***
AzureCaper: folds
Uncalled bet ($2) returned to PeteSvensson
PeteSvensson collected $2 from pot
PeteSvensson: doesn't show hand
*** SUMMARY ***
Total pot $2 | Rake $0
Seat 4: AzureCaper (button) (small blind) folded before Flop
Seat 5: PeteSvensson (big blind) collected ($2)


PokerStars Hand #149522888191:  Hold'em Limit ($3/$6 USD) - 2016/02/27 16:59:56 ET
Table 'Samitchell II' 6-max Seat #4 is the button
Seat 4: AzureCaper ($72 in chips)
Seat 5: PeteSvensson ($315.41 in chips)
AzureCaper: posts small blind $1
PeteSvensson: posts big blind $3
*** HOLE CARDS ***
AzureCaper: raises $3 to $6
PeteSvensson: folds
Uncalled bet ($3) returned to AzureCaper
AzureCaper collected $6 from pot
AzureCaper: doesn't show hand
*** SUMMARY ***
Total pot $6 | Rake $0
Seat 4: AzureCaper (button) (small blind) collected ($6)
Seat 5: PeteSvensson (big blind) folded before Flop


PokerStars Hand #149522881487:  Hold'em Limit ($3/$6 USD) - 2016/02/27 16:59:48 ET
Table 'Samitchell II' 6-max Seat #5 is the button
Seat 4: AzureCaper ($73.76 in chips)
Seat 5: PeteSvensson ($312.41 in chips)
PeteSvensson: posts small blind $1
AzureCaper: posts big blind $3
*** HOLE CARDS ***
PeteSvensson: raises $3 to $6
AzureCaper: folds
Uncalled bet ($3) returned to PeteSvensson
PeteSvensson collected $6 from pot
PeteSvensson: doesn't show hand
*** SUMMARY ***
Total pot $6 | Rake $0
Seat 4: AzureCaper (big blind) folded before Flop
Seat 5: PeteSvensson (button) (small blind) collected ($6)


PokerStars Hand #149522852581:  Hold'em Limit ($3/$6 USD) - 2016/02/27 16:59:12 ET
Table 'Samitchell II' 6-max Seat #4 is the button
Seat 4: AzureCaper ($73 in chips)
Seat 5: PeteSvensson ($307.65 in chips)
AzureCaper: posts small blind $1
PeteSvensson: posts big blind $3
*** HOLE CARDS ***
AzureCaper: folds
Uncalled bet ($2) returned to PeteSvensson
PeteSvensson collected $2 from pot
PeteSvensson: doesn't show hand
*** SUMMARY ***
Total pot $2 | Rake $0
Seat 4: AzureCaper (button) (small blind) folded before Flop
Seat 5: PeteSvensson (big blind) collected ($2)


PokerStars Hand #149522848814:  Hold'em Limit ($3/$6 USD) - 2016/02/27 16:59:08 ET
Table 'Samitchell II' 6-max Seat #5 is the button
Seat 4: AzureCaper ($72 in chips)
Seat 5: PeteSvensson ($308.65 in chips)
PeteSvensson: posts small blind $1
AzureCaper: posts big blind $3
*** HOLE CARDS ***
PeteSvensson: folds
Uncalled bet ($2) returned to AzureCaper
AzureCaper collected $2 from pot
AzureCaper: doesn't show hand
*** SUMMARY ***
Total pot $2 | Rake $0
Seat 4: AzureCaper (big blind) collected ($2)
Seat 5: PeteSvensson (button) (small blind) folded before Flop


PokerStars Hand #149522839072:  Hold'em Limit ($3/$6 USD) - 2016/02/27 16:58:56 ET
Table 'Samitchell II' 6-max Seat #4 is the button
Seat 4: AzureCaper ($72 in chips)
Seat 5: PeteSvensson ($285.15 in chips)
AzureCaper: posts small blind $1
PeteSvensson: posts big blind $3
*** HOLE CARDS ***
AzureCaper: raises $3 to $6
PeteSvensson: calls $3
*** FLOP *** [5c 6s 4c]
PeteSvensson: checks
AzureCaper: bets $3
PeteSvensson: raises $3 to $6
AzureCaper: calls $3
*** TURN *** [5c 6s 4c] [3c]
PeteSvensson: bets $6
AzureCaper: calls $6
*** RIVER *** [5c 6s 4c 3c] [8h]
PeteSvensson: bets $6
AzureCaper: calls $6
*** SHOW DOWN ***
PeteSvensson: shows [2d 4d] (a straight, Deuce to Six)
AzureCaper: mucks hand
PeteSvensson collected $47.50 from pot
*** SUMMARY ***
Total pot $48 | Rake $0.50
Board [5c 6s 4c 3c 8h]
Seat 4: AzureCaper (button) (small blind) mucked
Seat 5: PeteSvensson (big blind) showed [2d 4d] and won ($47.50) with a straight, Deuce to Six


PokerStars Hand #149522902662:  Hold'em Limit ($3/$6 USD) - 2016/02/27 17:00:13 ET
Table 'Samitchell II' 6-max Seat #5 is the button
Seat 4: AzureCaper ($75 in chips)
Seat 5: PeteSvensson ($312.41 in chips)
PeteSvensson: posts small blind $1
AzureCaper: posts big blind $3
*** HOLE CARDS ***
PeteSvensson: folds
Uncalled bet ($2) returned to AzureCaper
AzureCaper collected $2 from pot
AzureCaper: doesn't show hand
*** SUMMARY ***
Total pot $2 | Rake $0
Seat 4: AzureCaper (big blind) collected ($2)
Seat 5: PeteSvensson (button) (small blind) folded before Flop


PokerStars Hand #149522906526:  Hold'em Limit ($3/$6 USD) - 2016/02/27 17:00:18 ET
Table 'Samitchell II' 6-max Seat #4 is the button
Seat 4: AzureCaper ($76 in chips)
Seat 5: PeteSvensson ($311.41 in chips)
AzureCaper: posts small blind $1
PeteSvensson: posts big blind $3
*** HOLE CARDS ***
AzureCaper: raises $3 to $6
PeteSvensson: folds
Uncalled bet ($3) returned to AzureCaper
SphinX88 joins the table at seat #6
AzureCaper collected $6 from pot
AzureCaper: doesn't show hand
*** SUMMARY ***
Total pot $6 | Rake $0
Seat 4: AzureCaper (button) (small blind) collected ($6)
Seat 5: PeteSvensson (big blind) folded before Flop


PokerStars Hand #149522897337:  Hold'em Limit ($3/$6 USD) - 2016/02/27 17:00:07 ET
Table 'Samitchell II' 6-max Seat #4 is the button
Seat 4: AzureCaper ($72 in chips)
Seat 5: PeteSvensson ($315.41 in chips)
AzureCaper: posts small blind $1
PeteSvensson: posts big blind $3
*** HOLE CARDS ***
AzureCaper: raises $3 to $6
PeteSvensson: folds
Uncalled bet ($3) returned to AzureCaper
AzureCaper collected $6 from pot
AzureCaper: doesn't show hand
*** SUMMARY ***
Total pot $6 | Rake $0
Seat 4: AzureCaper (button) (small blind) collected ($6)
Seat 5: PeteSvensson (big blind) folded before Flop


PokerStars Hand #149522893089:  Hold'em Limit ($3/$6 USD) - 2016/02/27 17:00:02 ET
Table 'Samitchell II' 6-max Seat #5 is the button
Seat 4: AzureCaper ($75 in chips)
Seat 5: PeteSvensson ($312.41 in chips)
PeteSvensson: posts small blind $1
AzureCaper: posts big blind $3
*** HOLE CARDS ***
PeteSvensson: raises $3 to $6
AzureCaper: folds
Uncalled bet ($3) returned to PeteSvensson
PeteSvensson collected $6 from pot
PeteSvensson: doesn't show hand
*** SUMMARY ***
Total pot $6 | Rake $0
Seat 4: AzureCaper (big blind) folded before Flop
Seat 5: PeteSvensson (button) (small blind) collected ($6)


PokerStars Hand #149525893836:  Hold'em Limit ($3/$6 USD) - 2016/02/27 17:43:35 ET
Table 'Samitchell II' 6-max Seat #6 is the button
Seat 5: PeteSvensson ($128.44 in chips)
Seat 6: AzureCaper ($252.03 in chips)
AzureCaper: posts small blind $1
PeteSvensson: posts big blind $3
*** HOLE CARDS ***
AzureCaper: raises $3 to $6
PeteSvensson: calls $3
*** FLOP *** [Ts 8d 3c]
PeteSvensson: checks
AzureCaper: bets $3
PeteSvensson: raises $3 to $6
AzureCaper: calls $3
*** TURN *** [Ts 8d 3c] [4h]
PeteSvensson: bets $6
AzureCaper: calls $6
*** RIVER *** [Ts 8d 3c 4h] [Kh]
PeteSvensson: bets $6
AzureCaper: calls $6
*** SHOW DOWN ***
PeteSvensson: shows [Ks 2h] (a pair of Kings)
AzureCaper: mucks hand
PeteSvensson collected $47.50 from pot
*** SUMMARY ***
Total pot $48 | Rake $0.50
Board [Ts 8d 3c 4h Kh]
Seat 5: PeteSvensson (big blind) showed [Ks 2h] and won ($47.50) with a pair of Kings
Seat 6: AzureCaper (button) (small blind) mucked


PokerStars Hand #149525882619:  Hold'em Limit ($3/$6 USD) - 2016/02/27 17:43:25 ET
Table 'Samitchell II' 6-max Seat #5 is the button
Seat 5: PeteSvensson ($122.68 in chips)
Seat 6: AzureCaper ($258.03 in chips)
PeteSvensson: posts small blind $1
AzureCaper: posts big blind $3
*** HOLE CARDS ***
PeteSvensson: raises $3 to $6
AzureCaper: calls $3
*** FLOP *** [3s 9d Jh]
AzureCaper: checks
PeteSvensson: bets $3
AzureCaper: folds
Uncalled bet ($3) returned to PeteSvensson
PeteSvensson collected $11.76 from pot
PeteSvensson: doesn't show hand
*** SUMMARY ***
Total pot $12 | Rake $0.24
Board [3s 9d Jh]
Seat 5: PeteSvensson (button) (small blind) collected ($11.76)
Seat 6: AzureCaper (big blind) folded on the Flop


PokerStars Hand #149525877593:  Hold'em Limit ($3/$6 USD) - 2016/02/27 17:43:21 ET
Table 'Samitchell II' 6-max Seat #6 is the button
Seat 5: PeteSvensson ($121.68 in chips)
Seat 6: AzureCaper ($259.03 in chips)
AzureCaper: posts small blind $1
PeteSvensson: posts big blind $3
*** HOLE CARDS ***
AzureCaper: folds
Uncalled bet ($2) returned to PeteSvensson
PeteSvensson collected $2 from pot
PeteSvensson: doesn't show hand
*** SUMMARY ***
Total pot $2 | Rake $0
Seat 5: PeteSvensson (big blind) collected ($2)
Seat 6: AzureCaper (button) (small blind) folded before Flop


PokerStars Hand #149525871303:  Hold'em Limit ($3/$6 USD) - 2016/02/27 17:43:15 ET
Table 'Samitchell II' 6-max Seat #5 is the button
Seat 5: PeteSvensson ($122.68 in chips)
Seat 6: AzureCaper ($258.03 in chips)
PeteSvensson: posts small blind $1
AzureCaper: posts big blind $3
*** HOLE CARDS ***
PeteSvensson: folds
Uncalled bet ($2) returned to AzureCaper
BuzovaPro leaves the table
AzureCaper collected $2 from pot
AzureCaper: doesn't show hand
*** SUMMARY ***
Total pot $2 | Rake $0
Seat 5: PeteSvensson (button) (small blind) folded before Flop
Seat 6: AzureCaper (big blind) collected ($2)


PokerStars Hand #149525865589:  Hold'em Limit ($3/$6 USD) - 2016/02/27 17:43:10 ET
Table 'Samitchell II' 6-max Seat #6 is the button
Seat 5: PeteSvensson ($121.68 in chips)
Seat 6: AzureCaper ($259.03 in chips)
AzureCaper: posts small blind $1
BuzovaPro: is sitting out
vestimokrec: is sitting out
PeteSvensson: posts big blind $3
*** HOLE CARDS ***
AzureCaper: folds
Uncalled bet ($2) returned to PeteSvensson
vestimokrec leaves the table
PeteSvensson collected $2 from pot
PeteSvensson: doesn't show hand
*** SUMMARY ***
Total pot $2 | Rake $0
Seat 5: PeteSvensson (big blind) collected ($2)
Seat 6: AzureCaper (button) (small blind) folded before Flop


PokerStars Hand #149525907931:  Hold'em Limit ($3/$6 USD) - 2016/02/27 17:43:47 ET
Table 'Samitchell II' 6-max Seat #5 is the button
Seat 5: PeteSvensson ($151.94 in chips)
Seat 6: AzureCaper ($228.03 in chips)
PeteSvensson: posts small blind $1
AzureCaper: posts big blind $3
*** HOLE CARDS ***
PeteSvensson: raises $3 to $6
AzureCaper: calls $3
*** FLOP *** [4d 5h 9c]
Pilowski joins the table at seat #3
AzureCaper: checks
PeteSvensson: bets $3
AzureCaper: calls $3
*** TURN *** [4d 5h 9c] [5s]
AzureCaper: checks
PeteSvensson: bets $6
AzureCaper: folds
Uncalled bet ($6) returned to PeteSvensson
PeteSvensson collected $17.64 from pot
PeteSvensson: doesn't show hand
*** SUMMARY ***
Total pot $18 | Rake $0.36
Board [4d 5h 9c 5s]
Seat 5: PeteSvensson (button) (small blind) collected ($17.64)
Seat 6: AzureCaper (big blind) folded on the Turn


PokerStars Hand #149526130418:  Hold'em Limit ($3/$6 USD) - 2016/02/27 17:46:58 ET
Table 'Samitchell II' 6-max Seat #6 is the button
Seat 5: PeteSvensson ($158.70 in chips)
Seat 6: AzureCaper ($274.69 in chips)
AzureCaper: posts small blind $1
PeteSvensson: posts big blind $3
*** HOLE CARDS ***
AzureCaper: folds
Uncalled bet ($2) returned to PeteSvensson
PeteSvensson collected $2 from pot
PeteSvensson: doesn't show hand
*** SUMMARY ***
Total pot $2 | Rake $0
Seat 5: PeteSvensson (big blind) collected ($2)
Seat 6: AzureCaper (button) (small blind) folded before Flop


PokerStars Hand #149526186744:  Hold'em Limit ($3/$6 USD) - 2016/02/27 17:47:47 ET
Table 'Samitchell II' 6-max Seat #6 is the button
Seat 5: PeteSvensson ($129.20 in chips)
Seat 6: AzureCaper ($302.69 in chips)
AzureCaper: posts small blind $1
PeteSvensson: posts big blind $3
*** HOLE CARDS ***
AzureCaper: raises $3 to $6
PeteSvensson: calls $3
*** FLOP *** [As Ah Tc]
PeteSvensson: checks
AzureCaper: bets $3
PeteSvensson: calls $3
*** TURN *** [As Ah Tc] [6s]
PeteSvensson: checks
AzureCaper: bets $6
PeteSvensson: calls $6
*** RIVER *** [As Ah Tc 6s] [Th]
PeteSvensson: checks
AzureCaper: checks
*** SHOW DOWN ***
PeteSvensson: shows [5h Kh] (two pair, Aces and Tens)
AzureCaper: mucks hand
PeteSvensson collected $29.50 from pot
*** SUMMARY ***
Total pot $30 | Rake $0.50
Board [As Ah Tc 6s Th]
Seat 5: PeteSvensson (big blind) showed [5h Kh] and won ($29.50) with two pair, Aces and Tens
Seat 6: AzureCaper (button) (small blind) mucked


PokerStars Hand #149526170008:  Hold'em Limit ($3/$6 USD) - 2016/02/27 17:47:32 ET
Table 'Samitchell II' 6-max Seat #5 is the button
Seat 5: PeteSvensson ($111.70 in chips)
Seat 6: AzureCaper ($320.69 in chips)
PeteSvensson: posts small blind $1
AzureCaper: posts big blind $3
*** HOLE CARDS ***
PeteSvensson: raises $3 to $6
AzureCaper: calls $3
*** FLOP *** [4s Kc Tc]
AzureCaper: checks
PeteSvensson: bets $3
AzureCaper: raises $3 to $6
PeteSvensson: calls $3
*** TURN *** [4s Kc Tc] [4c]
AzureCaper: bets $6
PeteSvensson: calls $6
*** RIVER *** [4s Kc Tc 4c] [8s]
AzureCaper: checks
PeteSvensson: checks
*** SHOW DOWN ***
AzureCaper: shows [Jc Qd] (a pair of Fours)
PeteSvensson: shows [3c 3s] (two pair, Fours and Threes)
PeteSvensson collected $35.50 from pot
*** SUMMARY ***
Total pot $36 | Rake $0.50
Board [4s Kc Tc 4c 8s]
Seat 5: PeteSvensson (button) (small blind) showed [3c 3s] and won ($35.50) with two pair, Fours and Threes
Seat 6: AzureCaper (big blind) showed [Jc Qd] and lost with a pair of Fours


PokerStars Hand #149526153680:  Hold'em Limit ($3/$6 USD) - 2016/02/27 17:47:18 ET
Table 'Samitchell II' 6-max Seat #6 is the button
Seat 5: PeteSvensson ($135.70 in chips)
Seat 6: AzureCaper ($297.19 in chips)
AzureCaper: posts small blind $1
PeteSvensson: posts big blind $3
*** HOLE CARDS ***
AzureCaper: raises $3 to $6
PeteSvensson: calls $3
*** FLOP *** [5c 5s 3d]
PeteSvensson: checks
AzureCaper: bets $3
PeteSvensson: raises $3 to $6
AzureCaper: calls $3
*** TURN *** [5c 5s 3d] [6s]
PeteSvensson: bets $6
AzureCaper: raises $6 to $12
PeteSvensson: calls $6
*** RIVER *** [5c 5s 3d 6s] [3h]
PeteSvensson: checks
AzureCaper: checks
*** SHOW DOWN ***
PeteSvensson: shows [2d 2h] (two pair, Fives and Threes)
AzureCaper: shows [7s 6d] (two pair, Sixes and Fives)
AzureCaper collected $47.50 from pot
*** SUMMARY ***
Total pot $48 | Rake $0.50
Board [5c 5s 3d 6s 3h]
Seat 5: PeteSvensson (big blind) showed [2d 2h] and lost with two pair, Fives and Threes
Seat 6: AzureCaper (button) (small blind) showed [7s 6d] and won ($47.50) with two pair, Sixes and Fives


PokerStars Hand #149526135567:  Hold'em Limit ($3/$6 USD) - 2016/02/27 17:47:02 ET
Table 'Samitchell II' 6-max Seat #5 is the button
Seat 5: PeteSvensson ($159.70 in chips)
Seat 6: AzureCaper ($273.69 in chips)
PeteSvensson: posts small blind $1
AzureCaper: posts big blind $3
*** HOLE CARDS ***
PeteSvensson: raises $3 to $6
AzureCaper: calls $3
*** FLOP *** [8d 4d 5d]
AzureCaper: checks
PeteSvensson: bets $3
AzureCaper: raises $3 to $6
PeteSvensson: calls $3
*** TURN *** [8d 4d 5d] [3c]
AzureCaper: bets $6
PeteSvensson: raises $6 to $12
AzureCaper: calls $6
*** RIVER *** [8d 4d 5d 3c] [5c]
AzureCaper: checks
PeteSvensson: checks
*** SHOW DOWN ***
AzureCaper: shows [8h Kh] (two pair, Eights and Fives)
PeteSvensson: mucks hand
AzureCaper collected $47.50 from pot
*** SUMMARY ***
Total pot $48 | Rake $0.50
Board [8d 4d 5d 3c 5c]
Seat 5: PeteSvensson (button) (small blind) mucked
Seat 6: AzureCaper (big blind) showed [8h Kh] and won ($47.50) with two pair, Eights and Fives


PokerStars Hand #149526259560:  Hold'em Limit ($3/$6 USD) - 2016/02/27 17:48:51 ET
Table 'Samitchell II' 6-max Seat #5 is the button
Seat 5: PeteSvensson ($95.46 in chips)
Seat 6: AzureCaper ($334.21 in chips)
PeteSvensson: posts small blind $1
AzureCaper: posts big blind $3
*** HOLE CARDS ***
PeteSvensson: raises $3 to $6
AzureCaper: calls $3
*** FLOP *** [3h 3s As]
AzureCaper: checks
PeteSvensson: bets $3
AzureCaper: raises $3 to $6
PeteSvensson: calls $3
*** TURN *** [3h 3s As] [Jd]
AzureCaper: bets $6
PeteSvensson: calls $6
*** RIVER *** [3h 3s As Jd] [Qh]
AzureCaper: checks
PeteSvensson: bets $6
AzureCaper: folds
Uncalled bet ($6) returned to PeteSvensson
PeteSvensson collected $35.50 from pot
PeteSvensson: doesn't show hand
*** SUMMARY ***
Total pot $36 | Rake $0.50
Board [3h 3s As Jd Qh]
Seat 5: PeteSvensson (button) (small blind) collected ($35.50)
Seat 6: AzureCaper (big blind) folded on the River


PokerStars Hand #149526241666:  Hold'em Limit ($3/$6 USD) - 2016/02/27 17:48:35 ET
Table 'Samitchell II' 6-max Seat #6 is the button
Seat 5: PeteSvensson ($107.46 in chips)
Seat 6: AzureCaper ($322.69 in chips)
AzureCaper: posts small blind $1
PeteSvensson: posts big blind $3
*** HOLE CARDS ***
AzureCaper: raises $3 to $6
PeteSvensson: calls $3
*** FLOP *** [Kc Th 5s]
PeteSvensson: checks
AzureCaper: checks
*** TURN *** [Kc Th 5s] [2s]
PeteSvensson: bets $6
AzureCaper: calls $6
*** RIVER *** [Kc Th 5s 2s] [9d]
PeteSvensson: checks
AzureCaper: bets $6
PeteSvensson: folds
Uncalled bet ($6) returned to AzureCaper
AzureCaper collected $23.52 from pot
AzureCaper: doesn't show hand
*** SUMMARY ***
Total pot $24 | Rake $0.48
Board [Kc Th 5s 2s 9d]
Seat 5: PeteSvensson (big blind) folded on the River
Seat 6: AzureCaper (button) (small blind) collected ($23.52)


PokerStars Hand #149526202193:  Hold'em Limit ($3/$6 USD) - 2016/02/27 17:48:00 ET
Table 'Samitchell II' 6-max Seat #5 is the button
Seat 5: PeteSvensson ($143.70 in chips)
Seat 6: AzureCaper ($287.69 in chips)
PeteSvensson: posts small blind $1
AzureCaper: posts big blind $3
*** HOLE CARDS ***
PeteSvensson: raises $3 to $6
AzureCaper: calls $3
*** FLOP *** [5d 2d 3d]
AzureCaper: checks
PeteSvensson: bets $3
AzureCaper: folds
Uncalled bet ($3) returned to PeteSvensson
PeteSvensson collected $11.76 from pot
PeteSvensson: doesn't show hand
*** SUMMARY ***
Total pot $12 | Rake $0.24
Board [5d 2d 3d]
Seat 5: PeteSvensson (button) (small blind) collected ($11.76)
Seat 6: AzureCaper (big blind) folded on the Flop


PokerStars Hand #149526214715:  Hold'em Limit ($3/$6 USD) - 2016/02/27 17:48:11 ET
Table 'Samitchell II' 6-max Seat #6 is the button
Seat 5: PeteSvensson ($149.46 in chips)
Seat 6: AzureCaper ($281.69 in chips)
AzureCaper: posts small blind $1
PeteSvensson: posts big blind $3
*** HOLE CARDS ***
AzureCaper: raises $3 to $6
PeteSvensson: calls $3
*** FLOP *** [5h Qd 2s]
PeteSvensson: checks
AzureCaper: checks
*** TURN *** [5h Qd 2s] [5d]
PeteSvensson: bets $6
AzureCaper: calls $6
*** RIVER *** [5h Qd 2s 5d] [6h]
PeteSvensson: bets $6
AzureCaper: calls $6
*** SHOW DOWN ***
PeteSvensson: shows [Th Jd] (a pair of Fives)
AzureCaper: shows [6d As] (two pair, Sixes and Fives)
AzureCaper collected $35.50 from pot
*** SUMMARY ***
Total pot $36 | Rake $0.50
Board [5h Qd 2s 5d 6h]
Seat 5: PeteSvensson (big blind) showed [Th Jd] and lost with a pair of Fives
Seat 6: AzureCaper (button) (small blind) showed [6d As] and won ($35.50) with two pair, Sixes and Fives


PokerStars Hand #149526227165:  Hold'em Limit ($3/$6 USD) - 2016/02/27 17:48:22 ET
Table 'Samitchell II' 6-max Seat #5 is the button
Seat 5: PeteSvensson ($131.46 in chips)
Seat 6: AzureCaper ($299.19 in chips)
PeteSvensson: posts small blind $1
AzureCaper: posts big blind $3
*** HOLE CARDS ***
PeteSvensson: raises $3 to $6
AzureCaper: raises $3 to $9
PeteSvensson: calls $3
*** FLOP *** [2d 9c Ts]
AzureCaper: bets $3
PeteSvensson: calls $3
*** TURN *** [2d 9c Ts] [4s]
AzureCaper: checks
PeteSvensson: bets $6
AzureCaper: calls $6
*** RIVER *** [2d 9c Ts 4s] [4c]
AzureCaper: checks
PeteSvensson: bets $6
AzureCaper: calls $6
*** SHOW DOWN ***
PeteSvensson: shows [8h Ac] (a pair of Fours)
AzureCaper: shows [Kc Ad] (a pair of Fours - Ace+King kicker)
AzureCaper collected $47.50 from pot
*** SUMMARY ***
Total pot $48 | Rake $0.50
Board [2d 9c Ts 4s 4c]
Seat 5: PeteSvensson (button) (small blind) showed [8h Ac] and lost with a pair of Fours
Seat 6: AzureCaper (big blind) showed [Kc Ad] and won ($47.50) with a pair of Fours


PokerStars Hand #149526326007:  Hold'em Limit ($3/$6 USD) - 2016/02/27 17:49:49 ET
Table 'Samitchell II' 6-max Seat #5 is the button
Seat 5: PeteSvensson ($138.98 in chips)
Seat 6: AzureCaper ($289.21 in chips)
PeteSvensson: posts small blind $1
AzureCaper: posts big blind $3
*** HOLE CARDS ***
PeteSvensson: raises $3 to $6
AzureCaper: calls $3
*** FLOP *** [9h 6s 8d]
AzureCaper: checks
PeteSvensson: bets $3
AzureCaper: raises $3 to $6
PeteSvensson: calls $3
*** TURN *** [9h 6s 8d] [5c]
AzureCaper: checks
PeteSvensson: bets $6
AzureCaper: calls $6
*** RIVER *** [9h 6s 8d 5c] [4c]
AzureCaper: checks
PeteSvensson: checks
*** SHOW DOWN ***
AzureCaper: shows [6d Jd] (a pair of Sixes)
PeteSvensson: shows [6c Kd] (a pair of Sixes - King kicker)
PeteSvensson collected $35.50 from pot
*** SUMMARY ***
Total pot $36 | Rake $0.50
Board [9h 6s 8d 5c 4c]
Seat 5: PeteSvensson (button) (small blind) showed [6c Kd] and won ($35.50) with a pair of Sixes
Seat 6: AzureCaper (big blind) showed [6d Jd] and lost with a pair of Sixes


PokerStars Hand #149526315020:  Hold'em Limit ($3/$6 USD) - 2016/02/27 17:49:40 ET
Table 'Samitchell II' 6-max Seat #6 is the button
Seat 5: PeteSvensson ($133.22 in chips)
Seat 6: AzureCaper ($295.21 in chips)
AzureCaper: posts small blind $1
PeteSvensson: posts big blind $3
*** HOLE CARDS ***
AzureCaper: raises $3 to $6
PeteSvensson: calls $3
*** FLOP *** [Qc Js Ts]
PeteSvensson: checks
AzureCaper: checks
*** TURN *** [Qc Js Ts] [6d]
PeteSvensson: bets $6
AzureCaper: folds [4h]
Uncalled bet ($6) returned to PeteSvensson
PeteSvensson collected $11.76 from pot
PeteSvensson: doesn't show hand
*** SUMMARY ***
Total pot $12 | Rake $0.24
Board [Qc Js Ts 6d]
Seat 5: PeteSvensson (big blind) collected ($11.76)
Seat 6: AzureCaper (button) (small blind) folded on the Turn


PokerStars Hand #149526299807:  Hold'em Limit ($3/$6 USD) - 2016/02/27 17:49:26 ET
Table 'Samitchell II' 6-max Seat #5 is the button
Seat 5: PeteSvensson ($118.72 in chips)
Seat 6: AzureCaper ($310.21 in chips)
PeteSvensson: posts small blind $1
AzureCaper: posts big blind $3
*** HOLE CARDS ***
PeteSvensson: raises $3 to $6
AzureCaper: calls $3
*** FLOP *** [9d 3d 7s]
AzureCaper: checks
PeteSvensson: bets $3
AzureCaper: calls $3
*** TURN *** [9d 3d 7s] [Th]
AzureCaper: checks
PeteSvensson: bets $6
AzureCaper: calls $6
*** RIVER *** [9d 3d 7s Th] [Ac]
AzureCaper: checks
PeteSvensson: bets $6
AzureCaper: folds
Uncalled bet ($6) returned to PeteSvensson
PeteSvensson collected $29.50 from pot
PeteSvensson: doesn't show hand
*** SUMMARY ***
Total pot $30 | Rake $0.50
Board [9d 3d 7s Th Ac]
Seat 5: PeteSvensson (button) (small blind) collected ($29.50)
Seat 6: AzureCaper (big blind) folded on the River


PokerStars Hand #149526280877:  Hold'em Limit ($3/$6 USD) - 2016/02/27 17:49:10 ET
Table 'Samitchell II' 6-max Seat #6 is the button
Seat 5: PeteSvensson ($112.96 in chips)
Seat 6: AzureCaper ($316.21 in chips)
AzureCaper: posts small blind $1
PeteSvensson: posts big blind $3
*** HOLE CARDS ***
AzureCaper: raises $3 to $6
PeteSvensson: calls $3
*** FLOP *** [Td 6s As]
PeteSvensson: checks
AzureCaper: checks
*** TURN *** [Td 6s As] [8h]
PeteSvensson: checks
AzureCaper: checks
*** RIVER *** [Td 6s As 8h] [8s]
PeteSvensson: checks
AzureCaper: checks
*** SHOW DOWN ***
PeteSvensson: shows [4h Kc] (a pair of Eights)
AzureCaper: mucks hand
PeteSvensson collected $11.76 from pot
*** SUMMARY ***
Total pot $12 | Rake $0.24
Board [Td 6s As 8h 8s]
Seat 5: PeteSvensson (big blind) showed [4h Kc] and won ($11.76) with a pair of Eights
Seat 6: AzureCaper (button) (small blind) mucked


PokerStars Hand #149526409239:  Hold'em Limit ($3/$6 USD) - 2016/02/27 17:51:05 ET
Table 'Samitchell II' 6-max Seat #6 is the button
Seat 5: PeteSvensson ($194.48 in chips)
Seat 6: AzureCaper ($231.71 in chips)
AzureCaper: posts small blind $1
PeteSvensson: posts big blind $3
*** HOLE CARDS ***
AzureCaper: raises $3 to $6
PeteSvensson: folds
Uncalled bet ($3) returned to AzureCaper
AzureCaper collected $6 from pot
AzureCaper: doesn't show hand
*** SUMMARY ***
Total pot $6 | Rake $0
Seat 5: PeteSvensson (big blind) folded before Flop
Seat 6: AzureCaper (button) (small blind) collected ($6)


PokerStars Hand #149526401902:  Hold'em Limit ($3/$6 USD) - 2016/02/27 17:50:58 ET
Table 'Samitchell II' 6-max Seat #5 is the button
Seat 5: PeteSvensson ($191.48 in chips)
Seat 6: AzureCaper ($234.71 in chips)
PeteSvensson: posts small blind $1
AzureCaper: posts big blind $3
*** HOLE CARDS ***
PeteSvensson: raises $3 to $6
AzureCaper: folds
Uncalled bet ($3) returned to PeteSvensson
PeteSvensson collected $6 from pot
PeteSvensson: doesn't show hand
*** SUMMARY ***
Total pot $6 | Rake $0
Seat 5: PeteSvensson (button) (small blind) collected ($6)
Seat 6: AzureCaper (big blind) folded before Flop


PokerStars Hand #149526388881:  Hold'em Limit ($3/$6 USD) - 2016/02/27 17:50:47 ET
Table 'Samitchell II' 6-max Seat #6 is the button
Seat 5: PeteSvensson ($173.98 in chips)
Seat 6: AzureCaper ($252.71 in chips)
AzureCaper: posts small blind $1
PeteSvensson: posts big blind $3
*** HOLE CARDS ***
AzureCaper: raises $3 to $6
PeteSvensson: calls $3
*** FLOP *** [3c 7d Td]
PeteSvensson: checks
AzureCaper: checks
*** TURN *** [3c 7d Td] [8h]
PeteSvensson: bets $6
AzureCaper: calls $6
*** RIVER *** [3c 7d Td 8h] [7c]
PeteSvensson: bets $6
AzureCaper: calls $6
*** SHOW DOWN ***
PeteSvensson: shows [7s 8d] (a full house, Sevens full of Eights)
AzureCaper: mucks hand
PeteSvensson collected $35.50 from pot
*** SUMMARY ***
Total pot $36 | Rake $0.50
Board [3c 7d Td 8h 7c]
Seat 5: PeteSvensson (big blind) showed [7s 8d] and won ($35.50) with a full house, Sevens full of Eights
Seat 6: AzureCaper (button) (small blind) mucked


PokerStars Hand #149526383713:  Hold'em Limit ($3/$6 USD) - 2016/02/27 17:50:42 ET
Table 'Samitchell II' 6-max Seat #5 is the button
Seat 5: PeteSvensson ($174.98 in chips)
Seat 6: AzureCaper ($251.71 in chips)
PeteSvensson: posts small blind $1
AzureCaper: posts big blind $3
*** HOLE CARDS ***
PeteSvensson: folds
Uncalled bet ($2) returned to AzureCaper
AzureCaper collected $2 from pot
AzureCaper: doesn't show hand
*** SUMMARY ***
Total pot $2 | Rake $0
Seat 5: PeteSvensson (button) (small blind) folded before Flop
Seat 6: AzureCaper (big blind) collected ($2)


PokerStars Hand #149526378813:  Hold'em Limit ($3/$6 USD) - 2016/02/27 17:50:38 ET
Table 'Samitchell II' 6-max Seat #6 is the button
Seat 5: PeteSvensson ($173.98 in chips)
Seat 6: AzureCaper ($252.71 in chips)
AzureCaper: posts small blind $1
PeteSvensson: posts big blind $3
*** HOLE CARDS ***
AzureCaper: folds
Uncalled bet ($2) returned to PeteSvensson
PeteSvensson collected $2 from pot
PeteSvensson: doesn't show hand
*** SUMMARY ***
Total pot $2 | Rake $0
Seat 5: PeteSvensson (big blind) collected ($2)
Seat 6: AzureCaper (button) (small blind) folded before Flop


PokerStars Hand #149526361780:  Hold'em Limit ($3/$6 USD) - 2016/02/27 17:50:22 ET
Table 'Samitchell II' 6-max Seat #5 is the button
Seat 5: PeteSvensson ($197.98 in chips)
Seat 6: AzureCaper ($229.21 in chips)
PeteSvensson: posts small blind $1
AzureCaper: posts big blind $3
*** HOLE CARDS ***
PeteSvensson: raises $3 to $6
AzureCaper: calls $3
*** FLOP *** [Jc 7d Kh]
AzureCaper: checks
PeteSvensson: bets $3
AzureCaper: raises $3 to $6
PeteSvensson: calls $3
*** TURN *** [Jc 7d Kh] [3s]
AzureCaper: bets $6
PeteSvensson: calls $6
*** RIVER *** [Jc 7d Kh 3s] [4c]
AzureCaper: bets $6
PeteSvensson: calls $6
*** SHOW DOWN ***
AzureCaper: shows [8s 7s] (a pair of Sevens)
PeteSvensson: mucks hand
AzureCaper collected $47.50 from pot
*** SUMMARY ***
Total pot $48 | Rake $0.50
Board [Jc 7d Kh 3s 4c]
Seat 5: PeteSvensson (button) (small blind) mucked
Seat 6: AzureCaper (big blind) showed [8s 7s] and won ($47.50) with a pair of Sevens


PokerStars Hand #149526343068:  Hold'em Limit ($3/$6 USD) - 2016/02/27 17:50:05 ET
Table 'Samitchell II' 6-max Seat #6 is the button
Seat 5: PeteSvensson ($156.48 in chips)
Seat 6: AzureCaper ($271.21 in chips)
AzureCaper: posts small blind $1
PeteSvensson: posts big blind $3
*** HOLE CARDS ***
AzureCaper: raises $3 to $6
PeteSvensson: calls $3
*** FLOP *** [Qs 5d 3d]
PeteSvensson: checks
AzureCaper: checks
*** TURN *** [Qs 5d 3d] [7c]
PeteSvensson: bets $6
AzureCaper: raises $6 to $12
PeteSvensson: raises $6 to $18
AzureCaper: raises $6 to $24
Betting is capped
PeteSvensson: calls $6
*** RIVER *** [Qs 5d 3d 7c] [4h]
PeteSvensson: checks
AzureCaper: bets $6
PeteSvensson: raises $6 to $12
AzureCaper: calls $6
*** SHOW DOWN ***
PeteSvensson: shows [4s 6s] (a straight, Three to Seven)
AzureCaper: mucks hand
PeteSvensson collected $83.50 from pot
*** SUMMARY ***
Total pot $84 | Rake $0.50
Board [Qs 5d 3d 7c 4h]
Seat 5: PeteSvensson (big blind) showed [4s 6s] and won ($83.50) with a straight, Three to Seven
Seat 6: AzureCaper (button) (small blind) mucked


PokerStars Hand #149526471992:  Hold'em Limit ($3/$6 USD) - 2016/02/27 17:52:03 ET
Table 'Samitchell II' 6-max Seat #5 is the button
Seat 5: PeteSvensson ($204.74 in chips)
Seat 6: AzureCaper ($220.47 in chips)
PeteSvensson: posts small blind $1
AzureCaper: posts big blind $3
*** HOLE CARDS ***
PeteSvensson: raises $3 to $6
AzureCaper: calls $3
*** FLOP *** [8c Jc 5d]
AzureCaper: checks
PeteSvensson: bets $3
AzureCaper: folds
Uncalled bet ($3) returned to PeteSvensson
PeteSvensson collected $11.76 from pot
PeteSvensson: doesn't show hand
*** SUMMARY ***
Total pot $12 | Rake $0.24
Board [8c Jc 5d]
Seat 5: PeteSvensson (button) (small blind) collected ($11.76)
Seat 6: AzureCaper (big blind) folded on the Flop


PokerStars Hand #149526466900:  Hold'em Limit ($3/$6 USD) - 2016/02/27 17:51:58 ET
Table 'Samitchell II' 6-max Seat #6 is the button
Seat 5: PeteSvensson ($207.74 in chips)
Seat 6: AzureCaper ($217.47 in chips)
AzureCaper: posts small blind $1
PeteSvensson: posts big blind $3
*** HOLE CARDS ***
AzureCaper: raises $3 to $6
PeteSvensson: folds
Uncalled bet ($3) returned to AzureCaper
AzureCaper collected $6 from pot
AzureCaper: doesn't show hand
*** SUMMARY ***
Total pot $6 | Rake $0
Seat 5: PeteSvensson (big blind) folded before Flop
Seat 6: AzureCaper (button) (small blind) collected ($6)


PokerStars Hand #149526457625:  Hold'em Limit ($3/$6 USD) - 2016/02/27 17:51:49 ET
Table 'Samitchell II' 6-max Seat #5 is the button
Seat 5: PeteSvensson ($201.98 in chips)
Seat 6: AzureCaper ($223.47 in chips)
PeteSvensson: posts small blind $1
AzureCaper: posts big blind $3
*** HOLE CARDS ***
PeteSvensson: raises $3 to $6
AzureCaper: calls $3
*** FLOP *** [2c 5d Ts]
AzureCaper: checks
PeteSvensson: bets $3
AzureCaper: folds
Uncalled bet ($3) returned to PeteSvensson
PeteSvensson collected $11.76 from pot
PeteSvensson: doesn't show hand
*** SUMMARY ***
Total pot $12 | Rake $0.24
Board [2c 5d Ts]
Seat 5: PeteSvensson (button) (small blind) collected ($11.76)
Seat 6: AzureCaper (big blind) folded on the Flop


PokerStars Hand #149526447114:  Hold'em Limit ($3/$6 USD) - 2016/02/27 17:51:40 ET
Table 'Samitchell II' 6-max Seat #6 is the button
Seat 5: PeteSvensson ($207.98 in chips)
Seat 6: AzureCaper ($217.71 in chips)
AzureCaper: posts small blind $1
PeteSvensson: posts big blind $3
*** HOLE CARDS ***
AzureCaper: raises $3 to $6
PeteSvensson: calls $3
*** FLOP *** [Th 8s 6h]
PeteSvensson: checks
AzureCaper: checks
*** TURN *** [Th 8s 6h] [3c]
PeteSvensson: checks
AzureCaper: bets $6
PeteSvensson: folds
Uncalled bet ($6) returned to AzureCaper
AzureCaper collected $11.76 from pot
AzureCaper: doesn't show hand
*** SUMMARY ***
Total pot $12 | Rake $0.24
Board [Th 8s 6h 3c]
Seat 5: PeteSvensson (big blind) folded on the Turn
Seat 6: AzureCaper (button) (small blind) collected ($11.76)


PokerStars Hand #149526441282:  Hold'em Limit ($3/$6 USD) - 2016/02/27 17:51:34 ET
Table 'Samitchell II' 6-max Seat #5 is the button
Seat 5: PeteSvensson ($208.98 in chips)
Seat 6: AzureCaper ($216.71 in chips)
PeteSvensson: posts small blind $1
AzureCaper: posts big blind $3
*** HOLE CARDS ***
PeteSvensson: folds
Uncalled bet ($2) returned to AzureCaper
AzureCaper collected $2 from pot
AzureCaper: doesn't show hand
*** SUMMARY ***
Total pot $2 | Rake $0
Seat 5: PeteSvensson (button) (small blind) folded before Flop
Seat 6: AzureCaper (big blind) collected ($2)


PokerStars Hand #149526435119:  Hold'em Limit ($3/$6 USD) - 2016/02/27 17:51:29 ET
Table 'Samitchell II' 6-max Seat #6 is the button
Seat 5: PeteSvensson ($211.98 in chips)
Seat 6: AzureCaper ($213.71 in chips)
AzureCaper: posts small blind $1
PeteSvensson: posts big blind $3
*** HOLE CARDS ***
AzureCaper: raises $3 to $6
PeteSvensson: folds
Uncalled bet ($3) returned to AzureCaper
AzureCaper collected $6 from pot
AzureCaper: doesn't show hand
*** SUMMARY ***
Total pot $6 | Rake $0
Seat 5: PeteSvensson (big blind) folded before Flop
Seat 6: AzureCaper (button) (small blind) collected ($6)


PokerStars Hand #149526414967:  Hold'em Limit ($3/$6 USD) - 2016/02/27 17:51:10 ET
Table 'Samitchell II' 6-max Seat #5 is the button
Seat 5: PeteSvensson ($191.48 in chips)
Seat 6: AzureCaper ($234.71 in chips)
PeteSvensson: posts small blind $1
AzureCaper: posts big blind $3
*** HOLE CARDS ***
PeteSvensson: raises $3 to $6
AzureCaper: calls $3
*** FLOP *** [5d 5c Jd]
AzureCaper: checks
PeteSvensson: bets $3
AzureCaper: calls $3
*** TURN *** [5d 5c Jd] [Ts]
AzureCaper: checks
PeteSvensson: bets $6
AzureCaper: calls $6
*** RIVER *** [5d 5c Jd Ts] [7s]
AzureCaper: checks
PeteSvensson: bets $6
AzureCaper: calls $6
*** SHOW DOWN ***
PeteSvensson: shows [Js 7c] (two pair, Jacks and Sevens)
AzureCaper: mucks hand
PeteSvensson collected $41.50 from pot
*** SUMMARY ***
Total pot $42 | Rake $0.50
Board [5d 5c Jd Ts 7s]
Seat 5: PeteSvensson (button) (small blind) showed [Js 7c] and won ($41.50) with two pair, Jacks and Sevens
Seat 6: AzureCaper (big blind) mucked


PokerStars Hand #149526536332:  Hold'em Limit ($3/$6 USD) - 2016/02/27 17:53:02 ET
Table 'Samitchell II' 6-max Seat #5 is the button
Seat 5: PeteSvensson ($221 in chips)
Seat 6: AzureCaper ($203.11 in chips)
PeteSvensson: posts small blind $1
AzureCaper: posts big blind $3
*** HOLE CARDS ***
PeteSvensson: folds
Uncalled bet ($2) returned to AzureCaper
AzureCaper collected $2 from pot
AzureCaper: doesn't show hand
*** SUMMARY ***
Total pot $2 | Rake $0
Seat 5: PeteSvensson (button) (small blind) folded before Flop
Seat 6: AzureCaper (big blind) collected ($2)


PokerStars Hand #149526531484:  Hold'em Limit ($3/$6 USD) - 2016/02/27 17:52:58 ET
Table 'Samitchell II' 6-max Seat #6 is the button
Seat 5: PeteSvensson ($220 in chips)
Seat 6: AzureCaper ($204.11 in chips)
AzureCaper: posts small blind $1
PeteSvensson: posts big blind $3
*** HOLE CARDS ***
AzureCaper: folds
Uncalled bet ($2) returned to PeteSvensson
PeteSvensson collected $2 from pot
PeteSvensson: doesn't show hand
*** SUMMARY ***
Total pot $2 | Rake $0
Seat 5: PeteSvensson (big blind) collected ($2)
Seat 6: AzureCaper (button) (small blind) folded before Flop


PokerStars Hand #149526511485:  Hold'em Limit ($3/$6 USD) - 2016/02/27 17:52:39 ET
Table 'Samitchell II' 6-max Seat #5 is the button
Seat 5: PeteSvensson ($205.50 in chips)
Seat 6: AzureCaper ($219.11 in chips)
PeteSvensson: posts small blind $1
AzureCaper: posts big blind $3
*** HOLE CARDS ***
PeteSvensson: raises $3 to $6
AzureCaper: calls $3
*** FLOP *** [6h 8c Qh]
AzureCaper: checks
PeteSvensson: bets $3
AzureCaper: calls $3
*** TURN *** [6h 8c Qh] [5d]
AzureCaper: checks
PeteSvensson: bets $6
AzureCaper: calls $6
*** RIVER *** [6h 8c Qh 5d] [Jh]
AzureCaper: checks
PeteSvensson: bets $6
AzureCaper: folds
Uncalled bet ($6) returned to PeteSvensson
PeteSvensson collected $29.50 from pot
PeteSvensson: doesn't show hand
*** SUMMARY ***
Total pot $30 | Rake $0.50
Board [6h 8c Qh 5d Jh]
Seat 5: PeteSvensson (button) (small blind) collected ($29.50)
Seat 6: AzureCaper (big blind) folded on the River


PokerStars Hand #149526492874:  Hold'em Limit ($3/$6 USD) - 2016/02/27 17:52:22 ET
Table 'Samitchell II' 6-max Seat #6 is the button
Seat 5: PeteSvensson ($214.50 in chips)
Seat 6: AzureCaper ($210.47 in chips)
AzureCaper: posts small blind $1
PeteSvensson: posts big blind $3
*** HOLE CARDS ***
AzureCaper: raises $3 to $6
PeteSvensson: calls $3
*** FLOP *** [5d Tc 9c]
PeteSvensson: checks
AzureCaper: bets $3
PeteSvensson: calls $3
*** TURN *** [5d Tc 9c] [5h]
PeteSvensson: checks
AzureCaper: bets $6
PeteSvensson: folds
Uncalled bet ($6) returned to AzureCaper
AzureCaper collected $17.64 from pot
AzureCaper: doesn't show hand
*** SUMMARY ***
Total pot $18 | Rake $0.36
Board [5d Tc 9c 5h]
Seat 5: PeteSvensson (big blind) folded on the Turn
Seat 6: AzureCaper (button) (small blind) collected ($17.64)


PokerStars Hand #149526486286:  Hold'em Limit ($3/$6 USD) - 2016/02/27 17:52:16 ET
Table 'Samitchell II' 6-max Seat #5 is the button
Seat 5: PeteSvensson ($211.50 in chips)
Seat 6: AzureCaper ($213.47 in chips)
PeteSvensson: posts small blind $1
AzureCaper: posts big blind $3
*** HOLE CARDS ***
PeteSvensson: raises $3 to $6
AzureCaper: folds
Uncalled bet ($3) returned to PeteSvensson
PeteSvensson collected $6 from pot
PeteSvensson: doesn't show hand
*** SUMMARY ***
Total pot $6 | Rake $0
Seat 5: PeteSvensson (button) (small blind) collected ($6)
Seat 6: AzureCaper (big blind) folded before Flop


PokerStars Hand #149526479858:  Hold'em Limit ($3/$6 USD) - 2016/02/27 17:52:10 ET
Table 'Samitchell II' 6-max Seat #6 is the button
Seat 5: PeteSvensson ($210.50 in chips)
Seat 6: AzureCaper ($214.47 in chips)
AzureCaper: posts small blind $1
PeteSvensson: posts big blind $3
*** HOLE CARDS ***
AzureCaper: folds
Uncalled bet ($2) returned to PeteSvensson
PeteSvensson collected $2 from pot
PeteSvensson: doesn't show hand
*** SUMMARY ***
Total pot $2 | Rake $0
Seat 5: PeteSvensson (big blind) collected ($2)
Seat 6: AzureCaper (button) (small blind) folded before Flop


PokerStars Hand #149526557342:  Hold'em Limit ($3/$6 USD) - 2016/02/27 17:53:22 ET
Table 'Samitchell II' 6-max Seat #5 is the button
Seat 5: PeteSvensson ($214 in chips)
Seat 6: AzureCaper ($209.87 in chips)
PeteSvensson: posts small blind $1
AzureCaper: posts big blind $3
*** HOLE CARDS ***
PeteSvensson: raises $3 to $6
AzureCaper: folds
Uncalled bet ($3) returned to PeteSvensson
PeteSvensson collected $6 from pot
PeteSvensson: doesn't show hand
*** SUMMARY ***
Total pot $6 | Rake $0
Seat 5: PeteSvensson (button) (small blind) collected ($6)
Seat 6: AzureCaper (big blind) folded before Flop


PokerStars Hand #149526545094:  Hold'em Limit ($3/$6 USD) - 2016/02/27 17:53:11 ET
Table 'Samitchell II' 6-max Seat #6 is the button
Seat 5: PeteSvensson ($220 in chips)
Seat 6: AzureCaper ($204.11 in chips)
AzureCaper: posts small blind $1
PeteSvensson: posts big blind $3
*** HOLE CARDS ***
AzureCaper: raises $3 to $6
PeteSvensson: calls $3
*** FLOP *** [Tc Ks 7h]
PeteSvensson: checks
AzureCaper: checks
*** TURN *** [Tc Ks 7h] [Th]
PeteSvensson: checks
AzureCaper: bets $6
PeteSvensson: folds
Uncalled bet ($6) returned to AzureCaper
AzureCaper collected $11.76 from pot
AzureCaper: doesn't show hand
*** SUMMARY ***
Total pot $12 | Rake $0.24
Board [Tc Ks 7h Th]
Seat 5: PeteSvensson (big blind) folded on the Turn
Seat 6: AzureCaper (button) (small blind) collected ($11.76)


PokerStars Hand #149526582534:  Hold'em Limit ($3/$6 USD) - 2016/02/27 17:53:46 ET
Table 'Samitchell II' 6-max Seat #6 is the button
Seat 5: PeteSvensson ($223.76 in chips)
Seat 6: AzureCaper ($199.87 in chips)
AzureCaper: posts small blind $1
PeteSvensson: posts big blind $3
*** HOLE CARDS ***
AzureCaper: raises $3 to $6
PeteSvensson: calls $3
*** FLOP *** [Kh 6h Kd]
PeteSvensson: checks
AzureCaper: bets $3
PeteSvensson: raises $3 to $6
AzureCaper: calls $3
*** TURN *** [Kh 6h Kd] [9s]
PeteSvensson: bets $6
AzureCaper: folds
Uncalled bet ($6) returned to PeteSvensson
PeteSvensson collected $23.52 from pot
PeteSvensson: doesn't show hand
*** SUMMARY ***
Total pot $24 | Rake $0.48
Board [Kh 6h Kd 9s]
Seat 5: PeteSvensson (big blind) collected ($23.52)
Seat 6: AzureCaper (button) (small blind) folded on the Turn


PokerStars Hand #149526569612:  Hold'em Limit ($3/$6 USD) - 2016/02/27 17:53:34 ET
Table 'Samitchell II' 6-max Seat #5 is the button
Seat 5: PeteSvensson ($218 in chips)
Seat 6: AzureCaper ($205.87 in chips)
PeteSvensson: posts small blind $1
AzureCaper: posts big blind $3
*** HOLE CARDS ***
PeteSvensson: raises $3 to $6
AzureCaper: calls $3
*** FLOP *** [3c 6c Jd]
AzureCaper: checks
PeteSvensson: bets $3
AzureCaper: folds
Uncalled bet ($3) returned to PeteSvensson
PeteSvensson collected $11.76 from pot
PeteSvensson: doesn't show hand
*** SUMMARY ***
Total pot $12 | Rake $0.24
Board [3c 6c Jd]
Seat 5: PeteSvensson (button) (small blind) collected ($11.76)
Seat 6: AzureCaper (big blind) folded on the Flop


PokerStars Hand #149526565089:  Hold'em Limit ($3/$6 USD) - 2016/02/27 17:53:30 ET
Table 'Samitchell II' 6-max Seat #6 is the button
Seat 5: PeteSvensson ($217 in chips)
Seat 6: AzureCaper ($206.87 in chips)
AzureCaper: posts small blind $1
PeteSvensson: posts big blind $3
*** HOLE CARDS ***
AzureCaper: folds
Uncalled bet ($2) returned to PeteSvensson
PeteSvensson collected $2 from pot
PeteSvensson: doesn't show hand
*** SUMMARY ***
Total pot $2 | Rake $0
Seat 5: PeteSvensson (big blind) collected ($2)
Seat 6: AzureCaper (button) (small blind) folded before Flop


PokerStars Hand #149526632193:  Hold'em Limit ($3/$6 USD) - 2016/02/27 17:54:34 ET
Table 'Samitchell II' 6-max Seat #5 is the button
Seat 5: PeteSvensson ($225.78 in chips)
Seat 6: AzureCaper ($196.37 in chips)
PeteSvensson: posts small blind $1
AzureCaper: posts big blind $3
*** HOLE CARDS ***
PeteSvensson: folds
Uncalled bet ($2) returned to AzureCaper
AzureCaper collected $2 from pot
AzureCaper: doesn't show hand
*** SUMMARY ***
Total pot $2 | Rake $0
Seat 5: PeteSvensson (button) (small blind) folded before Flop
Seat 6: AzureCaper (big blind) collected ($2)


PokerStars Hand #149526614833:  Hold'em Limit ($3/$6 USD) - 2016/02/27 17:54:17 ET
Table 'Samitchell II' 6-max Seat #6 is the button
Seat 5: PeteSvensson ($255.78 in chips)
Seat 6: AzureCaper ($166.87 in chips)
AzureCaper: posts small blind $1
PeteSvensson: posts big blind $3
*** HOLE CARDS ***
AzureCaper: raises $3 to $6
PeteSvensson: calls $3
*** FLOP *** [Th 5h Qs]
PeteSvensson: checks
AzureCaper: bets $3
PeteSvensson: raises $3 to $6
AzureCaper: calls $3
*** TURN *** [Th 5h Qs] [4s]
PeteSvensson: bets $6
AzureCaper: raises $6 to $12
PeteSvensson: calls $6
*** RIVER *** [Th 5h Qs 4s] [Ad]
PeteSvensson: checks
AzureCaper: bets $6
PeteSvensson: calls $6
*** SHOW DOWN ***
AzureCaper: shows [6c Qd] (a pair of Queens)
missbleuf joins the table at seat #2
PeteSvensson: mucks hand
AzureCaper collected $59.50 from pot
*** SUMMARY ***
Total pot $60 | Rake $0.50
Board [Th 5h Qs 4s Ad]
Seat 5: PeteSvensson (big blind) mucked
Seat 6: AzureCaper (button) (small blind) showed [6c Qd] and won ($59.50) with a pair of Queens


PokerStars Hand #149526596790:  Hold'em Limit ($3/$6 USD) - 2016/02/27 17:54:00 ET
Table 'Samitchell II' 6-max Seat #5 is the button
Seat 5: PeteSvensson ($235.28 in chips)
Seat 6: AzureCaper ($187.87 in chips)
PeteSvensson: posts small blind $1
AzureCaper: posts big blind $3
*** HOLE CARDS ***
PeteSvensson: raises $3 to $6
AzureCaper: calls $3
*** FLOP *** [7d Jd Ac]
AzureCaper: checks
PeteSvensson: bets $3
AzureCaper: calls $3
*** TURN *** [7d Jd Ac] [Qd]
AzureCaper: checks
PeteSvensson: bets $6
AzureCaper: calls $6
*** RIVER *** [7d Jd Ac Qd] [6c]
AzureCaper: checks
PeteSvensson: bets $6
AzureCaper: calls $6
*** SHOW DOWN ***
PeteSvensson: shows [7s 6h] (two pair, Sevens and Sixes)
AzureCaper: mucks hand
PeteSvensson collected $41.50 from pot
*** SUMMARY ***
Total pot $42 | Rake $0.50
Board [7d Jd Ac Qd 6c]
Seat 5: PeteSvensson (button) (small blind) showed [7s 6h] and won ($41.50) with two pair, Sevens and Sixes
Seat 6: AzureCaper (big blind) mucked


PokerStars Hand #149526730027:  Hold'em Limit ($3/$6 USD) - 2016/02/27 17:56:36 ET
Table 'Samitchell II' 6-max Seat #6 is the button
Seat 5: PeteSvensson ($184.81 in chips)
Seat 6: AzureCaper ($274.25 in chips)
AzureCaper: posts small blind $1
PeteSvensson: posts big blind $3
*** HOLE CARDS ***
missbleuf leaves the table
AzureCaper: folds
Uncalled bet ($2) returned to PeteSvensson
PeteSvensson collected $2 from pot
PeteSvensson: doesn't show hand
*** SUMMARY ***
Total pot $2 | Rake $0
Seat 5: PeteSvensson (big blind) collected ($2)
Seat 6: AzureCaper (button) (small blind) folded before Flop


PokerStars Hand #149526719756:  Hold'em Limit ($3/$6 USD) - 2016/02/27 17:56:22 ET
Table 'Samitchell II' 6-max Seat #5 is the button
Seat 5: PeteSvensson ($167.31 in chips)
Seat 6: AzureCaper ($292.25 in chips)
PeteSvensson: posts small blind $1
AzureCaper: posts big blind $3
*** HOLE CARDS ***
PeteSvensson: raises $3 to $6
AzureCaper: calls $3
*** FLOP *** [Kd 5c 4h]
AzureCaper: checks
PeteSvensson: bets $3
AzureCaper: raises $3 to $6
PeteSvensson: calls $3
*** TURN *** [Kd 5c 4h] [As]
AzureCaper: bets $6
PeteSvensson: calls $6
*** RIVER *** [Kd 5c 4h As] [Qh]
AzureCaper: checks
PeteSvensson: bets $6
AzureCaper: folds
Uncalled bet ($6) returned to PeteSvensson
PeteSvensson collected $35.50 from pot
PeteSvensson: doesn't show hand
*** SUMMARY ***
Total pot $36 | Rake $0.50
Board [Kd 5c 4h As Qh]
Seat 5: PeteSvensson (button) (small blind) collected ($35.50)
Seat 6: AzureCaper (big blind) folded on the River


PokerStars Hand #149526752558:  Hold'em Limit ($3/$6 USD) - 2016/02/27 17:57:06 ET
Table 'Samitchell II' 6-max Seat #5 is the button
Seat 5: PeteSvensson ($212.31 in chips)
Seat 6: AzureCaper ($246.25 in chips)
PeteSvensson: posts small blind $1
AzureCaper: posts big blind $3
*** HOLE CARDS ***
PeteSvensson: raises $3 to $6
AzureCaper: folds
Uncalled bet ($3) returned to PeteSvensson
PeteSvensson collected $6 from pot
PeteSvensson: doesn't show hand
*** SUMMARY ***
Total pot $6 | Rake $0
Seat 5: PeteSvensson (button) (small blind) collected ($6)
Seat 6: AzureCaper (big blind) folded before Flop


PokerStars Hand #149526739579:  Hold'em Limit ($3/$6 USD) - 2016/02/27 17:56:49 ET
Table 'Samitchell II' 6-max Seat #6 is the button
Seat 5: PeteSvensson ($188.81 in chips)
Seat 6: AzureCaper ($270.25 in chips)
AzureCaper: posts small blind $1
PeteSvensson: posts big blind $3
*** HOLE CARDS ***
AzureCaper: raises $3 to $6
PeteSvensson: calls $3
*** FLOP *** [6s Td As]
PeteSvensson: checks
AzureCaper: bets $3
PeteSvensson: raises $3 to $6
AzureCaper: calls $3
*** TURN *** [6s Td As] [5h]
PeteSvensson: bets $6
AzureCaper: calls $6
*** RIVER *** [6s Td As 5h] [8s]
PeteSvensson: bets $6
AzureCaper: calls $6
*** SHOW DOWN ***
PeteSvensson: shows [Ah 6c] (two pair, Aces and Sixes)
AzureCaper: mucks hand
PeteSvensson collected $47.50 from pot
*** SUMMARY ***
Total pot $48 | Rake $0.50
Board [6s Td As 5h 8s]
Seat 5: PeteSvensson (big blind) showed [Ah 6c] and won ($47.50) with two pair, Aces and Sixes
Seat 6: AzureCaper (button) (small blind) mucked


PokerStars Hand #149526733251:  Hold'em Limit ($3/$6 USD) - 2016/02/27 17:56:40 ET
Table 'Samitchell II' 6-max Seat #5 is the button
Seat 5: PeteSvensson ($185.81 in chips)
Seat 6: AzureCaper ($273.25 in chips)
PeteSvensson: posts small blind $1
AzureCaper: posts big blind $3
*** HOLE CARDS ***
PeteSvensson: raises $3 to $6
AzureCaper: folds
Uncalled bet ($3) returned to PeteSvensson
PeteSvensson collected $6 from pot
PeteSvensson: doesn't show hand
*** SUMMARY ***
Total pot $6 | Rake $0
Seat 5: PeteSvensson (button) (small blind) collected ($6)
Seat 6: AzureCaper (big blind) folded before Flop


PokerStars Hand #149526774434:  Hold'em Limit ($3/$6 USD) - 2016/02/27 17:57:36 ET
Table 'Samitchell II' 6-max Seat #6 is the button
Seat 5: PeteSvensson ($208.31 in chips)
Seat 6: AzureCaper ($249.77 in chips)
AzureCaper: posts small blind $1
PeteSvensson: posts big blind $3
*** HOLE CARDS ***
AzureCaper: raises $3 to $6
PeteSvensson: folds
Uncalled bet ($3) returned to AzureCaper
AzureCaper collected $6 from pot
AzureCaper: doesn't show hand
*** SUMMARY ***
Total pot $6 | Rake $0
Seat 5: PeteSvensson (big blind) folded before Flop
Seat 6: AzureCaper (button) (small blind) collected ($6)


PokerStars Hand #149526769748:  Hold'em Limit ($3/$6 USD) - 2016/02/27 17:57:29 ET
Table 'Samitchell II' 6-max Seat #5 is the button
Seat 5: PeteSvensson ($205.31 in chips)
Seat 6: AzureCaper ($252.77 in chips)
PeteSvensson: posts small blind $1
AzureCaper: posts big blind $3
*** HOLE CARDS ***
PeteSvensson: raises $3 to $6
AzureCaper: folds
Uncalled bet ($3) returned to PeteSvensson
PeteSvensson collected $6 from pot
PeteSvensson: doesn't show hand
*** SUMMARY ***
Total pot $6 | Rake $0
Seat 5: PeteSvensson (button) (small blind) collected ($6)
Seat 6: AzureCaper (big blind) folded before Flop


PokerStars Hand #149526778505:  Hold'em Limit ($3/$6 USD) - 2016/02/27 17:57:41 ET
Table 'Samitchell II' 6-max Seat #5 is the button
Seat 5: PeteSvensson ($205.31 in chips)
Seat 6: AzureCaper ($252.77 in chips)
PeteSvensson: posts small blind $1
AzureCaper: posts big blind $3
*** HOLE CARDS ***
PeteSvensson: raises $3 to $6
AzureCaper: raises $3 to $9
PeteSvensson: calls $3
*** FLOP *** [6c Qs 8c]
AzureCaper: bets $3
PeteSvensson: calls $3
*** TURN *** [6c Qs 8c] [8h]
AzureCaper: bets $6
PeteSvensson: folds
Uncalled bet ($6) returned to AzureCaper
AzureCaper collected $23.52 from pot
AzureCaper: doesn't show hand
*** SUMMARY ***
Total pot $24 | Rake $0.48
Board [6c Qs 8c 8h]
Seat 5: PeteSvensson (button) (small blind) folded on the Turn
Seat 6: AzureCaper (big blind) collected ($23.52)


PokerStars Hand #149526786190:  Hold'em Limit ($3/$6 USD) - 2016/02/27 17:57:52 ET
Table 'Samitchell II' 6-max Seat #6 is the button
Seat 5: PeteSvensson ($193.31 in chips)
Seat 6: AzureCaper ($264.29 in chips)
AzureCaper: posts small blind $1
PeteSvensson: posts big blind $3
*** HOLE CARDS ***
AzureCaper: folds
Uncalled bet ($2) returned to PeteSvensson
PeteSvensson collected $2 from pot
PeteSvensson: doesn't show hand
*** SUMMARY ***
Total pot $2 | Rake $0
Seat 5: PeteSvensson (big blind) collected ($2)
Seat 6: AzureCaper (button) (small blind) folded before Flop


PokerStars Hand #149526766482:  Hold'em Limit ($3/$6 USD) - 2016/02/27 17:57:25 ET
Table 'Samitchell II' 6-max Seat #6 is the button
Seat 5: PeteSvensson ($204.31 in chips)
Seat 6: AzureCaper ($253.77 in chips)
AzureCaper: posts small blind $1
PeteSvensson: posts big blind $3
*** HOLE CARDS ***
AzureCaper: folds
Uncalled bet ($2) returned to PeteSvensson
PeteSvensson collected $2 from pot
PeteSvensson: doesn't show hand
*** SUMMARY ***
Total pot $2 | Rake $0
Seat 5: PeteSvensson (big blind) collected ($2)
Seat 6: AzureCaper (button) (small blind) folded before Flop


PokerStars Hand #149526759198:  Hold'em Limit ($3/$6 USD) - 2016/02/27 17:57:15 ET
Table 'Samitchell II' 6-max Seat #5 is the button
Seat 5: PeteSvensson ($216.31 in chips)
Seat 6: AzureCaper ($242.25 in chips)
PeteSvensson: posts small blind $1
AzureCaper: posts big blind $3
*** HOLE CARDS ***
PeteSvensson: raises $3 to $6
AzureCaper: raises $3 to $9
PeteSvensson: calls $3
*** FLOP *** [Ks 4d Kh]
AzureCaper: bets $3
PeteSvensson: calls $3
*** TURN *** [Ks 4d Kh] [2c]
AzureCaper: bets $6
PeteSvensson: folds
Uncalled bet ($6) returned to AzureCaper
AzureCaper collected $23.52 from pot
AzureCaper: doesn't show hand
*** SUMMARY ***
Total pot $24 | Rake $0.48
Board [Ks 4d Kh 2c]
Seat 5: PeteSvensson (button) (small blind) folded on the Turn
Seat 6: AzureCaper (big blind) collected ($23.52)


PokerStars Hand #149526756025:  Hold'em Limit ($3/$6 USD) - 2016/02/27 17:57:11 ET
Table 'Samitchell II' 6-max Seat #6 is the button
Seat 5: PeteSvensson ($215.31 in chips)
Seat 6: AzureCaper ($243.25 in chips)
AzureCaper: posts small blind $1
PeteSvensson: posts big blind $3
*** HOLE CARDS ***
AzureCaper: folds
Uncalled bet ($2) returned to PeteSvensson
PeteSvensson collected $2 from pot
PeteSvensson: doesn't show hand
*** SUMMARY ***
Total pot $2 | Rake $0
Seat 5: PeteSvensson (big blind) collected ($2)
Seat 6: AzureCaper (button) (small blind) folded before Flop


PokerStars Hand #149526797289:  Hold'em Limit ($3/$6 USD) - 2016/02/27 17:58:07 ET
Table 'Samitchell II' 6-max Seat #6 is the button
Seat 5: PeteSvensson ($200.07 in chips)
Seat 6: AzureCaper ($257.29 in chips)
AzureCaper: posts small blind $1
PeteSvensson: posts big blind $3
*** HOLE CARDS ***
AzureCaper: folds
Uncalled bet ($2) returned to PeteSvensson
PeteSvensson collected $2 from pot
PeteSvensson: doesn't show hand
*** SUMMARY ***
Total pot $2 | Rake $0
Seat 5: PeteSvensson (big blind) collected ($2)
Seat 6: AzureCaper (button) (small blind) folded before Flop


PokerStars Hand #149526789335:  Hold'em Limit ($3/$6 USD) - 2016/02/27 17:57:56 ET
Table 'Samitchell II' 6-max Seat #5 is the button
Seat 5: PeteSvensson ($194.31 in chips)
Seat 6: AzureCaper ($263.29 in chips)
PeteSvensson: posts small blind $1
AzureCaper: posts big blind $3
*** HOLE CARDS ***
PeteSvensson: raises $3 to $6
AzureCaper: calls $3
*** FLOP *** [Ad Qc 4c]
AzureCaper: checks
PeteSvensson: bets $3
AzureCaper: folds
Uncalled bet ($3) returned to PeteSvensson
PeteSvensson collected $11.76 from pot
PeteSvensson: doesn't show hand
*** SUMMARY ***
Total pot $12 | Rake $0.24
Board [Ad Qc 4c]
Seat 5: PeteSvensson (button) (small blind) collected ($11.76)
Seat 6: AzureCaper (big blind) folded on the Flop


PokerStars Hand #149526800281:  Hold'em Limit ($3/$6 USD) - 2016/02/27 17:58:11 ET
Table 'Samitchell II' 6-max Seat #5 is the button
Seat 5: PeteSvensson ($201.07 in chips)
Seat 6: AzureCaper ($256.29 in chips)
PeteSvensson: posts small blind $1
AzureCaper: posts big blind $3
*** HOLE CARDS ***
PeteSvensson: raises $3 to $6
gazzzzzza joins the table at seat #2
AzureCaper: calls $3
*** FLOP *** [Qh 8d 8s]
AzureCaper: checks
PeteSvensson: bets $3
AzureCaper: calls $3
*** TURN *** [Qh 8d 8s] [Jd]
AzureCaper: checks
PeteSvensson: bets $6
AzureCaper: calls $6
*** RIVER *** [Qh 8d 8s Jd] [2h]
AzureCaper: checks
PeteSvensson: bets $6
AzureCaper: folds
Uncalled bet ($6) returned to PeteSvensson
PeteSvensson collected $29.50 from pot
PeteSvensson: doesn't show hand
*** SUMMARY ***
Total pot $30 | Rake $0.50
Board [Qh 8d 8s Jd 2h]
Seat 5: PeteSvensson (button) (small blind) collected ($29.50)
Seat 6: AzureCaper (big blind) folded on the River


PokerStars Hand #149529824961:  Hold'em Limit ($3/$6 USD) - 2016/02/27 18:56:07 ET
Table 'Samitchell II' 6-max Seat #5 is the button
Seat 3: markusfriebe ($72.25 in chips)
Seat 5: PeteSvensson ($157.33 in chips)
PeteSvensson: posts small blind $1
alexslep: is sitting out
markusfriebe: posts big blind $3
*** HOLE CARDS ***
PeteSvensson: raises $3 to $6
markusfriebe: raises $3 to $9
PeteSvensson: calls $3
*** FLOP *** [Js Qc 4h]
alexslep leaves the table
markusfriebe: bets $3
PeteSvensson: folds
Uncalled bet ($3) returned to markusfriebe
markusfriebe collected $17.64 from pot
markusfriebe: doesn't show hand
*** SUMMARY ***
Total pot $18 | Rake $0.36
Board [Js Qc 4h]
Seat 3: markusfriebe (big blind) collected ($17.64)
Seat 5: PeteSvensson (button) (small blind) folded on the Flop


PokerStars Hand #149529831963:  Hold'em Limit ($3/$6 USD) - 2016/02/27 18:56:18 ET
Table 'Samitchell II' 6-max Seat #3 is the button
Seat 3: markusfriebe ($80.89 in chips)
Seat 5: PeteSvensson ($148.33 in chips)
markusfriebe: posts small blind $1
PeteSvensson: posts big blind $3
*** HOLE CARDS ***
markusfriebe: raises $3 to $6
PeteSvensson: calls $3
*** FLOP *** [8c 7h Th]
PeteSvensson: checks
markusfriebe: checks
*** TURN *** [8c 7h Th] [Kc]
PeteSvensson: bets $6
markusfriebe: folds
Uncalled bet ($6) returned to PeteSvensson
PeteSvensson collected $11.76 from pot
PeteSvensson: doesn't show hand
*** SUMMARY ***
Total pot $12 | Rake $0.24
Board [8c 7h Th Kc]
Seat 3: markusfriebe (button) (small blind) folded on the Turn
Seat 5: PeteSvensson (big blind) collected ($11.76)


