PokerStars Hand #153342348809:  Hold'em Limit ($3/$6 USD) - 2016/05/15 8:33:26 ET
Table 'Sandrine' 6-max Seat #5 is the button
Seat 1: Puzanchik 11 ($54.12 in chips)
Seat 5: Pandakey ($121 in chips)
Pandakey: posts small blind $1
Puzanchik 11: posts big blind $3
*** HOLE CARDS ***
Pandakey: raises $3 to $6
Puzanchik 11: folds
Uncalled bet ($3) returned to Pandakey
Pandakey collected $6 from pot
*** SUMMARY ***
Total pot $6 | Rake $0
Seat 1: Puzanchik 11 (big blind) folded before Flop
Seat 5: Pandakey (button) (small blind) collected ($6)


PokerStars Hand #153342352943:  Hold'em Limit ($3/$6 USD) - 2016/05/15 8:33:33 ET
Table 'Sandrine' 6-max Seat #1 is the button
Seat 1: Puzanchik 11 ($51.12 in chips)
Seat 5: Pandakey ($124 in chips)
Puzanchik 11: posts small blind $1
Pandakey: posts big blind $3
*** HOLE CARDS ***
Puzanchik 11: folds
Uncalled bet ($2) returned to Pandakey
Pandakey collected $2 from pot
Pandakey: doesn't show hand
*** SUMMARY ***
Total pot $2 | Rake $0
Seat 1: Puzanchik 11 (button) (small blind) folded before Flop
Seat 5: Pandakey (big blind) collected ($2)


PokerStars Hand #153342356000:  Hold'em Limit ($3/$6 USD) - 2016/05/15 8:33:38 ET
Table 'Sandrine' 6-max Seat #5 is the button
Seat 1: Puzanchik 11 ($50.12 in chips)
Seat 5: Pandakey ($125 in chips)
Pandakey: posts small blind $1
Puzanchik 11: posts big blind $3
*** HOLE CARDS ***
Pandakey: raises $3 to $6
Puzanchik 11: folds
Uncalled bet ($3) returned to Pandakey
Pandakey collected $6 from pot
Pandakey: doesn't show hand
*** SUMMARY ***
Total pot $6 | Rake $0
Seat 1: Puzanchik 11 (big blind) folded before Flop
Seat 5: Pandakey (button) (small blind) collected ($6)


PokerStars Hand #153342360785:  Hold'em Limit ($3/$6 USD) - 2016/05/15 8:33:46 ET
Table 'Sandrine' 6-max Seat #1 is the button
Seat 1: Puzanchik 11 ($47.12 in chips)
Seat 5: Pandakey ($128 in chips)
Puzanchik 11: posts small blind $1
Pandakey: posts big blind $3
*** HOLE CARDS ***
Puzanchik 11: raises $3 to $6
Pandakey: calls $3
*** FLOP *** [6s 6d Th]
Pandakey: checks
Puzanchik 11: bets $3
Pandakey: raises $3 to $6
Puzanchik 11: raises $3 to $9
Pandakey: calls $3
*** TURN *** [6s 6d Th] [4h]
Pandakey: checks
Puzanchik 11: bets $6
Pandakey: folds
Uncalled bet ($6) returned to Puzanchik 11
Puzanchik 11 collected $29.50 from pot
Puzanchik 11: doesn't show hand
*** SUMMARY ***
Total pot $30 | Rake $0.50
Board [6s 6d Th 4h]
Seat 1: Puzanchik 11 (button) (small blind) collected ($29.50)
Seat 5: Pandakey (big blind) folded on the Turn


PokerStars Hand #153342383793:  Hold'em Limit ($3/$6 USD) - 2016/05/15 8:34:25 ET
Table 'Sandrine' 6-max Seat #1 is the button
Seat 1: Puzanchik 11 ($58.62 in chips)
Seat 5: Pandakey ($116 in chips)
Puzanchik 11: posts small blind $1
Pandakey: posts big blind $3
*** HOLE CARDS ***
Puzanchik 11: raises $3 to $6
Pandakey: calls $3
*** FLOP *** [Jc Ts 3d]
Pandakey: checks
Puzanchik 11: bets $3
Pandakey: folds
Uncalled bet ($3) returned to Puzanchik 11
Puzanchik 11 collected $11.76 from pot
Puzanchik 11: doesn't show hand
*** SUMMARY ***
Total pot $12 | Rake $0.24
Board [Jc Ts 3d]
Seat 1: Puzanchik 11 (button) (small blind) collected ($11.76)
Seat 5: Pandakey (big blind) folded on the Flop


PokerStars Hand #153342379606:  Hold'em Limit ($3/$6 USD) - 2016/05/15 8:34:18 ET
Table 'Sandrine' 6-max Seat #5 is the button
Seat 1: Puzanchik 11 ($61.62 in chips)
Seat 5: Pandakey ($113 in chips)
Pandakey: posts small blind $1
Puzanchik 11: posts big blind $3
*** HOLE CARDS ***
Pandakey: raises $3 to $6
Puzanchik 11: folds
Uncalled bet ($3) returned to Pandakey
Pandakey collected $6 from pot
Pandakey: doesn't show hand
*** SUMMARY ***
Total pot $6 | Rake $0
Seat 1: Puzanchik 11 (big blind) folded before Flop
Seat 5: Pandakey (button) (small blind) collected ($6)


PokerStars Hand #153342388939:  Hold'em Limit ($3/$6 USD) - 2016/05/15 8:34:34 ET
Table 'Sandrine' 6-max Seat #5 is the button
Seat 1: Puzanchik 11 ($64.38 in chips)
Seat 5: Pandakey ($110 in chips)
Pandakey: posts small blind $1
Puzanchik 11: posts big blind $3
*** HOLE CARDS ***
Pandakey: raises $3 to $6
Puzanchik 11: calls $3
*** FLOP *** [9c 3c Qh]
Puzanchik 11: checks
Pandakey: checks
*** TURN *** [9c 3c Qh] [Ac]
Puzanchik 11: checks
Pandakey: checks
*** RIVER *** [9c 3c Qh Ac] [Js]
Puzanchik 11: checks
Pandakey: checks
*** SHOW DOWN ***
Puzanchik 11: shows [6h 5h] (high card Ace)
Pandakey: shows [2d Ks] (high card Ace - King kicker)
Pandakey collected $11.76 from pot
*** SUMMARY ***
Total pot $12 | Rake $0.24
Board [9c 3c Qh Ac Js]
Seat 1: Puzanchik 11 (big blind) showed [6h 5h] and lost with high card Ace
Seat 5: Pandakey (button) (small blind) showed [2d Ks] and won ($11.76) with high card Ace


PokerStars Hand #153342404873:  Hold'em Limit ($3/$6 USD) - 2016/05/15 8:35:01 ET
Table 'Sandrine' 6-max Seat #1 is the button
Seat 1: Puzanchik 11 ($58.38 in chips)
Seat 5: Pandakey ($115.76 in chips)
Puzanchik 11: posts small blind $1
Pandakey: posts big blind $3
*** HOLE CARDS ***
Puzanchik 11: raises $3 to $6
Pandakey: calls $3
*** FLOP *** [2d Jd 2h]
Pandakey: checks
Puzanchik 11: bets $3
Pandakey: calls $3
*** TURN *** [2d Jd 2h] [Ad]
Pandakey: checks
Puzanchik 11: bets $6
Pandakey: calls $6
*** RIVER *** [2d Jd 2h Ad] [9c]
Pandakey: checks
Puzanchik 11: bets $6
Pandakey: calls $6
*** SHOW DOWN ***
Puzanchik 11: shows [Ah 2s] (a full house, Deuces full of Aces)
Pandakey: mucks hand
Puzanchik 11 collected $41.50 from pot
*** SUMMARY ***
Total pot $42 | Rake $0.50
Board [2d Jd 2h Ad 9c]
Seat 1: Puzanchik 11 (button) (small blind) showed [Ah 2s] and won ($41.50) with a full house, Deuces full of Aces
Seat 5: Pandakey (big blind) mucked


PokerStars Hand #153342430016:  Hold'em Limit ($3/$6 USD) - 2016/05/15 8:35:43 ET
Table 'Sandrine' 6-max Seat #5 is the button
Seat 1: Puzanchik 11 ($78.88 in chips)
Seat 5: Pandakey ($94.76 in chips)
Pandakey: posts small blind $1
Puzanchik 11: posts big blind $3
*** HOLE CARDS ***
Pandakey: folds
Uncalled bet ($2) returned to Puzanchik 11
Puzanchik 11 collected $2 from pot
Puzanchik 11: doesn't show hand
*** SUMMARY ***
Total pot $2 | Rake $0
Seat 1: Puzanchik 11 (big blind) collected ($2)
Seat 5: Pandakey (button) (small blind) folded before Flop


PokerStars Hand #153342434248:  Hold'em Limit ($3/$6 USD) - 2016/05/15 8:35:50 ET
Table 'Sandrine' 6-max Seat #1 is the button
Seat 1: Puzanchik 11 ($79.88 in chips)
Seat 5: Pandakey ($93.76 in chips)
Puzanchik 11: posts small blind $1
Pandakey: posts big blind $3
*** HOLE CARDS ***
Puzanchik 11: raises $3 to $6
Pandakey: raises $3 to $9
Puzanchik 11: calls $3
*** FLOP *** [9d Qh Tc]
Pandakey: bets $3
Puzanchik 11: calls $3
*** TURN *** [9d Qh Tc] [5d]
Pandakey: checks
Puzanchik 11: bets $6
Pandakey: calls $6
*** RIVER *** [9d Qh Tc 5d] [6s]
Pandakey: checks
Puzanchik 11: bets $6
Pandakey: folds
Uncalled bet ($6) returned to Puzanchik 11
Puzanchik 11 collected $35.50 from pot
Puzanchik 11: doesn't show hand
*** SUMMARY ***
Total pot $36 | Rake $0.50
Board [9d Qh Tc 5d 6s]
Seat 1: Puzanchik 11 (button) (small blind) collected ($35.50)
Seat 5: Pandakey (big blind) folded on the River


PokerStars Hand #153342446393:  Hold'em Limit ($3/$6 USD) - 2016/05/15 8:36:11 ET
Table 'Sandrine' 6-max Seat #5 is the button
Seat 1: Puzanchik 11 ($97.38 in chips)
Seat 5: Pandakey ($75.76 in chips)
Pandakey: posts small blind $1
Puzanchik 11: posts big blind $3
*** HOLE CARDS ***
Pandakey: folds
Uncalled bet ($2) returned to Puzanchik 11
Puzanchik 11 collected $2 from pot
Puzanchik 11: doesn't show hand
*** SUMMARY ***
Total pot $2 | Rake $0
Seat 1: Puzanchik 11 (big blind) collected ($2)
Seat 5: Pandakey (button) (small blind) folded before Flop


PokerStars Hand #153342449096:  Hold'em Limit ($3/$6 USD) - 2016/05/15 8:36:15 ET
Table 'Sandrine' 6-max Seat #1 is the button
Seat 1: Puzanchik 11 ($98.38 in chips)
Seat 5: Pandakey ($74.76 in chips)
Puzanchik 11: posts small blind $1
Pandakey: posts big blind $3
*** HOLE CARDS ***
Puzanchik 11: raises $3 to $6
Pandakey: calls $3
*** FLOP *** [Ah 4c 3c]
Pandakey: checks
Puzanchik 11: bets $3
Pandakey: calls $3
*** TURN *** [Ah 4c 3c] [2c]
Pandakey: checks
Puzanchik 11: checks
*** RIVER *** [Ah 4c 3c 2c] [Jh]
Pandakey: checks
Puzanchik 11: checks
*** SHOW DOWN ***
Pandakey: shows [8h Kc] (high card Ace)
Puzanchik 11: shows [Js 6s] (a pair of Jacks)
Puzanchik 11 collected $17.64 from pot
*** SUMMARY ***
Total pot $18 | Rake $0.36
Board [Ah 4c 3c 2c Jh]
Seat 1: Puzanchik 11 (button) (small blind) showed [Js 6s] and won ($17.64) with a pair of Jacks
Seat 5: Pandakey (big blind) showed [8h Kc] and lost with high card Ace


PokerStars Hand #153342462752:  Hold'em Limit ($3/$6 USD) - 2016/05/15 8:36:38 ET
Table 'Sandrine' 6-max Seat #1 is the button
Seat 1: Puzanchik 11 ($104.02 in chips)
Seat 5: Pandakey ($68.76 in chips)
Puzanchik 11: posts small blind $1
Pandakey: posts big blind $3
*** HOLE CARDS ***
Puzanchik 11: folds
Uncalled bet ($2) returned to Pandakey
Pandakey collected $2 from pot
Pandakey: doesn't show hand
*** SUMMARY ***
Total pot $2 | Rake $0
Seat 1: Puzanchik 11 (button) (small blind) folded before Flop
Seat 5: Pandakey (big blind) collected ($2)


PokerStars Hand #153342459655:  Hold'em Limit ($3/$6 USD) - 2016/05/15 8:36:33 ET
Table 'Sandrine' 6-max Seat #5 is the button
Seat 1: Puzanchik 11 ($107.02 in chips)
Seat 5: Pandakey ($65.76 in chips)
Pandakey: posts small blind $1
Puzanchik 11: posts big blind $3
*** HOLE CARDS ***
Pandakey: raises $3 to $6
Puzanchik 11: folds
Uncalled bet ($3) returned to Pandakey
Pandakey collected $6 from pot
Pandakey: doesn't show hand
*** SUMMARY ***
Total pot $6 | Rake $0
Seat 1: Puzanchik 11 (big blind) folded before Flop
Seat 5: Pandakey (button) (small blind) collected ($6)


PokerStars Hand #153342465607:  Hold'em Limit ($3/$6 USD) - 2016/05/15 8:36:43 ET
Table 'Sandrine' 6-max Seat #5 is the button
Seat 1: Puzanchik 11 ($103.02 in chips)
Seat 5: Pandakey ($69.76 in chips)
Pandakey: posts small blind $1
Puzanchik 11: posts big blind $3
*** HOLE CARDS ***
Pandakey: raises $3 to $6
Puzanchik 11: calls $3
*** FLOP *** [6s 2d Kd]
Puzanchik 11: checks
Pandakey: bets $3
Puzanchik 11: calls $3
*** TURN *** [6s 2d Kd] [7d]
Puzanchik 11: checks
Pandakey: checks
*** RIVER *** [6s 2d Kd 7d] [Js]
Puzanchik 11: bets $6
Pandakey: calls $6
*** SHOW DOWN ***
Puzanchik 11: shows [Th Kc] (a pair of Kings)
Pandakey: mucks hand
Puzanchik 11 collected $29.50 from pot
*** SUMMARY ***
Total pot $30 | Rake $0.50
Board [6s 2d Kd 7d Js]
Seat 1: Puzanchik 11 (big blind) showed [Th Kc] and won ($29.50) with a pair of Kings
Seat 5: Pandakey (button) (small blind) mucked


PokerStars Hand #153342478275:  Hold'em Limit ($3/$6 USD) - 2016/05/15 8:37:04 ET
Table 'Sandrine' 6-max Seat #1 is the button
Seat 1: Puzanchik 11 ($117.52 in chips)
Seat 5: Pandakey ($54.76 in chips)
Puzanchik 11: posts small blind $1
Pandakey: posts big blind $3
*** HOLE CARDS ***
Puzanchik 11: raises $3 to $6
Pandakey: raises $3 to $9
Puzanchik 11: calls $3
*** FLOP *** [As Qd Jd]
Pandakey: bets $3
Puzanchik 11: calls $3
*** TURN *** [As Qd Jd] [3s]
Pandakey: bets $6
Puzanchik 11: calls $6
*** RIVER *** [As Qd Jd 3s] [9h]
Pandakey: bets $6
Puzanchik 11: raises $6 to $12
Pandakey: folds
Uncalled bet ($6) returned to Puzanchik 11
Puzanchik 11 collected $47.50 from pot
Puzanchik 11: doesn't show hand
*** SUMMARY ***
Total pot $48 | Rake $0.50
Board [As Qd Jd 3s 9h]
Seat 1: Puzanchik 11 (button) (small blind) collected ($47.50)
Seat 5: Pandakey (big blind) folded on the River


PokerStars Hand #153342491800:  Hold'em Limit ($3/$6 USD) - 2016/05/15 8:37:27 ET
Table 'Sandrine' 6-max Seat #5 is the button
Seat 1: Puzanchik 11 ($141.02 in chips)
Seat 5: Pandakey ($30.76 in chips)
Pandakey: posts small blind $1
Puzanchik 11: posts big blind $3
*** HOLE CARDS ***
Pandakey: raises $3 to $6
Puzanchik 11: calls $3
*** FLOP *** [7c 2s Js]
Puzanchik 11: bets $3
Pandakey: folds
Uncalled bet ($3) returned to Puzanchik 11
Puzanchik 11 collected $11.76 from pot
Puzanchik 11: doesn't show hand
*** SUMMARY ***
Total pot $12 | Rake $0.24
Board [7c 2s Js]
Seat 1: Puzanchik 11 (big blind) collected ($11.76)
Seat 5: Pandakey (button) (small blind) folded on the Flop


PokerStars Hand #153343745832:  Hold'em Limit ($3/$6 USD) - 2016/05/15 9:12:25 ET
Table 'Sandrine' 6-max Seat #6 is the button
Seat 1: boony444 ($203 in chips)
Seat 6: 19woody58 ($120.78 in chips)
19woody58: posts small blind $1
boony444: posts big blind $3
*** HOLE CARDS ***
19woody58: folds
Uncalled bet ($2) returned to boony444
boony444 collected $2 from pot
boony444: doesn't show hand
*** SUMMARY ***
Total pot $2 | Rake $0
Seat 1: boony444 (big blind) collected ($2)
Seat 6: 19woody58 (button) (small blind) folded before Flop


PokerStars Hand #153343740792:  Hold'em Limit ($3/$6 USD) - 2016/05/15 9:12:17 ET
Table 'Sandrine' 6-max Seat #1 is the button
Seat 1: boony444 ($200 in chips)
Seat 6: 19woody58 ($123.78 in chips)
boony444: posts small blind $1
19woody58: posts big blind $3
*** HOLE CARDS ***
boony444: raises $3 to $6
19woody58: folds
Uncalled bet ($3) returned to boony444
boony444 collected $6 from pot
boony444: doesn't show hand
*** SUMMARY ***
Total pot $6 | Rake $0
Seat 1: boony444 (button) (small blind) collected ($6)
Seat 6: 19woody58 (big blind) folded before Flop


PokerStars Hand #153343697126:  Hold'em Limit ($3/$6 USD) - 2016/05/15 9:11:10 ET
Table 'Sandrine' 6-max Seat #6 is the button
Seat 5: Pandakey ($84.76 in chips)
Seat 6: 19woody58 ($120.78 in chips)
19woody58: posts small blind $1
Pandakey: posts big blind $3
*** HOLE CARDS ***
19woody58: raises $3 to $6
boony444 joins the table at seat #1
Pandakey has timed out
Pandakey: folds
Uncalled bet ($3) returned to 19woody58
19woody58 collected $6 from pot
19woody58: doesn't show hand
*** SUMMARY ***
Total pot $6 | Rake $0
Seat 5: Pandakey (big blind) folded before Flop
Seat 6: 19woody58 (button) (small blind) collected ($6)


PokerStars Hand #153343762473:  Hold'em Limit ($3/$6 USD) - 2016/05/15 9:12:51 ET
Table 'Sandrine' 6-max Seat #1 is the button
Seat 1: boony444 ($210.76 in chips)
Seat 6: 19woody58 ($112.78 in chips)
boony444: posts small blind $1
19woody58: posts big blind $3
*** HOLE CARDS ***
boony444: raises $3 to $6
19woody58: folds
Uncalled bet ($3) returned to boony444
boony444 collected $6 from pot
boony444: doesn't show hand
*** SUMMARY ***
Total pot $6 | Rake $0
Seat 1: boony444 (button) (small blind) collected ($6)
Seat 6: 19woody58 (big blind) folded before Flop


PokerStars Hand #153343749046:  Hold'em Limit ($3/$6 USD) - 2016/05/15 9:12:30 ET
Table 'Sandrine' 6-max Seat #1 is the button
Seat 1: boony444 ($204 in chips)
Seat 6: 19woody58 ($119.78 in chips)
boony444: posts small blind $1
19woody58: posts big blind $3
*** HOLE CARDS ***
boony444: raises $3 to $6
19woody58: calls $3
*** FLOP *** [9s 5d 6d]
19woody58: checks
boony444: bets $3
19woody58: folds
Uncalled bet ($3) returned to boony444
boony444 collected $11.76 from pot
boony444: doesn't show hand
*** SUMMARY ***
Total pot $12 | Rake $0.24
Board [9s 5d 6d]
Seat 1: boony444 (button) (small blind) collected ($11.76)
Seat 6: 19woody58 (big blind) folded on the Flop


PokerStars Hand #153343759318:  Hold'em Limit ($3/$6 USD) - 2016/05/15 9:12:46 ET
Table 'Sandrine' 6-max Seat #6 is the button
Seat 1: boony444 ($209.76 in chips)
Seat 6: 19woody58 ($113.78 in chips)
19woody58: posts small blind $1
boony444: posts big blind $3
*** HOLE CARDS ***
19woody58: folds
Uncalled bet ($2) returned to boony444
boony444 collected $2 from pot
boony444: doesn't show hand
*** SUMMARY ***
Total pot $2 | Rake $0
Seat 1: boony444 (big blind) collected ($2)
Seat 6: 19woody58 (button) (small blind) folded before Flop


PokerStars Hand #153343802285:  Hold'em Limit ($3/$6 USD) - 2016/05/15 9:13:52 ET
Table 'Sandrine' 6-max Seat #6 is the button
Seat 1: boony444 ($228.26 in chips)
Seat 6: 19woody58 ($94.54 in chips)
19woody58: posts small blind $1
boony444: posts big blind $3
*** HOLE CARDS ***
19woody58: calls $2
boony444: checks
*** FLOP *** [4d As 5h]
boony444: bets $3
19woody58: calls $3
*** TURN *** [4d As 5h] [4c]
boony444: checks
19woody58: bets $6
boony444: folds
Uncalled bet ($6) returned to 19woody58
19woody58 collected $11.76 from pot
19woody58: doesn't show hand
*** SUMMARY ***
Total pot $12 | Rake $0.24
Board [4d As 5h 4c]
Seat 1: boony444 (big blind) folded on the Turn
Seat 6: 19woody58 (button) (small blind) collected ($11.76)


PokerStars Hand #153343798348:  Hold'em Limit ($3/$6 USD) - 2016/05/15 9:13:46 ET
Table 'Sandrine' 6-max Seat #1 is the button
Seat 1: boony444 ($225.26 in chips)
Seat 6: 19woody58 ($97.54 in chips)
boony444: posts small blind $1
19woody58: posts big blind $3
*** HOLE CARDS ***
boony444: raises $3 to $6
19woody58: folds
Uncalled bet ($3) returned to boony444
boony444 collected $6 from pot
boony444: doesn't show hand
*** SUMMARY ***
Total pot $6 | Rake $0
Seat 1: boony444 (button) (small blind) collected ($6)
Seat 6: 19woody58 (big blind) folded before Flop


PokerStars Hand #153343794196:  Hold'em Limit ($3/$6 USD) - 2016/05/15 9:13:40 ET
Table 'Sandrine' 6-max Seat #6 is the button
Seat 1: boony444 ($228.26 in chips)
Seat 6: 19woody58 ($94.54 in chips)
19woody58: posts small blind $1
boony444: posts big blind $3
*** HOLE CARDS ***
19woody58: raises $3 to $6
boony444: folds
Uncalled bet ($3) returned to 19woody58
19woody58 collected $6 from pot
19woody58: doesn't show hand
*** SUMMARY ***
Total pot $6 | Rake $0
Seat 1: boony444 (big blind) folded before Flop
Seat 6: 19woody58 (button) (small blind) collected ($6)


PokerStars Hand #153343777984:  Hold'em Limit ($3/$6 USD) - 2016/05/15 9:13:15 ET
Table 'Sandrine' 6-max Seat #1 is the button
Seat 1: boony444 ($207.76 in chips)
Seat 6: 19woody58 ($115.54 in chips)
boony444: posts small blind $1
19woody58: posts big blind $3
*** HOLE CARDS ***
boony444: raises $3 to $6
19woody58: calls $3
*** FLOP *** [9c Kc Ad]
19woody58: checks
boony444: bets $3
19woody58: calls $3
*** TURN *** [9c Kc Ad] [Th]
19woody58: checks
boony444: bets $6
19woody58: calls $6
*** RIVER *** [9c Kc Ad Th] [7c]
19woody58: checks
boony444: bets $6
19woody58: calls $6
*** SHOW DOWN ***
boony444: shows [Jh 8c] (a straight, Seven to Jack)
19woody58: mucks hand
boony444 collected $41.50 from pot
*** SUMMARY ***
Total pot $42 | Rake $0.50
Board [9c Kc Ad Th 7c]
Seat 1: boony444 (button) (small blind) showed [Jh 8c] and won ($41.50) with a straight, Seven to Jack
Seat 6: 19woody58 (big blind) mucked


PokerStars Hand #153348900783:  Hold'em Limit ($3/$6 USD) - 2016/05/15 11:14:57 ET
Table 'Sandrine' 6-max Seat #4 is the button
Seat 3: Rafontain ($109.67 in chips)
Seat 4: Tryptamean ($167.06 in chips)
Tryptamean: posts small blind $1
TheMatrix36: is sitting out
Rafontain: posts big blind $3
*** HOLE CARDS ***
TheMatrix36 leaves the table
Tryptamean: raises $3 to $6
Rafontain: calls $3
*** FLOP *** [Js 4s 7s]
Rafontain: bets $3
Tryptamean: calls $3
*** TURN *** [Js 4s 7s] [5h]
Rafontain: bets $6
Tryptamean: raises $6 to $12
Rafontain: calls $6
*** RIVER *** [Js 4s 7s 5h] [Ks]
Rafontain: checks
Tryptamean: checks
*** SHOW DOWN ***
Rafontain: shows [4c 4d] (three of a kind, Fours)
Tryptamean: mucks hand
Rafontain collected $41.50 from pot
*** SUMMARY ***
Total pot $42 | Rake $0.50
Board [Js 4s 7s 5h Ks]
Seat 3: Rafontain (big blind) showed [4c 4d] and won ($41.50) with three of a kind, Fours
Seat 4: Tryptamean (button) (small blind) mucked


PokerStars Hand #153348937125:  Hold'em Limit ($3/$6 USD) - 2016/05/15 11:15:42 ET
Table 'Sandrine' 6-max Seat #3 is the button
Seat 3: Rafontain ($130.17 in chips)
Seat 4: Tryptamean ($146.06 in chips)
Rafontain: posts small blind $1
Tryptamean: posts big blind $3
*** HOLE CARDS ***
Rafontain: folds
Uncalled bet ($2) returned to Tryptamean
Tryptamean collected $2 from pot
Tryptamean: doesn't show hand
*** SUMMARY ***
Total pot $2 | Rake $0
Seat 3: Rafontain (button) (small blind) folded before Flop
Seat 4: Tryptamean (big blind) collected ($2)


