PokerStars Hand #170092264090:  Hold'em Limit ($3/$6 USD) - 2017/05/07 14:47:54 ET
Table 'Sandrine' 6-max Seat #1 is the button
Seat 1: boblas99 ($120 in chips)
Seat 4: Agrotait ($72 in chips)
boblas99: posts small blind $1
Agrotait: posts big blind $3
*** HOLE CARDS ***
boblas99: raises $3 to $6
Agrotait: calls $3
*** FLOP *** [Tc 2s 5s]
Agrotait: checks
boblas99: bets $3
Agrotait: calls $3
*** TURN *** [Tc 2s 5s] [Jh]
Agrotait: checks
boblas99: checks
*** RIVER *** [Tc 2s 5s Jh] [Qd]
Jojje_G joins the table at seat #3
Agrotait: checks
boblas99: bets $6
Agrotait: calls $6
*** SHOW DOWN ***
boblas99: shows [Qh 4s] (a pair of Queens)
Agrotait: mucks hand
boblas99 collected $29.50 from pot
*** SUMMARY ***
Total pot $30 | Rake $0.50
Board [Tc 2s 5s Jh Qd]
Seat 1: boblas99 (button) (small blind) showed [Qh 4s] and won ($29.50) with a pair of Queens
Seat 4: Agrotait (big blind) mucked


PokerStars Hand #170092322041:  Hold'em Limit ($3/$6 USD) - 2017/05/07 14:48:53 ET
Table 'Sandrine' 6-max Seat #4 is the button
Seat 1: boblas99 ($134.50 in chips)
Seat 4: Agrotait ($72 in chips)
Agrotait: posts small blind $1
boblas99: posts big blind $3
*** HOLE CARDS ***
Agrotait: raises $3 to $6
boblas99: calls $3
*** FLOP *** [Jc Qd 5s]
boblas99: checks
Agrotait: bets $3
boblas99: calls $3
*** TURN *** [Jc Qd 5s] [5h]
boblas99: checks
Agrotait: checks
*** RIVER *** [Jc Qd 5s 5h] [3h]
boblas99: bets $6
Agrotait: calls $6
*** SHOW DOWN ***
boblas99: shows [Ah 5c] (three of a kind, Fives)
Agrotait: mucks hand
boblas99 collected $29.50 from pot
*** SUMMARY ***
Total pot $30 | Rake $0.50
Board [Jc Qd 5s 5h 3h]
Seat 1: boblas99 (big blind) showed [Ah 5c] and won ($29.50) with three of a kind, Fives
Seat 4: Agrotait (button) (small blind) mucked


PokerStars Hand #170094988987:  Hold'em Limit ($3/$6 USD) - 2017/05/07 15:35:18 ET
Table 'Sandrine' 6-max Seat #1 is the button
Seat 1: boblas99 ($244.60 in chips)
Seat 5: PycV ($143.26 in chips)
boblas99: posts small blind $1
tttzzz: is sitting out
PycV: posts big blind $3
*** HOLE CARDS ***
tttzzz leaves the table
boblas99: raises $3 to $6
PycV: calls $3
*** FLOP *** [Ah 8d 4s]
PycV: checks
boblas99: bets $3
PycV: folds
Uncalled bet ($3) returned to boblas99
boblas99 collected $11.76 from pot
boblas99: doesn't show hand
*** SUMMARY ***
Total pot $12 | Rake $0.24
Board [Ah 8d 4s]
Seat 1: boblas99 (button) (small blind) collected ($11.76)
Seat 5: PycV (big blind) folded on the Flop


PokerStars Hand #170095047696:  Hold'em Limit ($3/$6 USD) - 2017/05/07 15:36:17 ET
Table 'Sandrine' 6-max Seat #1 is the button
Seat 1: boblas99 ($264.86 in chips)
Seat 5: PycV ($122.26 in chips)
boblas99: posts small blind $1
PycV: posts big blind $3
*** HOLE CARDS ***
boblas99: raises $3 to $6
PycV: folds
Uncalled bet ($3) returned to boblas99
boblas99 collected $6 from pot
boblas99: doesn't show hand
*** SUMMARY ***
Total pot $6 | Rake $0
Seat 1: boblas99 (button) (small blind) collected ($6)
Seat 5: PycV (big blind) folded before Flop


PokerStars Hand #170095005078:  Hold'em Limit ($3/$6 USD) - 2017/05/07 15:35:34 ET
Table 'Sandrine' 6-max Seat #5 is the button
Seat 1: boblas99 ($250.36 in chips)
Seat 5: PycV ($137.26 in chips)
PycV: posts small blind $1
boblas99: posts big blind $3
*** HOLE CARDS ***
PycV: raises $3 to $6
boblas99: raises $3 to $9
PycV: calls $3
*** FLOP *** [5s 8h Ad]
boblas99: checks
PycV: checks
*** TURN *** [5s 8h Ad] [7s]
boblas99: bets $6
PycV: calls $6
*** RIVER *** [5s 8h Ad 7s] [Qh]
boblas99: bets $6
PycV: folds
Uncalled bet ($6) returned to boblas99
boblas99 collected $29.50 from pot
boblas99: doesn't show hand
*** SUMMARY ***
Total pot $30 | Rake $0.50
Board [5s 8h Ad 7s Qh]
Seat 1: boblas99 (big blind) collected ($29.50)
Seat 5: PycV (button) (small blind) folded on the River


