PokerStars Hand #158314830634:  Hold'em Limit ($3/$6 USD) - 2016/09/08 1:57:09 ET
Table 'Sandrine' 6-max Seat #4 is the button
Seat 3: LifeisagameX ($87 in chips)
Seat 4: thenuts999 ($117 in chips)
thenuts999: posts small blind $1
LifeisagameX: posts big blind $3
*** HOLE CARDS ***
thenuts999: raises $3 to $6
LifeisagameX: calls $3
*** FLOP *** [5s Ah 6d]
LifeisagameX: checks
thenuts999: bets $3
LifeisagameX: folds
Uncalled bet ($3) returned to thenuts999
thenuts999 collected $11.76 from pot
thenuts999: doesn't show hand
*** SUMMARY ***
Total pot $12 | Rake $0.24
Board [5s Ah 6d]
Seat 3: LifeisagameX (big blind) folded on the Flop
Seat 4: thenuts999 (button) (small blind) collected ($11.76)


PokerStars Hand #158314840117:  Hold'em Limit ($3/$6 USD) - 2016/09/08 1:57:55 ET
Table 'Sandrine' 6-max Seat #3 is the button
Seat 3: LifeisagameX ($88 in chips)
Seat 4: thenuts999 ($118.76 in chips)
LifeisagameX: posts small blind $1
thenuts999: posts big blind $3
*** HOLE CARDS ***
LifeisagameX: raises $3 to $6
thenuts999: calls $3
*** FLOP *** [5d Qd 5c]
thenuts999: checks
LifeisagameX: bets $3
thenuts999: folds
Uncalled bet ($3) returned to LifeisagameX
LifeisagameX collected $11.76 from pot
LifeisagameX: doesn't show hand
*** SUMMARY ***
Total pot $12 | Rake $0.24
Board [5d Qd 5c]
Seat 3: LifeisagameX (button) (small blind) collected ($11.76)
Seat 4: thenuts999 (big blind) folded on the Flop


PokerStars Hand #158314838950:  Hold'em Limit ($3/$6 USD) - 2016/09/08 1:57:49 ET
Table 'Sandrine' 6-max Seat #4 is the button
Seat 3: LifeisagameX ($87 in chips)
Seat 4: thenuts999 ($119.76 in chips)
thenuts999: posts small blind $1
LifeisagameX: posts big blind $3
*** HOLE CARDS ***
thenuts999: folds
Uncalled bet ($2) returned to LifeisagameX
LifeisagameX collected $2 from pot
LifeisagameX: doesn't show hand
*** SUMMARY ***
Total pot $2 | Rake $0
Seat 3: LifeisagameX (big blind) collected ($2)
Seat 4: thenuts999 (button) (small blind) folded before Flop


PokerStars Hand #158314837216:  Hold'em Limit ($3/$6 USD) - 2016/09/08 1:57:41 ET
Table 'Sandrine' 6-max Seat #3 is the button
Seat 3: LifeisagameX ($84 in chips)
Seat 4: thenuts999 ($122.76 in chips)
LifeisagameX: posts small blind $1
thenuts999: posts big blind $3
*** HOLE CARDS ***
LifeisagameX: raises $3 to $6
thenuts999: folds
Uncalled bet ($3) returned to LifeisagameX
LifeisagameX collected $6 from pot
LifeisagameX: doesn't show hand
*** SUMMARY ***
Total pot $6 | Rake $0
Seat 3: LifeisagameX (button) (small blind) collected ($6)
Seat 4: thenuts999 (big blind) folded before Flop


PokerStars Hand #158314850432:  Hold'em Limit ($3/$6 USD) - 2016/09/08 1:58:46 ET
Table 'Sandrine' 6-max Seat #3 is the button
Seat 3: LifeisagameX ($87.76 in chips)
Seat 4: thenuts999 ($118.52 in chips)
LifeisagameX: posts small blind $1
thenuts999: posts big blind $3
*** HOLE CARDS ***
LifeisagameX: raises $3 to $6
thenuts999: folds
Uncalled bet ($3) returned to LifeisagameX
LifeisagameX collected $6 from pot
LifeisagameX: doesn't show hand
*** SUMMARY ***
Total pot $6 | Rake $0
Seat 3: LifeisagameX (button) (small blind) collected ($6)
Seat 4: thenuts999 (big blind) folded before Flop


PokerStars Hand #158314843281:  Hold'em Limit ($3/$6 USD) - 2016/09/08 1:58:11 ET
Table 'Sandrine' 6-max Seat #4 is the button
Seat 3: LifeisagameX ($93.76 in chips)
Seat 4: thenuts999 ($112.76 in chips)
thenuts999: posts small blind $1
LifeisagameX: posts big blind $3
*** HOLE CARDS ***
thenuts999: raises $3 to $6
ABATAPP joins the table at seat #5
LifeisagameX: calls $3
*** FLOP *** [2c 2s 3d]
LifeisagameX: checks
thenuts999: bets $3
LifeisagameX: folds
Uncalled bet ($3) returned to thenuts999
thenuts999 collected $11.76 from pot
thenuts999: doesn't show hand
*** SUMMARY ***
Total pot $12 | Rake $0.24
Board [2c 2s 3d]
Seat 3: LifeisagameX (big blind) folded on the Flop
Seat 4: thenuts999 (button) (small blind) collected ($11.76)


PokerStars Hand #158315090624:  Hold'em Limit ($3/$6 USD) - 2016/09/08 2:15:51 ET
Table 'Sandrine' 6-max Seat #1 is the button
Seat 1: play4uron ($120.70 in chips)
Seat 5: ABATAPP ($120.68 in chips)
play4uron: posts small blind $1
thenuts999: is sitting out
ABATAPP: posts big blind $3
*** HOLE CARDS ***
play4uron: folds
Uncalled bet ($2) returned to ABATAPP
ABATAPP collected $2 from pot
ABATAPP: doesn't show hand
*** SUMMARY ***
Total pot $2 | Rake $0
Seat 1: play4uron (button) (small blind) folded before Flop
Seat 5: ABATAPP (big blind) collected ($2)


