PokerStars Hand #147276550658:  Hold'em Limit ($3/$6 USD) - 2016/01/18 16:47:27 ET
Table 'Sandrine III' 2-max Seat #2 is the button
Seat 1: VolkovDmitri ($123 in chips)
Seat 2: ChicagoBull4 ($165 in chips)
ChicagoBull4: posts small blind $1
VolkovDmitri: posts big blind $3
*** HOLE CARDS ***
ChicagoBull4: raises $3 to $6
VolkovDmitri: calls $3
*** FLOP *** [Qc 4s 6c]
VolkovDmitri: checks
ChicagoBull4: bets $3
VolkovDmitri: raises $3 to $6
ChicagoBull4: calls $3
*** TURN *** [Qc 4s 6c] [3h]
VolkovDmitri: bets $6
ChicagoBull4: calls $6
*** RIVER *** [Qc 4s 6c 3h] [Td]
VolkovDmitri: bets $6
ChicagoBull4: calls $6
*** SHOW DOWN ***
VolkovDmitri: shows [4h 6d] (two pair, Sixes and Fours)
ChicagoBull4: mucks hand
VolkovDmitri collected $47.50 from pot
*** SUMMARY ***
Total pot $48 | Rake $0.50
Board [Qc 4s 6c 3h Td]
Seat 1: VolkovDmitri (big blind) showed [4h 6d] and won ($47.50) with two pair, Sixes and Fours
Seat 2: ChicagoBull4 (button) (small blind) mucked


PokerStars Hand #147276543190:  Hold'em Limit ($3/$6 USD) - 2016/01/18 16:47:20 ET
Table 'Sandrine III' 2-max Seat #1 is the button
Seat 1: VolkovDmitri ($120 in chips)
Seat 2: ChicagoBull4 ($168 in chips)
VolkovDmitri: posts small blind $1
ChicagoBull4: posts big blind $3
*** HOLE CARDS ***
VolkovDmitri: raises $3 to $6
ChicagoBull4: folds
Uncalled bet ($3) returned to VolkovDmitri
VolkovDmitri collected $6 from pot
VolkovDmitri: doesn't show hand
*** SUMMARY ***
Total pot $6 | Rake $0
Seat 1: VolkovDmitri (button) (small blind) collected ($6)
Seat 2: ChicagoBull4 (big blind) folded before Flop


PokerStars Hand #147276504540:  Hold'em Limit ($3/$6 USD) - 2016/01/18 16:46:47 ET
Table 'Sandrine III' 2-max Seat #2 is the button
Seat 1: VolkovDmitri ($120 in chips)
Seat 2: ChicagoBull4 ($150.50 in chips)
ChicagoBull4: posts small blind $1
VolkovDmitri: posts big blind $3
*** HOLE CARDS ***
ChicagoBull4: raises $3 to $6
VolkovDmitri: raises $3 to $9
ChicagoBull4: calls $3
*** FLOP *** [Tc 6d 5s]
VolkovDmitri: bets $3
ChicagoBull4: calls $3
*** TURN *** [Tc 6d 5s] [Ts]
VolkovDmitri: checks
ChicagoBull4: checks
*** RIVER *** [Tc 6d 5s Ts] [4d]
VolkovDmitri: checks
ChicagoBull4: bets $6
VolkovDmitri: calls $6
*** SHOW DOWN ***
ChicagoBull4: shows [6s 5h] (two pair, Tens and Sixes)
VolkovDmitri: mucks hand
ChicagoBull4 collected $35.50 from pot
*** SUMMARY ***
Total pot $36 | Rake $0.50
Board [Tc 6d 5s Ts 4d]
Seat 1: VolkovDmitri (big blind) mucked
Seat 2: ChicagoBull4 (button) (small blind) showed [6s 5h] and won ($35.50) with two pair, Tens and Sixes


PokerStars Hand #147276630013:  Hold'em Limit ($3/$6 USD) - 2016/01/18 16:48:33 ET
Table 'Sandrine III' 2-max Seat #1 is the button
Seat 1: VolkovDmitri ($158.02 in chips)
Seat 2: ChicagoBull4 ($129 in chips)
VolkovDmitri: posts small blind $1
ChicagoBull4: posts big blind $3
*** HOLE CARDS ***
VolkovDmitri: raises $3 to $6
ChicagoBull4: calls $3
*** FLOP *** [Ad 7h 9h]
ChicagoBull4: checks
VolkovDmitri: bets $3
ChicagoBull4: calls $3
*** TURN *** [Ad 7h 9h] [Jh]
ChicagoBull4: bets $6
VolkovDmitri: calls $6
*** RIVER *** [Ad 7h 9h Jh] [2d]
ChicagoBull4: bets $6
VolkovDmitri: calls $6
*** SHOW DOWN ***
ChicagoBull4: shows [Ac 6d] (a pair of Aces)
VolkovDmitri: mucks hand
ChicagoBull4 collected $41.50 from pot
*** SUMMARY ***
Total pot $42 | Rake $0.50
Board [Ad 7h 9h Jh 2d]
Seat 1: VolkovDmitri (button) (small blind) mucked
Seat 2: ChicagoBull4 (big blind) showed [Ac 6d] and won ($41.50) with a pair of Aces


PokerStars Hand #147276609694:  Hold'em Limit ($3/$6 USD) - 2016/01/18 16:48:16 ET
Table 'Sandrine III' 2-max Seat #2 is the button
Seat 1: VolkovDmitri ($152.26 in chips)
Seat 2: ChicagoBull4 ($135 in chips)
ChicagoBull4: posts small blind $1
VolkovDmitri: posts big blind $3
*** HOLE CARDS ***
ChicagoBull4: calls $2
VolkovDmitri: raises $3 to $6
ChicagoBull4: calls $3
*** FLOP *** [Tc 5d Qd]
VolkovDmitri: bets $3
ChicagoBull4: folds
Uncalled bet ($3) returned to VolkovDmitri
VolkovDmitri collected $11.76 from pot
VolkovDmitri: doesn't show hand
*** SUMMARY ***
Total pot $12 | Rake $0.24
Board [Tc 5d Qd]
Seat 1: VolkovDmitri (big blind) collected ($11.76)
Seat 2: ChicagoBull4 (button) (small blind) folded on the Flop


PokerStars Hand #147276586240:  Hold'em Limit ($3/$6 USD) - 2016/01/18 16:47:56 ET
Table 'Sandrine III' 2-max Seat #1 is the button
Seat 1: VolkovDmitri ($146.50 in chips)
Seat 2: ChicagoBull4 ($141 in chips)
VolkovDmitri: posts small blind $1
ChicagoBull4: posts big blind $3
*** HOLE CARDS ***
VolkovDmitri: raises $3 to $6
ChicagoBull4: calls $3
*** FLOP *** [Qc 5s Ts]
ChicagoBull4: checks
VolkovDmitri: bets $3
ChicagoBull4: folds
Uncalled bet ($3) returned to VolkovDmitri
VolkovDmitri collected $11.76 from pot
VolkovDmitri: doesn't show hand
*** SUMMARY ***
Total pot $12 | Rake $0.24
Board [Qc 5s Ts]
Seat 1: VolkovDmitri (button) (small blind) collected ($11.76)
Seat 2: ChicagoBull4 (big blind) folded on the Flop


PokerStars Hand #147276718692:  Hold'em Limit ($3/$6 USD) - 2016/01/18 16:49:46 ET
Table 'Sandrine III' 2-max Seat #1 is the button
Seat 1: VolkovDmitri ($144.78 in chips)
Seat 2: ChicagoBull4 ($141.50 in chips)
VolkovDmitri: posts small blind $1
ChicagoBull4: posts big blind $3
*** HOLE CARDS ***
VolkovDmitri: raises $3 to $6
ChicagoBull4: calls $3
*** FLOP *** [8d 6h 4d]
ChicagoBull4: checks
VolkovDmitri: bets $3
ChicagoBull4: calls $3
*** TURN *** [8d 6h 4d] [Qc]
ChicagoBull4: checks
VolkovDmitri: bets $6
ChicagoBull4: folds
Uncalled bet ($6) returned to VolkovDmitri
VolkovDmitri collected $17.64 from pot
VolkovDmitri: doesn't show hand
*** SUMMARY ***
Total pot $18 | Rake $0.36
Board [8d 6h 4d Qc]
Seat 1: VolkovDmitri (button) (small blind) collected ($17.64)
Seat 2: ChicagoBull4 (big blind) folded on the Turn


PokerStars Hand #147276713006:  Hold'em Limit ($3/$6 USD) - 2016/01/18 16:49:42 ET
Table 'Sandrine III' 2-max Seat #2 is the button
Seat 1: VolkovDmitri ($143.78 in chips)
Seat 2: ChicagoBull4 ($142.50 in chips)
ChicagoBull4: posts small blind $1
VolkovDmitri: posts big blind $3
*** HOLE CARDS ***
ChicagoBull4: folds
Uncalled bet ($2) returned to VolkovDmitri
VolkovDmitri collected $2 from pot
VolkovDmitri: doesn't show hand
*** SUMMARY ***
Total pot $2 | Rake $0
Seat 1: VolkovDmitri (big blind) collected ($2)
Seat 2: ChicagoBull4 (button) (small blind) folded before Flop


PokerStars Hand #147276690698:  Hold'em Limit ($3/$6 USD) - 2016/01/18 16:49:23 ET
Table 'Sandrine III' 2-max Seat #1 is the button
Seat 1: VolkovDmitri ($138.02 in chips)
Seat 2: ChicagoBull4 ($148.50 in chips)
VolkovDmitri: posts small blind $1
ChicagoBull4: posts big blind $3
*** HOLE CARDS ***
VolkovDmitri: raises $3 to $6
ChicagoBull4: calls $3
*** FLOP *** [9d 4c Ks]
ChicagoBull4: checks
VolkovDmitri: bets $3
ChicagoBull4: folds
Uncalled bet ($3) returned to VolkovDmitri
VolkovDmitri collected $11.76 from pot
VolkovDmitri: doesn't show hand
*** SUMMARY ***
Total pot $12 | Rake $0.24
Board [9d 4c Ks]
Seat 1: VolkovDmitri (button) (small blind) collected ($11.76)
Seat 2: ChicagoBull4 (big blind) folded on the Flop


PokerStars Hand #147276681799:  Hold'em Limit ($3/$6 USD) - 2016/01/18 16:49:16 ET
Table 'Sandrine III' 2-max Seat #2 is the button
Seat 1: VolkovDmitri ($137.02 in chips)
Seat 2: ChicagoBull4 ($149.50 in chips)
ChicagoBull4: posts small blind $1
VolkovDmitri: posts big blind $3
*** HOLE CARDS ***
ChicagoBull4: folds
Uncalled bet ($2) returned to VolkovDmitri
VolkovDmitri collected $2 from pot
VolkovDmitri: doesn't show hand
*** SUMMARY ***
Total pot $2 | Rake $0
Seat 1: VolkovDmitri (big blind) collected ($2)
Seat 2: ChicagoBull4 (button) (small blind) folded before Flop


PokerStars Hand #147276745725:  Hold'em Limit ($3/$6 USD) - 2016/01/18 16:50:09 ET
Table 'Sandrine III' 2-max Seat #2 is the button
Seat 1: VolkovDmitri ($153.42 in chips)
Seat 2: ChicagoBull4 ($132.50 in chips)
ChicagoBull4: posts small blind $1
VolkovDmitri: posts big blind $3
*** HOLE CARDS ***
ChicagoBull4: raises $3 to $6
VolkovDmitri: raises $3 to $9
ChicagoBull4: calls $3
*** FLOP *** [5h 4s 7h]
VolkovDmitri: bets $3
ChicagoBull4: raises $3 to $6
VolkovDmitri: raises $3 to $9
ChicagoBull4: calls $3
*** TURN *** [5h 4s 7h] [Td]
VolkovDmitri: bets $6
ChicagoBull4: calls $6
*** RIVER *** [5h 4s 7h Td] [3c]
VolkovDmitri: bets $6
ChicagoBull4: raises $6 to $12
VolkovDmitri: calls $6
*** SHOW DOWN ***
ChicagoBull4: shows [Ks 6d] (a straight, Three to Seven)
VolkovDmitri: mucks hand
ChicagoBull4 collected $71.50 from pot
*** SUMMARY ***
Total pot $72 | Rake $0.50
Board [5h 4s 7h Td 3c]
Seat 1: VolkovDmitri (big blind) mucked
Seat 2: ChicagoBull4 (button) (small blind) showed [Ks 6d] and won ($71.50) with a straight, Three to Seven


PokerStars Hand #147276837296:  Hold'em Limit ($3/$6 USD) - 2016/01/18 16:51:27 ET
Table 'Sandrine III' 2-max Seat #2 is the button
Seat 1: VolkovDmitri ($120 in chips)
Seat 2: ChicagoBull4 ($176.64 in chips)
ChicagoBull4: posts small blind $1
VolkovDmitri: posts big blind $3
*** HOLE CARDS ***
ChicagoBull4: raises $3 to $6
VolkovDmitri: calls $3
*** FLOP *** [Js 9h 7s]
VolkovDmitri: bets $3
ChicagoBull4: calls $3
*** TURN *** [Js 9h 7s] [Kh]
VolkovDmitri: checks
ChicagoBull4: bets $6
VolkovDmitri: calls $6
*** RIVER *** [Js 9h 7s Kh] [3s]
VolkovDmitri: checks
ChicagoBull4: bets $6
VolkovDmitri: folds
Uncalled bet ($6) returned to ChicagoBull4
ChicagoBull4 collected $29.50 from pot
*** SUMMARY ***
Total pot $30 | Rake $0.50
Board [Js 9h 7s Kh 3s]
Seat 1: VolkovDmitri (big blind) folded on the River
Seat 2: ChicagoBull4 (button) (small blind) collected ($29.50)


PokerStars Hand #147276801692:  Hold'em Limit ($3/$6 USD) - 2016/01/18 16:50:56 ET
Table 'Sandrine III' 2-max Seat #1 is the button
Seat 1: VolkovDmitri ($120 in chips)
Seat 2: ChicagoBull4 ($168 in chips)
VolkovDmitri: posts small blind $1
ChicagoBull4: posts big blind $3
*** HOLE CARDS ***
VolkovDmitri: raises $3 to $6
ChicagoBull4: calls $3
*** FLOP *** [6h 9h 9d]
ChicagoBull4: checks
VolkovDmitri: bets $3
ChicagoBull4: calls $3
*** TURN *** [6h 9h 9d] [8c]
ChicagoBull4: checks
VolkovDmitri: checks
*** RIVER *** [6h 9h 9d 8c] [6s]
ChicagoBull4: checks
VolkovDmitri: checks
*** SHOW DOWN ***
ChicagoBull4: shows [5d Ad] (two pair, Nines and Sixes)
VolkovDmitri: mucks hand
ChicagoBull4 collected $17.64 from pot
*** SUMMARY ***
Total pot $18 | Rake $0.36
Board [6h 9h 9d 8c 6s]
Seat 1: VolkovDmitri (button) (small blind) mucked
Seat 2: ChicagoBull4 (big blind) showed [5d Ad] and won ($17.64) with two pair, Nines and Sixes


PokerStars Hand #147276898621:  Hold'em Limit ($3/$6 USD) - 2016/01/18 16:52:19 ET
Table 'Sandrine III' 2-max Seat #2 is the button
Seat 1: VolkovDmitri ($125.76 in chips)
Seat 2: ChicagoBull4 ($185.14 in chips)
ChicagoBull4: posts small blind $1
VolkovDmitri: posts big blind $3
*** HOLE CARDS ***
ChicagoBull4: folds
Uncalled bet ($2) returned to VolkovDmitri
ChicagoBull4 leaves the table
VolkovDmitri collected $2 from pot
VolkovDmitri: doesn't show hand
*** SUMMARY ***
Total pot $2 | Rake $0
Seat 1: VolkovDmitri (big blind) collected ($2)
Seat 2: ChicagoBull4 (button) (small blind) folded before Flop


PokerStars Hand #147276882105:  Hold'em Limit ($3/$6 USD) - 2016/01/18 16:52:05 ET
Table 'Sandrine III' 2-max Seat #1 is the button
Seat 1: VolkovDmitri ($120 in chips)
Seat 2: ChicagoBull4 ($191.14 in chips)
VolkovDmitri: posts small blind $1
ChicagoBull4: posts big blind $3
*** HOLE CARDS ***
VolkovDmitri: raises $3 to $6
ChicagoBull4: calls $3
*** FLOP *** [Jc 9s 6d]
ChicagoBull4: checks
VolkovDmitri: bets $3
ChicagoBull4: folds
Uncalled bet ($3) returned to VolkovDmitri
VolkovDmitri collected $11.76 from pot
VolkovDmitri: doesn't show hand
*** SUMMARY ***
Total pot $12 | Rake $0.24
Board [Jc 9s 6d]
Seat 1: VolkovDmitri (button) (small blind) collected ($11.76)
Seat 2: ChicagoBull4 (big blind) folded on the Flop


