PokerStars Hand #165161264540:  Hold'em Limit ($3/$6 USD) - 2017/01/25 15:45:08 ET
Table 'Santana' 6-max Seat #6 is the button
Seat 4: RaisemyNut$ ($96.95 in chips)
Seat 6: Sleeper007 ($368.18 in chips)
Sleeper007: posts small blind $1
Zubasa07: is sitting out
Koraseg: is sitting out
RaisemyNut$: posts big blind $3
*** HOLE CARDS ***
Koraseg leaves the table
Sleeper007: folds
Uncalled bet ($2) returned to RaisemyNut$
RaisemyNut$ collected $2 from pot
RaisemyNut$: doesn't show hand
*** SUMMARY ***
Total pot $2 | Rake $0
Seat 4: RaisemyNut$ (big blind) collected ($2)
Seat 6: Sleeper007 (button) (small blind) folded before Flop


PokerStars Hand #165162825107:  Hold'em Limit ($3/$6 USD) - 2017/01/25 16:13:12 ET
Table 'Santana' 6-max Seat #4 is the button
Seat 4: RaisemyNut$ ($97.95 in chips)
Seat 6: HAOYUN88888 ($120 in chips)
RaisemyNut$: posts small blind $1
HAOYUN88888: posts big blind $3
*** HOLE CARDS ***
RaisemyNut$: raises $3 to $6
HAOYUN88888: folds
Uncalled bet ($3) returned to RaisemyNut$
grabaz joins the table at seat #1
RaisemyNut$ collected $6 from pot
RaisemyNut$: doesn't show hand
*** SUMMARY ***
Total pot $6 | Rake $0
Seat 4: RaisemyNut$ (button) (small blind) collected ($6)
Seat 6: HAOYUN88888 (big blind) folded before Flop


