PokerStars Hand #145660049421:  Hold'em Limit ($3/$6 USD) - 2015/12/20 17:30:54 ET
Table 'Santana' 2-max Seat #1 is the button
Seat 1: Kosova1968 ($179.45 in chips)
Seat 2: Zubasa07 ($506.50 in chips)
Kosova1968: posts small blind $1
Zubasa07: posts big blind $3
*** HOLE CARDS ***
Kosova1968: raises $3 to $6
Zubasa07: calls $3
*** FLOP *** [Qs 6c Jc]
Zubasa07: bets $3
Kosova1968: calls $3
*** TURN *** [Qs 6c Jc] [2h]
Zubasa07: bets $6
Kosova1968: calls $6
*** RIVER *** [Qs 6c Jc 2h] [2c]
Zubasa07: bets $6
Kosova1968: calls $6
*** SHOW DOWN ***
Zubasa07: shows [Qc 7d] (two pair, Queens and Deuces)
Kosova1968: shows [6d Ks] (two pair, Sixes and Deuces)
Zubasa07 collected $41.50 from pot
*** SUMMARY ***
Total pot $42 | Rake $0.50
Board [Qs 6c Jc 2h 2c]
Seat 1: Kosova1968 (button) (small blind) showed [6d Ks] and lost with two pair, Sixes and Deuces
Seat 2: Zubasa07 (big blind) showed [Qc 7d] and won ($41.50) with two pair, Queens and Deuces


PokerStars Hand #145660084397:  Hold'em Limit ($3/$6 USD) - 2015/12/20 17:31:32 ET
Table 'Santana' 2-max Seat #2 is the button
Seat 1: Kosova1968 ($158.45 in chips)
Seat 2: Zubasa07 ($527 in chips)
Zubasa07: posts small blind $1
Kosova1968: posts big blind $3
*** HOLE CARDS ***
Zubasa07: raises $3 to $6
Kosova1968: calls $3
*** FLOP *** [7s 6s Qs]
Kosova1968: checks
Zubasa07: bets $3
Kosova1968: folds
Uncalled bet ($3) returned to Zubasa07
Zubasa07 collected $11.76 from pot
Zubasa07: doesn't show hand
*** SUMMARY ***
Total pot $12 | Rake $0.24
Board [7s 6s Qs]
Seat 1: Kosova1968 (big blind) folded on the Flop
Seat 2: Zubasa07 (button) (small blind) collected ($11.76)


PokerStars Hand #145660140029:  Hold'em Limit ($3/$6 USD) - 2015/12/20 17:32:30 ET
Table 'Santana' 2-max Seat #1 is the button
Seat 1: Kosova1968 ($162.09 in chips)
Seat 2: Zubasa07 ($522.76 in chips)
Kosova1968: posts small blind $1
Zubasa07: posts big blind $3
*** HOLE CARDS ***
Kosova1968: raises $3 to $6
Zubasa07: calls $3
*** FLOP *** [6c 5s 8s]
Zubasa07: checks
Kosova1968: checks
*** TURN *** [6c 5s 8s] [6h]
Zubasa07: checks
Kosova1968: bets $6
Zubasa07: calls $6
*** RIVER *** [6c 5s 8s 6h] [7h]
Zubasa07: checks
Kosova1968: bets $6
Zubasa07: folds
Uncalled bet ($6) returned to Kosova1968
Kosova1968 collected $23.52 from pot
*** SUMMARY ***
Total pot $24 | Rake $0.48
Board [6c 5s 8s 6h 7h]
Seat 1: Kosova1968 (button) (small blind) collected ($23.52)
Seat 2: Zubasa07 (big blind) folded on the River


PokerStars Hand #145660131421:  Hold'em Limit ($3/$6 USD) - 2015/12/20 17:32:21 ET
Table 'Santana' 2-max Seat #2 is the button
Seat 1: Kosova1968 ($161.09 in chips)
Seat 2: Zubasa07 ($523.76 in chips)
Zubasa07: posts small blind $1
Kosova1968: posts big blind $3
*** HOLE CARDS ***
Zubasa07: folds
Uncalled bet ($2) returned to Kosova1968
Kosova1968 collected $2 from pot
*** SUMMARY ***
Total pot $2 | Rake $0
Seat 1: Kosova1968 (big blind) collected ($2)
Seat 2: Zubasa07 (button) (small blind) folded before Flop


PokerStars Hand #145660100056:  Hold'em Limit ($3/$6 USD) - 2015/12/20 17:31:48 ET
Table 'Santana' 2-max Seat #1 is the button
Seat 1: Kosova1968 ($152.45 in chips)
Seat 2: Zubasa07 ($532.76 in chips)
Kosova1968: posts small blind $1
Zubasa07: posts big blind $3
*** HOLE CARDS ***
Kosova1968: raises $3 to $6
Zubasa07: calls $3
*** FLOP *** [5s Qc Jh]
Zubasa07: checks
Kosova1968: bets $3
Zubasa07: calls $3
*** TURN *** [5s Qc Jh] [6s]
Zubasa07: checks
Kosova1968: bets $6
Zubasa07: folds
Uncalled bet ($6) returned to Kosova1968
Kosova1968 collected $17.64 from pot
*** SUMMARY ***
Total pot $18 | Rake $0.36
Board [5s Qc Jh 6s]
Seat 1: Kosova1968 (button) (small blind) collected ($17.64)
Seat 2: Zubasa07 (big blind) folded on the Turn


PokerStars Hand #145660174987:  Hold'em Limit ($3/$6 USD) - 2015/12/20 17:33:06 ET
Table 'Santana' 2-max Seat #2 is the button
Seat 1: Kosova1968 ($173.61 in chips)
Seat 2: Zubasa07 ($510.76 in chips)
Zubasa07: posts small blind $1
Kosova1968: posts big blind $3
*** HOLE CARDS ***
Zubasa07: raises $3 to $6
Kosova1968: calls $3
*** FLOP *** [6s 2c Ts]
Kosova1968: checks
Zubasa07: bets $3
Kosova1968: calls $3
*** TURN *** [6s 2c Ts] [Ac]
Kosova1968: checks
Zubasa07: bets $6
Kosova1968: folds
Uncalled bet ($6) returned to Zubasa07
Zubasa07 collected $17.64 from pot
Zubasa07: doesn't show hand
*** SUMMARY ***
Total pot $18 | Rake $0.36
Board [6s 2c Ts Ac]
Seat 1: Kosova1968 (big blind) folded on the Turn
Seat 2: Zubasa07 (button) (small blind) collected ($17.64)


PokerStars Hand #145660264020:  Hold'em Limit ($3/$6 USD) - 2015/12/20 17:34:39 ET
Table 'Santana' 2-max Seat #2 is the button
Seat 1: Kosova1968 ($146.61 in chips)
Seat 2: Zubasa07 ($536.90 in chips)
Zubasa07: posts small blind $1
Kosova1968: posts big blind $3
*** HOLE CARDS ***
Zubasa07: raises $3 to $6
Kosova1968: calls $3
*** FLOP *** [4s Ks 6s]
Kosova1968: bets $3
Zubasa07: calls $3
*** TURN *** [4s Ks 6s] [Ac]
Kosova1968: checks
Zubasa07: bets $6
Kosova1968: folds
Uncalled bet ($6) returned to Zubasa07
Zubasa07 collected $17.64 from pot
Zubasa07: doesn't show hand
*** SUMMARY ***
Total pot $18 | Rake $0.36
Board [4s Ks 6s Ac]
Seat 1: Kosova1968 (big blind) folded on the Turn
Seat 2: Zubasa07 (button) (small blind) collected ($17.64)


PokerStars Hand #145660222378:  Hold'em Limit ($3/$6 USD) - 2015/12/20 17:33:56 ET
Table 'Santana' 2-max Seat #1 is the button
Seat 1: Kosova1968 ($164.61 in chips)
Seat 2: Zubasa07 ($519.40 in chips)
Kosova1968: posts small blind $1
Zubasa07: posts big blind $3
*** HOLE CARDS ***
Kosova1968: raises $3 to $6
Zubasa07: calls $3
*** FLOP *** [7c Tc 8d]
Zubasa07: checks
Kosova1968: checks
*** TURN *** [7c Tc 8d] [3h]
Zubasa07: bets $6
Kosova1968: calls $6
*** RIVER *** [7c Tc 8d 3h] [6s]
Zubasa07: bets $6
Kosova1968: calls $6
*** SHOW DOWN ***
Zubasa07: shows [9c 3d] (a straight, Six to Ten)
Kosova1968: mucks hand
Zubasa07 collected $35.50 from pot
*** SUMMARY ***
Total pot $36 | Rake $0.50
Board [7c Tc 8d 3h 6s]
Seat 1: Kosova1968 (button) (small blind) mucked
Seat 2: Zubasa07 (big blind) showed [9c 3d] and won ($35.50) with a straight, Six to Ten


PokerStars Hand #145660319255:  Hold'em Limit ($3/$6 USD) - 2015/12/20 17:35:37 ET
Table 'Santana' 2-max Seat #2 is the button
Seat 1: Kosova1968 ($161.11 in chips)
Seat 2: Zubasa07 ($521.54 in chips)
Zubasa07: posts small blind $1
Kosova1968: posts big blind $3
*** HOLE CARDS ***
Zubasa07: raises $3 to $6
Kosova1968: calls $3
*** FLOP *** [3s 6h 7d]
Kosova1968: bets $3
Zubasa07: calls $3
*** TURN *** [3s 6h 7d] [8h]
Kosova1968: checks
Zubasa07: checks
*** RIVER *** [3s 6h 7d 8h] [6c]
Kosova1968: bets $6
Zubasa07: calls $6
*** SHOW DOWN ***
Kosova1968: shows [3h Kc] (two pair, Sixes and Threes)
Zubasa07: mucks hand
Kosova1968 collected $29.50 from pot
*** SUMMARY ***
Total pot $30 | Rake $0.50
Board [3s 6h 7d 8h 6c]
Seat 1: Kosova1968 (big blind) showed [3h Kc] and won ($29.50) with two pair, Sixes and Threes
Seat 2: Zubasa07 (button) (small blind) mucked


PokerStars Hand #145660289189:  Hold'em Limit ($3/$6 USD) - 2015/12/20 17:35:05 ET
Table 'Santana' 2-max Seat #1 is the button
Seat 1: Kosova1968 ($137.61 in chips)
Seat 2: Zubasa07 ($545.54 in chips)
Kosova1968: posts small blind $1
Zubasa07: posts big blind $3
*** HOLE CARDS ***
Kosova1968: raises $3 to $6
Zubasa07: raises $3 to $9
Kosova1968: calls $3
*** FLOP *** [7h 8c 4d]
Zubasa07: bets $3
Kosova1968: calls $3
*** TURN *** [7h 8c 4d] [Kc]
Zubasa07: bets $6
Kosova1968: calls $6
*** RIVER *** [7h 8c 4d Kc] [Qd]
Zubasa07: bets $6
Kosova1968: calls $6
*** SHOW DOWN ***
Zubasa07: shows [Ts 9d] (high card King)
Kosova1968: shows [Ad Qh] (a pair of Queens)
Kosova1968 collected $47.50 from pot
*** SUMMARY ***
Total pot $48 | Rake $0.50
Board [7h 8c 4d Kc Qd]
Seat 1: Kosova1968 (button) (small blind) showed [Ad Qh] and won ($47.50) with a pair of Queens
Seat 2: Zubasa07 (big blind) showed [Ts 9d] and lost with high card King


PokerStars Hand #145660405084:  Hold'em Limit ($3/$6 USD) - 2015/12/20 17:37:08 ET
Table 'Santana' 2-max Seat #1 is the button
Seat 1: Kosova1968 ($185.25 in chips)
Seat 2: Zubasa07 ($496.54 in chips)
Kosova1968: posts small blind $1
Zubasa07: posts big blind $3
*** HOLE CARDS ***
Kosova1968: folds
Uncalled bet ($2) returned to Zubasa07
Zubasa07 collected $2 from pot
Zubasa07: doesn't show hand
*** SUMMARY ***
Total pot $2 | Rake $0
Seat 1: Kosova1968 (button) (small blind) folded before Flop
Seat 2: Zubasa07 (big blind) collected ($2)


PokerStars Hand #145660401125:  Hold'em Limit ($3/$6 USD) - 2015/12/20 17:37:04 ET
Table 'Santana' 2-max Seat #2 is the button
Seat 1: Kosova1968 ($184.25 in chips)
Seat 2: Zubasa07 ($497.54 in chips)
Zubasa07: posts small blind $1
Kosova1968: posts big blind $3
*** HOLE CARDS ***
Zubasa07: folds
Uncalled bet ($2) returned to Kosova1968
Kosova1968 collected $2 from pot
*** SUMMARY ***
Total pot $2 | Rake $0
Seat 1: Kosova1968 (big blind) collected ($2)
Seat 2: Zubasa07 (button) (small blind) folded before Flop


PokerStars Hand #145660351436:  Hold'em Limit ($3/$6 USD) - 2015/12/20 17:36:11 ET
Table 'Santana' 2-max Seat #1 is the button
Seat 1: Kosova1968 ($175.61 in chips)
Seat 2: Zubasa07 ($506.54 in chips)
Kosova1968: posts small blind $1
Zubasa07: posts big blind $3
*** HOLE CARDS ***
Kosova1968: raises $3 to $6
Zubasa07: calls $3
*** FLOP *** [Ah 5h 5s]
Zubasa07: checks
Kosova1968: bets $3
Zubasa07: calls $3
*** TURN *** [Ah 5h 5s] [3h]
Zubasa07: checks
Kosova1968: checks
*** RIVER *** [Ah 5h 5s 3h] [Qh]
Zubasa07: checks
Kosova1968: bets $6
Zubasa07: folds
Uncalled bet ($6) returned to Kosova1968
Kosova1968 collected $17.64 from pot
*** SUMMARY ***
Total pot $18 | Rake $0.36
Board [Ah 5h 5s 3h Qh]
Seat 1: Kosova1968 (button) (small blind) collected ($17.64)
Seat 2: Zubasa07 (big blind) folded on the River


PokerStars Hand #145660434811:  Hold'em Limit ($3/$6 USD) - 2015/12/20 17:37:39 ET
Table 'Santana' 2-max Seat #1 is the button
Seat 1: Kosova1968 ($190.01 in chips)
Seat 2: Zubasa07 ($491.54 in chips)
Kosova1968: posts small blind $1
Zubasa07: posts big blind $3
*** HOLE CARDS ***
Kosova1968: raises $3 to $6
Zubasa07: calls $3
*** FLOP *** [7d 2d Qh]
Zubasa07: checks
Kosova1968: bets $3
Zubasa07: folds
Uncalled bet ($3) returned to Kosova1968
Kosova1968 collected $11.76 from pot
*** SUMMARY ***
Total pot $12 | Rake $0.24
Board [7d 2d Qh]
Seat 1: Kosova1968 (button) (small blind) collected ($11.76)
Seat 2: Zubasa07 (big blind) folded on the Flop


PokerStars Hand #145660410645:  Hold'em Limit ($3/$6 USD) - 2015/12/20 17:37:14 ET
Table 'Santana' 2-max Seat #2 is the button
Seat 1: Kosova1968 ($184.25 in chips)
Seat 2: Zubasa07 ($497.54 in chips)
Zubasa07: posts small blind $1
Kosova1968: posts big blind $3
*** HOLE CARDS ***
Zubasa07: raises $3 to $6
Kosova1968: calls $3
*** FLOP *** [4s 7h Kd]
Kosova1968: bets $3
Zubasa07: folds
Uncalled bet ($3) returned to Kosova1968
Kosova1968 collected $11.76 from pot
*** SUMMARY ***
Total pot $12 | Rake $0.24
Board [4s 7h Kd]
Seat 1: Kosova1968 (big blind) collected ($11.76)
Seat 2: Zubasa07 (button) (small blind) folded on the Flop


PokerStars Hand #145660491342:  Hold'em Limit ($3/$6 USD) - 2015/12/20 17:38:40 ET
Table 'Santana' 2-max Seat #1 is the button
Seat 1: Kosova1968 ($204.41 in chips)
Seat 2: Zubasa07 ($476.54 in chips)
Kosova1968: posts small blind $1
Zubasa07: posts big blind $3
*** HOLE CARDS ***
Kosova1968: raises $3 to $6
Zubasa07: calls $3
*** FLOP *** [3d 8s Td]
Zubasa07: checks
Kosova1968: bets $3
Zubasa07: calls $3
*** TURN *** [3d 8s Td] [8h]
Zubasa07: checks
Kosova1968: checks
*** RIVER *** [3d 8s Td 8h] [7d]
Zubasa07: bets $6
Kosova1968: calls $6
*** SHOW DOWN ***
Zubasa07: shows [Ah 2h] (a pair of Eights)
Kosova1968: shows [6c 6d] (two pair, Eights and Sixes)
Kosova1968 collected $29.50 from pot
*** SUMMARY ***
Total pot $30 | Rake $0.50
Board [3d 8s Td 8h 7d]
Seat 1: Kosova1968 (button) (small blind) showed [6c 6d] and won ($29.50) with two pair, Eights and Sixes
Seat 2: Zubasa07 (big blind) showed [Ah 2h] and lost with a pair of Eights


PokerStars Hand #145660448806:  Hold'em Limit ($3/$6 USD) - 2015/12/20 17:37:54 ET
Table 'Santana' 2-max Seat #2 is the button
Seat 1: Kosova1968 ($195.77 in chips)
Seat 2: Zubasa07 ($485.54 in chips)
Zubasa07: posts small blind $1
Kosova1968: posts big blind $3
*** HOLE CARDS ***
Zubasa07: raises $3 to $6
Kosova1968: calls $3
*** FLOP *** [8c 6d As]
Kosova1968: bets $3
Zubasa07: calls $3
*** TURN *** [8c 6d As] [6s]
Kosova1968: bets $6
Zubasa07: folds
Uncalled bet ($6) returned to Kosova1968
Kosova1968 collected $17.64 from pot
*** SUMMARY ***
Total pot $18 | Rake $0.36
Board [8c 6d As 6s]
Seat 1: Kosova1968 (big blind) collected ($17.64)
Seat 2: Zubasa07 (button) (small blind) folded on the Turn


PokerStars Hand #145660563949:  Hold'em Limit ($3/$6 USD) - 2015/12/20 17:39:57 ET
Table 'Santana' 2-max Seat #1 is the button
Seat 1: Kosova1968 ($194.91 in chips)
Seat 2: Zubasa07 ($485.04 in chips)
Kosova1968: posts small blind $1
Zubasa07: posts big blind $3
*** HOLE CARDS ***
Kosova1968: calls $2
Zubasa07: checks
*** FLOP *** [Kd 5d 3c]
Zubasa07: checks
Kosova1968: bets $3
Zubasa07: folds
Uncalled bet ($3) returned to Kosova1968
Kosova1968 collected $5.88 from pot
*** SUMMARY ***
Total pot $6 | Rake $0.12
Board [Kd 5d 3c]
Seat 1: Kosova1968 (button) (small blind) collected ($5.88)
Seat 2: Zubasa07 (big blind) folded on the Flop


PokerStars Hand #145660527926:  Hold'em Limit ($3/$6 USD) - 2015/12/20 17:39:19 ET
Table 'Santana' 2-max Seat #2 is the button
Seat 1: Kosova1968 ($218.91 in chips)
Seat 2: Zubasa07 ($461.54 in chips)
Zubasa07: posts small blind $1
Kosova1968: posts big blind $3
*** HOLE CARDS ***
Zubasa07: raises $3 to $6
Kosova1968: raises $3 to $9
Zubasa07: calls $3
*** FLOP *** [5d 6d 9d]
Kosova1968: bets $3
Zubasa07: calls $3
*** TURN *** [5d 6d 9d] [2h]
Kosova1968: checks
Zubasa07: bets $6
Kosova1968: calls $6
*** RIVER *** [5d 6d 9d 2h] [Js]
Kosova1968: checks
Zubasa07: bets $6
Kosova1968: calls $6
*** SHOW DOWN ***
Zubasa07: shows [6c 2c] (two pair, Sixes and Deuces)
Kosova1968: shows [5c 4d] (a pair of Fives)
Zubasa07 collected $47.50 from pot
*** SUMMARY ***
Total pot $48 | Rake $0.50
Board [5d 6d 9d 2h Js]
Seat 1: Kosova1968 (big blind) showed [5c 4d] and lost with a pair of Fives
Seat 2: Zubasa07 (button) (small blind) showed [6c 2c] and won ($47.50) with two pair, Sixes and Deuces


PokerStars Hand #145660610929:  Hold'em Limit ($3/$6 USD) - 2015/12/20 17:40:48 ET
Table 'Santana' 2-max Seat #1 is the button
Seat 1: Kosova1968 ($188.79 in chips)
Seat 2: Zubasa07 ($490.68 in chips)
Kosova1968: posts small blind $1
Zubasa07: posts big blind $3
*** HOLE CARDS ***
Kosova1968: calls $2
Zubasa07: checks
*** FLOP *** [7c Th Qh]
Zubasa07: bets $3
Kosova1968: raises $3 to $6
Zubasa07: folds
Uncalled bet ($3) returned to Kosova1968
Kosova1968 collected $11.76 from pot
*** SUMMARY ***
Total pot $12 | Rake $0.24
Board [7c Th Qh]
Seat 1: Kosova1968 (button) (small blind) collected ($11.76)
Seat 2: Zubasa07 (big blind) folded on the Flop


PokerStars Hand #145660582002:  Hold'em Limit ($3/$6 USD) - 2015/12/20 17:40:17 ET
Table 'Santana' 2-max Seat #2 is the button
Seat 1: Kosova1968 ($197.79 in chips)
Seat 2: Zubasa07 ($482.04 in chips)
Zubasa07: posts small blind $1
Kosova1968: posts big blind $3
*** HOLE CARDS ***
Zubasa07: raises $3 to $6
Kosova1968: calls $3
*** FLOP *** [Kh 4h 3d]
Kosova1968: bets $3
Zubasa07: calls $3
*** TURN *** [Kh 4h 3d] [Ts]
Kosova1968: checks
Zubasa07: checks
*** RIVER *** [Kh 4h 3d Ts] [2h]
Kosova1968: checks
Zubasa07: checks
*** SHOW DOWN ***
Kosova1968: shows [Qd 6d] (high card King)
Zubasa07: shows [6c As] (high card Ace)
Zubasa07 collected $17.64 from pot
*** SUMMARY ***
Total pot $18 | Rake $0.36
Board [Kh 4h 3d Ts 2h]
Seat 1: Kosova1968 (big blind) showed [Qd 6d] and lost with high card King
Seat 2: Zubasa07 (button) (small blind) showed [6c As] and won ($17.64) with high card Ace


PokerStars Hand #145660656600:  Hold'em Limit ($3/$6 USD) - 2015/12/20 17:41:37 ET
Table 'Santana' 2-max Seat #1 is the button
Seat 1: Kosova1968 ($218.05 in chips)
Seat 2: Zubasa07 ($460.68 in chips)
Kosova1968: posts small blind $1
Zubasa07: posts big blind $3
*** HOLE CARDS ***
Kosova1968: raises $3 to $6
Zubasa07: calls $3
*** FLOP *** [Kh 6h 2h]
Zubasa07: checks
Kosova1968: bets $3
Zubasa07: calls $3
*** TURN *** [Kh 6h 2h] [Ts]
Zubasa07: checks
Kosova1968: checks
*** RIVER *** [Kh 6h 2h Ts] [Ad]
Zubasa07: checks
Kosova1968: bets $6
Zubasa07: folds
Uncalled bet ($6) returned to Kosova1968
Kosova1968 collected $17.64 from pot
*** SUMMARY ***
Total pot $18 | Rake $0.36
Board [Kh 6h 2h Ts Ad]
Seat 1: Kosova1968 (button) (small blind) collected ($17.64)
Seat 2: Zubasa07 (big blind) folded on the River


PokerStars Hand #145660625805:  Hold'em Limit ($3/$6 USD) - 2015/12/20 17:41:04 ET
Table 'Santana' 2-max Seat #2 is the button
Seat 1: Kosova1968 ($194.55 in chips)
Seat 2: Zubasa07 ($484.68 in chips)
Zubasa07: posts small blind $1
Kosova1968: posts big blind $3
*** HOLE CARDS ***
Zubasa07: raises $3 to $6
Kosova1968: raises $3 to $9
Zubasa07: calls $3
*** FLOP *** [Kc 8d Td]
Kosova1968: bets $3
Zubasa07: calls $3
*** TURN *** [Kc 8d Td] [9c]
Kosova1968: bets $6
Zubasa07: calls $6
*** RIVER *** [Kc 8d Td 9c] [Qc]
Kosova1968: bets $6
Zubasa07: calls $6
*** SHOW DOWN ***
Kosova1968: shows [7s 6h] (a straight, Six to Ten)
Zubasa07: mucks hand
Kosova1968 collected $47.50 from pot
*** SUMMARY ***
Total pot $48 | Rake $0.50
Board [Kc 8d Td 9c Qc]
Seat 1: Kosova1968 (big blind) showed [7s 6h] and won ($47.50) with a straight, Six to Ten
Seat 2: Zubasa07 (button) (small blind) mucked


PokerStars Hand #145660717665:  Hold'em Limit ($3/$6 USD) - 2015/12/20 17:42:43 ET
Table 'Santana' 2-max Seat #1 is the button
Seat 1: Kosova1968 ($214.69 in chips)
Seat 2: Zubasa07 ($463.20 in chips)
Kosova1968: posts small blind $1
Zubasa07: posts big blind $3
*** HOLE CARDS ***
Kosova1968: folds
Uncalled bet ($2) returned to Zubasa07
Zubasa07 collected $2 from pot
Zubasa07: doesn't show hand
*** SUMMARY ***
Total pot $2 | Rake $0
Seat 1: Kosova1968 (button) (small blind) folded before Flop
Seat 2: Zubasa07 (big blind) collected ($2)


PokerStars Hand #145660681585:  Hold'em Limit ($3/$6 USD) - 2015/12/20 17:42:04 ET
Table 'Santana' 2-max Seat #2 is the button
Seat 1: Kosova1968 ($226.69 in chips)
Seat 2: Zubasa07 ($451.68 in chips)
Zubasa07: posts small blind $1
Kosova1968: posts big blind $3
*** HOLE CARDS ***
Zubasa07: raises $3 to $6
Kosova1968: raises $3 to $9
Zubasa07: calls $3
*** FLOP *** [7d 4c Ac]
Kosova1968: bets $3
Zubasa07: calls $3
*** TURN *** [7d 4c Ac] [Kh]
Kosova1968: checks
Zubasa07: bets $6
Kosova1968: folds
Uncalled bet ($6) returned to Zubasa07
Zubasa07 collected $23.52 from pot
Zubasa07: doesn't show hand
*** SUMMARY ***
Total pot $24 | Rake $0.48
Board [7d 4c Ac Kh]
Seat 1: Kosova1968 (big blind) folded on the Turn
Seat 2: Zubasa07 (button) (small blind) collected ($23.52)


PokerStars Hand #145660723438:  Hold'em Limit ($3/$6 USD) - 2015/12/20 17:42:50 ET
Table 'Santana' 2-max Seat #2 is the button
Seat 1: Kosova1968 ($213.69 in chips)
Seat 2: Zubasa07 ($464.20 in chips)
Zubasa07: posts small blind $1
Kosova1968: posts big blind $3
*** HOLE CARDS ***
Zubasa07: raises $3 to $6
Kosova1968: calls $3
*** FLOP *** [7c Td Kd]
Kosova1968: checks
Zubasa07: bets $3
Kosova1968: calls $3
*** TURN *** [7c Td Kd] [Qc]
Kosova1968: bets $6
Zubasa07: calls $6
*** RIVER *** [7c Td Kd Qc] [3s]
Kosova1968: checks
Zubasa07: checks
*** SHOW DOWN ***
Kosova1968: shows [Jh 9s] (a straight, Nine to King)
Zubasa07: mucks hand
Kosova1968 collected $29.50 from pot
*** SUMMARY ***
Total pot $30 | Rake $0.50
Board [7c Td Kd Qc 3s]
Seat 1: Kosova1968 (big blind) showed [Jh 9s] and won ($29.50) with a straight, Nine to King
Seat 2: Zubasa07 (button) (small blind) mucked


PokerStars Hand #145660834047:  Hold'em Limit ($3/$6 USD) - 2015/12/20 17:44:50 ET
Table 'Santana' 2-max Seat #1 is the button
Seat 1: Kosova1968 ($233.69 in chips)
Seat 2: Zubasa07 ($442.70 in chips)
Kosova1968: posts small blind $1
Zubasa07: posts big blind $3
*** HOLE CARDS ***
Kosova1968: folds
Uncalled bet ($2) returned to Zubasa07
Zubasa07 collected $2 from pot
Zubasa07: doesn't show hand
*** SUMMARY ***
Total pot $2 | Rake $0
Seat 1: Kosova1968 (button) (small blind) folded before Flop
Seat 2: Zubasa07 (big blind) collected ($2)


PokerStars Hand #145660785849:  Hold'em Limit ($3/$6 USD) - 2015/12/20 17:43:57 ET
Table 'Santana' 2-max Seat #2 is the button
Seat 1: Kosova1968 ($204.19 in chips)
Seat 2: Zubasa07 ($472.70 in chips)
Zubasa07: posts small blind $1
Kosova1968: posts big blind $3
*** HOLE CARDS ***
Zubasa07: raises $3 to $6
Kosova1968: raises $3 to $9
Zubasa07: raises $3 to $12
Betting is capped
Kosova1968: calls $3
*** FLOP *** [3s 3c As]
Kosova1968: checks
Zubasa07: bets $3
Kosova1968: raises $3 to $6
Zubasa07: calls $3
*** TURN *** [3s 3c As] [6c]
Kosova1968: bets $6
Zubasa07: calls $6
*** RIVER *** [3s 3c As 6c] [9s]
Kosova1968: bets $6
Zubasa07: calls $6
*** SHOW DOWN ***
Kosova1968: shows [Ks Ad] (two pair, Aces and Threes)
Zubasa07: mucks hand
Kosova1968 collected $59.50 from pot
*** SUMMARY ***
Total pot $60 | Rake $0.50
Board [3s 3c As 6c 9s]
Seat 1: Kosova1968 (big blind) showed [Ks Ad] and won ($59.50) with two pair, Aces and Threes
Seat 2: Zubasa07 (button) (small blind) mucked


PokerStars Hand #145660841403:  Hold'em Limit ($3/$6 USD) - 2015/12/20 17:44:58 ET
Table 'Santana' 2-max Seat #2 is the button
Seat 1: Kosova1968 ($232.69 in chips)
Seat 2: Zubasa07 ($443.70 in chips)
Zubasa07: posts small blind $1
Kosova1968: posts big blind $3
*** HOLE CARDS ***
Zubasa07: raises $3 to $6
Kosova1968: raises $3 to $9
Zubasa07: calls $3
*** FLOP *** [2c 9d 8s]
Kosova1968: checks
Zubasa07: checks
*** TURN *** [2c 9d 8s] [Js]
Kosova1968: checks
Zubasa07: checks
*** RIVER *** [2c 9d 8s Js] [4d]
Kosova1968: bets $6
Zubasa07: calls $6
*** SHOW DOWN ***
Kosova1968: shows [Kd 3d] (high card King)
Zubasa07: shows [3c Ac] (high card Ace)
Zubasa07 collected $29.50 from pot
*** SUMMARY ***
Total pot $30 | Rake $0.50
Board [2c 9d 8s Js 4d]
Seat 1: Kosova1968 (big blind) showed [Kd 3d] and lost with high card King
Seat 2: Zubasa07 (button) (small blind) showed [3c Ac] and won ($29.50) with high card Ace


PokerStars Hand #145660915441:  Hold'em Limit ($3/$6 USD) - 2015/12/20 17:46:19 ET
Table 'Santana' 2-max Seat #2 is the button
Seat 1: Kosova1968 ($238.19 in chips)
Seat 2: Zubasa07 ($437.20 in chips)
Zubasa07: posts small blind $1
Kosova1968: posts big blind $3
*** HOLE CARDS ***
Zubasa07: raises $3 to $6
Kosova1968: calls $3
*** FLOP *** [Th 3d Kh]
Kosova1968: checks
Zubasa07: bets $3
Kosova1968: calls $3
*** TURN *** [Th 3d Kh] [4h]
Kosova1968: bets $6
Zubasa07: calls $6
*** RIVER *** [Th 3d Kh 4h] [5d]
Kosova1968: bets $6
Zubasa07: raises $6 to $12
Kosova1968: calls $6
*** SHOW DOWN ***
Zubasa07: shows [5h 4d] (two pair, Fives and Fours)
Kosova1968: mucks hand
Zubasa07 collected $53.50 from pot
*** SUMMARY ***
Total pot $54 | Rake $0.50
Board [Th 3d Kh 4h 5d]
Seat 1: Kosova1968 (big blind) mucked
Seat 2: Zubasa07 (button) (small blind) showed [5h 4d] and won ($53.50) with two pair, Fives and Fours


PokerStars Hand #145660948531:  Hold'em Limit ($3/$6 USD) - 2015/12/20 17:46:55 ET
Table 'Santana' 2-max Seat #1 is the button
Seat 1: Kosova1968 ($211.19 in chips)
Seat 2: Zubasa07 ($463.70 in chips)
Kosova1968: posts small blind $1
Zubasa07: posts big blind $3
*** HOLE CARDS ***
Kosova1968: raises $3 to $6
Zubasa07: calls $3
*** FLOP *** [Qh Ks 2h]
Zubasa07: checks
Kosova1968: checks
*** TURN *** [Qh Ks 2h] [Tc]
Zubasa07: checks
Kosova1968: checks
*** RIVER *** [Qh Ks 2h Tc] [2d]
Zubasa07: checks
Kosova1968: bets $6
Zubasa07: folds
Uncalled bet ($6) returned to Kosova1968
Kosova1968 collected $11.76 from pot
*** SUMMARY ***
Total pot $12 | Rake $0.24
Board [Qh Ks 2h Tc 2d]
Seat 1: Kosova1968 (button) (small blind) collected ($11.76)
Seat 2: Zubasa07 (big blind) folded on the River


PokerStars Hand #145660980859:  Hold'em Limit ($3/$6 USD) - 2015/12/20 17:47:30 ET
Table 'Santana' 2-max Seat #2 is the button
Seat 1: Kosova1968 ($216.95 in chips)
Seat 2: Zubasa07 ($457.70 in chips)
Zubasa07: posts small blind $1
Kosova1968: posts big blind $3
*** HOLE CARDS ***
Zubasa07: folds
Uncalled bet ($2) returned to Kosova1968
Kosova1968 collected $2 from pot
*** SUMMARY ***
Total pot $2 | Rake $0
Seat 1: Kosova1968 (big blind) collected ($2)
Seat 2: Zubasa07 (button) (small blind) folded before Flop


PokerStars Hand #145661036862:  Hold'em Limit ($3/$6 USD) - 2015/12/20 17:48:32 ET
Table 'Santana' 2-max Seat #2 is the button
Seat 1: Kosova1968 ($232.45 in chips)
Seat 2: Zubasa07 ($441.70 in chips)
Zubasa07: posts small blind $1
Kosova1968: posts big blind $3
*** HOLE CARDS ***
Zubasa07: raises $3 to $6
Kosova1968: raises $3 to $9
Zubasa07: calls $3
*** FLOP *** [Tc 6h 5h]
Kosova1968: bets $3
Zubasa07: folds
Uncalled bet ($3) returned to Kosova1968
Kosova1968 collected $17.64 from pot
*** SUMMARY ***
Total pot $18 | Rake $0.36
Board [Tc 6h 5h]
Seat 1: Kosova1968 (big blind) collected ($17.64)
Seat 2: Zubasa07 (button) (small blind) folded on the Flop


PokerStars Hand #145660985969:  Hold'em Limit ($3/$6 USD) - 2015/12/20 17:47:35 ET
Table 'Santana' 2-max Seat #1 is the button
Seat 1: Kosova1968 ($217.95 in chips)
Seat 2: Zubasa07 ($456.70 in chips)
Kosova1968: posts small blind $1
Zubasa07: posts big blind $3
*** HOLE CARDS ***
Kosova1968: raises $3 to $6
Zubasa07: calls $3
*** FLOP *** [Kd 9c Kc]
Zubasa07: checks
Kosova1968: bets $3
Zubasa07: calls $3
*** TURN *** [Kd 9c Kc] [2c]
Zubasa07: checks
Kosova1968: bets $6
Zubasa07: calls $6
*** RIVER *** [Kd 9c Kc 2c] [7d]
Zubasa07: checks
Kosova1968: bets $6
Zubasa07: folds
Uncalled bet ($6) returned to Kosova1968
Kosova1968 collected $29.50 from pot
*** SUMMARY ***
Total pot $30 | Rake $0.50
Board [Kd 9c Kc 2c 7d]
Seat 1: Kosova1968 (button) (small blind) collected ($29.50)
Seat 2: Zubasa07 (big blind) folded on the River


PokerStars Hand #145661052834:  Hold'em Limit ($3/$6 USD) - 2015/12/20 17:48:49 ET
Table 'Santana' 2-max Seat #1 is the button
Seat 1: Kosova1968 ($241.09 in chips)
Seat 2: Zubasa07 ($432.70 in chips)
Kosova1968: posts small blind $1
Zubasa07: posts big blind $3
*** HOLE CARDS ***
Kosova1968: raises $3 to $6
Zubasa07: calls $3
*** FLOP *** [4c Kd 8d]
Zubasa07: checks
Kosova1968: bets $3
Zubasa07: raises $3 to $6
Kosova1968: raises $3 to $9
Zubasa07: calls $3
*** TURN *** [4c Kd 8d] [6c]
Zubasa07: checks
Kosova1968: checks
*** RIVER *** [4c Kd 8d 6c] [Qc]
Zubasa07: bets $6
Kosova1968: raises $6 to $12
Zubasa07: calls $6
*** SHOW DOWN ***
Kosova1968: shows [9d 5c] (high card King)
Zubasa07: shows [Ks 9c] (a pair of Kings)
Zubasa07 collected $53.50 from pot
*** SUMMARY ***
Total pot $54 | Rake $0.50
Board [4c Kd 8d 6c Qc]
Seat 1: Kosova1968 (button) (small blind) showed [9d 5c] and lost with high card King
Seat 2: Zubasa07 (big blind) showed [Ks 9c] and won ($53.50) with a pair of Kings


PokerStars Hand #145661107526:  Hold'em Limit ($3/$6 USD) - 2015/12/20 17:49:49 ET
Table 'Santana' 2-max Seat #2 is the button
Seat 1: Kosova1968 ($214.09 in chips)
Seat 2: Zubasa07 ($459.20 in chips)
Zubasa07: posts small blind $1
Kosova1968: posts big blind $3
*** HOLE CARDS ***
Zubasa07: raises $3 to $6
Kosova1968: calls $3
*** FLOP *** [3h 2h 7h]
Kosova1968: checks
Zubasa07: bets $3
Kosova1968: raises $3 to $6
Zubasa07: calls $3
*** TURN *** [3h 2h 7h] [7d]
Kosova1968: bets $6
Zubasa07: folds
Uncalled bet ($6) returned to Kosova1968
Kosova1968 collected $23.52 from pot
*** SUMMARY ***
Total pot $24 | Rake $0.48
Board [3h 2h 7h 7d]
Seat 1: Kosova1968 (big blind) collected ($23.52)
Seat 2: Zubasa07 (button) (small blind) folded on the Turn


PokerStars Hand #145661133373:  Hold'em Limit ($3/$6 USD) - 2015/12/20 17:50:18 ET
Table 'Santana' 2-max Seat #1 is the button
Seat 1: Kosova1968 ($225.61 in chips)
Seat 2: Zubasa07 ($447.20 in chips)
Kosova1968: posts small blind $1
Zubasa07: posts big blind $3
*** HOLE CARDS ***
Kosova1968: raises $3 to $6
Zubasa07: raises $3 to $9
Kosova1968: calls $3
*** FLOP *** [5h Ah 5c]
Zubasa07: bets $3
Kosova1968: calls $3
*** TURN *** [5h Ah 5c] [Ts]
Zubasa07: bets $6
Kosova1968: calls $6
*** RIVER *** [5h Ah 5c Ts] [7s]
Zubasa07: bets $6
Kosova1968: calls $6
*** SHOW DOWN ***
Zubasa07: shows [As 7h] (two pair, Aces and Sevens)
Kosova1968: mucks hand
Zubasa07 collected $47.50 from pot
*** SUMMARY ***
Total pot $48 | Rake $0.50
Board [5h Ah 5c Ts 7s]
Seat 1: Kosova1968 (button) (small blind) mucked
Seat 2: Zubasa07 (big blind) showed [As 7h] and won ($47.50) with two pair, Aces and Sevens


PokerStars Hand #145661158720:  Hold'em Limit ($3/$6 USD) - 2015/12/20 17:50:46 ET
Table 'Santana' 2-max Seat #2 is the button
Seat 1: Kosova1968 ($201.61 in chips)
Seat 2: Zubasa07 ($470.70 in chips)
Zubasa07: posts small blind $1
Kosova1968: posts big blind $3
*** HOLE CARDS ***
Zubasa07: raises $3 to $6
Kosova1968: raises $3 to $9
Zubasa07: calls $3
*** FLOP *** [6s Ad 4s]
Kosova1968: bets $3
Zubasa07: calls $3
*** TURN *** [6s Ad 4s] [Qs]
Kosova1968: bets $6
Zubasa07: calls $6
*** RIVER *** [6s Ad 4s Qs] [Tc]
Kosova1968: bets $6
Zubasa07: calls $6
*** SHOW DOWN ***
Kosova1968: shows [9c 9d] (a pair of Nines)
Zubasa07: shows [Qc 5h] (a pair of Queens)
Zubasa07 collected $47.50 from pot
*** SUMMARY ***
Total pot $48 | Rake $0.50
Board [6s Ad 4s Qs Tc]
Seat 1: Kosova1968 (big blind) showed [9c 9d] and lost with a pair of Nines
Seat 2: Zubasa07 (button) (small blind) showed [Qc 5h] and won ($47.50) with a pair of Queens


PokerStars Hand #145661191281:  Hold'em Limit ($3/$6 USD) - 2015/12/20 17:51:23 ET
Table 'Santana' 2-max Seat #1 is the button
Seat 1: Kosova1968 ($177.61 in chips)
Seat 2: Zubasa07 ($494.20 in chips)
Kosova1968: posts small blind $1
Zubasa07: posts big blind $3
*** HOLE CARDS ***
Kosova1968: raises $3 to $6
Zubasa07: calls $3
*** FLOP *** [2c Qs 2s]
Zubasa07: checks
Kosova1968: checks
*** TURN *** [2c Qs 2s] [Ac]
Zubasa07: checks
Kosova1968: checks
*** RIVER *** [2c Qs 2s Ac] [7s]
Zubasa07: checks
Kosova1968: bets $6
Zubasa07: folds
Uncalled bet ($6) returned to Kosova1968
Kosova1968 collected $11.76 from pot
*** SUMMARY ***
Total pot $12 | Rake $0.24
Board [2c Qs 2s Ac 7s]
Seat 1: Kosova1968 (button) (small blind) collected ($11.76)
Seat 2: Zubasa07 (big blind) folded on the River


PokerStars Hand #145661249648:  Hold'em Limit ($3/$6 USD) - 2015/12/20 17:52:28 ET
Table 'Santana' 2-max Seat #1 is the button
Seat 1: Kosova1968 ($197.87 in chips)
Seat 2: Zubasa07 ($473.20 in chips)
Kosova1968: posts small blind $1
Zubasa07: posts big blind $3
*** HOLE CARDS ***
Kosova1968: raises $3 to $6
Zubasa07: raises $3 to $9
Kosova1968: calls $3
*** FLOP *** [6s 6h Ts]
Zubasa07: bets $3
Kosova1968: raises $3 to $6
Zubasa07: raises $3 to $9
Kosova1968: calls $3
*** TURN *** [6s 6h Ts] [5c]
Zubasa07: bets $6
Kosova1968: calls $6
*** RIVER *** [6s 6h Ts 5c] [Qs]
Zubasa07: bets $6
Kosova1968: calls $6
*** SHOW DOWN ***
Zubasa07: shows [Tc Th] (a full house, Tens full of Sixes)
Kosova1968: shows [Kc Qh] (two pair, Queens and Sixes)
Zubasa07 collected $59.50 from pot
*** SUMMARY ***
Total pot $60 | Rake $0.50
Board [6s 6h Ts 5c Qs]
Seat 1: Kosova1968 (button) (small blind) showed [Kc Qh] and lost with two pair, Queens and Sixes
Seat 2: Zubasa07 (big blind) showed [Tc Th] and won ($59.50) with a full house, Tens full of Sixes


PokerStars Hand #145661283303:  Hold'em Limit ($3/$6 USD) - 2015/12/20 17:53:05 ET
Table 'Santana' 2-max Seat #2 is the button
Seat 1: Kosova1968 ($167.87 in chips)
Seat 2: Zubasa07 ($502.70 in chips)
Zubasa07: posts small blind $1
Kosova1968: posts big blind $3
*** HOLE CARDS ***
Zubasa07: raises $3 to $6
Kosova1968: folds
Uncalled bet ($3) returned to Zubasa07
Zubasa07 collected $6 from pot
Zubasa07: doesn't show hand
*** SUMMARY ***
Total pot $6 | Rake $0
Seat 1: Kosova1968 (big blind) folded before Flop
Seat 2: Zubasa07 (button) (small blind) collected ($6)


PokerStars Hand #145661217555:  Hold'em Limit ($3/$6 USD) - 2015/12/20 17:51:52 ET
Table 'Santana' 2-max Seat #2 is the button
Seat 1: Kosova1968 ($183.37 in chips)
Seat 2: Zubasa07 ($488.20 in chips)
Zubasa07: posts small blind $1
Kosova1968: posts big blind $3
*** HOLE CARDS ***
Zubasa07: raises $3 to $6
Kosova1968: calls $3
*** FLOP *** [8s 3s Kc]
Kosova1968: checks
Zubasa07: bets $3
Kosova1968: calls $3
*** TURN *** [8s 3s Kc] [As]
Kosova1968: checks
Zubasa07: checks
*** RIVER *** [8s 3s Kc As] [4d]
Kosova1968: bets $6
Zubasa07: calls $6
*** SHOW DOWN ***
Kosova1968: shows [7s 8d] (a pair of Eights)
Zubasa07: mucks hand
Kosova1968 collected $29.50 from pot
*** SUMMARY ***
Total pot $30 | Rake $0.50
Board [8s 3s Kc As 4d]
Seat 1: Kosova1968 (big blind) showed [7s 8d] and won ($29.50) with a pair of Eights
Seat 2: Zubasa07 (button) (small blind) mucked


PokerStars Hand #145661289835:  Hold'em Limit ($3/$6 USD) - 2015/12/20 17:53:13 ET
Table 'Santana' 2-max Seat #1 is the button
Seat 1: Kosova1968 ($164.87 in chips)
Seat 2: Zubasa07 ($505.70 in chips)
Kosova1968: posts small blind $1
Zubasa07: posts big blind $3
*** HOLE CARDS ***
Kosova1968: raises $3 to $6
Zubasa07: folds
Uncalled bet ($3) returned to Kosova1968
Kosova1968 collected $6 from pot
*** SUMMARY ***
Total pot $6 | Rake $0
Seat 1: Kosova1968 (button) (small blind) collected ($6)
Seat 2: Zubasa07 (big blind) folded before Flop


PokerStars Hand #145661342074:  Hold'em Limit ($3/$6 USD) - 2015/12/20 17:54:12 ET
Table 'Santana' 2-max Seat #1 is the button
Seat 1: Kosova1968 ($140.87 in chips)
Seat 2: Zubasa07 ($529.20 in chips)
Kosova1968: posts small blind $1
Zubasa07: posts big blind $3
*** HOLE CARDS ***
Kosova1968: folds
Uncalled bet ($2) returned to Zubasa07
Zubasa07 collected $2 from pot
Zubasa07: doesn't show hand
*** SUMMARY ***
Total pot $2 | Rake $0
Seat 1: Kosova1968 (button) (small blind) folded before Flop
Seat 2: Zubasa07 (big blind) collected ($2)


PokerStars Hand #145661301048:  Hold'em Limit ($3/$6 USD) - 2015/12/20 17:53:25 ET
Table 'Santana' 2-max Seat #2 is the button
Seat 1: Kosova1968 ($167.87 in chips)
Seat 2: Zubasa07 ($502.70 in chips)
Zubasa07: posts small blind $1
Kosova1968: posts big blind $3
*** HOLE CARDS ***
Zubasa07: raises $3 to $6
Kosova1968: calls $3
*** FLOP *** [8c 9c Kc]
Kosova1968: checks
Zubasa07: bets $3
Kosova1968: calls $3
*** TURN *** [8c 9c Kc] [Qh]
Kosova1968: bets $6
Zubasa07: raises $6 to $12
Kosova1968: calls $6
*** RIVER *** [8c 9c Kc Qh] [Ts]
Kosova1968: checks
Zubasa07: bets $6
Kosova1968: calls $6
*** SHOW DOWN ***
Zubasa07: shows [8h Kh] (two pair, Kings and Eights)
Kosova1968: mucks hand
Zubasa07 collected $53.50 from pot
*** SUMMARY ***
Total pot $54 | Rake $0.50
Board [8c 9c Kc Qh Ts]
Seat 1: Kosova1968 (big blind) mucked
Seat 2: Zubasa07 (button) (small blind) showed [8h Kh] and won ($53.50) with two pair, Kings and Eights


PokerStars Hand #145661346413:  Hold'em Limit ($3/$6 USD) - 2015/12/20 17:54:17 ET
Table 'Santana' 2-max Seat #2 is the button
Seat 1: Kosova1968 ($139.87 in chips)
Seat 2: Zubasa07 ($530.20 in chips)
Zubasa07: posts small blind $1
Kosova1968: posts big blind $3
*** HOLE CARDS ***
Zubasa07: folds
Uncalled bet ($2) returned to Kosova1968
Kosova1968 collected $2 from pot
*** SUMMARY ***
Total pot $2 | Rake $0
Seat 1: Kosova1968 (big blind) collected ($2)
Seat 2: Zubasa07 (button) (small blind) folded before Flop


PokerStars Hand #145661352455:  Hold'em Limit ($3/$6 USD) - 2015/12/20 17:54:23 ET
Table 'Santana' 2-max Seat #1 is the button
Seat 1: Kosova1968 ($140.87 in chips)
Seat 2: Zubasa07 ($529.20 in chips)
Kosova1968: posts small blind $1
Zubasa07: posts big blind $3
*** HOLE CARDS ***
Kosova1968: raises $3 to $6
Zubasa07: calls $3
*** FLOP *** [9d As 8s]
Zubasa07: checks
Kosova1968: bets $3
Zubasa07: calls $3
*** TURN *** [9d As 8s] [Qs]
Zubasa07: checks
Kosova1968: bets $6
Zubasa07: calls $6
*** RIVER *** [9d As 8s Qs] [4s]
Zubasa07: checks
Kosova1968: bets $6
Zubasa07: calls $6
*** SHOW DOWN ***
Kosova1968: shows [Ts Jd] (a flush, Ace high)
Zubasa07: mucks hand
Kosova1968 collected $41.50 from pot
*** SUMMARY ***
Total pot $42 | Rake $0.50
Board [9d As 8s Qs 4s]
Seat 1: Kosova1968 (button) (small blind) showed [Ts Jd] and won ($41.50) with a flush, Ace high
Seat 2: Zubasa07 (big blind) mucked


PokerStars Hand #145661411986:  Hold'em Limit ($3/$6 USD) - 2015/12/20 17:55:39 ET
Table 'Santana' 2-max Seat #1 is the button
Seat 1: Kosova1968 ($167.13 in chips)
Seat 2: Zubasa07 ($502.20 in chips)
Kosova1968: posts small blind $1
Zubasa07: posts big blind $3
*** HOLE CARDS ***
Kosova1968: raises $3 to $6
Zubasa07: calls $3
*** FLOP *** [7s Qd 5h]
Zubasa07: checks
Kosova1968: bets $3
Zubasa07: calls $3
*** TURN *** [7s Qd 5h] [Ks]
Zubasa07: checks
Kosova1968: bets $6
Zubasa07: calls $6
*** RIVER *** [7s Qd 5h Ks] [Jc]
Zubasa07: checks
Kosova1968: bets $6
Zubasa07: folds
Uncalled bet ($6) returned to Kosova1968
Kosova1968 collected $29.50 from pot
*** SUMMARY ***
Total pot $30 | Rake $0.50
Board [7s Qd 5h Ks Jc]
Seat 1: Kosova1968 (button) (small blind) collected ($29.50)
Seat 2: Zubasa07 (big blind) folded on the River


PokerStars Hand #145661395546:  Hold'em Limit ($3/$6 USD) - 2015/12/20 17:55:13 ET
Table 'Santana' 2-max Seat #2 is the button
Seat 1: Kosova1968 ($161.37 in chips)
Seat 2: Zubasa07 ($508.20 in chips)
Zubasa07: posts small blind $1
Kosova1968: posts big blind $3
*** HOLE CARDS ***
Zubasa07: raises $3 to $6
Kosova1968: calls $3
*** FLOP *** [3c Th 7d]
Kosova1968: checks
Zubasa07: checks
*** TURN *** [3c Th 7d] [Td]
Kosova1968: bets $6
Zubasa07: folds
Uncalled bet ($6) returned to Kosova1968
Kosova1968 collected $11.76 from pot
*** SUMMARY ***
Total pot $12 | Rake $0.24
Board [3c Th 7d Td]
Seat 1: Kosova1968 (big blind) collected ($11.76)
Seat 2: Zubasa07 (button) (small blind) folded on the Turn


PokerStars Hand #145661437122:  Hold'em Limit ($3/$6 USD) - 2015/12/20 17:56:17 ET
Table 'Santana' 2-max Seat #2 is the button
Seat 1: Kosova1968 ($181.63 in chips)
Seat 2: Zubasa07 ($487.20 in chips)
Zubasa07: posts small blind $1
Kosova1968: posts big blind $3
*** HOLE CARDS ***
Zubasa07: raises $3 to $6
Kosova1968: raises $3 to $9
Zubasa07: calls $3
*** FLOP *** [5h 4c 2h]
Kosova1968: bets $3
Zubasa07: calls $3
*** TURN *** [5h 4c 2h] [8d]
Kosova1968: bets $6
Zubasa07: calls $6
*** RIVER *** [5h 4c 2h 8d] [2s]
Kosova1968: bets $6
Zubasa07: folds
Uncalled bet ($6) returned to Kosova1968
Kosova1968 collected $35.50 from pot
*** SUMMARY ***
Total pot $36 | Rake $0.50
Board [5h 4c 2h 8d 2s]
Seat 1: Kosova1968 (big blind) collected ($35.50)
Seat 2: Zubasa07 (button) (small blind) folded on the River


PokerStars Hand #145661458820:  Hold'em Limit ($3/$6 USD) - 2015/12/20 17:56:50 ET
Table 'Santana' 2-max Seat #1 is the button
Seat 1: Kosova1968 ($199.13 in chips)
Seat 2: Zubasa07 ($469.20 in chips)
Kosova1968: posts small blind $1
Zubasa07: posts big blind $3
*** HOLE CARDS ***
Kosova1968: raises $3 to $6
Zubasa07: calls $3
*** FLOP *** [6c Ac 8h]
Zubasa07: checks
Kosova1968: bets $3
Zubasa07: calls $3
*** TURN *** [6c Ac 8h] [Jh]
Zubasa07: checks
Kosova1968: bets $6
Zubasa07: calls $6
*** RIVER *** [6c Ac 8h Jh] [2h]
Zubasa07: checks
Kosova1968: checks
*** SHOW DOWN ***
Zubasa07: shows [Qc Jd] (a pair of Jacks)
Kosova1968: mucks hand
Zubasa07 collected $29.50 from pot
*** SUMMARY ***
Total pot $30 | Rake $0.50
Board [6c Ac 8h Jh 2h]
Seat 1: Kosova1968 (button) (small blind) mucked
Seat 2: Zubasa07 (big blind) showed [Qc Jd] and won ($29.50) with a pair of Jacks


PokerStars Hand #145661477945:  Hold'em Limit ($3/$6 USD) - 2015/12/20 17:57:19 ET
Table 'Santana' 2-max Seat #2 is the button
Seat 1: Kosova1968 ($184.13 in chips)
Seat 2: Zubasa07 ($483.70 in chips)
Zubasa07: posts small blind $1
Kosova1968: posts big blind $3
*** HOLE CARDS ***
Zubasa07: folds
Uncalled bet ($2) returned to Kosova1968
Kosova1968 collected $2 from pot
*** SUMMARY ***
Total pot $2 | Rake $0
Seat 1: Kosova1968 (big blind) collected ($2)
Seat 2: Zubasa07 (button) (small blind) folded before Flop


PokerStars Hand #145661481315:  Hold'em Limit ($3/$6 USD) - 2015/12/20 17:57:24 ET
Table 'Santana' 2-max Seat #1 is the button
Seat 1: Kosova1968 ($185.13 in chips)
Seat 2: Zubasa07 ($482.70 in chips)
Kosova1968: posts small blind $1
Zubasa07: posts big blind $3
*** HOLE CARDS ***
Kosova1968: raises $3 to $6
Zubasa07: calls $3
*** FLOP *** [Ad Kh 4s]
Zubasa07: checks
Kosova1968: checks
*** TURN *** [Ad Kh 4s] [Jc]
Zubasa07: checks
Kosova1968: bets $6
Zubasa07: folds
Uncalled bet ($6) returned to Kosova1968
Kosova1968 collected $11.76 from pot
*** SUMMARY ***
Total pot $12 | Rake $0.24
Board [Ad Kh 4s Jc]
Seat 1: Kosova1968 (button) (small blind) collected ($11.76)
Seat 2: Zubasa07 (big blind) folded on the Turn


PokerStars Hand #145661490899:  Hold'em Limit ($3/$6 USD) - 2015/12/20 17:57:39 ET
Table 'Santana' 2-max Seat #2 is the button
Seat 1: Kosova1968 ($190.89 in chips)
Seat 2: Zubasa07 ($476.70 in chips)
Zubasa07: posts small blind $1
Kosova1968: posts big blind $3
*** HOLE CARDS ***
Zubasa07: raises $3 to $6
Kosova1968: calls $3
*** FLOP *** [Kc Td 5d]
Kosova1968: bets $3
Zubasa07: calls $3
*** TURN *** [Kc Td 5d] [Kd]
Kosova1968: bets $6
Zubasa07: calls $6
*** RIVER *** [Kc Td 5d Kd] [7c]
Kosova1968: checks
Zubasa07: checks
*** SHOW DOWN ***
Kosova1968: shows [5h 4d] (two pair, Kings and Fives)
Zubasa07: mucks hand
Kosova1968 collected $29.50 from pot
*** SUMMARY ***
Total pot $30 | Rake $0.50
Board [Kc Td 5d Kd 7c]
Seat 1: Kosova1968 (big blind) showed [5h 4d] and won ($29.50) with two pair, Kings and Fives
Seat 2: Zubasa07 (button) (small blind) mucked


PokerStars Hand #145661575792:  Hold'em Limit ($3/$6 USD) - 2015/12/20 17:59:47 ET
Table 'Santana' 2-max Seat #1 is the button
Seat 1: Kosova1968 ($183.15 in chips)
Seat 2: Zubasa07 ($482.84 in chips)
Kosova1968: posts small blind $1
Zubasa07: posts big blind $3
*** HOLE CARDS ***
Kosova1968: raises $3 to $6
Zubasa07: calls $3
*** FLOP *** [Ah 6d 5s]
Zubasa07: checks
Kosova1968: checks
*** TURN *** [Ah 6d 5s] [Qs]
Zubasa07: bets $6
Kosova1968: calls $6
*** RIVER *** [Ah 6d 5s Qs] [4s]
Zubasa07: bets $6
Kosova1968: raises $6 to $12
Zubasa07: calls $6
*** SHOW DOWN ***
Kosova1968: shows [Ks Qc] (a pair of Queens)
Zubasa07: shows [6s 3s] (a flush, Queen high)
Zubasa07 collected $47.50 from pot
*** SUMMARY ***
Total pot $48 | Rake $0.50
Board [Ah 6d 5s Qs 4s]
Seat 1: Kosova1968 (button) (small blind) showed [Ks Qc] and lost with a pair of Queens
Seat 2: Zubasa07 (big blind) showed [6s 3s] and won ($47.50) with a flush, Queen high


PokerStars Hand #145661571338:  Hold'em Limit ($3/$6 USD) - 2015/12/20 17:59:41 ET
Table 'Santana' 2-max Seat #2 is the button
Seat 1: Kosova1968 ($186.15 in chips)
Seat 2: Zubasa07 ($479.84 in chips)
Zubasa07: posts small blind $1
Kosova1968: posts big blind $3
*** HOLE CARDS ***
Zubasa07: raises $3 to $6
Kosova1968: folds
Uncalled bet ($3) returned to Zubasa07
Zubasa07 collected $6 from pot
Zubasa07: doesn't show hand
*** SUMMARY ***
Total pot $6 | Rake $0
Seat 1: Kosova1968 (big blind) folded before Flop
Seat 2: Zubasa07 (button) (small blind) collected ($6)


PokerStars Hand #145661603541:  Hold'em Limit ($3/$6 USD) - 2015/12/20 18:00:27 ET
Table 'Santana' 2-max Seat #2 is the button
Seat 1: Kosova1968 ($159.15 in chips)
Seat 2: Zubasa07 ($506.34 in chips)
Zubasa07: posts small blind $1
Kosova1968: posts big blind $3
*** HOLE CARDS ***
Zubasa07: raises $3 to $6
Kosova1968: raises $3 to $9
Zubasa07: calls $3
*** FLOP *** [8d Ts 2c]
Kosova1968: bets $3
Zubasa07: calls $3
*** TURN *** [8d Ts 2c] [6c]
Kosova1968: checks
Zubasa07: checks
*** RIVER *** [8d Ts 2c 6c] [6d]
Kosova1968: bets $6
Zubasa07: calls $6
*** SHOW DOWN ***
Kosova1968: shows [9d 3h] (a pair of Sixes)
Zubasa07: shows [Kc Qs] (a pair of Sixes - King kicker)
Zubasa07 collected $35.50 from pot
*** SUMMARY ***
Total pot $36 | Rake $0.50
Board [8d Ts 2c 6c 6d]
Seat 1: Kosova1968 (big blind) showed [9d 3h] and lost with a pair of Sixes
Seat 2: Zubasa07 (button) (small blind) showed [Kc Qs] and won ($35.50) with a pair of Sixes


PokerStars Hand #145661533365:  Hold'em Limit ($3/$6 USD) - 2015/12/20 17:58:43 ET
Table 'Santana' 2-max Seat #2 is the button
Seat 1: Kosova1968 ($187.39 in chips)
Seat 2: Zubasa07 ($479.20 in chips)
Zubasa07: posts small blind $1
Kosova1968: posts big blind $3
*** HOLE CARDS ***
Zubasa07: folds
Uncalled bet ($2) returned to Kosova1968
Kosova1968 collected $2 from pot
*** SUMMARY ***
Total pot $2 | Rake $0
Seat 1: Kosova1968 (big blind) collected ($2)
Seat 2: Zubasa07 (button) (small blind) folded before Flop


PokerStars Hand #145661505043:  Hold'em Limit ($3/$6 USD) - 2015/12/20 17:58:00 ET
Table 'Santana' 2-max Seat #1 is the button
Seat 1: Kosova1968 ($205.39 in chips)
Seat 2: Zubasa07 ($461.70 in chips)
Kosova1968: posts small blind $1
Zubasa07: posts big blind $3
*** HOLE CARDS ***
Kosova1968: raises $3 to $6
Zubasa07: calls $3
*** FLOP *** [Jc 3d 7d]
Zubasa07: checks
Kosova1968: checks
*** TURN *** [Jc 3d 7d] [Kc]
Zubasa07: checks
Kosova1968: bets $6
Zubasa07: calls $6
*** RIVER *** [Jc 3d 7d Kc] [3h]
Zubasa07: checks
Kosova1968: bets $6
Zubasa07: calls $6
*** SHOW DOWN ***
Kosova1968: shows [5s 4c] (a pair of Threes)
Zubasa07: shows [Ah 5c] (a pair of Threes - Ace kicker)
Zubasa07 collected $35.50 from pot
*** SUMMARY ***
Total pot $36 | Rake $0.50
Board [Jc 3d 7d Kc 3h]
Seat 1: Kosova1968 (button) (small blind) showed [5s 4c] and lost with a pair of Threes
Seat 2: Zubasa07 (big blind) showed [Ah 5c] and won ($35.50) with a pair of Threes


PokerStars Hand #145661536317:  Hold'em Limit ($3/$6 USD) - 2015/12/20 17:58:47 ET
Table 'Santana' 2-max Seat #1 is the button
Seat 1: Kosova1968 ($188.39 in chips)
Seat 2: Zubasa07 ($478.20 in chips)
Kosova1968: posts small blind $1
Zubasa07: posts big blind $3
*** HOLE CARDS ***
Kosova1968: raises $3 to $6
Zubasa07: calls $3
*** FLOP *** [Js 9d Th]
Zubasa07: checks
Kosova1968: bets $3
Zubasa07: raises $3 to $6
Kosova1968: folds
Uncalled bet ($3) returned to Zubasa07
Zubasa07 collected $17.64 from pot
Zubasa07: doesn't show hand
*** SUMMARY ***
Total pot $18 | Rake $0.36
Board [Js 9d Th]
Seat 1: Kosova1968 (button) (small blind) folded on the Flop
Seat 2: Zubasa07 (big blind) collected ($17.64)


PokerStars Hand #145661702322:  Hold'em Limit ($3/$6 USD) - 2015/12/20 18:02:31 ET
Table 'Santana' 2-max Seat #2 is the button
Seat 1: Kosova1968 ($127.91 in chips)
Seat 2: Zubasa07 ($536.34 in chips)
Zubasa07: posts small blind $1
Kosova1968: posts big blind $3
*** HOLE CARDS ***
Zubasa07: folds
Uncalled bet ($2) returned to Kosova1968
Kosova1968 collected $2 from pot
*** SUMMARY ***
Total pot $2 | Rake $0
Seat 1: Kosova1968 (big blind) collected ($2)
Seat 2: Zubasa07 (button) (small blind) folded before Flop


PokerStars Hand #145661695596:  Hold'em Limit ($3/$6 USD) - 2015/12/20 18:02:23 ET
Table 'Santana' 2-max Seat #1 is the button
Seat 1: Kosova1968 ($124.91 in chips)
Seat 2: Zubasa07 ($539.34 in chips)
Kosova1968: posts small blind $1
Zubasa07: posts big blind $3
*** HOLE CARDS ***
Kosova1968: raises $3 to $6
Zubasa07: folds
Uncalled bet ($3) returned to Kosova1968
Kosova1968 collected $6 from pot
*** SUMMARY ***
Total pot $6 | Rake $0
Seat 1: Kosova1968 (button) (small blind) collected ($6)
Seat 2: Zubasa07 (big blind) folded before Flop


PokerStars Hand #145661691095:  Hold'em Limit ($3/$6 USD) - 2015/12/20 18:02:17 ET
Table 'Santana' 2-max Seat #2 is the button
Seat 1: Kosova1968 ($123.91 in chips)
Seat 2: Zubasa07 ($540.34 in chips)
Zubasa07: posts small blind $1
Kosova1968: posts big blind $3
*** HOLE CARDS ***
Zubasa07: folds
Uncalled bet ($2) returned to Kosova1968
Kosova1968 collected $2 from pot
*** SUMMARY ***
Total pot $2 | Rake $0
Seat 1: Kosova1968 (big blind) collected ($2)
Seat 2: Zubasa07 (button) (small blind) folded before Flop


PokerStars Hand #145661679289:  Hold'em Limit ($3/$6 USD) - 2015/12/20 18:02:04 ET
Table 'Santana' 2-max Seat #1 is the button
Seat 1: Kosova1968 ($118.15 in chips)
Seat 2: Zubasa07 ($546.34 in chips)
Kosova1968: posts small blind $1
Zubasa07: posts big blind $3
*** HOLE CARDS ***
Kosova1968: raises $3 to $6
Zubasa07: calls $3
*** FLOP *** [7h Js Qh]
Zubasa07: checks
Kosova1968: bets $3
Zubasa07: folds
Uncalled bet ($3) returned to Kosova1968
Kosova1968 collected $11.76 from pot
*** SUMMARY ***
Total pot $12 | Rake $0.24
Board [7h Js Qh]
Seat 1: Kosova1968 (button) (small blind) collected ($11.76)
Seat 2: Zubasa07 (big blind) folded on the Flop


PokerStars Hand #145661669707:  Hold'em Limit ($3/$6 USD) - 2015/12/20 18:01:53 ET
Table 'Santana' 2-max Seat #2 is the button
Seat 1: Kosova1968 ($117.15 in chips)
Seat 2: Zubasa07 ($547.34 in chips)
Zubasa07: posts small blind $1
Kosova1968: posts big blind $3
*** HOLE CARDS ***
Zubasa07: folds
Uncalled bet ($2) returned to Kosova1968
Kosova1968 collected $2 from pot
*** SUMMARY ***
Total pot $2 | Rake $0
Seat 1: Kosova1968 (big blind) collected ($2)
Seat 2: Zubasa07 (button) (small blind) folded before Flop


PokerStars Hand #145661635346:  Hold'em Limit ($3/$6 USD) - 2015/12/20 18:01:11 ET
Table 'Santana' 2-max Seat #1 is the button
Seat 1: Kosova1968 ($141.15 in chips)
Seat 2: Zubasa07 ($523.84 in chips)
Kosova1968: posts small blind $1
Zubasa07: posts big blind $3
*** HOLE CARDS ***
Kosova1968: raises $3 to $6
Zubasa07: raises $3 to $9
Kosova1968: calls $3
*** FLOP *** [Ah 8h 8s]
Zubasa07: bets $3
Kosova1968: calls $3
*** TURN *** [Ah 8h 8s] [7h]
Zubasa07: bets $6
Kosova1968: calls $6
*** RIVER *** [Ah 8h 8s 7h] [3c]
Zubasa07: bets $6
Kosova1968: calls $6
*** SHOW DOWN ***
Zubasa07: shows [Ad Th] (two pair, Aces and Eights)
Kosova1968: mucks hand
Zubasa07 collected $47.50 from pot
*** SUMMARY ***
Total pot $48 | Rake $0.50
Board [Ah 8h 8s 7h 3c]
Seat 1: Kosova1968 (button) (small blind) mucked
Seat 2: Zubasa07 (big blind) showed [Ad Th] and won ($47.50) with two pair, Aces and Eights


PokerStars Hand #145661709069:  Hold'em Limit ($3/$6 USD) - 2015/12/20 18:02:38 ET
Table 'Santana' 2-max Seat #1 is the button
Seat 1: Kosova1968 ($128.91 in chips)
Seat 2: Zubasa07 ($535.34 in chips)
Kosova1968: posts small blind $1
Zubasa07: posts big blind $3
*** HOLE CARDS ***
Kosova1968: raises $3 to $6
Zubasa07: raises $3 to $9
Kosova1968: calls $3
*** FLOP *** [9s 8c Ad]
Zubasa07: bets $3
Kosova1968: calls $3
*** TURN *** [9s 8c Ad] [Qd]
Zubasa07: checks
Kosova1968: bets $6
Zubasa07: calls $6
*** RIVER *** [9s 8c Ad Qd] [7s]
Zubasa07: checks
Kosova1968: bets $6
Zubasa07: calls $6
*** SHOW DOWN ***
Kosova1968: shows [6s Td] (a straight, Six to Ten)
Zubasa07: mucks hand
Kosova1968 collected $47.50 from pot
*** SUMMARY ***
Total pot $48 | Rake $0.50
Board [9s 8c Ad Qd 7s]
Seat 1: Kosova1968 (button) (small blind) showed [6s Td] and won ($47.50) with a straight, Six to Ten
Seat 2: Zubasa07 (big blind) mucked


PokerStars Hand #145661803392:  Hold'em Limit ($3/$6 USD) - 2015/12/20 18:04:26 ET
Table 'Santana' 2-max Seat #2 is the button
Seat 1: Kosova1968 ($143.17 in chips)
Seat 2: Zubasa07 ($519.84 in chips)
Zubasa07: posts small blind $1
Kosova1968: posts big blind $3
*** HOLE CARDS ***
Zubasa07: folds
Uncalled bet ($2) returned to Kosova1968
Kosova1968 collected $2 from pot
*** SUMMARY ***
Total pot $2 | Rake $0
Seat 1: Kosova1968 (big blind) collected ($2)
Seat 2: Zubasa07 (button) (small blind) folded before Flop


PokerStars Hand #145661771813:  Hold'em Limit ($3/$6 USD) - 2015/12/20 18:03:51 ET
Table 'Santana' 2-max Seat #1 is the button
Seat 1: Kosova1968 ($137.41 in chips)
Seat 2: Zubasa07 ($525.84 in chips)
Kosova1968: posts small blind $1
Zubasa07: posts big blind $3
*** HOLE CARDS ***
Kosova1968: raises $3 to $6
Zubasa07: calls $3
*** FLOP *** [2c Tc 9c]
Zubasa07: checks
Kosova1968: checks
*** TURN *** [2c Tc 9c] [2h]
Zubasa07: checks
Kosova1968: checks
*** RIVER *** [2c Tc 9c 2h] [6c]
Zubasa07: checks
Kosova1968: bets $6
Zubasa07: folds
Uncalled bet ($6) returned to Kosova1968
Kosova1968 collected $11.76 from pot
*** SUMMARY ***
Total pot $12 | Rake $0.24
Board [2c Tc 9c 2h 6c]
Seat 1: Kosova1968 (button) (small blind) collected ($11.76)
Seat 2: Zubasa07 (big blind) folded on the River


PokerStars Hand #145661747639:  Hold'em Limit ($3/$6 USD) - 2015/12/20 18:03:23 ET
Table 'Santana' 2-max Seat #2 is the button
Seat 1: Kosova1968 ($152.41 in chips)
Seat 2: Zubasa07 ($511.34 in chips)
Zubasa07: posts small blind $1
Kosova1968: posts big blind $3
*** HOLE CARDS ***
Zubasa07: raises $3 to $6
Kosova1968: calls $3
*** FLOP *** [4d 8d Qs]
Kosova1968: bets $3
Zubasa07: calls $3
*** TURN *** [4d 8d Qs] [5s]
Kosova1968: checks
Zubasa07: checks
*** RIVER *** [4d 8d Qs 5s] [9h]
Kosova1968: bets $6
Zubasa07: calls $6
*** SHOW DOWN ***
Kosova1968: shows [Jc 5c] (a pair of Fives)
Zubasa07: shows [As 9d] (a pair of Nines)
Zubasa07 collected $29.50 from pot
*** SUMMARY ***
Total pot $30 | Rake $0.50
Board [4d 8d Qs 5s 9h]
Seat 1: Kosova1968 (big blind) showed [Jc 5c] and lost with a pair of Fives
Seat 2: Zubasa07 (button) (small blind) showed [As 9d] and won ($29.50) with a pair of Nines


PokerStars Hand #145661833303:  Hold'em Limit ($3/$6 USD) - 2015/12/20 18:05:00 ET
Table 'Santana' 2-max Seat #2 is the button
Seat 1: Kosova1968 ($158.67 in chips)
Seat 2: Zubasa07 ($503.84 in chips)
Zubasa07: posts small blind $1
Kosova1968: posts big blind $3
*** HOLE CARDS ***
Zubasa07: raises $3 to $6
Kosova1968: calls $3
*** FLOP *** [3s 5s 2c]
Kosova1968: bets $3
Zubasa07: calls $3
*** TURN *** [3s 5s 2c] [6c]
Kosova1968: bets $6
Zubasa07: folds
Uncalled bet ($6) returned to Kosova1968
Kosova1968 collected $17.64 from pot
*** SUMMARY ***
Total pot $18 | Rake $0.36
Board [3s 5s 2c 6c]
Seat 1: Kosova1968 (big blind) collected ($17.64)
Seat 2: Zubasa07 (button) (small blind) folded on the Turn


PokerStars Hand #145661808008:  Hold'em Limit ($3/$6 USD) - 2015/12/20 18:04:32 ET
Table 'Santana' 2-max Seat #1 is the button
Seat 1: Kosova1968 ($144.17 in chips)
Seat 2: Zubasa07 ($518.84 in chips)
Kosova1968: posts small blind $1
Zubasa07: posts big blind $3
*** HOLE CARDS ***
Kosova1968: raises $3 to $6
Zubasa07: calls $3
*** FLOP *** [4h 2c 9s]
Zubasa07: checks
Kosova1968: bets $3
Zubasa07: calls $3
*** TURN *** [4h 2c 9s] [Qc]
Zubasa07: checks
Kosova1968: bets $6
Zubasa07: calls $6
*** RIVER *** [4h 2c 9s Qc] [7h]
Zubasa07: checks
Kosova1968: bets $6
Zubasa07: folds
Uncalled bet ($6) returned to Kosova1968
Kosova1968 collected $29.50 from pot
*** SUMMARY ***
Total pot $30 | Rake $0.50
Board [4h 2c 9s Qc 7h]
Seat 1: Kosova1968 (button) (small blind) collected ($29.50)
Seat 2: Zubasa07 (big blind) folded on the River


PokerStars Hand #145661880461:  Hold'em Limit ($3/$6 USD) - 2015/12/20 18:05:54 ET
Table 'Santana' 2-max Seat #2 is the button
Seat 1: Kosova1968 ($181.81 in chips)
Seat 2: Zubasa07 ($479.84 in chips)
Zubasa07: posts small blind $1
Kosova1968: posts big blind $3
*** HOLE CARDS ***
Zubasa07: raises $3 to $6
Kosova1968: raises $3 to $9
Zubasa07: calls $3
*** FLOP *** [4d Ac Jd]
Kosova1968: bets $3
Zubasa07: calls $3
*** TURN *** [4d Ac Jd] [Ts]
Kosova1968: bets $6
Zubasa07: calls $6
*** RIVER *** [4d Ac Jd Ts] [2c]
Kosova1968: bets $6
Zubasa07: calls $6
*** SHOW DOWN ***
Kosova1968: shows [3d 2d] (a pair of Deuces)
Zubasa07: shows [2h Ks] (a pair of Deuces - Ace+King kicker)
Zubasa07 collected $47.50 from pot
*** SUMMARY ***
Total pot $48 | Rake $0.50
Board [4d Ac Jd Ts 2c]
Seat 1: Kosova1968 (big blind) showed [3d 2d] and lost with a pair of Deuces
Seat 2: Zubasa07 (button) (small blind) showed [2h Ks] and won ($47.50) with a pair of Deuces


PokerStars Hand #145661850681:  Hold'em Limit ($3/$6 USD) - 2015/12/20 18:05:20 ET
Table 'Santana' 2-max Seat #1 is the button
Seat 1: Kosova1968 ($167.31 in chips)
Seat 2: Zubasa07 ($494.84 in chips)
Kosova1968: posts small blind $1
Zubasa07: posts big blind $3
*** HOLE CARDS ***
Kosova1968: raises $3 to $6
Zubasa07: calls $3
*** FLOP *** [4d Qd 5h]
Zubasa07: checks
Kosova1968: bets $3
Zubasa07: calls $3
*** TURN *** [4d Qd 5h] [Qc]
Zubasa07: checks
Kosova1968: bets $6
Zubasa07: calls $6
*** RIVER *** [4d Qd 5h Qc] [3c]
Zubasa07: checks
Kosova1968: bets $6
Zubasa07: folds
Uncalled bet ($6) returned to Kosova1968
Kosova1968 collected $29.50 from pot
*** SUMMARY ***
Total pot $30 | Rake $0.50
Board [4d Qd 5h Qc 3c]
Seat 1: Kosova1968 (button) (small blind) collected ($29.50)
Seat 2: Zubasa07 (big blind) folded on the River


PokerStars Hand #145661935681:  Hold'em Limit ($3/$6 USD) - 2015/12/20 18:06:56 ET
Table 'Santana' 2-max Seat #1 is the button
Seat 1: Kosova1968 ($154.45 in chips)
Seat 2: Zubasa07 ($505.86 in chips)
Kosova1968: posts small blind $1
Zubasa07: posts big blind $3
*** HOLE CARDS ***
Kosova1968: calls $2
Zubasa07: raises $3 to $6
Kosova1968: raises $3 to $9
Zubasa07: raises $3 to $12
Betting is capped
Kosova1968: calls $3
*** FLOP *** [9s 7h Jh]
Zubasa07: bets $3
Kosova1968: calls $3
*** TURN *** [9s 7h Jh] [5s]
Zubasa07: checks
Kosova1968: checks
*** RIVER *** [9s 7h Jh 5s] [9c]
Zubasa07: bets $6
Kosova1968: calls $6
*** SHOW DOWN ***
Zubasa07: shows [Ad Kc] (a pair of Nines)
Kosova1968: shows [Ac 6h] (a pair of Nines - lower kicker)
Zubasa07 collected $41.50 from pot
*** SUMMARY ***
Total pot $42 | Rake $0.50
Board [9s 7h Jh 5s 9c]
Seat 1: Kosova1968 (button) (small blind) showed [Ac 6h] and lost with a pair of Nines
Seat 2: Zubasa07 (big blind) showed [Ad Kc] and won ($41.50) with a pair of Nines


PokerStars Hand #145661926072:  Hold'em Limit ($3/$6 USD) - 2015/12/20 18:06:46 ET
Table 'Santana' 2-max Seat #2 is the button
Seat 1: Kosova1968 ($145.81 in chips)
Seat 2: Zubasa07 ($514.86 in chips)
Zubasa07: posts small blind $1
Kosova1968: posts big blind $3
*** HOLE CARDS ***
Zubasa07: raises $3 to $6
Kosova1968: raises $3 to $9
Zubasa07: calls $3
*** FLOP *** [As 8d 7c]
Kosova1968: bets $3
Zubasa07: folds
Uncalled bet ($3) returned to Kosova1968
Kosova1968 collected $17.64 from pot
*** SUMMARY ***
Total pot $18 | Rake $0.36
Board [As 8d 7c]
Seat 1: Kosova1968 (big blind) collected ($17.64)
Seat 2: Zubasa07 (button) (small blind) folded on the Flop


PokerStars Hand #145661909910:  Hold'em Limit ($3/$6 USD) - 2015/12/20 18:06:27 ET
Table 'Santana' 2-max Seat #1 is the button
Seat 1: Kosova1968 ($157.81 in chips)
Seat 2: Zubasa07 ($503.34 in chips)
Kosova1968: posts small blind $1
Zubasa07: posts big blind $3
*** HOLE CARDS ***
Kosova1968: raises $3 to $6
Zubasa07: raises $3 to $9
Kosova1968: calls $3
*** FLOP *** [7c 4h 9d]
Zubasa07: bets $3
Kosova1968: calls $3
*** TURN *** [7c 4h 9d] [Ah]
Zubasa07: bets $6
Kosova1968: folds
Uncalled bet ($6) returned to Zubasa07
Zubasa07 collected $23.52 from pot
Zubasa07: doesn't show hand
*** SUMMARY ***
Total pot $24 | Rake $0.48
Board [7c 4h 9d Ah]
Seat 1: Kosova1968 (button) (small blind) folded on the Turn
Seat 2: Zubasa07 (big blind) collected ($23.52)


PokerStars Hand #145662020414:  Hold'em Limit ($3/$6 USD) - 2015/12/20 18:08:33 ET
Table 'Santana' 2-max Seat #1 is the button
Seat 1: Kosova1968 ($117.97 in chips)
Seat 2: Zubasa07 ($540.86 in chips)
Kosova1968: posts small blind $1
Zubasa07: posts big blind $3
*** HOLE CARDS ***
Kosova1968: folds
Uncalled bet ($2) returned to Zubasa07
Zubasa07 collected $2 from pot
Zubasa07: doesn't show hand
*** SUMMARY ***
Total pot $2 | Rake $0
Seat 1: Kosova1968 (button) (small blind) folded before Flop
Seat 2: Zubasa07 (big blind) collected ($2)


PokerStars Hand #145662015519:  Hold'em Limit ($3/$6 USD) - 2015/12/20 18:08:27 ET
Table 'Santana' 2-max Seat #2 is the button
Seat 1: Kosova1968 ($120.97 in chips)
Seat 2: Zubasa07 ($537.86 in chips)
Zubasa07: posts small blind $1
Kosova1968: posts big blind $3
*** HOLE CARDS ***
Zubasa07: raises $3 to $6
Kosova1968: folds
Uncalled bet ($3) returned to Zubasa07
Zubasa07 collected $6 from pot
Zubasa07: doesn't show hand
*** SUMMARY ***
Total pot $6 | Rake $0
Seat 1: Kosova1968 (big blind) folded before Flop
Seat 2: Zubasa07 (button) (small blind) collected ($6)


PokerStars Hand #145661993160:  Hold'em Limit ($3/$6 USD) - 2015/12/20 18:08:02 ET
Table 'Santana' 2-max Seat #1 is the button
Seat 1: Kosova1968 ($144.97 in chips)
Seat 2: Zubasa07 ($514.36 in chips)
Kosova1968: posts small blind $1
Zubasa07: posts big blind $3
*** HOLE CARDS ***
Kosova1968: raises $3 to $6
Zubasa07: calls $3
*** FLOP *** [Qd 4d 5h]
Zubasa07: checks
Kosova1968: bets $3
Zubasa07: raises $3 to $6
Kosova1968: calls $3
*** TURN *** [Qd 4d 5h] [As]
Zubasa07: bets $6
Kosova1968: calls $6
*** RIVER *** [Qd 4d 5h As] [4s]
Zubasa07: bets $6
Kosova1968: calls $6
*** SHOW DOWN ***
Zubasa07: shows [8c Qh] (two pair, Queens and Fours)
Kosova1968: shows [5c Jc] (two pair, Fives and Fours)
Zubasa07 collected $47.50 from pot
*** SUMMARY ***
Total pot $48 | Rake $0.50
Board [Qd 4d 5h As 4s]
Seat 1: Kosova1968 (button) (small blind) showed [5c Jc] and lost with two pair, Fives and Fours
Seat 2: Zubasa07 (big blind) showed [8c Qh] and won ($47.50) with two pair, Queens and Fours


PokerStars Hand #145661968618:  Hold'em Limit ($3/$6 USD) - 2015/12/20 18:07:34 ET
Table 'Santana' 2-max Seat #2 is the button
Seat 1: Kosova1968 ($133.45 in chips)
Seat 2: Zubasa07 ($526.36 in chips)
Zubasa07: posts small blind $1
Kosova1968: posts big blind $3
*** HOLE CARDS ***
Zubasa07: raises $3 to $6
Kosova1968: calls $3
*** FLOP *** [3c 4h 8h]
Kosova1968: checks
Zubasa07: checks
*** TURN *** [3c 4h 8h] [Ah]
Kosova1968: bets $6
Zubasa07: calls $6
*** RIVER *** [3c 4h 8h Ah] [Jc]
Kosova1968: bets $6
Zubasa07: folds
Uncalled bet ($6) returned to Kosova1968
Kosova1968 collected $23.52 from pot
*** SUMMARY ***
Total pot $24 | Rake $0.48
Board [3c 4h 8h Ah Jc]
Seat 1: Kosova1968 (big blind) collected ($23.52)
Seat 2: Zubasa07 (button) (small blind) folded on the River


PokerStars Hand #145662034021:  Hold'em Limit ($3/$6 USD) - 2015/12/20 18:08:49 ET
Table 'Santana' 2-max Seat #2 is the button
Seat 1: Kosova1968 ($120.97 in chips)
Seat 2: Zubasa07 ($537.86 in chips)
Zubasa07: posts small blind $1
Kosova1968: posts big blind $3
*** HOLE CARDS ***
Zubasa07: raises $3 to $6
Kosova1968: calls $3
*** FLOP *** [6c 4h 3s]
Kosova1968: bets $3
Zubasa07: calls $3
*** TURN *** [6c 4h 3s] [5d]
Kosova1968: bets $6
Zubasa07: calls $6
*** RIVER *** [6c 4h 3s 5d] [Tc]
Kosova1968: bets $6
Zubasa07: calls $6
*** SHOW DOWN ***
Kosova1968: shows [8d 9s] (high card Ten)
Zubasa07: shows [2d Qs] (a straight, Deuce to Six)
Zubasa07 collected $41.50 from pot
*** SUMMARY ***
Total pot $42 | Rake $0.50
Board [6c 4h 3s 5d Tc]
Seat 1: Kosova1968 (big blind) showed [8d 9s] and lost with high card Ten
Seat 2: Zubasa07 (button) (small blind) showed [2d Qs] and won ($41.50) with a straight, Deuce to Six


PokerStars Hand #145662028906:  Hold'em Limit ($3/$6 USD) - 2015/12/20 18:08:43 ET
Table 'Santana' 2-max Seat #1 is the button
Seat 1: Kosova1968 ($117.97 in chips)
Seat 2: Zubasa07 ($540.86 in chips)
Kosova1968: posts small blind $1
Zubasa07: posts big blind $3
*** HOLE CARDS ***
Kosova1968: raises $3 to $6
Zubasa07: folds
Uncalled bet ($3) returned to Kosova1968
Kosova1968 collected $6 from pot
*** SUMMARY ***
Total pot $6 | Rake $0
Seat 1: Kosova1968 (button) (small blind) collected ($6)
Seat 2: Zubasa07 (big blind) folded before Flop


PokerStars Hand #145662024681:  Hold'em Limit ($3/$6 USD) - 2015/12/20 18:08:38 ET
Table 'Santana' 2-max Seat #2 is the button
Seat 1: Kosova1968 ($116.97 in chips)
Seat 2: Zubasa07 ($541.86 in chips)
Zubasa07: posts small blind $1
Kosova1968: posts big blind $3
*** HOLE CARDS ***
Zubasa07: folds
Uncalled bet ($2) returned to Kosova1968
Kosova1968 collected $2 from pot
*** SUMMARY ***
Total pot $2 | Rake $0
Seat 1: Kosova1968 (big blind) collected ($2)
Seat 2: Zubasa07 (button) (small blind) folded before Flop


PokerStars Hand #145662105148:  Hold'em Limit ($3/$6 USD) - 2015/12/20 18:10:10 ET
Table 'Santana' 2-max Seat #1 is the button
Seat 1: Kosova1968 ($105.47 in chips)
Seat 2: Zubasa07 ($551.86 in chips)
Kosova1968: posts small blind $1
Zubasa07: posts big blind $3
*** HOLE CARDS ***
Kosova1968: folds
Uncalled bet ($2) returned to Zubasa07
Zubasa07 collected $2 from pot
Zubasa07: doesn't show hand
*** SUMMARY ***
Total pot $2 | Rake $0
Seat 1: Kosova1968 (button) (small blind) folded before Flop
Seat 2: Zubasa07 (big blind) collected ($2)


PokerStars Hand #145662078930:  Hold'em Limit ($3/$6 USD) - 2015/12/20 18:09:40 ET
Table 'Santana' 2-max Seat #2 is the button
Seat 1: Kosova1968 ($123.47 in chips)
Seat 2: Zubasa07 ($534.36 in chips)
Zubasa07: posts small blind $1
Kosova1968: posts big blind $3
*** HOLE CARDS ***
Zubasa07: raises $3 to $6
Kosova1968: calls $3
*** FLOP *** [4h 9s 7c]
Kosova1968: bets $3
Zubasa07: raises $3 to $6
Kosova1968: calls $3
*** TURN *** [4h 9s 7c] [9h]
Kosova1968: checks
Zubasa07: checks
*** RIVER *** [4h 9s 7c 9h] [8d]
Kosova1968: checks
Zubasa07: bets $6
Kosova1968: calls $6
*** SHOW DOWN ***
Zubasa07: shows [Jh Tc] (a straight, Seven to Jack)
Kosova1968: shows [5s Kh] (a pair of Nines)
Zubasa07 collected $35.50 from pot
*** SUMMARY ***
Total pot $36 | Rake $0.50
Board [4h 9s 7c 9h 8d]
Seat 1: Kosova1968 (big blind) showed [5s Kh] and lost with a pair of Nines
Seat 2: Zubasa07 (button) (small blind) showed [Jh Tc] and won ($35.50) with a straight, Seven to Jack


PokerStars Hand #145662056448:  Hold'em Limit ($3/$6 USD) - 2015/12/20 18:09:14 ET
Table 'Santana' 2-max Seat #1 is the button
Seat 1: Kosova1968 ($99.97 in chips)
Seat 2: Zubasa07 ($558.36 in chips)
Kosova1968: posts small blind $1
Zubasa07: posts big blind $3
*** HOLE CARDS ***
Kosova1968: raises $3 to $6
Zubasa07: raises $3 to $9
Kosova1968: calls $3
*** FLOP *** [9h 2h Kh]
Zubasa07: bets $3
Kosova1968: calls $3
*** TURN *** [9h 2h Kh] [Ts]
Zubasa07: bets $6
Kosova1968: calls $6
*** RIVER *** [9h 2h Kh Ts] [5c]
Zubasa07: bets $6
Kosova1968: calls $6
*** SHOW DOWN ***
Zubasa07: shows [6c 8c] (high card King)
Kosova1968: shows [Tc As] (a pair of Tens)
Kosova1968 collected $47.50 from pot
*** SUMMARY ***
Total pot $48 | Rake $0.50
Board [9h 2h Kh Ts 5c]
Seat 1: Kosova1968 (button) (small blind) showed [Tc As] and won ($47.50) with a pair of Tens
Seat 2: Zubasa07 (big blind) showed [6c 8c] and lost with high card King


PokerStars Hand #145662138280:  Hold'em Limit ($3/$6 USD) - 2015/12/20 18:10:48 ET
Table 'Santana' 2-max Seat #1 is the button
Seat 1: Kosova1968 ($83.47 in chips)
Seat 2: Zubasa07 ($573.36 in chips)
Kosova1968: posts small blind $1
Zubasa07: posts big blind $3
*** HOLE CARDS ***
Kosova1968: folds
Uncalled bet ($2) returned to Zubasa07
Zubasa07 collected $2 from pot
Zubasa07: doesn't show hand
*** SUMMARY ***
Total pot $2 | Rake $0
Seat 1: Kosova1968 (button) (small blind) folded before Flop
Seat 2: Zubasa07 (big blind) collected ($2)


PokerStars Hand #145662143123:  Hold'em Limit ($3/$6 USD) - 2015/12/20 18:10:54 ET
Table 'Santana' 2-max Seat #2 is the button
Seat 1: Kosova1968 ($82.47 in chips)
Seat 2: Zubasa07 ($574.36 in chips)
Zubasa07: posts small blind $1
Kosova1968: posts big blind $3
*** HOLE CARDS ***
Zubasa07: raises $3 to $6
Kosova1968: calls $3
*** FLOP *** [Jc 8d 3c]
Kosova1968: bets $3
Zubasa07: folds
Uncalled bet ($3) returned to Kosova1968
Kosova1968 collected $11.76 from pot
*** SUMMARY ***
Total pot $12 | Rake $0.24
Board [Jc 8d 3c]
Seat 1: Kosova1968 (big blind) collected ($11.76)
Seat 2: Zubasa07 (button) (small blind) folded on the Flop


PokerStars Hand #145662109356:  Hold'em Limit ($3/$6 USD) - 2015/12/20 18:10:15 ET
Table 'Santana' 2-max Seat #2 is the button
Seat 1: Kosova1968 ($104.47 in chips)
Seat 2: Zubasa07 ($552.86 in chips)
Zubasa07: posts small blind $1
Kosova1968: posts big blind $3
*** HOLE CARDS ***
Zubasa07: raises $3 to $6
Kosova1968: calls $3
*** FLOP *** [5h Jh Ac]
Kosova1968: checks
Zubasa07: bets $3
Kosova1968: calls $3
*** TURN *** [5h Jh Ac] [4s]
Kosova1968: checks
Zubasa07: bets $6
Kosova1968: calls $6
*** RIVER *** [5h Jh Ac 4s] [6s]
Kosova1968: checks
Zubasa07: bets $6
Kosova1968: calls $6
*** SHOW DOWN ***
Zubasa07: shows [5c Ad] (two pair, Aces and Fives)
Kosova1968: mucks hand
Zubasa07 collected $41.50 from pot
*** SUMMARY ***
Total pot $42 | Rake $0.50
Board [5h Jh Ac 4s 6s]
Seat 1: Kosova1968 (big blind) mucked
Seat 2: Zubasa07 (button) (small blind) showed [5c Ad] and won ($41.50) with two pair, Aces and Fives


PokerStars Hand #145662185644:  Hold'em Limit ($3/$6 USD) - 2015/12/20 18:11:43 ET
Table 'Santana' 2-max Seat #2 is the button
Seat 1: Kosova1968 ($70.23 in chips)
Seat 2: Zubasa07 ($585.86 in chips)
Zubasa07: posts small blind $1
Kosova1968: posts big blind $3
*** HOLE CARDS ***
Zubasa07: folds
Uncalled bet ($2) returned to Kosova1968
Kosova1968 collected $2 from pot
*** SUMMARY ***
Total pot $2 | Rake $0
Seat 1: Kosova1968 (big blind) collected ($2)
Seat 2: Zubasa07 (button) (small blind) folded before Flop


PokerStars Hand #145662159199:  Hold'em Limit ($3/$6 USD) - 2015/12/20 18:11:13 ET
Table 'Santana' 2-max Seat #1 is the button
Seat 1: Kosova1968 ($88.23 in chips)
Seat 2: Zubasa07 ($568.36 in chips)
Kosova1968: posts small blind $1
Zubasa07: posts big blind $3
*** HOLE CARDS ***
Kosova1968: calls $2
Zubasa07: checks
*** FLOP *** [Ac Jc 4h]
Zubasa07: bets $3
Kosova1968: calls $3
*** TURN *** [Ac Jc 4h] [9h]
Zubasa07: bets $6
Kosova1968: calls $6
*** RIVER *** [Ac Jc 4h 9h] [5d]
Zubasa07: bets $6
Kosova1968: calls $6
*** SHOW DOWN ***
Zubasa07: shows [2s 5h] (a pair of Fives)
Kosova1968: shows [Kc 3d] (high card Ace)
Zubasa07 collected $35.50 from pot
*** SUMMARY ***
Total pot $36 | Rake $0.50
Board [Ac Jc 4h 9h 5d]
Seat 1: Kosova1968 (button) (small blind) showed [Kc 3d] and lost with high card Ace
Seat 2: Zubasa07 (big blind) showed [2s 5h] and won ($35.50) with a pair of Fives


PokerStars Hand #145662240905:  Hold'em Limit ($3/$6 USD) - 2015/12/20 18:12:47 ET
Table 'Santana' 2-max Seat #2 is the button
Seat 1: Kosova1968 ($50.23 in chips)
Seat 2: Zubasa07 ($605.36 in chips)
Zubasa07: posts small blind $1
Kosova1968: posts big blind $3
*** HOLE CARDS ***
Zubasa07: folds
Uncalled bet ($2) returned to Kosova1968
Kosova1968 collected $2 from pot
*** SUMMARY ***
Total pot $2 | Rake $0
Seat 1: Kosova1968 (big blind) collected ($2)
Seat 2: Zubasa07 (button) (small blind) folded before Flop


PokerStars Hand #145662245577:  Hold'em Limit ($3/$6 USD) - 2015/12/20 18:12:52 ET
Table 'Santana' 2-max Seat #1 is the button
Seat 1: Kosova1968 ($51.23 in chips)
Seat 2: Zubasa07 ($604.36 in chips)
Kosova1968: posts small blind $1
Zubasa07: posts big blind $3
*** HOLE CARDS ***
Kosova1968: raises $3 to $6
Zubasa07: raises $3 to $9
Kosova1968: calls $3
*** FLOP *** [Th Kd 9h]
Zubasa07: bets $3
Kosova1968: calls $3
*** TURN *** [Th Kd 9h] [5h]
Zubasa07: checks
Kosova1968: bets $6
Zubasa07: calls $6
*** RIVER *** [Th Kd 9h 5h] [3s]
Zubasa07: checks
Kosova1968: bets $6
Zubasa07: calls $6
*** SHOW DOWN ***
Kosova1968: shows [Kc 7d] (a pair of Kings)
Zubasa07: mucks hand
Kosova1968 collected $47.50 from pot
*** SUMMARY ***
Total pot $48 | Rake $0.50
Board [Th Kd 9h 5h 3s]
Seat 1: Kosova1968 (button) (small blind) showed [Kc 7d] and won ($47.50) with a pair of Kings
Seat 2: Zubasa07 (big blind) mucked


PokerStars Hand #145662270205:  Hold'em Limit ($3/$6 USD) - 2015/12/20 18:13:20 ET
Table 'Santana' 2-max Seat #2 is the button
Seat 1: Kosova1968 ($74.73 in chips)
Seat 2: Zubasa07 ($580.36 in chips)
Zubasa07: posts small blind $1
Kosova1968: posts big blind $3
*** HOLE CARDS ***
Zubasa07: raises $3 to $6
Kosova1968: calls $3
*** FLOP *** [8h 4d Jd]
Kosova1968: checks
Zubasa07: bets $3
Kosova1968: calls $3
*** TURN *** [8h 4d Jd] [5d]
Kosova1968: checks
Zubasa07: checks
*** RIVER *** [8h 4d Jd 5d] [Tc]
Kosova1968: bets $6
Zubasa07: calls $6
*** SHOW DOWN ***
Kosova1968: shows [Ad Jc] (a pair of Jacks)
Zubasa07: mucks hand
Kosova1968 collected $29.50 from pot
*** SUMMARY ***
Total pot $30 | Rake $0.50
Board [8h 4d Jd 5d Tc]
Seat 1: Kosova1968 (big blind) showed [Ad Jc] and won ($29.50) with a pair of Jacks
Seat 2: Zubasa07 (button) (small blind) mucked


PokerStars Hand #145662311916:  Hold'em Limit ($3/$6 USD) - 2015/12/20 18:14:09 ET
Table 'Santana' 2-max Seat #1 is the button
Seat 1: Kosova1968 ($89.23 in chips)
Seat 2: Zubasa07 ($565.36 in chips)
Kosova1968: posts small blind $1
Zubasa07: posts big blind $3
*** HOLE CARDS ***
Kosova1968: raises $3 to $6
Zubasa07: calls $3
*** FLOP *** [Jc Qc Ad]
Zubasa07: checks
Kosova1968: checks
*** TURN *** [Jc Qc Ad] [8c]
Zubasa07: checks
Kosova1968: bets $6
Zubasa07: calls $6
*** RIVER *** [Jc Qc Ad 8c] [Kh]
Zubasa07: checks
Kosova1968: bets $6
Zubasa07: calls $6
*** SHOW DOWN ***
Kosova1968: shows [Ac Qd] (two pair, Aces and Queens)
Zubasa07: mucks hand
Kosova1968 collected $35.50 from pot
*** SUMMARY ***
Total pot $36 | Rake $0.50
Board [Jc Qc Ad 8c Kh]
Seat 1: Kosova1968 (button) (small blind) showed [Ac Qd] and won ($35.50) with two pair, Aces and Queens
Seat 2: Zubasa07 (big blind) mucked


PokerStars Hand #145662345552:  Hold'em Limit ($3/$6 USD) - 2015/12/20 18:14:49 ET
Table 'Santana' 2-max Seat #2 is the button
Seat 1: Kosova1968 ($106.73 in chips)
Seat 2: Zubasa07 ($547.36 in chips)
Zubasa07: posts small blind $1
Kosova1968: posts big blind $3
*** HOLE CARDS ***
Zubasa07: raises $3 to $6
Kosova1968: raises $3 to $9
Zubasa07: raises $3 to $12
Betting is capped
Kosova1968: calls $3
*** FLOP *** [Ad Kh 4s]
Kosova1968: checks
Zubasa07: bets $3
Kosova1968: raises $3 to $6
Zubasa07: raises $3 to $9
Kosova1968: calls $3
*** TURN *** [Ad Kh 4s] [2h]
Kosova1968: checks
Zubasa07: checks
*** RIVER *** [Ad Kh 4s 2h] [Js]
Kosova1968: bets $6
Zubasa07: folds
Uncalled bet ($6) returned to Kosova1968
Kosova1968 collected $41.50 from pot
*** SUMMARY ***
Total pot $42 | Rake $0.50
Board [Ad Kh 4s 2h Js]
Seat 1: Kosova1968 (big blind) collected ($41.50)
Seat 2: Zubasa07 (button) (small blind) folded on the River


PokerStars Hand #145662374376:  Hold'em Limit ($3/$6 USD) - 2015/12/20 18:15:23 ET
Table 'Santana' 2-max Seat #1 is the button
Seat 1: Kosova1968 ($127.23 in chips)
Seat 2: Zubasa07 ($526.36 in chips)
Kosova1968: posts small blind $1
Zubasa07: posts big blind $3
*** HOLE CARDS ***
Kosova1968: raises $3 to $6
Zubasa07: calls $3
*** FLOP *** [8c 5s Th]
Zubasa07: checks
Kosova1968: bets $3
Zubasa07: raises $3 to $6
Kosova1968: calls $3
*** TURN *** [8c 5s Th] [2s]
Zubasa07: bets $6
Kosova1968: calls $6
*** RIVER *** [8c 5s Th 2s] [Qd]
Zubasa07: bets $6
Kosova1968: calls $6
*** SHOW DOWN ***
Zubasa07: shows [Td 5h] (two pair, Tens and Fives)
Kosova1968: mucks hand
Zubasa07 collected $47.50 from pot
*** SUMMARY ***
Total pot $48 | Rake $0.50
Board [8c 5s Th 2s Qd]
Seat 1: Kosova1968 (button) (small blind) mucked
Seat 2: Zubasa07 (big blind) showed [Td 5h] and won ($47.50) with two pair, Tens and Fives


PokerStars Hand #145662394083:  Hold'em Limit ($3/$6 USD) - 2015/12/20 18:15:47 ET
Table 'Santana' 2-max Seat #2 is the button
Seat 1: Kosova1968 ($103.23 in chips)
Seat 2: Zubasa07 ($549.86 in chips)
Zubasa07: posts small blind $1
Kosova1968: posts big blind $3
*** HOLE CARDS ***
Zubasa07: raises $3 to $6
Kosova1968: calls $3
*** FLOP *** [Ts Qd Th]
Kosova1968: checks
Zubasa07: bets $3
Kosova1968: calls $3
*** TURN *** [Ts Qd Th] [Qh]
Kosova1968: checks
Zubasa07: bets $6
Kosova1968: raises $6 to $12
Zubasa07: calls $6
*** RIVER *** [Ts Qd Th Qh] [4s]
Kosova1968: bets $6
Zubasa07: calls $6
*** SHOW DOWN ***
Kosova1968: shows [9c Qc] (a full house, Queens full of Tens)
Zubasa07: mucks hand
Kosova1968 collected $53.50 from pot
*** SUMMARY ***
Total pot $54 | Rake $0.50
Board [Ts Qd Th Qh 4s]
Seat 1: Kosova1968 (big blind) showed [9c Qc] and won ($53.50) with a full house, Queens full of Tens
Seat 2: Zubasa07 (button) (small blind) mucked


PokerStars Hand #145662423752:  Hold'em Limit ($3/$6 USD) - 2015/12/20 18:16:22 ET
Table 'Santana' 2-max Seat #1 is the button
Seat 1: Kosova1968 ($129.73 in chips)
Seat 2: Zubasa07 ($522.86 in chips)
Kosova1968: posts small blind $1
Zubasa07: posts big blind $3
*** HOLE CARDS ***
Kosova1968: raises $3 to $6
Zubasa07: calls $3
*** FLOP *** [7c Jh Jc]
Zubasa07: checks
Kosova1968: checks
*** TURN *** [7c Jh Jc] [Qc]
Zubasa07: bets $6
Kosova1968: folds
Uncalled bet ($6) returned to Zubasa07
Zubasa07 collected $11.76 from pot
Zubasa07: doesn't show hand
*** SUMMARY ***
Total pot $12 | Rake $0.24
Board [7c Jh Jc Qc]
Seat 1: Kosova1968 (button) (small blind) folded on the Turn
Seat 2: Zubasa07 (big blind) collected ($11.76)


PokerStars Hand #145662436850:  Hold'em Limit ($3/$6 USD) - 2015/12/20 18:16:37 ET
Table 'Santana' 2-max Seat #2 is the button
Seat 1: Kosova1968 ($123.73 in chips)
Seat 2: Zubasa07 ($528.62 in chips)
Zubasa07: posts small blind $1
Kosova1968: posts big blind $3
*** HOLE CARDS ***
Zubasa07: raises $3 to $6
Kosova1968: folds
Uncalled bet ($3) returned to Zubasa07
Zubasa07 collected $6 from pot
Zubasa07: doesn't show hand
*** SUMMARY ***
Total pot $6 | Rake $0
Seat 1: Kosova1968 (big blind) folded before Flop
Seat 2: Zubasa07 (button) (small blind) collected ($6)


PokerStars Hand #145662441665:  Hold'em Limit ($3/$6 USD) - 2015/12/20 18:16:43 ET
Table 'Santana' 2-max Seat #1 is the button
Seat 1: Kosova1968 ($120.73 in chips)
Seat 2: Zubasa07 ($531.62 in chips)
Kosova1968: posts small blind $1
Zubasa07: posts big blind $3
*** HOLE CARDS ***
Kosova1968: raises $3 to $6
Zubasa07: calls $3
*** FLOP *** [4s Kh 3d]
Zubasa07: checks
Kosova1968: bets $3
Zubasa07: raises $3 to $6
Kosova1968: calls $3
*** TURN *** [4s Kh 3d] [6d]
Zubasa07: bets $6
Kosova1968: calls $6
*** RIVER *** [4s Kh 3d 6d] [Ad]
Zubasa07: bets $6
Kosova1968: calls $6
*** SHOW DOWN ***
Zubasa07: shows [6s 5c] (a pair of Sixes)
Kosova1968: shows [Jc 3s] (a pair of Threes)
Zubasa07 collected $47.50 from pot
*** SUMMARY ***
Total pot $48 | Rake $0.50
Board [4s Kh 3d 6d Ad]
Seat 1: Kosova1968 (button) (small blind) showed [Jc 3s] and lost with a pair of Threes
Seat 2: Zubasa07 (big blind) showed [6s 5c] and won ($47.50) with a pair of Sixes


PokerStars Hand #145662470613:  Hold'em Limit ($3/$6 USD) - 2015/12/20 18:17:17 ET
Table 'Santana' 2-max Seat #2 is the button
Seat 1: Kosova1968 ($96.73 in chips)
Seat 2: Zubasa07 ($555.12 in chips)
Zubasa07: posts small blind $1
Kosova1968: posts big blind $3
*** HOLE CARDS ***
Zubasa07: raises $3 to $6
Kosova1968: folds
Uncalled bet ($3) returned to Zubasa07
Zubasa07 collected $6 from pot
Zubasa07: doesn't show hand
*** SUMMARY ***
Total pot $6 | Rake $0
Seat 1: Kosova1968 (big blind) folded before Flop
Seat 2: Zubasa07 (button) (small blind) collected ($6)


PokerStars Hand #145662475862:  Hold'em Limit ($3/$6 USD) - 2015/12/20 18:17:23 ET
Table 'Santana' 2-max Seat #1 is the button
Seat 1: Kosova1968 ($93.73 in chips)
Seat 2: Zubasa07 ($558.12 in chips)
Kosova1968: posts small blind $1
Zubasa07: posts big blind $3
*** HOLE CARDS ***
Kosova1968: raises $3 to $6
Zubasa07: raises $3 to $9
Kosova1968: calls $3
*** FLOP *** [Jd 8c Th]
Zubasa07: bets $3
Kosova1968: raises $3 to $6
Zubasa07: raises $3 to $9
Kosova1968: calls $3
*** TURN *** [Jd 8c Th] [4c]
Zubasa07: bets $6
Kosova1968: calls $6
*** RIVER *** [Jd 8c Th 4c] [Qd]
Zubasa07: bets $6
Kosova1968: raises $6 to $12
Zubasa07: calls $6
*** SHOW DOWN ***
Kosova1968: shows [Kh 9c] (a straight, Nine to King)
Zubasa07: mucks hand
Kosova1968 collected $71.50 from pot
*** SUMMARY ***
Total pot $72 | Rake $0.50
Board [Jd 8c Th 4c Qd]
Seat 1: Kosova1968 (button) (small blind) showed [Kh 9c] and won ($71.50) with a straight, Nine to King
Seat 2: Zubasa07 (big blind) mucked


PokerStars Hand #145662502338:  Hold'em Limit ($3/$6 USD) - 2015/12/20 18:17:54 ET
Table 'Santana' 2-max Seat #2 is the button
Seat 1: Kosova1968 ($129.23 in chips)
Seat 2: Zubasa07 ($522.12 in chips)
Zubasa07: posts small blind $1
Kosova1968: posts big blind $3
*** HOLE CARDS ***
Zubasa07: raises $3 to $6
Kosova1968: raises $3 to $9
Zubasa07: calls $3
*** FLOP *** [Jh 8s 8c]
Kosova1968: bets $3
Zubasa07: calls $3
*** TURN *** [Jh 8s 8c] [4c]
Kosova1968: bets $6
Zubasa07: calls $6
*** RIVER *** [Jh 8s 8c 4c] [6c]
Kosova1968: bets $6
Zubasa07: folds
Uncalled bet ($6) returned to Kosova1968
Kosova1968 collected $35.50 from pot
*** SUMMARY ***
Total pot $36 | Rake $0.50
Board [Jh 8s 8c 4c 6c]
Seat 1: Kosova1968 (big blind) collected ($35.50)
Seat 2: Zubasa07 (button) (small blind) folded on the River


PokerStars Hand #145662529924:  Hold'em Limit ($3/$6 USD) - 2015/12/20 18:18:27 ET
Table 'Santana' 2-max Seat #1 is the button
Seat 1: Kosova1968 ($146.73 in chips)
Seat 2: Zubasa07 ($504.12 in chips)
Kosova1968: posts small blind $1
Zubasa07: posts big blind $3
*** HOLE CARDS ***
Kosova1968: raises $3 to $6
Zubasa07: calls $3
*** FLOP *** [9c 9h 7c]
Zubasa07: checks
Kosova1968: checks
*** TURN *** [9c 9h 7c] [8c]
Zubasa07: checks
Kosova1968: bets $6
Zubasa07: calls $6
*** RIVER *** [9c 9h 7c 8c] [2s]
Zubasa07: checks
Kosova1968: bets $6
Zubasa07: folds
Uncalled bet ($6) returned to Kosova1968
Kosova1968 collected $23.52 from pot
*** SUMMARY ***
Total pot $24 | Rake $0.48
Board [9c 9h 7c 8c 2s]
Seat 1: Kosova1968 (button) (small blind) collected ($23.52)
Seat 2: Zubasa07 (big blind) folded on the River


PokerStars Hand #145662588934:  Hold'em Limit ($3/$6 USD) - 2015/12/20 18:19:36 ET
Table 'Santana' 2-max Seat #1 is the button
Seat 1: Kosova1968 ($128.25 in chips)
Seat 2: Zubasa07 ($521.62 in chips)
Kosova1968: posts small blind $1
Zubasa07: posts big blind $3
*** HOLE CARDS ***
Kosova1968: folds
Uncalled bet ($2) returned to Zubasa07
Zubasa07 collected $2 from pot
Zubasa07: doesn't show hand
*** SUMMARY ***
Total pot $2 | Rake $0
Seat 1: Kosova1968 (button) (small blind) folded before Flop
Seat 2: Zubasa07 (big blind) collected ($2)


PokerStars Hand #145662558764:  Hold'em Limit ($3/$6 USD) - 2015/12/20 18:19:01 ET
Table 'Santana' 2-max Seat #2 is the button
Seat 1: Kosova1968 ($158.25 in chips)
Seat 2: Zubasa07 ($492.12 in chips)
Zubasa07: posts small blind $1
Kosova1968: posts big blind $3
*** HOLE CARDS ***
Zubasa07: raises $3 to $6
Kosova1968: raises $3 to $9
Zubasa07: calls $3
*** FLOP *** [6s Jd 2c]
Kosova1968: checks
Zubasa07: bets $3
Kosova1968: calls $3
*** TURN *** [6s Jd 2c] [Th]
Kosova1968: checks
Zubasa07: bets $6
Kosova1968: raises $6 to $12
Zubasa07: calls $6
*** RIVER *** [6s Jd 2c Th] [Js]
Kosova1968: bets $6
Zubasa07: calls $6
*** SHOW DOWN ***
Kosova1968: shows [4d Ah] (a pair of Jacks)
Zubasa07: shows [7c Jc] (three of a kind, Jacks)
Zubasa07 collected $59.50 from pot
*** SUMMARY ***
Total pot $60 | Rake $0.50
Board [6s Jd 2c Th Js]
Seat 1: Kosova1968 (big blind) showed [4d Ah] and lost with a pair of Jacks
Seat 2: Zubasa07 (button) (small blind) showed [7c Jc] and won ($59.50) with three of a kind, Jacks


PokerStars Hand #145662592792:  Hold'em Limit ($3/$6 USD) - 2015/12/20 18:19:41 ET
Table 'Santana' 2-max Seat #2 is the button
Seat 1: Kosova1968 ($127.25 in chips)
Seat 2: Zubasa07 ($522.62 in chips)
Zubasa07: posts small blind $1
Kosova1968: posts big blind $3
*** HOLE CARDS ***
Zubasa07: folds
Uncalled bet ($2) returned to Kosova1968
Kosova1968 collected $2 from pot
*** SUMMARY ***
Total pot $2 | Rake $0
Seat 1: Kosova1968 (big blind) collected ($2)
Seat 2: Zubasa07 (button) (small blind) folded before Flop


PokerStars Hand #145662601666:  Hold'em Limit ($3/$6 USD) - 2015/12/20 18:19:51 ET
Table 'Santana' 2-max Seat #1 is the button
Seat 1: Kosova1968 ($128.25 in chips)
Seat 2: Zubasa07 ($521.62 in chips)
Kosova1968: posts small blind $1
Zubasa07: posts big blind $3
*** HOLE CARDS ***
Kosova1968: raises $3 to $6
Zubasa07: raises $3 to $9
Kosova1968: calls $3
*** FLOP *** [8h 5c 7h]
Zubasa07: checks
Kosova1968: bets $3
Zubasa07: calls $3
*** TURN *** [8h 5c 7h] [Ac]
Zubasa07: checks
Kosova1968: checks
*** RIVER *** [8h 5c 7h Ac] [Ah]
Zubasa07: checks
Kosova1968: bets $6
Zubasa07: calls $6
*** SHOW DOWN ***
Kosova1968: shows [7s Tc] (two pair, Aces and Sevens)
Zubasa07: mucks hand
Kosova1968 collected $35.50 from pot
*** SUMMARY ***
Total pot $36 | Rake $0.50
Board [8h 5c 7h Ac Ah]
Seat 1: Kosova1968 (button) (small blind) showed [7s Tc] and won ($35.50) with two pair, Aces and Sevens
Seat 2: Zubasa07 (big blind) mucked


PokerStars Hand #145662640643:  Hold'em Limit ($3/$6 USD) - 2015/12/20 18:20:38 ET
Table 'Santana' 2-max Seat #2 is the button
Seat 1: Kosova1968 ($145.75 in chips)
Seat 2: Zubasa07 ($503.62 in chips)
Zubasa07: posts small blind $1
Kosova1968: posts big blind $3
*** HOLE CARDS ***
Zubasa07: raises $3 to $6
Kosova1968: raises $3 to $9
Zubasa07: calls $3
*** FLOP *** [Qc Jh Qh]
Kosova1968: bets $3
Zubasa07: calls $3
*** TURN *** [Qc Jh Qh] [7s]
Kosova1968: checks
Zubasa07: bets $6
Kosova1968: calls $6
*** RIVER *** [Qc Jh Qh 7s] [Qd]
Kosova1968: checks
Zubasa07: bets $6
Kosova1968: calls $6
*** SHOW DOWN ***
Zubasa07: shows [Js Qs] (four of a kind, Queens)
Kosova1968: mucks hand
Zubasa07 collected $47.50 from pot
*** SUMMARY ***
Total pot $48 | Rake $0.50
Board [Qc Jh Qh 7s Qd]
Seat 1: Kosova1968 (big blind) mucked
Seat 2: Zubasa07 (button) (small blind) showed [Js Qs] and won ($47.50) with four of a kind, Queens


PokerStars Hand #145662669621:  Hold'em Limit ($3/$6 USD) - 2015/12/20 18:21:13 ET
Table 'Santana' 2-max Seat #1 is the button
Seat 1: Kosova1968 ($121.75 in chips)
Seat 2: Zubasa07 ($527.12 in chips)
Kosova1968: posts small blind $1
Zubasa07: posts big blind $3
*** HOLE CARDS ***
Kosova1968: raises $3 to $6
Zubasa07: calls $3
*** FLOP *** [Ac 5h 7s]
Zubasa07: checks
Kosova1968: bets $3
Zubasa07: folds
Uncalled bet ($3) returned to Kosova1968
Kosova1968 collected $11.76 from pot
*** SUMMARY ***
Total pot $12 | Rake $0.24
Board [Ac 5h 7s]
Seat 1: Kosova1968 (button) (small blind) collected ($11.76)
Seat 2: Zubasa07 (big blind) folded on the Flop


PokerStars Hand #145662728414:  Hold'em Limit ($3/$6 USD) - 2015/12/20 18:22:24 ET
Table 'Santana' 2-max Seat #2 is the button
Seat 1: Kosova1968 ($147.77 in chips)
Seat 2: Zubasa07 ($500.12 in chips)
Zubasa07: posts small blind $1
Kosova1968: posts big blind $3
*** HOLE CARDS ***
Zubasa07: folds
Uncalled bet ($2) returned to Kosova1968
Kosova1968 collected $2 from pot
*** SUMMARY ***
Total pot $2 | Rake $0
Seat 1: Kosova1968 (big blind) collected ($2)
Seat 2: Zubasa07 (button) (small blind) folded before Flop


PokerStars Hand #145662696171:  Hold'em Limit ($3/$6 USD) - 2015/12/20 18:21:45 ET
Table 'Santana' 2-max Seat #1 is the button
Seat 1: Kosova1968 ($133.27 in chips)
Seat 2: Zubasa07 ($515.12 in chips)
Kosova1968: posts small blind $1
Zubasa07: posts big blind $3
*** HOLE CARDS ***
Kosova1968: raises $3 to $6
Zubasa07: calls $3
*** FLOP *** [3d 3h Qd]
Zubasa07: checks
Kosova1968: bets $3
Zubasa07: calls $3
*** TURN *** [3d 3h Qd] [Qh]
Zubasa07: checks
Kosova1968: bets $6
Zubasa07: calls $6
*** RIVER *** [3d 3h Qd Qh] [Jd]
Zubasa07: checks
Kosova1968: bets $6
Zubasa07: folds
Uncalled bet ($6) returned to Kosova1968
Kosova1968 collected $29.50 from pot
*** SUMMARY ***
Total pot $30 | Rake $0.50
Board [3d 3h Qd Qh Jd]
Seat 1: Kosova1968 (button) (small blind) collected ($29.50)
Seat 2: Zubasa07 (big blind) folded on the River


PokerStars Hand #145662681603:  Hold'em Limit ($3/$6 USD) - 2015/12/20 18:21:27 ET
Table 'Santana' 2-max Seat #2 is the button
Seat 1: Kosova1968 ($127.51 in chips)
Seat 2: Zubasa07 ($521.12 in chips)
Zubasa07: posts small blind $1
Kosova1968: posts big blind $3
*** HOLE CARDS ***
Zubasa07: raises $3 to $6
Kosova1968: calls $3
*** FLOP *** [4c 9h 9c]
Kosova1968: bets $3
Zubasa07: folds
Uncalled bet ($3) returned to Kosova1968
Kosova1968 collected $11.76 from pot
*** SUMMARY ***
Total pot $12 | Rake $0.24
Board [4c 9h 9c]
Seat 1: Kosova1968 (big blind) collected ($11.76)
Seat 2: Zubasa07 (button) (small blind) folded on the Flop


PokerStars Hand #145662749165:  Hold'em Limit ($3/$6 USD) - 2015/12/20 18:22:49 ET
Table 'Santana' 2-max Seat #2 is the button
Seat 1: Kosova1968 ($154.53 in chips)
Seat 2: Zubasa07 ($493.12 in chips)
Zubasa07: posts small blind $1
Kosova1968: posts big blind $3
*** HOLE CARDS ***
Zubasa07: raises $3 to $6
Kosova1968: raises $3 to $9
Zubasa07: calls $3
*** FLOP *** [Ks 3c Qs]
Kosova1968: bets $3
Zubasa07: folds
Uncalled bet ($3) returned to Kosova1968
Kosova1968 collected $17.64 from pot
*** SUMMARY ***
Total pot $18 | Rake $0.36
Board [Ks 3c Qs]
Seat 1: Kosova1968 (big blind) collected ($17.64)
Seat 2: Zubasa07 (button) (small blind) folded on the Flop


PokerStars Hand #145662732485:  Hold'em Limit ($3/$6 USD) - 2015/12/20 18:22:28 ET
Table 'Santana' 2-max Seat #1 is the button
Seat 1: Kosova1968 ($148.77 in chips)
Seat 2: Zubasa07 ($499.12 in chips)
Kosova1968: posts small blind $1
Zubasa07: posts big blind $3
*** HOLE CARDS ***
Kosova1968: raises $3 to $6
Zubasa07: calls $3
*** FLOP *** [3d Jc Jh]
Zubasa07: checks
Kosova1968: checks
*** TURN *** [3d Jc Jh] [Ac]
Zubasa07: checks
Kosova1968: bets $6
Zubasa07: folds
Uncalled bet ($6) returned to Kosova1968
Kosova1968 collected $11.76 from pot
*** SUMMARY ***
Total pot $12 | Rake $0.24
Board [3d Jc Jh Ac]
Seat 1: Kosova1968 (button) (small blind) collected ($11.76)
Seat 2: Zubasa07 (big blind) folded on the Turn


PokerStars Hand #145662758976:  Hold'em Limit ($3/$6 USD) - 2015/12/20 18:23:00 ET
Table 'Santana' 2-max Seat #1 is the button
Seat 1: Kosova1968 ($163.17 in chips)
Seat 2: Zubasa07 ($484.12 in chips)
Kosova1968: posts small blind $1
Zubasa07: posts big blind $3
*** HOLE CARDS ***
Kosova1968: raises $3 to $6
Zubasa07: calls $3
*** FLOP *** [Td 6c 9s]
Zubasa07: checks
Kosova1968: bets $3
Zubasa07: calls $3
*** TURN *** [Td 6c 9s] [6s]
Zubasa07: checks
Kosova1968: bets $6
Zubasa07: raises $6 to $12
Kosova1968: calls $6
*** RIVER *** [Td 6c 9s 6s] [2c]
Zubasa07: bets $6
Kosova1968: calls $6
*** SHOW DOWN ***
Zubasa07: shows [6d 4s] (three of a kind, Sixes)
Kosova1968: shows [7d Tc] (two pair, Tens and Sixes)
Zubasa07 collected $53.50 from pot
*** SUMMARY ***
Total pot $54 | Rake $0.50
Board [Td 6c 9s 6s 2c]
Seat 1: Kosova1968 (button) (small blind) showed [7d Tc] and lost with two pair, Tens and Sixes
Seat 2: Zubasa07 (big blind) showed [6d 4s] and won ($53.50) with three of a kind, Sixes


PokerStars Hand #145662779063:  Hold'em Limit ($3/$6 USD) - 2015/12/20 18:23:25 ET
Table 'Santana' 2-max Seat #2 is the button
Seat 1: Kosova1968 ($136.17 in chips)
Seat 2: Zubasa07 ($510.62 in chips)
Zubasa07: posts small blind $1
Kosova1968: posts big blind $3
*** HOLE CARDS ***
Zubasa07: raises $3 to $6
Kosova1968: calls $3
*** FLOP *** [5c Ah 4s]
Kosova1968: checks
Zubasa07: bets $3
Kosova1968: raises $3 to $6
Zubasa07: calls $3
*** TURN *** [5c Ah 4s] [7c]
Kosova1968: bets $6
Zubasa07: calls $6
*** RIVER *** [5c Ah 4s 7c] [Qd]
Kosova1968: checks
Zubasa07: checks
*** SHOW DOWN ***
Kosova1968: shows [8c Jc] (high card Ace)
Zubasa07: shows [4d 6d] (a pair of Fours)
Zubasa07 collected $35.50 from pot
*** SUMMARY ***
Total pot $36 | Rake $0.50
Board [5c Ah 4s 7c Qd]
Seat 1: Kosova1968 (big blind) showed [8c Jc] and lost with high card Ace
Seat 2: Zubasa07 (button) (small blind) showed [4d 6d] and won ($35.50) with a pair of Fours


PokerStars Hand #145662803325:  Hold'em Limit ($3/$6 USD) - 2015/12/20 18:23:54 ET
Table 'Santana' 2-max Seat #1 is the button
Seat 1: Kosova1968 ($118.17 in chips)
Seat 2: Zubasa07 ($528.12 in chips)
Kosova1968: posts small blind $1
Zubasa07: posts big blind $3
*** HOLE CARDS ***
Kosova1968: raises $3 to $6
Zubasa07: raises $3 to $9
Kosova1968: calls $3
*** FLOP *** [Kc 6c Ts]
Zubasa07: bets $3
Kosova1968: raises $3 to $6
Zubasa07: calls $3
*** TURN *** [Kc 6c Ts] [8c]
Zubasa07: checks
Kosova1968: checks
*** RIVER *** [Kc 6c Ts 8c] [Ah]
Zubasa07: bets $6
Kosova1968: calls $6
*** SHOW DOWN ***
Zubasa07: shows [Qd Th] (a pair of Tens)
Kosova1968: shows [8d 9s] (a pair of Eights)
Zubasa07 collected $41.50 from pot
*** SUMMARY ***
Total pot $42 | Rake $0.50
Board [Kc 6c Ts 8c Ah]
Seat 1: Kosova1968 (button) (small blind) showed [8d 9s] and lost with a pair of Eights
Seat 2: Zubasa07 (big blind) showed [Qd Th] and won ($41.50) with a pair of Tens


PokerStars Hand #145662878118:  Hold'em Limit ($3/$6 USD) - 2015/12/20 18:25:24 ET
Table 'Santana' 2-max Seat #1 is the button
Seat 1: Kosova1968 ($70.17 in chips)
Seat 2: Zubasa07 ($575.12 in chips)
Kosova1968: posts small blind $1
Zubasa07: posts big blind $3
*** HOLE CARDS ***
Kosova1968: folds
Uncalled bet ($2) returned to Zubasa07
Zubasa07 collected $2 from pot
Zubasa07: doesn't show hand
*** SUMMARY ***
Total pot $2 | Rake $0
Seat 1: Kosova1968 (button) (small blind) folded before Flop
Seat 2: Zubasa07 (big blind) collected ($2)


PokerStars Hand #145662842071:  Hold'em Limit ($3/$6 USD) - 2015/12/20 18:24:40 ET
Table 'Santana' 2-max Seat #2 is the button
Seat 1: Kosova1968 ($97.17 in chips)
Seat 2: Zubasa07 ($548.62 in chips)
Zubasa07: posts small blind $1
Kosova1968: posts big blind $3
*** HOLE CARDS ***
Zubasa07: raises $3 to $6
Kosova1968: calls $3
*** FLOP *** [7s 9s 4c]
Kosova1968: bets $3
Zubasa07: calls $3
*** TURN *** [7s 9s 4c] [2h]
Kosova1968: bets $6
Zubasa07: raises $6 to $12
Kosova1968: calls $6
*** RIVER *** [7s 9s 4c 2h] [Kc]
Kosova1968: checks
Zubasa07: bets $6
Kosova1968: calls $6
*** SHOW DOWN ***
Zubasa07: shows [9h Kh] (two pair, Kings and Nines)
Kosova1968: mucks hand
Zubasa07 collected $53.50 from pot
*** SUMMARY ***
Total pot $54 | Rake $0.50
Board [7s 9s 4c 2h Kc]
Seat 1: Kosova1968 (big blind) mucked
Seat 2: Zubasa07 (button) (small blind) showed [9h Kh] and won ($53.50) with two pair, Kings and Nines


PokerStars Hand #145662920953:  Hold'em Limit ($3/$6 USD) - 2015/12/20 18:26:16 ET
Table 'Santana' 2-max Seat #2 is the button
Seat 1: Kosova1968 ($53.93 in chips)
Seat 2: Zubasa07 ($590.62 in chips)
Zubasa07: posts small blind $1
Kosova1968: posts big blind $3
*** HOLE CARDS ***
Zubasa07: raises $3 to $6
Kosova1968: calls $3
*** FLOP *** [Qd Ac Qh]
Kosova1968: checks
Zubasa07: bets $3
Kosova1968: folds
Uncalled bet ($3) returned to Zubasa07
Zubasa07 collected $11.76 from pot
Zubasa07: doesn't show hand
*** SUMMARY ***
Total pot $12 | Rake $0.24
Board [Qd Ac Qh]
Seat 1: Kosova1968 (big blind) folded on the Flop
Seat 2: Zubasa07 (button) (small blind) collected ($11.76)


PokerStars Hand #145662911596:  Hold'em Limit ($3/$6 USD) - 2015/12/20 18:26:05 ET
Table 'Santana' 2-max Seat #1 is the button
Seat 1: Kosova1968 ($48.17 in chips)
Seat 2: Zubasa07 ($596.62 in chips)
Kosova1968: posts small blind $1
Zubasa07: posts big blind $3
*** HOLE CARDS ***
Kosova1968: raises $3 to $6
Zubasa07: calls $3
*** FLOP *** [8s 4h Ad]
Zubasa07: checks
Kosova1968: bets $3
Zubasa07: folds
Uncalled bet ($3) returned to Kosova1968
Kosova1968 collected $11.76 from pot
*** SUMMARY ***
Total pot $12 | Rake $0.24
Board [8s 4h Ad]
Seat 1: Kosova1968 (button) (small blind) collected ($11.76)
Seat 2: Zubasa07 (big blind) folded on the Flop


PokerStars Hand #145662881859:  Hold'em Limit ($3/$6 USD) - 2015/12/20 18:25:29 ET
Table 'Santana' 2-max Seat #2 is the button
Seat 1: Kosova1968 ($69.17 in chips)
Seat 2: Zubasa07 ($576.12 in chips)
Zubasa07: posts small blind $1
Kosova1968: posts big blind $3
*** HOLE CARDS ***
Zubasa07: raises $3 to $6
Kosova1968: calls $3
*** FLOP *** [Tc Ad Ac]
Kosova1968: checks
Zubasa07: bets $3
Kosova1968: calls $3
*** TURN *** [Tc Ad Ac] [4s]
Kosova1968: checks
Zubasa07: bets $6
Kosova1968: calls $6
*** RIVER *** [Tc Ad Ac 4s] [Jd]
Kosova1968: checks
Zubasa07: bets $6
Kosova1968: calls $6
*** SHOW DOWN ***
Zubasa07: shows [Js Jh] (a full house, Jacks full of Aces)
Kosova1968: mucks hand
Zubasa07 collected $41.50 from pot
*** SUMMARY ***
Total pot $42 | Rake $0.50
Board [Tc Ad Ac 4s Jd]
Seat 1: Kosova1968 (big blind) mucked
Seat 2: Zubasa07 (button) (small blind) showed [Js Jh] and won ($41.50) with a full house, Jacks full of Aces


PokerStars Hand #145662975141:  Hold'em Limit ($3/$6 USD) - 2015/12/20 18:27:22 ET
Table 'Santana' 2-max Seat #1 is the button
Seat 1: Kosova1968 ($14.93 in chips)
Seat 2: Zubasa07 ($628.52 in chips)
Kosova1968: posts small blind $1
Zubasa07: posts big blind $3
*** HOLE CARDS ***
Kosova1968: raises $3 to $6
Zubasa07: folds
Uncalled bet ($3) returned to Kosova1968
Kosova1968 collected $6 from pot
*** SUMMARY ***
Total pot $6 | Rake $0
Seat 1: Kosova1968 (button) (small blind) collected ($6)
Seat 2: Zubasa07 (big blind) folded before Flop


PokerStars Hand #145662945956:  Hold'em Limit ($3/$6 USD) - 2015/12/20 18:26:46 ET
Table 'Santana' 2-max Seat #2 is the button
Seat 1: Kosova1968 ($38.93 in chips)
Seat 2: Zubasa07 ($605.02 in chips)
Zubasa07: posts small blind $1
Kosova1968: posts big blind $3
*** HOLE CARDS ***
Zubasa07: raises $3 to $6
Kosova1968: calls $3
*** FLOP *** [2h Js Jh]
Kosova1968: checks
Zubasa07: bets $3
Kosova1968: raises $3 to $6
Zubasa07: calls $3
*** TURN *** [2h Js Jh] [8d]
Kosova1968: bets $6
Zubasa07: calls $6
*** RIVER *** [2h Js Jh 8d] [2d]
Kosova1968: bets $6
Zubasa07: calls $6
*** SHOW DOWN ***
Kosova1968: shows [7d Ah] (two pair, Jacks and Deuces)
Zubasa07: shows [Ad As] (two pair, Aces and Jacks)
Zubasa07 collected $47.50 from pot
*** SUMMARY ***
Total pot $48 | Rake $0.50
Board [2h Js Jh 8d 2d]
Seat 1: Kosova1968 (big blind) showed [7d Ah] and lost with two pair, Jacks and Deuces
Seat 2: Zubasa07 (button) (small blind) showed [Ad As] and won ($47.50) with two pair, Aces and Jacks


PokerStars Hand #145662931699:  Hold'em Limit ($3/$6 USD) - 2015/12/20 18:26:29 ET
Table 'Santana' 2-max Seat #1 is the button
Seat 1: Kosova1968 ($47.93 in chips)
Seat 2: Zubasa07 ($596.38 in chips)
Kosova1968: posts small blind $1
Zubasa07: posts big blind $3
*** HOLE CARDS ***
Kosova1968: raises $3 to $6
Zubasa07: calls $3
*** FLOP *** [7h 5h Jc]
Zubasa07: checks
Kosova1968: bets $3
Zubasa07: raises $3 to $6
Kosova1968: folds
Uncalled bet ($3) returned to Zubasa07
Zubasa07 collected $17.64 from pot
Zubasa07: doesn't show hand
*** SUMMARY ***
Total pot $18 | Rake $0.36
Board [7h 5h Jc]
Seat 1: Kosova1968 (button) (small blind) folded on the Flop
Seat 2: Zubasa07 (big blind) collected ($17.64)


PokerStars Hand #145663015207:  Hold'em Limit ($3/$6 USD) - 2015/12/20 18:28:11 ET
Table 'Santana' 2-max Seat #2 is the button
Seat 1: Kosova1968 ($7.93 in chips)
Seat 2: Zubasa07 ($635.16 in chips)
Zubasa07: posts small blind $1
Kosova1968: posts big blind $3
*** HOLE CARDS ***
Zubasa07: raises $3 to $6
Kosova1968: raises $1.93 to $7.93 and is all-in
Zubasa07: calls $1.93
*** FLOP *** [Ad Td 4c]
*** TURN *** [Ad Td 4c] [Jc]
*** RIVER *** [Ad Td 4c Jc] [5s]
*** SHOW DOWN ***
Kosova1968: shows [8s 6c] (high card Ace)
Zubasa07: shows [Jh 8c] (a pair of Jacks)
Zubasa07 collected $15.54 from pot
*** SUMMARY ***
Total pot $15.86 | Rake $0.32
Board [Ad Td 4c Jc 5s]
Seat 1: Kosova1968 (big blind) showed [8s 6c] and lost with high card Ace
Seat 2: Zubasa07 (button) (small blind) showed [Jh 8c] and won ($15.54) with a pair of Jacks


PokerStars Hand #145663009078:  Hold'em Limit ($3/$6 USD) - 2015/12/20 18:28:03 ET
Table 'Santana' 2-max Seat #1 is the button
Seat 1: Kosova1968 ($8.93 in chips)
Seat 2: Zubasa07 ($634.16 in chips)
Kosova1968: posts small blind $1
Zubasa07: posts big blind $3
*** HOLE CARDS ***
Kosova1968: folds
Uncalled bet ($2) returned to Zubasa07
Zubasa07 collected $2 from pot
Zubasa07: doesn't show hand
*** SUMMARY ***
Total pot $2 | Rake $0
Seat 1: Kosova1968 (button) (small blind) folded before Flop
Seat 2: Zubasa07 (big blind) collected ($2)


PokerStars Hand #145662984650:  Hold'em Limit ($3/$6 USD) - 2015/12/20 18:27:34 ET
Table 'Santana' 2-max Seat #2 is the button
Seat 1: Kosova1968 ($17.93 in chips)
Seat 2: Zubasa07 ($625.52 in chips)
Zubasa07: posts small blind $1
Kosova1968: posts big blind $3
*** HOLE CARDS ***
Zubasa07: raises $3 to $6
Kosova1968: calls $3
*** FLOP *** [Ac 2h Qc]
Kosova1968: bets $3
Zubasa07: calls $3
*** TURN *** [Ac 2h Qc] [6s]
Kosova1968: checks
Zubasa07: checks
*** RIVER *** [Ac 2h Qc 6s] [7s]
Kosova1968: checks
Zubasa07: bets $6
Kosova1968: folds
Uncalled bet ($6) returned to Zubasa07
Zubasa07 collected $17.64 from pot
Zubasa07: doesn't show hand
*** SUMMARY ***
Total pot $18 | Rake $0.36
Board [Ac 2h Qc 6s 7s]
Seat 1: Kosova1968 (big blind) folded on the River
Seat 2: Zubasa07 (button) (small blind) collected ($17.64)


PokerStars Hand #145663116693:  Hold'em Limit ($3/$6 USD) - 2015/12/20 18:30:16 ET
Table 'Santana' 2-max Seat #1 is the button
Seat 1: Kosova1968 ($76.06 in chips)
Seat 2: Zubasa07 ($642.77 in chips)
Kosova1968: posts small blind $1
Zubasa07: posts big blind $3
*** HOLE CARDS ***
Kosova1968: folds
Uncalled bet ($2) returned to Zubasa07
Zubasa07 collected $2 from pot
Zubasa07: doesn't show hand
*** SUMMARY ***
Total pot $2 | Rake $0
Seat 1: Kosova1968 (button) (small blind) folded before Flop
Seat 2: Zubasa07 (big blind) collected ($2)


PokerStars Hand #145663110508:  Hold'em Limit ($3/$6 USD) - 2015/12/20 18:30:08 ET
Table 'Santana' 2-max Seat #2 is the button
Seat 1: Kosova1968 ($75.06 in chips)
Seat 2: Zubasa07 ($643.77 in chips)
Zubasa07: posts small blind $1
Kosova1968: posts big blind $3
*** HOLE CARDS ***
Zubasa07: folds
Uncalled bet ($2) returned to Kosova1968
Kosova1968 collected $2 from pot
*** SUMMARY ***
Total pot $2 | Rake $0
Seat 1: Kosova1968 (big blind) collected ($2)
Seat 2: Zubasa07 (button) (small blind) folded before Flop


PokerStars Hand #145663103572:  Hold'em Limit ($3/$6 USD) - 2015/12/20 18:30:00 ET
Table 'Santana' 2-max Seat #1 is the button
Seat 1: Kosova1968 ($72 in chips)
Seat 2: Zubasa07 ($642.77 in chips)
Kosova1968: posts small blind $1
Zubasa07: posts big blind $3
*** HOLE CARDS ***
Kosova1968: folds
Uncalled bet ($2) returned to Zubasa07
Zubasa07 collected $2 from pot
Zubasa07: doesn't show hand
*** SUMMARY ***
Total pot $2 | Rake $0
Seat 1: Kosova1968 (button) (small blind) folded before Flop
Seat 2: Zubasa07 (big blind) collected ($2)


PokerStars Hand #145663143941:  Hold'em Limit ($3/$6 USD) - 2015/12/20 18:30:50 ET
Table 'Santana' 2-max Seat #1 is the button
Seat 1: Kosova1968 ($83.70 in chips)
Seat 2: Zubasa07 ($634.77 in chips)
Kosova1968: posts small blind $1
Zubasa07: posts big blind $3
*** HOLE CARDS ***
Kosova1968: raises $3 to $6
Zubasa07: calls $3
*** FLOP *** [9c Tc 8s]
Zubasa07: checks
Kosova1968: bets $3
Zubasa07: calls $3
*** TURN *** [9c Tc 8s] [Jd]
Zubasa07: checks
Kosova1968: checks
*** RIVER *** [9c Tc 8s Jd] [Qc]
Zubasa07: checks
Kosova1968: bets $6
Zubasa07: calls $6
*** SHOW DOWN ***
Kosova1968: shows [6c Kc] (a flush, King high)
Zubasa07: mucks hand
Kosova1968 collected $29.50 from pot
*** SUMMARY ***
Total pot $30 | Rake $0.50
Board [9c Tc 8s Jd Qc]
Seat 1: Kosova1968 (button) (small blind) showed [6c Kc] and won ($29.50) with a flush, King high
Seat 2: Zubasa07 (big blind) mucked


PokerStars Hand #145663130082:  Hold'em Limit ($3/$6 USD) - 2015/12/20 18:30:33 ET
Table 'Santana' 2-max Seat #2 is the button
Seat 1: Kosova1968 ($75.06 in chips)
Seat 2: Zubasa07 ($643.77 in chips)
Zubasa07: posts small blind $1
Kosova1968: posts big blind $3
*** HOLE CARDS ***
Zubasa07: raises $3 to $6
Kosova1968: calls $3
*** FLOP *** [Ts Kh 9c]
Kosova1968: checks
Zubasa07: bets $3
Kosova1968: raises $3 to $6
Zubasa07: folds
Uncalled bet ($3) returned to Kosova1968
Kosova1968 collected $17.64 from pot
*** SUMMARY ***
Total pot $18 | Rake $0.36
Board [Ts Kh 9c]
Seat 1: Kosova1968 (big blind) collected ($17.64)
Seat 2: Zubasa07 (button) (small blind) folded on the Flop


PokerStars Hand #145663201911:  Hold'em Limit ($3/$6 USD) - 2015/12/20 18:32:01 ET
Table 'Santana' 2-max Seat #1 is the button
Seat 1: Kosova1968 ($106.84 in chips)
Seat 2: Zubasa07 ($610.77 in chips)
Kosova1968: posts small blind $1
Zubasa07: posts big blind $3
*** HOLE CARDS ***
Kosova1968: raises $3 to $6
Zubasa07: calls $3
*** FLOP *** [Tc 9h 7s]
Zubasa07: checks
Kosova1968: bets $3
Zubasa07: calls $3
*** TURN *** [Tc 9h 7s] [4h]
Zubasa07: checks
Kosova1968: bets $6
Zubasa07: calls $6
*** RIVER *** [Tc 9h 7s 4h] [8c]
Zubasa07: checks
Kosova1968: bets $6
Zubasa07: folds
Uncalled bet ($6) returned to Kosova1968
Kosova1968 collected $29.50 from pot
*** SUMMARY ***
Total pot $30 | Rake $0.50
Board [Tc 9h 7s 4h 8c]
Seat 1: Kosova1968 (button) (small blind) collected ($29.50)
Seat 2: Zubasa07 (big blind) folded on the River


PokerStars Hand #145663176891:  Hold'em Limit ($3/$6 USD) - 2015/12/20 18:31:30 ET
Table 'Santana' 2-max Seat #2 is the button
Seat 1: Kosova1968 ($98.20 in chips)
Seat 2: Zubasa07 ($619.77 in chips)
Zubasa07: posts small blind $1
Kosova1968: posts big blind $3
*** HOLE CARDS ***
Zubasa07: raises $3 to $6
Kosova1968: calls $3
*** FLOP *** [7d 2c Qh]
Kosova1968: bets $3
Zubasa07: calls $3
*** TURN *** [7d 2c Qh] [Js]
Kosova1968: checks
Zubasa07: checks
*** RIVER *** [7d 2c Qh Js] [3d]
Kosova1968: bets $6
Zubasa07: folds
Uncalled bet ($6) returned to Kosova1968
Kosova1968 collected $17.64 from pot
*** SUMMARY ***
Total pot $18 | Rake $0.36
Board [7d 2c Qh Js 3d]
Seat 1: Kosova1968 (big blind) collected ($17.64)
Seat 2: Zubasa07 (button) (small blind) folded on the River


PokerStars Hand #145663260118:  Hold'em Limit ($3/$6 USD) - 2015/12/20 18:33:13 ET
Table 'Santana' 2-max Seat #2 is the button
Seat 1: Kosova1968 ($109.34 in chips)
Seat 2: Zubasa07 ($607.41 in chips)
Zubasa07: posts small blind $1
Kosova1968: posts big blind $3
*** HOLE CARDS ***
Zubasa07: raises $3 to $6
Kosova1968: folds
Uncalled bet ($3) returned to Zubasa07
Zubasa07 collected $6 from pot
Zubasa07: doesn't show hand
*** SUMMARY ***
Total pot $6 | Rake $0
Seat 1: Kosova1968 (big blind) folded before Flop
Seat 2: Zubasa07 (button) (small blind) collected ($6)


PokerStars Hand #145663255895:  Hold'em Limit ($3/$6 USD) - 2015/12/20 18:33:08 ET
Table 'Santana' 2-max Seat #1 is the button
Seat 1: Kosova1968 ($110.34 in chips)
Seat 2: Zubasa07 ($606.41 in chips)
Kosova1968: posts small blind $1
Zubasa07: posts big blind $3
*** HOLE CARDS ***
Kosova1968: folds
Uncalled bet ($2) returned to Zubasa07
Zubasa07 collected $2 from pot
Zubasa07: doesn't show hand
*** SUMMARY ***
Total pot $2 | Rake $0
Seat 1: Kosova1968 (button) (small blind) folded before Flop
Seat 2: Zubasa07 (big blind) collected ($2)


PokerStars Hand #145663251648:  Hold'em Limit ($3/$6 USD) - 2015/12/20 18:33:03 ET
Table 'Santana' 2-max Seat #2 is the button
Seat 1: Kosova1968 ($113.34 in chips)
Seat 2: Zubasa07 ($603.41 in chips)
Zubasa07: posts small blind $1
Kosova1968: posts big blind $3
*** HOLE CARDS ***
Zubasa07: raises $3 to $6
Kosova1968: folds
Uncalled bet ($3) returned to Zubasa07
Zubasa07 collected $6 from pot
Zubasa07: doesn't show hand
*** SUMMARY ***
Total pot $6 | Rake $0
Seat 1: Kosova1968 (big blind) folded before Flop
Seat 2: Zubasa07 (button) (small blind) collected ($6)


PokerStars Hand #145663237986:  Hold'em Limit ($3/$6 USD) - 2015/12/20 18:32:46 ET
Table 'Santana' 2-max Seat #1 is the button
Seat 1: Kosova1968 ($122.34 in chips)
Seat 2: Zubasa07 ($594.77 in chips)
Kosova1968: posts small blind $1
Zubasa07: posts big blind $3
*** HOLE CARDS ***
Kosova1968: raises $3 to $6
Zubasa07: raises $3 to $9
Kosova1968: calls $3
*** FLOP *** [2s 3c 2c]
Zubasa07: bets $3
Kosova1968: folds
Uncalled bet ($3) returned to Zubasa07
Zubasa07 collected $17.64 from pot
Zubasa07: doesn't show hand
*** SUMMARY ***
Total pot $18 | Rake $0.36
Board [2s 3c 2c]
Seat 1: Kosova1968 (button) (small blind) folded on the Flop
Seat 2: Zubasa07 (big blind) collected ($17.64)


PokerStars Hand #145663233772:  Hold'em Limit ($3/$6 USD) - 2015/12/20 18:32:41 ET
Table 'Santana' 2-max Seat #2 is the button
Seat 1: Kosova1968 ($121.34 in chips)
Seat 2: Zubasa07 ($595.77 in chips)
Zubasa07: posts small blind $1
Kosova1968: posts big blind $3
*** HOLE CARDS ***
Zubasa07: folds
Uncalled bet ($2) returned to Kosova1968
Kosova1968 collected $2 from pot
*** SUMMARY ***
Total pot $2 | Rake $0
Seat 1: Kosova1968 (big blind) collected ($2)
Seat 2: Zubasa07 (button) (small blind) folded before Flop


PokerStars Hand #145663310159:  Hold'em Limit ($3/$6 USD) - 2015/12/20 18:34:16 ET
Table 'Santana' 2-max Seat #1 is the button
Seat 1: Kosova1968 ($73.34 in chips)
Seat 2: Zubasa07 ($642.55 in chips)
Kosova1968: posts small blind $1
Zubasa07: posts big blind $3
*** HOLE CARDS ***
Kosova1968: raises $3 to $6
Zubasa07: raises $3 to $9
Kosova1968: calls $3
*** FLOP *** [Qh 7h 8h]
Zubasa07: bets $3
Kosova1968: folds
Uncalled bet ($3) returned to Zubasa07
Zubasa07 collected $17.64 from pot
Zubasa07: doesn't show hand
*** SUMMARY ***
Total pot $18 | Rake $0.36
Board [Qh 7h 8h]
Seat 1: Kosova1968 (button) (small blind) folded on the Flop
Seat 2: Zubasa07 (big blind) collected ($17.64)


PokerStars Hand #145663299362:  Hold'em Limit ($3/$6 USD) - 2015/12/20 18:34:02 ET
Table 'Santana' 2-max Seat #2 is the button
Seat 1: Kosova1968 ($82.34 in chips)
Seat 2: Zubasa07 ($633.91 in chips)
Zubasa07: posts small blind $1
Kosova1968: posts big blind $3
*** HOLE CARDS ***
Zubasa07: raises $3 to $6
Kosova1968: calls $3
*** FLOP *** [8h 3s Ad]
Kosova1968: bets $3
Zubasa07: raises $3 to $6
Kosova1968: folds
Uncalled bet ($3) returned to Zubasa07
Zubasa07 collected $17.64 from pot
Zubasa07: doesn't show hand
*** SUMMARY ***
Total pot $18 | Rake $0.36
Board [8h 3s Ad]
Seat 1: Kosova1968 (big blind) folded on the Flop
Seat 2: Zubasa07 (button) (small blind) collected ($17.64)


PokerStars Hand #145663271886:  Hold'em Limit ($3/$6 USD) - 2015/12/20 18:33:28 ET
Table 'Santana' 2-max Seat #1 is the button
Seat 1: Kosova1968 ($106.34 in chips)
Seat 2: Zubasa07 ($610.41 in chips)
Kosova1968: posts small blind $1
Zubasa07: posts big blind $3
*** HOLE CARDS ***
Kosova1968: raises $3 to $6
Zubasa07: raises $3 to $9
Kosova1968: calls $3
*** FLOP *** [8s Td 8h]
Zubasa07: bets $3
Kosova1968: calls $3
*** TURN *** [8s Td 8h] [Js]
Zubasa07: bets $6
Kosova1968: calls $6
*** RIVER *** [8s Td 8h Js] [6c]
Zubasa07: bets $6
Kosova1968: calls $6
*** SHOW DOWN ***
Zubasa07: shows [Qh Qc] (two pair, Queens and Eights)
Kosova1968: shows [Tc As] (two pair, Tens and Eights)
Zubasa07 collected $47.50 from pot
*** SUMMARY ***
Total pot $48 | Rake $0.50
Board [8s Td 8h Js 6c]
Seat 1: Kosova1968 (button) (small blind) showed [Tc As] and lost with two pair, Tens and Eights
Seat 2: Zubasa07 (big blind) showed [Qh Qc] and won ($47.50) with two pair, Queens and Eights


PokerStars Hand #145663347035:  Hold'em Limit ($3/$6 USD) - 2015/12/20 18:35:01 ET
Table 'Santana' 2-max Seat #1 is the button
Seat 1: Kosova1968 ($84.84 in chips)
Seat 2: Zubasa07 ($630.19 in chips)
Kosova1968: posts small blind $1
Zubasa07: posts big blind $3
*** HOLE CARDS ***
Kosova1968: raises $3 to $6
Zubasa07: raises $3 to $9
Kosova1968: calls $3
*** FLOP *** [Qh 8s 9c]
Zubasa07: checks
Kosova1968: bets $3
Zubasa07: calls $3
*** TURN *** [Qh 8s 9c] [Th]
Zubasa07: bets $6
Kosova1968: folds
Uncalled bet ($6) returned to Zubasa07
Zubasa07 collected $23.52 from pot
Zubasa07: doesn't show hand
*** SUMMARY ***
Total pot $24 | Rake $0.48
Board [Qh 8s 9c Th]
Seat 1: Kosova1968 (button) (small blind) folded on the Turn
Seat 2: Zubasa07 (big blind) collected ($23.52)


PokerStars Hand #145663321524:  Hold'em Limit ($3/$6 USD) - 2015/12/20 18:34:30 ET
Table 'Santana' 2-max Seat #2 is the button
Seat 1: Kosova1968 ($64.34 in chips)
Seat 2: Zubasa07 ($651.19 in chips)
Zubasa07: posts small blind $1
Kosova1968: posts big blind $3
*** HOLE CARDS ***
Zubasa07: raises $3 to $6
Kosova1968: calls $3
*** FLOP *** [5s 8s Qd]
Kosova1968: checks
Zubasa07: bets $3
Kosova1968: calls $3
*** TURN *** [5s 8s Qd] [7s]
Kosova1968: checks
Zubasa07: bets $6
Kosova1968: calls $6
*** RIVER *** [5s 8s Qd 7s] [Ks]
Kosova1968: checks
Zubasa07: bets $6
Kosova1968: calls $6
*** SHOW DOWN ***
Zubasa07: shows [6h Jc] (high card King)
Kosova1968: shows [9c 9h] (a pair of Nines)
Kosova1968 collected $41.50 from pot
*** SUMMARY ***
Total pot $42 | Rake $0.50
Board [5s 8s Qd 7s Ks]
Seat 1: Kosova1968 (big blind) showed [9c 9h] and won ($41.50) with a pair of Nines
Seat 2: Zubasa07 (button) (small blind) showed [6h Jc] and lost with high card King


PokerStars Hand #145663412201:  Hold'em Limit ($3/$6 USD) - 2015/12/20 18:36:23 ET
Table 'Santana' 2-max Seat #2 is the button
Seat 1: Kosova1968 ($66.34 in chips)
Seat 2: Zubasa07 ($647.21 in chips)
Zubasa07: posts small blind $1
Kosova1968: posts big blind $3
*** HOLE CARDS ***
Zubasa07: folds
Uncalled bet ($2) returned to Kosova1968
Kosova1968 collected $2 from pot
*** SUMMARY ***
Total pot $2 | Rake $0
Seat 1: Kosova1968 (big blind) collected ($2)
Seat 2: Zubasa07 (button) (small blind) folded before Flop


PokerStars Hand #145663391732:  Hold'em Limit ($3/$6 USD) - 2015/12/20 18:35:57 ET
Table 'Santana' 2-max Seat #1 is the button
Seat 1: Kosova1968 ($90.34 in chips)
Seat 2: Zubasa07 ($623.71 in chips)
Kosova1968: posts small blind $1
Zubasa07: posts big blind $3
*** HOLE CARDS ***
Kosova1968: raises $3 to $6
Zubasa07: calls $3
*** FLOP *** [6h Jc 2c]
Zubasa07: checks
Kosova1968: bets $3
Zubasa07: raises $3 to $6
Kosova1968: calls $3
*** TURN *** [6h Jc 2c] [4s]
Zubasa07: bets $6
Kosova1968: calls $6
*** RIVER *** [6h Jc 2c 4s] [Qd]
Zubasa07: bets $6
Kosova1968: calls $6
*** SHOW DOWN ***
Zubasa07: shows [Js 2h] (two pair, Jacks and Deuces)
Kosova1968: mucks hand
Zubasa07 collected $47.50 from pot
*** SUMMARY ***
Total pot $48 | Rake $0.50
Board [6h Jc 2c 4s Qd]
Seat 1: Kosova1968 (button) (small blind) mucked
Seat 2: Zubasa07 (big blind) showed [Js 2h] and won ($47.50) with two pair, Jacks and Deuces


PokerStars Hand #145663370961:  Hold'em Limit ($3/$6 USD) - 2015/12/20 18:35:31 ET
Table 'Santana' 2-max Seat #2 is the button
Seat 1: Kosova1968 ($72.84 in chips)
Seat 2: Zubasa07 ($641.71 in chips)
Zubasa07: posts small blind $1
Kosova1968: posts big blind $3
*** HOLE CARDS ***
Zubasa07: raises $3 to $6
Kosova1968: calls $3
*** FLOP *** [3h 9c 4c]
Kosova1968: checks
Zubasa07: bets $3
Kosova1968: raises $3 to $6
Zubasa07: calls $3
*** TURN *** [3h 9c 4c] [5c]
Kosova1968: bets $6
Zubasa07: calls $6
*** RIVER *** [3h 9c 4c 5c] [Th]
Kosova1968: bets $6
Zubasa07: folds
Uncalled bet ($6) returned to Kosova1968
Kosova1968 collected $35.50 from pot
*** SUMMARY ***
Total pot $36 | Rake $0.50
Board [3h 9c 4c 5c Th]
Seat 1: Kosova1968 (big blind) collected ($35.50)
Seat 2: Zubasa07 (button) (small blind) folded on the River


PokerStars Hand #145663434598:  Hold'em Limit ($3/$6 USD) - 2015/12/20 18:36:51 ET
Table 'Santana' 2-max Seat #2 is the button
Seat 1: Kosova1968 ($49.34 in chips)
Seat 2: Zubasa07 ($663.71 in chips)
Zubasa07: posts small blind $1
Kosova1968: posts big blind $3
*** HOLE CARDS ***
Zubasa07: raises $3 to $6
Kosova1968: calls $3
*** FLOP *** [Ks 2s 7d]
Kosova1968: bets $3
Zubasa07: calls $3
*** TURN *** [Ks 2s 7d] [Jd]
Kosova1968: bets $6
Zubasa07: calls $6
*** RIVER *** [Ks 2s 7d Jd] [7c]
Kosova1968: bets $6
Zubasa07: calls $6
*** SHOW DOWN ***
Kosova1968: shows [3h Jc] (two pair, Jacks and Sevens)
Zubasa07: shows [5s Jh] (two pair, Jacks and Sevens)
Kosova1968 collected $20.75 from pot
Zubasa07 collected $20.75 from pot
*** SUMMARY ***
Total pot $42 | Rake $0.50
Board [Ks 2s 7d Jd 7c]
Seat 1: Kosova1968 (big blind) showed [3h Jc] and won ($20.75) with two pair, Jacks and Sevens
Seat 2: Zubasa07 (button) (small blind) showed [5s Jh] and won ($20.75) with two pair, Jacks and Sevens


PokerStars Hand #145663415553:  Hold'em Limit ($3/$6 USD) - 2015/12/20 18:36:27 ET
Table 'Santana' 2-max Seat #1 is the button
Seat 1: Kosova1968 ($67.34 in chips)
Seat 2: Zubasa07 ($646.21 in chips)
Kosova1968: posts small blind $1
Zubasa07: posts big blind $3
*** HOLE CARDS ***
Kosova1968: raises $3 to $6
Zubasa07: calls $3
*** FLOP *** [7d 6d 5c]
Zubasa07: checks
Kosova1968: checks
*** TURN *** [7d 6d 5c] [6h]
Zubasa07: bets $6
Kosova1968: calls $6
*** RIVER *** [7d 6d 5c 6h] [2s]
Zubasa07: bets $6
Kosova1968: calls $6
*** SHOW DOWN ***
Zubasa07: shows [5d Th] (two pair, Sixes and Fives)
Kosova1968: shows [Jh Qc] (a pair of Sixes)
Zubasa07 collected $35.50 from pot
*** SUMMARY ***
Total pot $36 | Rake $0.50
Board [7d 6d 5c 6h 2s]
Seat 1: Kosova1968 (button) (small blind) showed [Jh Qc] and lost with a pair of Sixes
Seat 2: Zubasa07 (big blind) showed [5d Th] and won ($35.50) with two pair, Sixes and Fives


PokerStars Hand #145663474247:  Hold'em Limit ($3/$6 USD) - 2015/12/20 18:37:41 ET
Table 'Santana' 2-max Seat #2 is the button
Seat 1: Kosova1968 ($40.09 in chips)
Seat 2: Zubasa07 ($672.10 in chips)
Zubasa07: posts small blind $1
Kosova1968: posts big blind $3
*** HOLE CARDS ***
Zubasa07: folds
Uncalled bet ($2) returned to Kosova1968
Kosova1968 collected $2 from pot
*** SUMMARY ***
Total pot $2 | Rake $0
Seat 1: Kosova1968 (big blind) collected ($2)
Seat 2: Zubasa07 (button) (small blind) folded before Flop


PokerStars Hand #145663459667:  Hold'em Limit ($3/$6 USD) - 2015/12/20 18:37:23 ET
Table 'Santana' 2-max Seat #1 is the button
Seat 1: Kosova1968 ($49.09 in chips)
Seat 2: Zubasa07 ($663.46 in chips)
Kosova1968: posts small blind $1
Zubasa07: posts big blind $3
*** HOLE CARDS ***
Kosova1968: raises $3 to $6
Zubasa07: calls $3
*** FLOP *** [Td 4c Jc]
Zubasa07: checks
Kosova1968: bets $3
Zubasa07: raises $3 to $6
Kosova1968: folds
Uncalled bet ($3) returned to Zubasa07
Zubasa07 collected $17.64 from pot
Zubasa07: doesn't show hand
*** SUMMARY ***
Total pot $18 | Rake $0.36
Board [Td 4c Jc]
Seat 1: Kosova1968 (button) (small blind) folded on the Flop
Seat 2: Zubasa07 (big blind) collected ($17.64)


PokerStars Hand #145663482341:  Hold'em Limit ($3/$6 USD) - 2015/12/20 18:37:51 ET
Table 'Santana' 2-max Seat #2 is the button
Seat 1: Kosova1968 ($40.09 in chips)
Seat 2: Zubasa07 ($672.10 in chips)
Zubasa07: posts small blind $1
Kosova1968: posts big blind $3
*** HOLE CARDS ***
Zubasa07: raises $3 to $6
Kosova1968: calls $3
*** FLOP *** [7h 2s 5c]
Kosova1968: checks
Zubasa07: checks
*** TURN *** [7h 2s 5c] [Ks]
Kosova1968: bets $6
Zubasa07: folds
Uncalled bet ($6) returned to Kosova1968
Kosova1968 collected $11.76 from pot
*** SUMMARY ***
Total pot $12 | Rake $0.24
Board [7h 2s 5c Ks]
Seat 1: Kosova1968 (big blind) collected ($11.76)
Seat 2: Zubasa07 (button) (small blind) folded on the Turn


PokerStars Hand #145663498410:  Hold'em Limit ($3/$6 USD) - 2015/12/20 18:38:12 ET
Table 'Santana' 2-max Seat #1 is the button
Seat 1: Kosova1968 ($45.85 in chips)
Seat 2: Zubasa07 ($666.10 in chips)
Kosova1968: posts small blind $1
Zubasa07: posts big blind $3
*** HOLE CARDS ***
Kosova1968: raises $3 to $6
Zubasa07: raises $3 to $9
Kosova1968: calls $3
*** FLOP *** [2d 6s 5s]
Zubasa07: bets $3
Kosova1968: raises $3 to $6
Zubasa07: calls $3
*** TURN *** [2d 6s 5s] [Jc]
Zubasa07: checks
Kosova1968: bets $6
Zubasa07: folds
Uncalled bet ($6) returned to Kosova1968
Kosova1968 collected $29.50 from pot
*** SUMMARY ***
Total pot $30 | Rake $0.50
Board [2d 6s 5s Jc]
Seat 1: Kosova1968 (button) (small blind) collected ($29.50)
Seat 2: Zubasa07 (big blind) folded on the Turn


PokerStars Hand #145663477756:  Hold'em Limit ($3/$6 USD) - 2015/12/20 18:37:46 ET
Table 'Santana' 2-max Seat #1 is the button
Seat 1: Kosova1968 ($41.09 in chips)
Seat 2: Zubasa07 ($671.10 in chips)
Kosova1968: posts small blind $1
Zubasa07: posts big blind $3
*** HOLE CARDS ***
Kosova1968: folds
Uncalled bet ($2) returned to Zubasa07
Zubasa07 collected $2 from pot
Zubasa07: doesn't show hand
*** SUMMARY ***
Total pot $2 | Rake $0
Seat 1: Kosova1968 (button) (small blind) folded before Flop
Seat 2: Zubasa07 (big blind) collected ($2)


PokerStars Hand #145663542129:  Hold'em Limit ($3/$6 USD) - 2015/12/20 18:39:07 ET
Table 'Santana' 2-max Seat #1 is the button
Seat 1: Kosova1968 ($83.85 in chips)
Seat 2: Zubasa07 ($627.10 in chips)
Kosova1968: posts small blind $1
Zubasa07: posts big blind $3
*** HOLE CARDS ***
Kosova1968: folds
Uncalled bet ($2) returned to Zubasa07
Zubasa07 collected $2 from pot
Zubasa07: doesn't show hand
*** SUMMARY ***
Total pot $2 | Rake $0
Seat 1: Kosova1968 (button) (small blind) folded before Flop
Seat 2: Zubasa07 (big blind) collected ($2)


PokerStars Hand #145663546357:  Hold'em Limit ($3/$6 USD) - 2015/12/20 18:39:13 ET
Table 'Santana' 2-max Seat #2 is the button
Seat 1: Kosova1968 ($82.85 in chips)
Seat 2: Zubasa07 ($628.10 in chips)
Zubasa07: posts small blind $1
Kosova1968: posts big blind $3
*** HOLE CARDS ***
Zubasa07: raises $3 to $6
Kosova1968: calls $3
*** FLOP *** [Js 3h 5c]
Kosova1968: checks
Zubasa07: bets $3
Kosova1968: raises $3 to $6
Zubasa07: calls $3
*** TURN *** [Js 3h 5c] [3s]
Kosova1968: bets $6
Zubasa07: calls $6
*** RIVER *** [Js 3h 5c 3s] [9d]
Kosova1968: bets $6
Zubasa07: calls $6
*** SHOW DOWN ***
Kosova1968: shows [7c 2h] (a pair of Threes)
Zubasa07: shows [5h Qd] (two pair, Fives and Threes)
Zubasa07 collected $47.50 from pot
*** SUMMARY ***
Total pot $48 | Rake $0.50
Board [Js 3h 5c 3s 9d]
Seat 1: Kosova1968 (big blind) showed [7c 2h] and lost with a pair of Threes
Seat 2: Zubasa07 (button) (small blind) showed [5h Qd] and won ($47.50) with two pair, Fives and Threes


PokerStars Hand #145663569480:  Hold'em Limit ($3/$6 USD) - 2015/12/20 18:39:42 ET
Table 'Santana' 2-max Seat #1 is the button
Seat 1: Kosova1968 ($58.85 in chips)
Seat 2: Zubasa07 ($651.60 in chips)
Kosova1968: posts small blind $1
Zubasa07: posts big blind $3
*** HOLE CARDS ***
Kosova1968: raises $3 to $6
Zubasa07: calls $3
*** FLOP *** [6c 8s 5c]
Zubasa07: checks
Kosova1968: bets $3
Zubasa07: calls $3
*** TURN *** [6c 8s 5c] [Kh]
Zubasa07: checks
Kosova1968: bets $6
Zubasa07: calls $6
*** RIVER *** [6c 8s 5c Kh] [8h]
Zubasa07: checks
Kosova1968: bets $6
Zubasa07: folds
Uncalled bet ($6) returned to Kosova1968
Kosova1968 collected $29.50 from pot
*** SUMMARY ***
Total pot $30 | Rake $0.50
Board [6c 8s 5c Kh 8h]
Seat 1: Kosova1968 (button) (small blind) collected ($29.50)
Seat 2: Zubasa07 (big blind) folded on the River


PokerStars Hand #145663591593:  Hold'em Limit ($3/$6 USD) - 2015/12/20 18:40:11 ET
Table 'Santana' 2-max Seat #2 is the button
Seat 1: Kosova1968 ($73.35 in chips)
Seat 2: Zubasa07 ($636.60 in chips)
Zubasa07: posts small blind $1
Kosova1968: posts big blind $3
*** HOLE CARDS ***
Zubasa07: folds
Uncalled bet ($2) returned to Kosova1968
Kosova1968 collected $2 from pot
*** SUMMARY ***
Total pot $2 | Rake $0
Seat 1: Kosova1968 (big blind) collected ($2)
Seat 2: Zubasa07 (button) (small blind) folded before Flop


PokerStars Hand #145663598373:  Hold'em Limit ($3/$6 USD) - 2015/12/20 18:40:19 ET
Table 'Santana' 2-max Seat #1 is the button
Seat 1: Kosova1968 ($74.35 in chips)
Seat 2: Zubasa07 ($635.60 in chips)
Kosova1968: posts small blind $1
Zubasa07: posts big blind $3
*** HOLE CARDS ***
Kosova1968: raises $3 to $6
Zubasa07: calls $3
*** FLOP *** [5c 9h 7d]
Zubasa07: checks
Kosova1968: bets $3
Zubasa07: folds
Uncalled bet ($3) returned to Kosova1968
Kosova1968 collected $11.76 from pot
*** SUMMARY ***
Total pot $12 | Rake $0.24
Board [5c 9h 7d]
Seat 1: Kosova1968 (button) (small blind) collected ($11.76)
Seat 2: Zubasa07 (big blind) folded on the Flop


PokerStars Hand #145663615548:  Hold'em Limit ($3/$6 USD) - 2015/12/20 18:40:41 ET
Table 'Santana' 2-max Seat #2 is the button
Seat 1: Kosova1968 ($80.11 in chips)
Seat 2: Zubasa07 ($629.60 in chips)
Zubasa07: posts small blind $1
Kosova1968: posts big blind $3
*** HOLE CARDS ***
Zubasa07: raises $3 to $6
Kosova1968: calls $3
*** FLOP *** [6c 4s 3h]
Kosova1968: checks
Zubasa07: bets $3
Kosova1968: raises $3 to $6
Zubasa07: calls $3
*** TURN *** [6c 4s 3h] [Kc]
Kosova1968: bets $6
Zubasa07: calls $6
*** RIVER *** [6c 4s 3h Kc] [5c]
Kosova1968: bets $6
Zubasa07: calls $6
*** SHOW DOWN ***
Kosova1968: shows [4h 6h] (two pair, Sixes and Fours)
Zubasa07: mucks hand
Kosova1968 collected $47.50 from pot
*** SUMMARY ***
Total pot $48 | Rake $0.50
Board [6c 4s 3h Kc 5c]
Seat 1: Kosova1968 (big blind) showed [4h 6h] and won ($47.50) with two pair, Sixes and Fours
Seat 2: Zubasa07 (button) (small blind) mucked


PokerStars Hand #145663639258:  Hold'em Limit ($3/$6 USD) - 2015/12/20 18:41:12 ET
Table 'Santana' 2-max Seat #1 is the button
Seat 1: Kosova1968 ($103.61 in chips)
Seat 2: Zubasa07 ($605.60 in chips)
Kosova1968: posts small blind $1
Zubasa07: posts big blind $3
*** HOLE CARDS ***
Kosova1968: raises $3 to $6
Zubasa07: calls $3
*** FLOP *** [4c Ts Ah]
Zubasa07: checks
Kosova1968: bets $3
Zubasa07: folds
Uncalled bet ($3) returned to Kosova1968
Kosova1968 collected $11.76 from pot
*** SUMMARY ***
Total pot $12 | Rake $0.24
Board [4c Ts Ah]
Seat 1: Kosova1968 (button) (small blind) collected ($11.76)
Seat 2: Zubasa07 (big blind) folded on the Flop


PokerStars Hand #145663654350:  Hold'em Limit ($3/$6 USD) - 2015/12/20 18:41:31 ET
Table 'Santana' 2-max Seat #2 is the button
Seat 1: Kosova1968 ($109.37 in chips)
Seat 2: Zubasa07 ($599.60 in chips)
Zubasa07: posts small blind $1
Kosova1968: posts big blind $3
*** HOLE CARDS ***
Zubasa07: raises $3 to $6
Kosova1968: calls $3
*** FLOP *** [2c Ad 6s]
Kosova1968: checks
Zubasa07: bets $3
Kosova1968: calls $3
*** TURN *** [2c Ad 6s] [Jd]
Kosova1968: checks
Zubasa07: checks
*** RIVER *** [2c Ad 6s Jd] [Kd]
Kosova1968: bets $6
Zubasa07: calls $6
*** SHOW DOWN ***
Kosova1968: shows [4d 5c] (high card Ace)
Zubasa07: shows [5h 6h] (a pair of Sixes)
Zubasa07 collected $29.50 from pot
*** SUMMARY ***
Total pot $30 | Rake $0.50
Board [2c Ad 6s Jd Kd]
Seat 1: Kosova1968 (big blind) showed [4d 5c] and lost with high card Ace
Seat 2: Zubasa07 (button) (small blind) showed [5h 6h] and won ($29.50) with a pair of Sixes


PokerStars Hand #145663690647:  Hold'em Limit ($3/$6 USD) - 2015/12/20 18:42:17 ET
Table 'Santana' 2-max Seat #2 is the button
Seat 1: Kosova1968 ($88.37 in chips)
Seat 2: Zubasa07 ($619.86 in chips)
Zubasa07: posts small blind $1
Kosova1968: posts big blind $3
*** HOLE CARDS ***
Zubasa07: folds
Uncalled bet ($2) returned to Kosova1968
Kosova1968 collected $2 from pot
*** SUMMARY ***
Total pot $2 | Rake $0
Seat 1: Kosova1968 (big blind) collected ($2)
Seat 2: Zubasa07 (button) (small blind) folded before Flop


PokerStars Hand #145663697342:  Hold'em Limit ($3/$6 USD) - 2015/12/20 18:42:26 ET
Table 'Santana' 2-max Seat #1 is the button
Seat 1: Kosova1968 ($89.37 in chips)
Seat 2: Zubasa07 ($618.86 in chips)
Kosova1968: posts small blind $1
Zubasa07: posts big blind $3
*** HOLE CARDS ***
Kosova1968: raises $3 to $6
Zubasa07: calls $3
*** FLOP *** [Tc 7h 5h]
Zubasa07: checks
Kosova1968: checks
*** TURN *** [Tc 7h 5h] [2d]
Zubasa07: checks
Kosova1968: bets $6
Zubasa07: calls $6
*** RIVER *** [Tc 7h 5h 2d] [Qh]
Zubasa07: checks
Kosova1968: bets $6
Zubasa07: folds
Uncalled bet ($6) returned to Kosova1968
Kosova1968 collected $23.52 from pot
*** SUMMARY ***
Total pot $24 | Rake $0.48
Board [Tc 7h 5h 2d Qh]
Seat 1: Kosova1968 (button) (small blind) collected ($23.52)
Seat 2: Zubasa07 (big blind) folded on the River


PokerStars Hand #145663719987:  Hold'em Limit ($3/$6 USD) - 2015/12/20 18:42:55 ET
Table 'Santana' 2-max Seat #2 is the button
Seat 1: Kosova1968 ($100.89 in chips)
Seat 2: Zubasa07 ($606.86 in chips)
Zubasa07: posts small blind $1
Kosova1968: posts big blind $3
*** HOLE CARDS ***
Zubasa07: folds
Uncalled bet ($2) returned to Kosova1968
Kosova1968 collected $2 from pot
*** SUMMARY ***
Total pot $2 | Rake $0
Seat 1: Kosova1968 (big blind) collected ($2)
Seat 2: Zubasa07 (button) (small blind) folded before Flop


PokerStars Hand #145663723305:  Hold'em Limit ($3/$6 USD) - 2015/12/20 18:43:00 ET
Table 'Santana' 2-max Seat #1 is the button
Seat 1: Kosova1968 ($101.89 in chips)
Seat 2: Zubasa07 ($605.86 in chips)
Kosova1968: posts small blind $1
Zubasa07: posts big blind $3
*** HOLE CARDS ***
Kosova1968: raises $3 to $6
Zubasa07: raises $3 to $9
Kosova1968: calls $3
*** FLOP *** [Jd 6h 3d]
Zubasa07: bets $3
Kosova1968: raises $3 to $6
Zubasa07: calls $3
*** TURN *** [Jd 6h 3d] [6c]
Zubasa07: checks
Kosova1968: bets $6
Zubasa07: calls $6
*** RIVER *** [Jd 6h 3d 6c] [7c]
Zubasa07: checks
Kosova1968: bets $6
Zubasa07: calls $6
*** SHOW DOWN ***
Kosova1968: shows [7s 3c] (two pair, Sevens and Sixes)
Zubasa07: mucks hand
Kosova1968 collected $53.50 from pot
*** SUMMARY ***
Total pot $54 | Rake $0.50
Board [Jd 6h 3d 6c 7c]
Seat 1: Kosova1968 (button) (small blind) showed [7s 3c] and won ($53.50) with two pair, Sevens and Sixes
Seat 2: Zubasa07 (big blind) mucked


PokerStars Hand #145663785080:  Hold'em Limit ($3/$6 USD) - 2015/12/20 18:44:19 ET
Table 'Santana' 2-max Seat #2 is the button
Seat 1: Kosova1968 ($119.15 in chips)
Seat 2: Zubasa07 ($587.36 in chips)
Zubasa07: posts small blind $1
Kosova1968: posts big blind $3
*** HOLE CARDS ***
Zubasa07: raises $3 to $6
Kosova1968: calls $3
*** FLOP *** [As Jd Qh]
Kosova1968: checks
Zubasa07: checks
*** TURN *** [As Jd Qh] [Js]
Kosova1968: bets $6
Zubasa07: calls $6
*** RIVER *** [As Jd Qh Js] [Th]
Kosova1968: bets $6
Zubasa07: calls $6
*** SHOW DOWN ***
Kosova1968: shows [5s 2c] (a pair of Jacks)
Zubasa07: shows [Qc 5h] (two pair, Queens and Jacks)
Zubasa07 collected $35.50 from pot
*** SUMMARY ***
Total pot $36 | Rake $0.50
Board [As Jd Qh Js Th]
Seat 1: Kosova1968 (big blind) showed [5s 2c] and lost with a pair of Jacks
Seat 2: Zubasa07 (button) (small blind) showed [Qc 5h] and won ($35.50) with two pair, Queens and Jacks


PokerStars Hand #145663747993:  Hold'em Limit ($3/$6 USD) - 2015/12/20 18:43:31 ET
Table 'Santana' 2-max Seat #2 is the button
Seat 1: Kosova1968 ($128.39 in chips)
Seat 2: Zubasa07 ($578.86 in chips)
Zubasa07: posts small blind $1
Kosova1968: posts big blind $3
*** HOLE CARDS ***
Zubasa07: raises $3 to $6
Kosova1968: calls $3
*** FLOP *** [8c 6h 2s]
Kosova1968: checks
Zubasa07: checks
*** TURN *** [8c 6h 2s] [Kc]
Kosova1968: bets $6
Zubasa07: folds
Uncalled bet ($6) returned to Kosova1968
Kosova1968 collected $11.76 from pot
*** SUMMARY ***
Total pot $12 | Rake $0.24
Board [8c 6h 2s Kc]
Seat 1: Kosova1968 (big blind) collected ($11.76)
Seat 2: Zubasa07 (button) (small blind) folded on the Turn


PokerStars Hand #145663769034:  Hold'em Limit ($3/$6 USD) - 2015/12/20 18:43:58 ET
Table 'Santana' 2-max Seat #1 is the button
Seat 1: Kosova1968 ($134.15 in chips)
Seat 2: Zubasa07 ($572.86 in chips)
Kosova1968: posts small blind $1
Zubasa07: posts big blind $3
*** HOLE CARDS ***
Kosova1968: raises $3 to $6
Zubasa07: raises $3 to $9
Kosova1968: calls $3
*** FLOP *** [Jc Kc 7s]
Zubasa07: bets $3
Kosova1968: raises $3 to $6
Zubasa07: raises $3 to $9
Kosova1968: folds
Uncalled bet ($3) returned to Zubasa07
Zubasa07 collected $29.50 from pot
Zubasa07: doesn't show hand
*** SUMMARY ***
Total pot $30 | Rake $0.50
Board [Jc Kc 7s]
Seat 1: Kosova1968 (button) (small blind) folded on the Flop
Seat 2: Zubasa07 (big blind) collected ($29.50)


PokerStars Hand #145663805098:  Hold'em Limit ($3/$6 USD) - 2015/12/20 18:44:45 ET
Table 'Santana' 2-max Seat #1 is the button
Seat 1: Kosova1968 ($101.15 in chips)
Seat 2: Zubasa07 ($604.86 in chips)
Kosova1968: posts small blind $1
Zubasa07: posts big blind $3
*** HOLE CARDS ***
Kosova1968: folds
Uncalled bet ($2) returned to Zubasa07
Zubasa07 collected $2 from pot
Zubasa07: doesn't show hand
*** SUMMARY ***
Total pot $2 | Rake $0
Seat 1: Kosova1968 (button) (small blind) folded before Flop
Seat 2: Zubasa07 (big blind) collected ($2)


PokerStars Hand #145663808576:  Hold'em Limit ($3/$6 USD) - 2015/12/20 18:44:50 ET
Table 'Santana' 2-max Seat #2 is the button
Seat 1: Kosova1968 ($100.15 in chips)
Seat 2: Zubasa07 ($605.86 in chips)
Zubasa07: posts small blind $1
Kosova1968: posts big blind $3
*** HOLE CARDS ***
Zubasa07: raises $3 to $6
Kosova1968: folds
Uncalled bet ($3) returned to Zubasa07
Zubasa07 collected $6 from pot
Zubasa07: doesn't show hand
*** SUMMARY ***
Total pot $6 | Rake $0
Seat 1: Kosova1968 (big blind) folded before Flop
Seat 2: Zubasa07 (button) (small blind) collected ($6)


PokerStars Hand #145663818660:  Hold'em Limit ($3/$6 USD) - 2015/12/20 18:45:03 ET
Table 'Santana' 2-max Seat #1 is the button
Seat 1: Kosova1968 ($97.15 in chips)
Seat 2: Zubasa07 ($608.86 in chips)
Kosova1968: posts small blind $1
Zubasa07: posts big blind $3
*** HOLE CARDS ***
Kosova1968: folds
Uncalled bet ($2) returned to Zubasa07
Zubasa07 collected $2 from pot
Zubasa07: doesn't show hand
*** SUMMARY ***
Total pot $2 | Rake $0
Seat 1: Kosova1968 (button) (small blind) folded before Flop
Seat 2: Zubasa07 (big blind) collected ($2)


PokerStars Hand #145663823316:  Hold'em Limit ($3/$6 USD) - 2015/12/20 18:45:09 ET
Table 'Santana' 2-max Seat #2 is the button
Seat 1: Kosova1968 ($96.15 in chips)
Seat 2: Zubasa07 ($609.86 in chips)
Zubasa07: posts small blind $1
Kosova1968: posts big blind $3
*** HOLE CARDS ***
Zubasa07: raises $3 to $6
Kosova1968: calls $3
*** FLOP *** [7h 8s 7s]
Kosova1968: bets $3
Zubasa07: calls $3
*** TURN *** [7h 8s 7s] [As]
Kosova1968: checks
Zubasa07: bets $6
Kosova1968: calls $6
*** RIVER *** [7h 8s 7s As] [9h]
Kosova1968: checks
Zubasa07: bets $6
Kosova1968: calls $6
*** SHOW DOWN ***
Zubasa07: shows [Qs Ah] (two pair, Aces and Sevens)
Kosova1968: mucks hand
Zubasa07 collected $41.50 from pot
*** SUMMARY ***
Total pot $42 | Rake $0.50
Board [7h 8s 7s As 9h]
Seat 1: Kosova1968 (big blind) mucked
Seat 2: Zubasa07 (button) (small blind) showed [Qs Ah] and won ($41.50) with two pair, Aces and Sevens


PokerStars Hand #145663857756:  Hold'em Limit ($3/$6 USD) - 2015/12/20 18:45:53 ET
Table 'Santana' 2-max Seat #1 is the button
Seat 1: Kosova1968 ($75.15 in chips)
Seat 2: Zubasa07 ($630.36 in chips)
Kosova1968: posts small blind $1
Zubasa07: posts big blind $3
*** HOLE CARDS ***
Kosova1968: raises $3 to $6
Zubasa07: folds
Uncalled bet ($3) returned to Kosova1968
Kosova1968 collected $6 from pot
*** SUMMARY ***
Total pot $6 | Rake $0
Seat 1: Kosova1968 (button) (small blind) collected ($6)
Seat 2: Zubasa07 (big blind) folded before Flop


PokerStars Hand #145663868291:  Hold'em Limit ($3/$6 USD) - 2015/12/20 18:46:06 ET
Table 'Santana' 2-max Seat #2 is the button
Seat 1: Kosova1968 ($78.15 in chips)
Seat 2: Zubasa07 ($627.36 in chips)
Zubasa07: posts small blind $1
Kosova1968: posts big blind $3
*** HOLE CARDS ***
Zubasa07: raises $3 to $6
Kosova1968: calls $3
*** FLOP *** [4s 8s 3h]
Kosova1968: checks
Zubasa07: bets $3
Kosova1968: raises $3 to $6
Zubasa07: calls $3
*** TURN *** [4s 8s 3h] [Ks]
Kosova1968: bets $6
Zubasa07: calls $6
*** RIVER *** [4s 8s 3h Ks] [8c]
Kosova1968: bets $6
Zubasa07: calls $6
*** SHOW DOWN ***
Kosova1968: shows [7c 9c] (a pair of Eights)
Zubasa07: shows [Ts Qc] (a pair of Eights - King+Queen kicker)
Zubasa07 collected $47.50 from pot
*** SUMMARY ***
Total pot $48 | Rake $0.50
Board [4s 8s 3h Ks 8c]
Seat 1: Kosova1968 (big blind) showed [7c 9c] and lost with a pair of Eights
Seat 2: Zubasa07 (button) (small blind) showed [Ts Qc] and won ($47.50) with a pair of Eights


PokerStars Hand #145663925409:  Hold'em Limit ($3/$6 USD) - 2015/12/20 18:47:19 ET
Table 'Santana' 2-max Seat #2 is the button
Seat 1: Kosova1968 ($33.15 in chips)
Seat 2: Zubasa07 ($671.36 in chips)
Zubasa07: posts small blind $1
Kosova1968: posts big blind $3
*** HOLE CARDS ***
Zubasa07: raises $3 to $6
Kosova1968: folds
Uncalled bet ($3) returned to Zubasa07
Zubasa07 collected $6 from pot
Zubasa07: doesn't show hand
*** SUMMARY ***
Total pot $6 | Rake $0
Seat 1: Kosova1968 (big blind) folded before Flop
Seat 2: Zubasa07 (button) (small blind) collected ($6)


PokerStars Hand #145663901862:  Hold'em Limit ($3/$6 USD) - 2015/12/20 18:46:49 ET
Table 'Santana' 2-max Seat #1 is the button
Seat 1: Kosova1968 ($54.15 in chips)
Seat 2: Zubasa07 ($650.86 in chips)
Kosova1968: posts small blind $1
Zubasa07: posts big blind $3
*** HOLE CARDS ***
Kosova1968: raises $3 to $6
Zubasa07: calls $3
*** FLOP *** [4d Js Ks]
Zubasa07: checks
Kosova1968: bets $3
Zubasa07: calls $3
*** TURN *** [4d Js Ks] [9s]
Zubasa07: checks
Kosova1968: checks
*** RIVER *** [4d Js Ks 9s] [2d]
Zubasa07: checks
Kosova1968: bets $6
Zubasa07: raises $6 to $12
Kosova1968: calls $6
*** SHOW DOWN ***
Zubasa07: shows [Kh 8c] (a pair of Kings)
Kosova1968: shows [9h Ac] (a pair of Nines)
Zubasa07 collected $41.50 from pot
*** SUMMARY ***
Total pot $42 | Rake $0.50
Board [4d Js Ks 9s 2d]
Seat 1: Kosova1968 (button) (small blind) showed [9h Ac] and lost with a pair of Nines
Seat 2: Zubasa07 (big blind) showed [Kh 8c] and won ($41.50) with a pair of Kings


PokerStars Hand #145663931500:  Hold'em Limit ($3/$6 USD) - 2015/12/20 18:47:27 ET
Table 'Santana' 2-max Seat #1 is the button
Seat 1: Kosova1968 ($30.15 in chips)
Seat 2: Zubasa07 ($674.36 in chips)
Kosova1968: posts small blind $1
Zubasa07: posts big blind $3
*** HOLE CARDS ***
Kosova1968: folds
Uncalled bet ($2) returned to Zubasa07
Zubasa07 collected $2 from pot
Zubasa07: doesn't show hand
*** SUMMARY ***
Total pot $2 | Rake $0
Seat 1: Kosova1968 (button) (small blind) folded before Flop
Seat 2: Zubasa07 (big blind) collected ($2)


PokerStars Hand #145663936399:  Hold'em Limit ($3/$6 USD) - 2015/12/20 18:47:33 ET
Table 'Santana' 2-max Seat #2 is the button
Seat 1: Kosova1968 ($29.15 in chips)
Seat 2: Zubasa07 ($675.36 in chips)
Zubasa07: posts small blind $1
Kosova1968: posts big blind $3
*** HOLE CARDS ***
Zubasa07: raises $3 to $6
Kosova1968: calls $3
*** FLOP *** [8s 3c 5s]
Kosova1968: checks
Zubasa07: bets $3
Kosova1968: raises $3 to $6
Zubasa07: calls $3
*** TURN *** [8s 3c 5s] [Jd]
Kosova1968: bets $6
Zubasa07: raises $6 to $12
Kosova1968: raises $5.15 to $17.15 and is all-in
Zubasa07: calls $5.15
*** RIVER *** [8s 3c 5s Jd] [4s]
*** SHOW DOWN ***
Kosova1968: shows [8h Qd] (a pair of Eights)
Zubasa07: shows [9s Qs] (a flush, Queen high)
Zubasa07 collected $57.80 from pot
*** SUMMARY ***
Total pot $58.30 | Rake $0.50
Board [8s 3c 5s Jd 4s]
Seat 1: Kosova1968 (big blind) showed [8h Qd] and lost with a pair of Eights
Seat 2: Zubasa07 (button) (small blind) showed [9s Qs] and won ($57.80) with a flush, Queen high


