PokerStars Hand #150072016608:  Hold'em Limit ($3/$6 USD) - 2016/03/09 5:03:18 ET
Table 'Santana II' 6-max Seat #4 is the button
Seat 4: Actionni13 ($150 in chips)
Seat 5: VolkovDmitri ($120 in chips)
Actionni13: posts small blind $1
VolkovDmitri: posts big blind $3
*** HOLE CARDS ***
Actionni13: raises $3 to $6
VolkovDmitri: calls $3
*** FLOP *** [Tc 4d 5h]
VolkovDmitri: checks
Actionni13: bets $3
VolkovDmitri: raises $3 to $6
Actionni13: calls $3
*** TURN *** [Tc 4d 5h] [5d]
VolkovDmitri: bets $6
Actionni13: folds
Uncalled bet ($6) returned to VolkovDmitri
VolkovDmitri collected $23.52 from pot
VolkovDmitri: doesn't show hand
*** SUMMARY ***
Total pot $24 | Rake $0.48
Board [Tc 4d 5h 5d]
Seat 4: Actionni13 (button) (small blind) folded on the Turn
Seat 5: VolkovDmitri (big blind) collected ($23.52)


PokerStars Hand #150072053637:  Hold'em Limit ($3/$6 USD) - 2016/03/09 5:04:49 ET
Table 'Santana II' 6-max Seat #5 is the button
Seat 4: Actionni13 ($150 in chips)
Seat 5: VolkovDmitri ($131.52 in chips)
VolkovDmitri: posts small blind $1
Actionni13: posts big blind $3
*** HOLE CARDS ***
VolkovDmitri: raises $3 to $6
Actionni13: calls $3
*** FLOP *** [2c Qd 5d]
Actionni13: checks
VolkovDmitri: bets $3
Actionni13: calls $3
*** TURN *** [2c Qd 5d] [3s]
Actionni13: checks
VolkovDmitri: bets $6
Actionni13: calls $6
*** RIVER *** [2c Qd 5d 3s] [Th]
Actionni13: checks
VolkovDmitri: bets $6
Actionni13: calls $6
*** SHOW DOWN ***
VolkovDmitri: shows [Qc 9s] (a pair of Queens)
Actionni13: mucks hand
VolkovDmitri collected $41.50 from pot
*** SUMMARY ***
Total pot $42 | Rake $0.50
Board [2c Qd 5d 3s Th]
Seat 4: Actionni13 (big blind) mucked
Seat 5: VolkovDmitri (button) (small blind) showed [Qc 9s] and won ($41.50) with a pair of Queens


PokerStars Hand #150072094293:  Hold'em Limit ($3/$6 USD) - 2016/03/09 5:06:25 ET
Table 'Santana II' 6-max Seat #4 is the button
Seat 4: Actionni13 ($150 in chips)
Seat 5: VolkovDmitri ($152.02 in chips)
Actionni13: posts small blind $1
VolkovDmitri: posts big blind $3
*** HOLE CARDS ***
Actionni13: raises $3 to $6
VolkovDmitri: calls $3
*** FLOP *** [Js 5c As]
VolkovDmitri: checks
Actionni13: bets $3
VolkovDmitri: raises $3 to $6
Actionni13: calls $3
*** TURN *** [Js 5c As] [4h]
VolkovDmitri: checks
Actionni13: bets $6
VolkovDmitri: folds
Uncalled bet ($6) returned to Actionni13
Actionni13 collected $23.52 from pot
Actionni13: doesn't show hand
*** SUMMARY ***
Total pot $24 | Rake $0.48
Board [Js 5c As 4h]
Seat 4: Actionni13 (button) (small blind) collected ($23.52)
Seat 5: VolkovDmitri (big blind) folded on the Turn


PokerStars Hand #150072107578:  Hold'em Limit ($3/$6 USD) - 2016/03/09 5:06:56 ET
Table 'Santana II' 6-max Seat #5 is the button
Seat 4: Actionni13 ($161.52 in chips)
Seat 5: VolkovDmitri ($140.02 in chips)
VolkovDmitri: posts small blind $1
Actionni13: posts big blind $3
*** HOLE CARDS ***
VolkovDmitri: raises $3 to $6
Actionni13: calls $3
*** FLOP *** [Kd 9c 5d]
Actionni13: checks
VolkovDmitri: bets $3
Actionni13: raises $3 to $6
VolkovDmitri: folds
Uncalled bet ($3) returned to Actionni13
Actionni13 collected $17.64 from pot
Actionni13: doesn't show hand
*** SUMMARY ***
Total pot $18 | Rake $0.36
Board [Kd 9c 5d]
Seat 4: Actionni13 (big blind) collected ($17.64)
Seat 5: VolkovDmitri (button) (small blind) folded on the Flop


PokerStars Hand #150072121977:  Hold'em Limit ($3/$6 USD) - 2016/03/09 5:07:30 ET
Table 'Santana II' 6-max Seat #5 is the button
Seat 4: Actionni13 ($169.16 in chips)
Seat 5: VolkovDmitri ($132.02 in chips)
VolkovDmitri: posts small blind $1
Actionni13: posts big blind $3
*** HOLE CARDS ***
VolkovDmitri: folds
Uncalled bet ($2) returned to Actionni13
Actionni13 collected $2 from pot
Actionni13: doesn't show hand
*** SUMMARY ***
Total pot $2 | Rake $0
Seat 4: Actionni13 (big blind) collected ($2)
Seat 5: VolkovDmitri (button) (small blind) folded before Flop


PokerStars Hand #150072119619:  Hold'em Limit ($3/$6 USD) - 2016/03/09 5:07:24 ET
Table 'Santana II' 6-max Seat #4 is the button
Seat 4: Actionni13 ($170.16 in chips)
Seat 5: VolkovDmitri ($131.02 in chips)
Actionni13: posts small blind $1
VolkovDmitri: posts big blind $3
*** HOLE CARDS ***
Actionni13: folds
Uncalled bet ($2) returned to VolkovDmitri
VolkovDmitri collected $2 from pot
VolkovDmitri: doesn't show hand
*** SUMMARY ***
Total pot $2 | Rake $0
Seat 4: Actionni13 (button) (small blind) folded before Flop
Seat 5: VolkovDmitri (big blind) collected ($2)


PokerStars Hand #150072131493:  Hold'em Limit ($3/$6 USD) - 2016/03/09 5:07:52 ET
Table 'Santana II' 6-max Seat #5 is the button
Seat 4: Actionni13 ($173.16 in chips)
Seat 5: VolkovDmitri ($128.02 in chips)
VolkovDmitri: posts small blind $1
Actionni13: posts big blind $3
*** HOLE CARDS ***
VolkovDmitri: raises $3 to $6
Actionni13: folds
Uncalled bet ($3) returned to VolkovDmitri
VolkovDmitri collected $6 from pot
VolkovDmitri: doesn't show hand
*** SUMMARY ***
Total pot $6 | Rake $0
Seat 4: Actionni13 (big blind) folded before Flop
Seat 5: VolkovDmitri (button) (small blind) collected ($6)


PokerStars Hand #150072126971:  Hold'em Limit ($3/$6 USD) - 2016/03/09 5:07:41 ET
Table 'Santana II' 6-max Seat #4 is the button
Seat 4: Actionni13 ($170.16 in chips)
Seat 5: VolkovDmitri ($131.02 in chips)
Actionni13: posts small blind $1
VolkovDmitri: posts big blind $3
*** HOLE CARDS ***
Actionni13: raises $3 to $6
VolkovDmitri: folds
Uncalled bet ($3) returned to Actionni13
Actionni13 collected $6 from pot
Actionni13: doesn't show hand
*** SUMMARY ***
Total pot $6 | Rake $0
Seat 4: Actionni13 (button) (small blind) collected ($6)
Seat 5: VolkovDmitri (big blind) folded before Flop


PokerStars Hand #150072134079:  Hold'em Limit ($3/$6 USD) - 2016/03/09 5:07:58 ET
Table 'Santana II' 6-max Seat #4 is the button
Seat 4: Actionni13 ($170.16 in chips)
Seat 5: VolkovDmitri ($131.02 in chips)
Actionni13: posts small blind $1
VolkovDmitri: posts big blind $3
*** HOLE CARDS ***
Actionni13: folds
Uncalled bet ($2) returned to VolkovDmitri
VolkovDmitri collected $2 from pot
VolkovDmitri: doesn't show hand
*** SUMMARY ***
Total pot $2 | Rake $0
Seat 4: Actionni13 (button) (small blind) folded before Flop
Seat 5: VolkovDmitri (big blind) collected ($2)


PokerStars Hand #150072136472:  Hold'em Limit ($3/$6 USD) - 2016/03/09 5:08:03 ET
Table 'Santana II' 6-max Seat #5 is the button
Seat 4: Actionni13 ($169.16 in chips)
Seat 5: VolkovDmitri ($132.02 in chips)
VolkovDmitri: posts small blind $1
Actionni13: posts big blind $3
*** HOLE CARDS ***
VolkovDmitri: raises $3 to $6
Actionni13: calls $3
*** FLOP *** [Jc Js 7d]
Actionni13: checks
VolkovDmitri: bets $3
Actionni13: calls $3
*** TURN *** [Jc Js 7d] [9s]
Actionni13: bets $6
VolkovDmitri: raises $6 to $12
Actionni13: raises $6 to $18
VolkovDmitri: calls $6
*** RIVER *** [Jc Js 7d 9s] [5d]
Actionni13: bets $6
VolkovDmitri: folds
Uncalled bet ($6) returned to Actionni13
Actionni13 collected $53.50 from pot
Actionni13: doesn't show hand
*** SUMMARY ***
Total pot $54 | Rake $0.50
Board [Jc Js 7d 9s 5d]
Seat 4: Actionni13 (big blind) collected ($53.50)
Seat 5: VolkovDmitri (button) (small blind) folded on the River


PokerStars Hand #150072147813:  Hold'em Limit ($3/$6 USD) - 2016/03/09 5:08:29 ET
Table 'Santana II' 6-max Seat #4 is the button
Seat 4: Actionni13 ($195.66 in chips)
Seat 5: VolkovDmitri ($120 in chips)
Actionni13: posts small blind $1
VolkovDmitri: posts big blind $3
*** HOLE CARDS ***
Actionni13: raises $3 to $6
VolkovDmitri: calls $3
*** FLOP *** [2d Jd 8d]
VolkovDmitri: checks
Actionni13: bets $3
VolkovDmitri: raises $3 to $6
Actionni13: calls $3
*** TURN *** [2d Jd 8d] [3s]
VolkovDmitri: bets $6
Actionni13: calls $6
*** RIVER *** [2d Jd 8d 3s] [9c]
VolkovDmitri: bets $6
Actionni13: folds
Uncalled bet ($6) returned to VolkovDmitri
VolkovDmitri collected $35.50 from pot
VolkovDmitri: doesn't show hand
*** SUMMARY ***
Total pot $36 | Rake $0.50
Board [2d Jd 8d 3s 9c]
Seat 4: Actionni13 (button) (small blind) folded on the River
Seat 5: VolkovDmitri (big blind) collected ($35.50)


PokerStars Hand #150072158046:  Hold'em Limit ($3/$6 USD) - 2016/03/09 5:08:53 ET
Table 'Santana II' 6-max Seat #5 is the button
Seat 4: Actionni13 ($177.66 in chips)
Seat 5: VolkovDmitri ($137.50 in chips)
VolkovDmitri: posts small blind $1
Actionni13: posts big blind $3
*** HOLE CARDS ***
VolkovDmitri: raises $3 to $6
Actionni13: raises $3 to $9
VolkovDmitri: calls $3
*** FLOP *** [9h 5c Th]
Actionni13: bets $3
VolkovDmitri: calls $3
*** TURN *** [9h 5c Th] [Tc]
Actionni13: bets $6
VolkovDmitri: calls $6
*** RIVER *** [9h 5c Th Tc] [7s]
Actionni13: bets $6
VolkovDmitri: calls $6
*** SHOW DOWN ***
Actionni13: shows [Ad Qd] (a pair of Tens)
VolkovDmitri: shows [5s 8s] (two pair, Tens and Fives)
VolkovDmitri collected $47.50 from pot
*** SUMMARY ***
Total pot $48 | Rake $0.50
Board [9h 5c Th Tc 7s]
Seat 4: Actionni13 (big blind) showed [Ad Qd] and lost with a pair of Tens
Seat 5: VolkovDmitri (button) (small blind) showed [5s 8s] and won ($47.50) with two pair, Tens and Fives


PokerStars Hand #150072179967:  Hold'em Limit ($3/$6 USD) - 2016/03/09 5:09:44 ET
Table 'Santana II' 6-max Seat #5 is the button
Seat 4: Actionni13 ($177.16 in chips)
Seat 5: VolkovDmitri ($137 in chips)
VolkovDmitri: posts small blind $1
Actionni13: posts big blind $3
*** HOLE CARDS ***
VolkovDmitri: raises $3 to $6
Actionni13: folds
Uncalled bet ($3) returned to VolkovDmitri
VolkovDmitri collected $6 from pot
VolkovDmitri: doesn't show hand
*** SUMMARY ***
Total pot $6 | Rake $0
Seat 4: Actionni13 (big blind) folded before Flop
Seat 5: VolkovDmitri (button) (small blind) collected ($6)


PokerStars Hand #150072168777:  Hold'em Limit ($3/$6 USD) - 2016/03/09 5:09:18 ET
Table 'Santana II' 6-max Seat #4 is the button
Seat 4: Actionni13 ($153.66 in chips)
Seat 5: VolkovDmitri ($161 in chips)
Actionni13: posts small blind $1
VolkovDmitri: posts big blind $3
*** HOLE CARDS ***
Actionni13: raises $3 to $6
VolkovDmitri: raises $3 to $9
Actionni13: calls $3
*** FLOP *** [4h 9d 3s]
VolkovDmitri: bets $3
Actionni13: calls $3
*** TURN *** [4h 9d 3s] [8h]
VolkovDmitri: checks
Actionni13: bets $6
VolkovDmitri: calls $6
*** RIVER *** [4h 9d 3s 8h] [5c]
VolkovDmitri: checks
Actionni13: bets $6
VolkovDmitri: calls $6
*** SHOW DOWN ***
Actionni13: shows [8s 7d] (a pair of Eights)
VolkovDmitri: mucks hand
Actionni13 collected $47.50 from pot
*** SUMMARY ***
Total pot $48 | Rake $0.50
Board [4h 9d 3s 8h 5c]
Seat 4: Actionni13 (button) (small blind) showed [8s 7d] and won ($47.50) with a pair of Eights
Seat 5: VolkovDmitri (big blind) mucked


PokerStars Hand #150072198529:  Hold'em Limit ($3/$6 USD) - 2016/03/09 5:10:28 ET
Table 'Santana II' 6-max Seat #4 is the button
Seat 4: Actionni13 ($170.80 in chips)
Seat 5: VolkovDmitri ($142.52 in chips)
Actionni13: posts small blind $1
VolkovDmitri: posts big blind $3
*** HOLE CARDS ***
Actionni13: raises $3 to $6
VolkovDmitri: raises $3 to $9
Actionni13: calls $3
*** FLOP *** [3h 2h 6d]
VolkovDmitri: bets $3
Actionni13: calls $3
*** TURN *** [3h 2h 6d] [Js]
VolkovDmitri: bets $6
Actionni13: raises $6 to $12
VolkovDmitri: calls $6
*** RIVER *** [3h 2h 6d Js] [Kd]
VolkovDmitri: checks
Actionni13: bets $6
VolkovDmitri: calls $6
*** SHOW DOWN ***
Actionni13: shows [Ad Ac] (a pair of Aces)
VolkovDmitri: mucks hand
Actionni13 collected $59.50 from pot
*** SUMMARY ***
Total pot $60 | Rake $0.50
Board [3h 2h 6d Js Kd]
Seat 4: Actionni13 (button) (small blind) showed [Ad Ac] and won ($59.50) with a pair of Aces
Seat 5: VolkovDmitri (big blind) mucked


PokerStars Hand #150072182821:  Hold'em Limit ($3/$6 USD) - 2016/03/09 5:09:51 ET
Table 'Santana II' 6-max Seat #4 is the button
Seat 4: Actionni13 ($174.16 in chips)
Seat 5: VolkovDmitri ($140 in chips)
Actionni13: posts small blind $1
VolkovDmitri: posts big blind $3
*** HOLE CARDS ***
Actionni13: raises $3 to $6
VolkovDmitri: calls $3
*** FLOP *** [2h Th 5c]
VolkovDmitri: checks
Actionni13: bets $3
VolkovDmitri: raises $3 to $6
Actionni13: calls $3
*** TURN *** [2h Th 5c] [9c]
VolkovDmitri: bets $6
Actionni13: folds
Uncalled bet ($6) returned to VolkovDmitri
VolkovDmitri collected $23.52 from pot
VolkovDmitri: doesn't show hand
*** SUMMARY ***
Total pot $24 | Rake $0.48
Board [2h Th 5c 9c]
Seat 4: Actionni13 (button) (small blind) folded on the Turn
Seat 5: VolkovDmitri (big blind) collected ($23.52)


PokerStars Hand #150072191826:  Hold'em Limit ($3/$6 USD) - 2016/03/09 5:10:12 ET
Table 'Santana II' 6-max Seat #5 is the button
Seat 4: Actionni13 ($162.16 in chips)
Seat 5: VolkovDmitri ($151.52 in chips)
VolkovDmitri: posts small blind $1
Actionni13: posts big blind $3
*** HOLE CARDS ***
VolkovDmitri: raises $3 to $6
Actionni13: raises $3 to $9
VolkovDmitri: calls $3
*** FLOP *** [Qd 5d 9h]
Actionni13: bets $3
VolkovDmitri: folds
Uncalled bet ($3) returned to Actionni13
Actionni13 collected $17.64 from pot
Actionni13: doesn't show hand
*** SUMMARY ***
Total pot $18 | Rake $0.36
Board [Qd 5d 9h]
Seat 4: Actionni13 (big blind) collected ($17.64)
Seat 5: VolkovDmitri (button) (small blind) folded on the Flop


PokerStars Hand #150072212894:  Hold'em Limit ($3/$6 USD) - 2016/03/09 5:11:01 ET
Table 'Santana II' 6-max Seat #5 is the button
Seat 4: Actionni13 ($200.30 in chips)
Seat 5: VolkovDmitri ($120 in chips)
VolkovDmitri: posts small blind $1
Actionni13: posts big blind $3
*** HOLE CARDS ***
VolkovDmitri: raises $3 to $6
Actionni13: calls $3
*** FLOP *** [Jh 4c Th]
Actionni13: checks
VolkovDmitri: checks
*** TURN *** [Jh 4c Th] [5s]
Actionni13: checks
VolkovDmitri: bets $6
Actionni13: calls $6
*** RIVER *** [Jh 4c Th 5s] [Kc]
Actionni13: checks
VolkovDmitri: checks
*** SHOW DOWN ***
Actionni13: shows [6d 5h] (a pair of Fives)
VolkovDmitri: shows [9c 9s] (a pair of Nines)
VolkovDmitri collected $23.52 from pot
*** SUMMARY ***
Total pot $24 | Rake $0.48
Board [Jh 4c Th 5s Kc]
Seat 4: Actionni13 (big blind) showed [6d 5h] and lost with a pair of Fives
Seat 5: VolkovDmitri (button) (small blind) showed [9c 9s] and won ($23.52) with a pair of Nines


PokerStars Hand #150072224597:  Hold'em Limit ($3/$6 USD) - 2016/03/09 5:11:28 ET
Table 'Santana II' 6-max Seat #4 is the button
Seat 4: Actionni13 ($188.30 in chips)
Seat 5: VolkovDmitri ($131.52 in chips)
Actionni13: posts small blind $1
VolkovDmitri: posts big blind $3
*** HOLE CARDS ***
Actionni13: raises $3 to $6
stressed31 joins the table at seat #6
TbIP-TbIP 88 joins the table at seat #1
VolkovDmitri: folds
Uncalled bet ($3) returned to Actionni13
Actionni13 collected $6 from pot
Actionni13: doesn't show hand
*** SUMMARY ***
Total pot $6 | Rake $0
Seat 4: Actionni13 (button) (small blind) collected ($6)
Seat 5: VolkovDmitri (big blind) folded before Flop


PokerStars Hand #150072377815:  Hold'em Limit ($3/$6 USD) - 2016/03/09 5:17:28 ET
Table 'Santana II' 6-max Seat #6 is the button
Seat 5: VolkovDmitri ($218.57 in chips)
Seat 6: stressed31 ($115.63 in chips)
stressed31: posts small blind $1
TbIP-TbIP 88: is sitting out
VolkovDmitri: posts big blind $3
*** HOLE CARDS ***
stressed31: raises $3 to $6
VolkovDmitri: raises $3 to $9
stressed31: calls $3
*** FLOP *** [7d 8s Ts]
VolkovDmitri: bets $3
stressed31: raises $3 to $6
VolkovDmitri: calls $3
*** TURN *** [7d 8s Ts] [Js]
VolkovDmitri: checks
JSDM8682 joins the table at seat #4
stressed31: bets $6
VolkovDmitri: calls $6
*** RIVER *** [7d 8s Ts Js] [4d]
VolkovDmitri: checks
stressed31: bets $6
VolkovDmitri: folds
Uncalled bet ($6) returned to stressed31
stressed31 collected $41.50 from pot
stressed31: doesn't show hand
*** SUMMARY ***
Total pot $42 | Rake $0.50
Board [7d 8s Ts Js 4d]
Seat 5: VolkovDmitri (big blind) folded on the River
Seat 6: stressed31 (button) (small blind) collected ($41.50)


PokerStars Hand #150072395844:  Hold'em Limit ($3/$6 USD) - 2016/03/09 5:18:09 ET
Table 'Santana II' 6-max Seat #5 is the button
Seat 5: VolkovDmitri ($197.57 in chips)
Seat 6: stressed31 ($136.13 in chips)
VolkovDmitri: posts small blind $1
stressed31: posts big blind $3
*** HOLE CARDS ***
VolkovDmitri: folds
Uncalled bet ($2) returned to stressed31
stressed31 collected $2 from pot
stressed31: doesn't show hand
*** SUMMARY ***
Total pot $2 | Rake $0
Seat 5: VolkovDmitri (button) (small blind) folded before Flop
Seat 6: stressed31 (big blind) collected ($2)


PokerStars Hand #150072893225:  Hold'em Limit ($3/$6 USD) - 2016/03/09 5:37:00 ET
Table 'Santana II' 6-max Seat #2 is the button
Seat 2: SmellyToes4u ($71.28 in chips)
Seat 6: stressed31 ($247.47 in chips)
SmellyToes4u: posts small blind $1
JSDM8682: is sitting out
stressed31: posts big blind $3
*** HOLE CARDS ***
SmellyToes4u: folds
Uncalled bet ($2) returned to stressed31
stressed31 collected $2 from pot
stressed31: doesn't show hand
*** SUMMARY ***
Total pot $2 | Rake $0
Seat 2: SmellyToes4u (button) (small blind) folded before Flop
Seat 6: stressed31 (big blind) collected ($2)


PokerStars Hand #150072900827:  Hold'em Limit ($3/$6 USD) - 2016/03/09 5:37:17 ET
Table 'Santana II' 6-max Seat #2 is the button
Seat 2: SmellyToes4u ($64.28 in chips)
Seat 6: stressed31 ($254.23 in chips)
SmellyToes4u: posts small blind $1
stressed31: posts big blind $3
*** HOLE CARDS ***
SmellyToes4u: folds
Uncalled bet ($2) returned to stressed31
stressed31 collected $2 from pot
stressed31: doesn't show hand
*** SUMMARY ***
Total pot $2 | Rake $0
Seat 2: SmellyToes4u (button) (small blind) folded before Flop
Seat 6: stressed31 (big blind) collected ($2)


PokerStars Hand #150072895969:  Hold'em Limit ($3/$6 USD) - 2016/03/09 5:37:06 ET
Table 'Santana II' 6-max Seat #6 is the button
Seat 2: SmellyToes4u ($70.28 in chips)
Seat 6: stressed31 ($248.47 in chips)
stressed31: posts small blind $1
SmellyToes4u: posts big blind $3
*** HOLE CARDS ***
stressed31: raises $3 to $6
SmellyToes4u: calls $3
*** FLOP *** [Ah Ad 4d]
SmellyToes4u: checks
stressed31: bets $3
SmellyToes4u: folds
Uncalled bet ($3) returned to stressed31
stressed31 collected $11.76 from pot
stressed31: doesn't show hand
*** SUMMARY ***
Total pot $12 | Rake $0.24
Board [Ah Ad 4d]
Seat 2: SmellyToes4u (big blind) folded on the Flop
Seat 6: stressed31 (button) (small blind) collected ($11.76)


PokerStars Hand #150072903236:  Hold'em Limit ($3/$6 USD) - 2016/03/09 5:37:23 ET
Table 'Santana II' 6-max Seat #6 is the button
Seat 2: SmellyToes4u ($63.28 in chips)
Seat 6: stressed31 ($255.23 in chips)
stressed31: posts small blind $1
SmellyToes4u: posts big blind $3
*** HOLE CARDS ***
stressed31: calls $2
SmellyToes4u: raises $3 to $6
stressed31: calls $3
*** FLOP *** [6h 5s 3d]
SmellyToes4u: bets $3
stressed31: raises $3 to $6
SmellyToes4u: calls $3
*** TURN *** [6h 5s 3d] [2c]
SmellyToes4u: checks
stressed31: bets $6
SmellyToes4u: raises $6 to $12
stressed31: raises $6 to $18
SmellyToes4u: raises $6 to $24
Betting is capped
stressed31: calls $6
*** RIVER *** [6h 5s 3d 2c] [9s]
SmellyToes4u: bets $6
stressed31: folds
Uncalled bet ($6) returned to SmellyToes4u
SmellyToes4u collected $71.50 from pot
SmellyToes4u: doesn't show hand
*** SUMMARY ***
Total pot $72 | Rake $0.50
Board [6h 5s 3d 2c 9s]
Seat 2: SmellyToes4u (big blind) collected ($71.50)
Seat 6: stressed31 (button) (small blind) folded on the River


PokerStars Hand #150072912909:  Hold'em Limit ($3/$6 USD) - 2016/03/09 5:37:44 ET
Table 'Santana II' 6-max Seat #2 is the button
Seat 2: SmellyToes4u ($98.78 in chips)
Seat 6: stressed31 ($219.23 in chips)
SmellyToes4u: posts small blind $1
stressed31: posts big blind $3
*** HOLE CARDS ***
SmellyToes4u: raises $3 to $6
stressed31: raises $3 to $9
SmellyToes4u: calls $3
*** FLOP *** [8h 5c Th]
stressed31: checks
SmellyToes4u: bets $3
stressed31: calls $3
*** TURN *** [8h 5c Th] [Ks]
stressed31: checks
SmellyToes4u: bets $6
stressed31: raises $6 to $12
SmellyToes4u: raises $6 to $18
stressed31: calls $6
*** RIVER *** [8h 5c Th Ks] [9c]
stressed31: checks
SmellyToes4u: bets $6
stressed31: calls $6
*** SHOW DOWN ***
SmellyToes4u: shows [Ac Ad] (a pair of Aces)
stressed31: mucks hand
SmellyToes4u collected $71.50 from pot
*** SUMMARY ***
Total pot $72 | Rake $0.50
Board [8h 5c Th Ks 9c]
Seat 2: SmellyToes4u (button) (small blind) showed [Ac Ad] and won ($71.50) with a pair of Aces
Seat 6: stressed31 (big blind) mucked


PokerStars Hand #150072923781:  Hold'em Limit ($3/$6 USD) - 2016/03/09 5:38:08 ET
Table 'Santana II' 6-max Seat #6 is the button
Seat 2: SmellyToes4u ($134.28 in chips)
Seat 6: stressed31 ($183.23 in chips)
stressed31: posts small blind $1
SmellyToes4u: posts big blind $3
*** HOLE CARDS ***
stressed31: raises $3 to $6
SmellyToes4u: calls $3
*** FLOP *** [Js 4c Ad]
SmellyToes4u: checks
stressed31: bets $3
SmellyToes4u: folds
Uncalled bet ($3) returned to stressed31
stressed31 collected $11.76 from pot
stressed31: doesn't show hand
*** SUMMARY ***
Total pot $12 | Rake $0.24
Board [Js 4c Ad]
Seat 2: SmellyToes4u (big blind) folded on the Flop
Seat 6: stressed31 (button) (small blind) collected ($11.76)


PokerStars Hand #150072950223:  Hold'em Limit ($3/$6 USD) - 2016/03/09 5:39:08 ET
Table 'Santana II' 6-max Seat #2 is the button
Seat 2: SmellyToes4u ($109.28 in chips)
Seat 6: stressed31 ($207.39 in chips)
SmellyToes4u: posts small blind $1
stressed31: posts big blind $3
*** HOLE CARDS ***
SmellyToes4u: folds
Uncalled bet ($2) returned to stressed31
stressed31 collected $2 from pot
stressed31: doesn't show hand
*** SUMMARY ***
Total pot $2 | Rake $0
Seat 2: SmellyToes4u (button) (small blind) folded before Flop
Seat 6: stressed31 (big blind) collected ($2)


PokerStars Hand #150072947154:  Hold'em Limit ($3/$6 USD) - 2016/03/09 5:39:01 ET
Table 'Santana II' 6-max Seat #6 is the button
Seat 2: SmellyToes4u ($112.28 in chips)
Seat 6: stressed31 ($204.39 in chips)
stressed31: posts small blind $1
SmellyToes4u: posts big blind $3
*** HOLE CARDS ***
stressed31: raises $3 to $6
SmellyToes4u: folds
Uncalled bet ($3) returned to stressed31
stressed31 collected $6 from pot
stressed31: doesn't show hand
*** SUMMARY ***
Total pot $6 | Rake $0
Seat 2: SmellyToes4u (big blind) folded before Flop
Seat 6: stressed31 (button) (small blind) collected ($6)


PokerStars Hand #150072929013:  Hold'em Limit ($3/$6 USD) - 2016/03/09 5:38:20 ET
Table 'Santana II' 6-max Seat #2 is the button
Seat 2: SmellyToes4u ($128.28 in chips)
Seat 6: stressed31 ($188.99 in chips)
SmellyToes4u: posts small blind $1
stressed31: posts big blind $3
*** HOLE CARDS ***
SmellyToes4u: folds
Uncalled bet ($2) returned to stressed31
stressed31 collected $2 from pot
stressed31: doesn't show hand
*** SUMMARY ***
Total pot $2 | Rake $0
Seat 2: SmellyToes4u (button) (small blind) folded before Flop
Seat 6: stressed31 (big blind) collected ($2)


PokerStars Hand #150072931324:  Hold'em Limit ($3/$6 USD) - 2016/03/09 5:38:25 ET
Table 'Santana II' 6-max Seat #6 is the button
Seat 2: SmellyToes4u ($127.28 in chips)
Seat 6: stressed31 ($189.99 in chips)
stressed31: posts small blind $1
SmellyToes4u: posts big blind $3
*** HOLE CARDS ***
stressed31: raises $3 to $6
SmellyToes4u: calls $3
*** FLOP *** [Th 4h 8c]
SmellyToes4u: checks
stressed31: checks
*** TURN *** [Th 4h 8c] [Jd]
SmellyToes4u: checks
stressed31: bets $6
SmellyToes4u: folds
Uncalled bet ($6) returned to stressed31
stressed31 collected $11.76 from pot
stressed31: doesn't show hand
*** SUMMARY ***
Total pot $12 | Rake $0.24
Board [Th 4h 8c Jd]
Seat 2: SmellyToes4u (big blind) folded on the Turn
Seat 6: stressed31 (button) (small blind) collected ($11.76)


PokerStars Hand #150072937745:  Hold'em Limit ($3/$6 USD) - 2016/03/09 5:38:40 ET
Table 'Santana II' 6-max Seat #2 is the button
Seat 2: SmellyToes4u ($121.28 in chips)
Seat 6: stressed31 ($195.75 in chips)
SmellyToes4u: posts small blind $1
stressed31: posts big blind $3
*** HOLE CARDS ***
SmellyToes4u: raises $3 to $6
stressed31: raises $3 to $9
SmellyToes4u: calls $3
*** FLOP *** [Tc 2d 3c]
stressed31: checks
SmellyToes4u: checks
*** TURN *** [Tc 2d 3c] [7c]
stressed31: checks
SmellyToes4u: checks
*** RIVER *** [Tc 2d 3c 7c] [2h]
stressed31: checks
SmellyToes4u: checks
*** SHOW DOWN ***
stressed31: shows [As Kh] (a pair of Deuces)
SmellyToes4u: mucks hand
stressed31 collected $17.64 from pot
*** SUMMARY ***
Total pot $18 | Rake $0.36
Board [Tc 2d 3c 7c 2h]
Seat 2: SmellyToes4u (button) (small blind) mucked
Seat 6: stressed31 (big blind) showed [As Kh] and won ($17.64) with a pair of Deuces


PokerStars Hand #150072967994:  Hold'em Limit ($3/$6 USD) - 2016/03/09 5:39:47 ET
Table 'Santana II' 6-max Seat #6 is the button
Seat 2: SmellyToes4u ($75.28 in chips)
Seat 6: stressed31 ($240.65 in chips)
stressed31: posts small blind $1
SmellyToes4u: posts big blind $3
*** HOLE CARDS ***
stressed31: raises $3 to $6
SmellyToes4u: raises $3 to $9
stressed31: raises $3 to $12
Betting is capped
SmellyToes4u: calls $3
*** FLOP *** [2h 8s 9c]
SmellyToes4u: checks
stressed31: checks
*** TURN *** [2h 8s 9c] [Td]
SmellyToes4u: bets $6
stressed31: calls $6
*** RIVER *** [2h 8s 9c Td] [2d]
SmellyToes4u: bets $6
stressed31: calls $6
*** SHOW DOWN ***
SmellyToes4u: shows [As Ac] (two pair, Aces and Deuces)
stressed31: mucks hand
SmellyToes4u collected $47.50 from pot
*** SUMMARY ***
Total pot $48 | Rake $0.50
Board [2h 8s 9c Td 2d]
Seat 2: SmellyToes4u (big blind) showed [As Ac] and won ($47.50) with two pair, Aces and Deuces
Seat 6: stressed31 (button) (small blind) mucked


PokerStars Hand #150072952441:  Hold'em Limit ($3/$6 USD) - 2016/03/09 5:39:13 ET
Table 'Santana II' 6-max Seat #6 is the button
Seat 2: SmellyToes4u ($108.28 in chips)
Seat 6: stressed31 ($208.39 in chips)
stressed31: posts small blind $1
SmellyToes4u: posts big blind $3
*** HOLE CARDS ***
stressed31: raises $3 to $6
SmellyToes4u: calls $3
*** FLOP *** [Ks Kc 7h]
SmellyToes4u: checks
stressed31: bets $3
SmellyToes4u: folds
Uncalled bet ($3) returned to stressed31
stressed31 collected $11.76 from pot
stressed31: doesn't show hand
*** SUMMARY ***
Total pot $12 | Rake $0.24
Board [Ks Kc 7h]
Seat 2: SmellyToes4u (big blind) folded on the Flop
Seat 6: stressed31 (button) (small blind) collected ($11.76)


