PokerStars Hand #144894215655:  Hold'em Limit ($3/$6 USD) - 2015/12/05 23:57:34 ET
Table 'Santana' 2-max Seat #2 is the button
Seat 1: kaputnikoff ($60 in chips)
Seat 2: covasa andre ($33.21 in chips)
covasa andre: posts small blind $1
kaputnikoff: posts big blind $3
*** HOLE CARDS ***
covasa andre: raises $3 to $6
kaputnikoff: raises $3 to $9
covasa andre: raises $3 to $12
Betting is capped
kaputnikoff: calls $3
*** FLOP *** [5s 2c Ah]
kaputnikoff: checks
covasa andre: bets $3
kaputnikoff: calls $3
*** TURN *** [5s 2c Ah] [6d]
kaputnikoff: checks
covasa andre: bets $6
kaputnikoff: calls $6
*** RIVER *** [5s 2c Ah 6d] [Ac]
kaputnikoff: bets $6
covasa andre: calls $6
*** SHOW DOWN ***
kaputnikoff: shows [As Ts] (three of a kind, Aces)
covasa andre: mucks hand
kaputnikoff collected $53.50 from pot
*** SUMMARY ***
Total pot $54 | Rake $0.50
Board [5s 2c Ah 6d Ac]
Seat 1: kaputnikoff (big blind) showed [As Ts] and won ($53.50) with three of a kind, Aces
Seat 2: covasa andre (button) (small blind) mucked


PokerStars Hand #144894231415:  Hold'em Limit ($3/$6 USD) - 2015/12/05 23:58:37 ET
Table 'Santana' 2-max Seat #1 is the button
Seat 1: kaputnikoff ($86.50 in chips)
Seat 2: covasa andre ($6.21 in chips)
kaputnikoff: posts small blind $1
covasa andre: posts big blind $3
*** HOLE CARDS ***
kaputnikoff: raises $3 to $6
covasa andre: folds
Uncalled bet ($3) returned to kaputnikoff
covasa andre leaves the table
kaputnikoff collected $6 from pot
kaputnikoff: doesn't show hand
*** SUMMARY ***
Total pot $6 | Rake $0
Seat 1: kaputnikoff (button) (small blind) collected ($6)
Seat 2: covasa andre (big blind) folded before Flop


PokerStars Hand #144897810322:  Hold'em Limit ($3/$6 USD) - 2015/12/06 3:26:35 ET
Table 'Santana' 2-max Seat #2 is the button
Seat 1: kaputnikoff ($113 in chips)
Seat 2: parconxxx ($26 in chips)
parconxxx: posts small blind $1
kaputnikoff: posts big blind $3
*** HOLE CARDS ***
parconxxx: calls $2
kaputnikoff: raises $3 to $6
parconxxx: calls $3
*** FLOP *** [6d Ts Jd]
kaputnikoff: bets $3
parconxxx: folds
Uncalled bet ($3) returned to kaputnikoff
kaputnikoff collected $11.76 from pot
kaputnikoff: doesn't show hand
*** SUMMARY ***
Total pot $12 | Rake $0.24
Board [6d Ts Jd]
Seat 1: kaputnikoff (big blind) collected ($11.76)
Seat 2: parconxxx (button) (small blind) folded on the Flop


PokerStars Hand #144897807735:  Hold'em Limit ($3/$6 USD) - 2015/12/06 3:26:27 ET
Table 'Santana' 2-max Seat #1 is the button
Seat 1: kaputnikoff ($110 in chips)
Seat 2: parconxxx ($29 in chips)
kaputnikoff: posts small blind $1
parconxxx: posts big blind $3
*** HOLE CARDS ***
kaputnikoff: raises $3 to $6
parconxxx: folds
Uncalled bet ($3) returned to kaputnikoff
kaputnikoff collected $6 from pot
kaputnikoff: doesn't show hand
*** SUMMARY ***
Total pot $6 | Rake $0
Seat 1: kaputnikoff (button) (small blind) collected ($6)
Seat 2: parconxxx (big blind) folded before Flop


PokerStars Hand #144897795539:  Hold'em Limit ($3/$6 USD) - 2015/12/06 3:25:50 ET
Table 'Santana' 2-max Seat #2 is the button
Seat 1: kaputnikoff ($89.50 in chips)
Seat 2: parconxxx ($50 in chips)
parconxxx: posts small blind $1
kaputnikoff: posts big blind $3
*** HOLE CARDS ***
parconxxx: calls $2
kaputnikoff: raises $3 to $6
parconxxx: calls $3
*** FLOP *** [5h Tc Kc]
kaputnikoff: bets $3
parconxxx: calls $3
*** TURN *** [5h Tc Kc] [Ad]
kaputnikoff: bets $6
parconxxx: calls $6
*** RIVER *** [5h Tc Kc Ad] [2d]
kaputnikoff: bets $6
parconxxx: calls $6
*** SHOW DOWN ***
kaputnikoff: shows [Jd Ks] (a pair of Kings)
parconxxx: mucks hand
kaputnikoff collected $41.50 from pot
*** SUMMARY ***
Total pot $42 | Rake $0.50
Board [5h Tc Kc Ad 2d]
Seat 1: kaputnikoff (big blind) showed [Jd Ks] and won ($41.50) with a pair of Kings
Seat 2: parconxxx (button) (small blind) mucked


PokerStars Hand #144897815480:  Hold'em Limit ($3/$6 USD) - 2015/12/06 3:26:50 ET
Table 'Santana' 2-max Seat #1 is the button
Seat 1: kaputnikoff ($118.76 in chips)
Seat 2: parconxxx ($20 in chips)
kaputnikoff: posts small blind $1
parconxxx: posts big blind $3
*** HOLE CARDS ***
kaputnikoff: raises $3 to $6
parconxxx: raises $3 to $9
kaputnikoff: calls $3
*** FLOP *** [Ks Qs Kh]
parconxxx: bets $3
kaputnikoff: calls $3
*** TURN *** [Ks Qs Kh] [Th]
parconxxx: checks
kaputnikoff: checks
*** RIVER *** [Ks Qs Kh Th] [Jd]
parconxxx: bets $6
kaputnikoff: raises $6 to $12
parconxxx: calls $2 and is all-in
Uncalled bet ($4) returned to kaputnikoff
*** SHOW DOWN ***
kaputnikoff: shows [Ad 4d] (a straight, Ten to Ace)
parconxxx: shows [Ac 9c] (a straight, Ten to Ace)
parconxxx collected $19.75 from pot
kaputnikoff collected $19.75 from pot
*** SUMMARY ***
Total pot $40 | Rake $0.50
Board [Ks Qs Kh Th Jd]
Seat 1: kaputnikoff (button) (small blind) showed [Ad 4d] and won ($19.75) with a straight, Ten to Ace
Seat 2: parconxxx (big blind) showed [Ac 9c] and won ($19.75) with a straight, Ten to Ace


PokerStars Hand #144897826606:  Hold'em Limit ($3/$6 USD) - 2015/12/06 3:27:23 ET
Table 'Santana' 2-max Seat #2 is the button
Seat 1: kaputnikoff ($118.51 in chips)
Seat 2: parconxxx ($19.75 in chips)
parconxxx: posts small blind $1
kaputnikoff: posts big blind $3
*** HOLE CARDS ***
parconxxx: raises $3 to $6
kaputnikoff: calls $3
*** FLOP *** [4s 8s Qs]
kaputnikoff: checks
parconxxx: checks
*** TURN *** [4s 8s Qs] [Th]
kaputnikoff: checks
parconxxx: bets $6
kaputnikoff: calls $6
*** RIVER *** [4s 8s Qs Th] [6s]
kaputnikoff: bets $6
parconxxx: raises $1.75 to $7.75 and is all-in
kaputnikoff: calls $1.75
*** SHOW DOWN ***
parconxxx: shows [As 9h] (a flush, Ace high)
kaputnikoff: shows [4d 5s] (a flush, Queen high)
parconxxx collected $39 from pot
*** SUMMARY ***
Total pot $39.50 | Rake $0.50
Board [4s 8s Qs Th 6s]
Seat 1: kaputnikoff (big blind) showed [4d 5s] and lost with a flush, Queen high
Seat 2: parconxxx (button) (small blind) showed [As 9h] and won ($39) with a flush, Ace high


PokerStars Hand #144897844465:  Hold'em Limit ($3/$6 USD) - 2015/12/06 3:28:15 ET
Table 'Santana' 2-max Seat #1 is the button
Seat 1: kaputnikoff ($98.76 in chips)
Seat 2: parconxxx ($39 in chips)
kaputnikoff: posts small blind $1
parconxxx: posts big blind $3
*** HOLE CARDS ***
kaputnikoff: folds
Uncalled bet ($2) returned to parconxxx
parconxxx collected $2 from pot
parconxxx: doesn't show hand
*** SUMMARY ***
Total pot $2 | Rake $0
Seat 1: kaputnikoff (button) (small blind) folded before Flop
Seat 2: parconxxx (big blind) collected ($2)


PokerStars Hand #144897847086:  Hold'em Limit ($3/$6 USD) - 2015/12/06 3:28:23 ET
Table 'Santana' 2-max Seat #2 is the button
Seat 1: kaputnikoff ($97.76 in chips)
Seat 2: parconxxx ($40 in chips)
parconxxx: posts small blind $1
kaputnikoff: posts big blind $3
*** HOLE CARDS ***
parconxxx: raises $3 to $6
kaputnikoff: raises $3 to $9
parconxxx: calls $3
*** FLOP *** [7d Qd Qs]
kaputnikoff: bets $3
parconxxx: calls $3
*** TURN *** [7d Qd Qs] [7h]
kaputnikoff: checks
parconxxx: bets $6
kaputnikoff: folds
Uncalled bet ($6) returned to parconxxx
parconxxx collected $23.52 from pot
parconxxx: doesn't show hand
*** SUMMARY ***
Total pot $24 | Rake $0.48
Board [7d Qd Qs 7h]
Seat 1: kaputnikoff (big blind) folded on the Turn
Seat 2: parconxxx (button) (small blind) collected ($23.52)


PokerStars Hand #144897879451:  Hold'em Limit ($3/$6 USD) - 2015/12/06 3:29:57 ET
Table 'Santana' 2-max Seat #1 is the button
Seat 1: kaputnikoff ($117.90 in chips)
Seat 2: parconxxx ($18.52 in chips)
kaputnikoff: posts small blind $1
parconxxx: posts big blind $3
*** HOLE CARDS ***
kaputnikoff: raises $3 to $6
parconxxx: raises $3 to $9
kaputnikoff: calls $3
*** FLOP *** [8s Td As]
parconxxx: bets $3
kaputnikoff: calls $3
*** TURN *** [8s Td As] [7s]
parconxxx: bets $6
kaputnikoff: raises $6 to $12
parconxxx: calls $0.52 and is all-in
Uncalled bet ($5.48) returned to kaputnikoff
*** RIVER *** [8s Td As 7s] [9s]
*** SHOW DOWN ***
parconxxx: shows [Qh Qd] (a pair of Queens)
kaputnikoff: shows [8c 7c] (two pair, Eights and Sevens)
kaputnikoff collected $36.54 from pot
*** SUMMARY ***
Total pot $37.04 | Rake $0.50
Board [8s Td As 7s 9s]
Seat 1: kaputnikoff (button) (small blind) showed [8c 7c] and won ($36.54) with two pair, Eights and Sevens
Seat 2: parconxxx (big blind) showed [Qh Qd] and lost with a pair of Queens


PokerStars Hand #144897858790:  Hold'em Limit ($3/$6 USD) - 2015/12/06 3:28:57 ET
Table 'Santana' 2-max Seat #1 is the button
Seat 1: kaputnikoff ($85.76 in chips)
Seat 2: parconxxx ($51.52 in chips)
kaputnikoff: posts small blind $1
parconxxx: posts big blind $3
*** HOLE CARDS ***
kaputnikoff: raises $3 to $6
parconxxx: calls $3
*** FLOP *** [7c 2s 8s]
parconxxx: bets $3
kaputnikoff: calls $3
*** TURN *** [7c 2s 8s] [Jd]
parconxxx: checks
kaputnikoff: checks
*** RIVER *** [7c 2s 8s Jd] [2h]
parconxxx: checks
kaputnikoff: checks
*** SHOW DOWN ***
parconxxx: shows [4h 5c] (a pair of Deuces)
kaputnikoff: shows [Ac 4s] (a pair of Deuces - Ace kicker)
kaputnikoff collected $17.64 from pot
*** SUMMARY ***
Total pot $18 | Rake $0.36
Board [7c 2s 8s Jd 2h]
Seat 1: kaputnikoff (button) (small blind) showed [Ac 4s] and won ($17.64) with a pair of Deuces
Seat 2: parconxxx (big blind) showed [4h 5c] and lost with a pair of Deuces


PokerStars Hand #144897868431:  Hold'em Limit ($3/$6 USD) - 2015/12/06 3:29:25 ET
Table 'Santana' 2-max Seat #2 is the button
Seat 1: kaputnikoff ($94.40 in chips)
Seat 2: parconxxx ($42.52 in chips)
parconxxx: posts small blind $1
kaputnikoff: posts big blind $3
*** HOLE CARDS ***
parconxxx: raises $3 to $6
kaputnikoff: calls $3
*** FLOP *** [4c Kc Ac]
kaputnikoff: checks
parconxxx: bets $3
kaputnikoff: raises $3 to $6
parconxxx: calls $3
*** TURN *** [4c Kc Ac] [Jh]
kaputnikoff: bets $6
parconxxx: calls $6
*** RIVER *** [4c Kc Ac Jh] [Td]
kaputnikoff: bets $6
parconxxx: calls $6
*** SHOW DOWN ***
kaputnikoff: shows [8c 6c] (a flush, Ace high)
parconxxx: mucks hand
kaputnikoff collected $47.50 from pot
*** SUMMARY ***
Total pot $48 | Rake $0.50
Board [4c Kc Ac Jh Td]
Seat 1: kaputnikoff (big blind) showed [8c 6c] and won ($47.50) with a flush, Ace high
Seat 2: parconxxx (button) (small blind) mucked


PokerStars Hand #144898691190:  Hold'em Limit ($3/$6 USD) - 2015/12/06 4:07:40 ET
Table 'Santana' 2-max Seat #1 is the button
Seat 1: kaputnikoff ($138.80 in chips)
Seat 2: dodge658 ($48.08 in chips)
kaputnikoff: posts small blind $1
dodge658: posts big blind $3
*** HOLE CARDS ***
kaputnikoff: raises $3 to $6
dodge658: calls $3
*** FLOP *** [6s 6d 5h]
dodge658: bets $3
kaputnikoff: calls $3
*** TURN *** [6s 6d 5h] [3s]
dodge658: bets $6
kaputnikoff: calls $6
*** RIVER *** [6s 6d 5h 3s] [2h]
dodge658: bets $6
kaputnikoff: folds
Uncalled bet ($6) returned to dodge658
dodge658 collected $29.50 from pot
dodge658: doesn't show hand
*** SUMMARY ***
Total pot $30 | Rake $0.50
Board [6s 6d 5h 3s 2h]
Seat 1: kaputnikoff (button) (small blind) folded on the River
Seat 2: dodge658 (big blind) collected ($29.50)


PokerStars Hand #144898674619:  Hold'em Limit ($3/$6 USD) - 2015/12/06 4:07:00 ET
Table 'Santana' 2-max Seat #2 is the button
Seat 1: kaputnikoff ($135.92 in chips)
Seat 2: dodge658 ($51.08 in chips)
dodge658: posts small blind $1
kaputnikoff: posts big blind $3
*** HOLE CARDS ***
dodge658: calls $2
kaputnikoff: checks
*** FLOP *** [5d 5c Jh]
kaputnikoff: checks
dodge658: checks
*** TURN *** [5d 5c Jh] [6d]
kaputnikoff: bets $6
dodge658: folds
Uncalled bet ($6) returned to kaputnikoff
kaputnikoff collected $5.88 from pot
kaputnikoff: doesn't show hand
*** SUMMARY ***
Total pot $6 | Rake $0.12
Board [5d 5c Jh 6d]
Seat 1: kaputnikoff (big blind) collected ($5.88)
Seat 2: dodge658 (button) (small blind) folded on the Turn


PokerStars Hand #144898710098:  Hold'em Limit ($3/$6 USD) - 2015/12/06 4:08:27 ET
Table 'Santana' 2-max Seat #1 is the button
Seat 1: kaputnikoff ($129.56 in chips)
Seat 2: dodge658 ($56.58 in chips)
kaputnikoff: posts small blind $1
dodge658: posts big blind $3
*** HOLE CARDS ***
kaputnikoff: raises $3 to $6
dodge658: calls $3
*** FLOP *** [8c 8h Th]
dodge658: bets $3
kaputnikoff: raises $3 to $6
dodge658: calls $3
*** TURN *** [8c 8h Th] [Qd]
dodge658: bets $6
kaputnikoff: calls $6
*** RIVER *** [8c 8h Th Qd] [4h]
dodge658: bets $6
kaputnikoff: raises $6 to $12
dodge658: folds
Uncalled bet ($6) returned to kaputnikoff
kaputnikoff collected $47.50 from pot
kaputnikoff: doesn't show hand
*** SUMMARY ***
Total pot $48 | Rake $0.50
Board [8c 8h Th Qd 4h]
Seat 1: kaputnikoff (button) (small blind) collected ($47.50)
Seat 2: dodge658 (big blind) folded on the River


PokerStars Hand #144898702389:  Hold'em Limit ($3/$6 USD) - 2015/12/06 4:08:08 ET
Table 'Santana' 2-max Seat #2 is the button
Seat 1: kaputnikoff ($123.80 in chips)
Seat 2: dodge658 ($62.58 in chips)
dodge658: posts small blind $1
kaputnikoff: posts big blind $3
*** HOLE CARDS ***
dodge658: calls $2
kaputnikoff: raises $3 to $6
dodge658: calls $3
*** FLOP *** [Qc Ac 9s]
kaputnikoff: bets $3
dodge658: folds
Uncalled bet ($3) returned to kaputnikoff
kaputnikoff collected $11.76 from pot
kaputnikoff: doesn't show hand
*** SUMMARY ***
Total pot $12 | Rake $0.24
Board [Qc Ac 9s]
Seat 1: kaputnikoff (big blind) collected ($11.76)
Seat 2: dodge658 (button) (small blind) folded on the Flop


PokerStars Hand #144898726042:  Hold'em Limit ($3/$6 USD) - 2015/12/06 4:09:05 ET
Table 'Santana' 2-max Seat #2 is the button
Seat 1: kaputnikoff ($153.06 in chips)
Seat 2: dodge658 ($32.58 in chips)
dodge658: posts small blind $1
kaputnikoff: posts big blind $3
*** HOLE CARDS ***
dodge658: folds
Uncalled bet ($2) returned to kaputnikoff
kaputnikoff collected $2 from pot
kaputnikoff: doesn't show hand
*** SUMMARY ***
Total pot $2 | Rake $0
Seat 1: kaputnikoff (big blind) collected ($2)
Seat 2: dodge658 (button) (small blind) folded before Flop


PokerStars Hand #144898738782:  Hold'em Limit ($3/$6 USD) - 2015/12/06 4:09:36 ET
Table 'Santana' 2-max Seat #2 is the button
Seat 1: kaputnikoff ($145.06 in chips)
Seat 2: dodge658 ($40.22 in chips)
dodge658: posts small blind $1
kaputnikoff: posts big blind $3
*** HOLE CARDS ***
dodge658: raises $3 to $6
kaputnikoff: calls $3
*** FLOP *** [6h Kd 5d]
kaputnikoff: checks
dodge658: checks
*** TURN *** [6h Kd 5d] [Jh]
kaputnikoff: bets $6
dodge658: folds
Uncalled bet ($6) returned to kaputnikoff
kaputnikoff collected $11.76 from pot
kaputnikoff: doesn't show hand
*** SUMMARY ***
Total pot $12 | Rake $0.24
Board [6h Kd 5d Jh]
Seat 1: kaputnikoff (big blind) collected ($11.76)
Seat 2: dodge658 (button) (small blind) folded on the Turn


PokerStars Hand #144898749199:  Hold'em Limit ($3/$6 USD) - 2015/12/06 4:10:02 ET
Table 'Santana' 2-max Seat #1 is the button
Seat 1: kaputnikoff ($150.82 in chips)
Seat 2: dodge658 ($34.22 in chips)
kaputnikoff: posts small blind $1
dodge658: posts big blind $3
*** HOLE CARDS ***
kaputnikoff: raises $3 to $6
dodge658: calls $3
*** FLOP *** [6d 6s Ks]
dodge658: bets $3
kaputnikoff: folds
Uncalled bet ($3) returned to dodge658
dodge658 collected $11.76 from pot
dodge658: doesn't show hand
*** SUMMARY ***
Total pot $12 | Rake $0.24
Board [6d 6s Ks]
Seat 1: kaputnikoff (button) (small blind) folded on the Flop
Seat 2: dodge658 (big blind) collected ($11.76)


PokerStars Hand #144898765298:  Hold'em Limit ($3/$6 USD) - 2015/12/06 4:10:42 ET
Table 'Santana' 2-max Seat #1 is the button
Seat 1: kaputnikoff ($132.82 in chips)
Seat 2: dodge658 ($51.50 in chips)
kaputnikoff: posts small blind $1
dodge658: posts big blind $3
*** HOLE CARDS ***
kaputnikoff: folds
Uncalled bet ($2) returned to dodge658
dodge658 collected $2 from pot
dodge658: doesn't show hand
*** SUMMARY ***
Total pot $2 | Rake $0
Seat 1: kaputnikoff (button) (small blind) folded before Flop
Seat 2: dodge658 (big blind) collected ($2)


PokerStars Hand #144898753993:  Hold'em Limit ($3/$6 USD) - 2015/12/06 4:10:14 ET
Table 'Santana' 2-max Seat #2 is the button
Seat 1: kaputnikoff ($144.82 in chips)
Seat 2: dodge658 ($39.98 in chips)
dodge658: posts small blind $1
kaputnikoff: posts big blind $3
*** HOLE CARDS ***
dodge658: calls $2
kaputnikoff: checks
*** FLOP *** [9c Kh Jh]
kaputnikoff: checks
dodge658: bets $3
kaputnikoff: calls $3
*** TURN *** [9c Kh Jh] [7c]
kaputnikoff: checks
dodge658: bets $6
kaputnikoff: calls $6
*** RIVER *** [9c Kh Jh 7c] [4h]
kaputnikoff: checks
dodge658: bets $6
kaputnikoff: folds
Uncalled bet ($6) returned to dodge658
dodge658 collected $23.52 from pot
dodge658: doesn't show hand
*** SUMMARY ***
Total pot $24 | Rake $0.48
Board [9c Kh Jh 7c 4h]
Seat 1: kaputnikoff (big blind) folded on the River
Seat 2: dodge658 (button) (small blind) collected ($23.52)


PokerStars Hand #144898768177:  Hold'em Limit ($3/$6 USD) - 2015/12/06 4:10:50 ET
Table 'Santana' 2-max Seat #2 is the button
Seat 1: kaputnikoff ($131.82 in chips)
Seat 2: dodge658 ($52.50 in chips)
dodge658: posts small blind $1
kaputnikoff: posts big blind $3
*** HOLE CARDS ***
dodge658: calls $2
kaputnikoff: raises $3 to $6
dodge658: calls $3
*** FLOP *** [7c 3h 7h]
kaputnikoff: bets $3
dodge658: calls $3
*** TURN *** [7c 3h 7h] [Th]
kaputnikoff: bets $6
dodge658: calls $6
*** RIVER *** [7c 3h 7h Th] [2c]
kaputnikoff: bets $6
dodge658: raises $6 to $12
kaputnikoff: raises $6 to $18
dodge658: folds
Uncalled bet ($6) returned to kaputnikoff
kaputnikoff collected $53.50 from pot
kaputnikoff: doesn't show hand
*** SUMMARY ***
Total pot $54 | Rake $0.50
Board [7c 3h 7h Th 2c]
Seat 1: kaputnikoff (big blind) collected ($53.50)
Seat 2: dodge658 (button) (small blind) folded on the River


PokerStars Hand #144898783384:  Hold'em Limit ($3/$6 USD) - 2015/12/06 4:11:27 ET
Table 'Santana' 2-max Seat #1 is the button
Seat 1: kaputnikoff ($158.32 in chips)
Seat 2: dodge658 ($25.50 in chips)
kaputnikoff: posts small blind $1
dodge658: posts big blind $3
*** HOLE CARDS ***
kaputnikoff: raises $3 to $6
dodge658: calls $3
*** FLOP *** [9c 4s Jd]
dodge658: checks
kaputnikoff: checks
*** TURN *** [9c 4s Jd] [2h]
dodge658: checks
kaputnikoff: checks
*** RIVER *** [9c 4s Jd 2h] [Kd]
dodge658: checks
kaputnikoff: bets $6
dodge658: calls $6
*** SHOW DOWN ***
kaputnikoff: shows [Ks 6h] (a pair of Kings)
dodge658: mucks hand
kaputnikoff collected $23.52 from pot
*** SUMMARY ***
Total pot $24 | Rake $0.48
Board [9c 4s Jd 2h Kd]
Seat 1: kaputnikoff (button) (small blind) showed [Ks 6h] and won ($23.52) with a pair of Kings
Seat 2: dodge658 (big blind) mucked


PokerStars Hand #144898794270:  Hold'em Limit ($3/$6 USD) - 2015/12/06 4:11:53 ET
Table 'Santana' 2-max Seat #2 is the button
Seat 1: kaputnikoff ($169.84 in chips)
Seat 2: dodge658 ($13.50 in chips)
dodge658: posts small blind $1
kaputnikoff: posts big blind $3
*** HOLE CARDS ***
dodge658: calls $2
kaputnikoff: checks
*** FLOP *** [5d Jc Ad]
kaputnikoff: checks
dodge658: bets $3
kaputnikoff: folds
Uncalled bet ($3) returned to dodge658
dodge658 collected $5.88 from pot
dodge658: doesn't show hand
*** SUMMARY ***
Total pot $6 | Rake $0.12
Board [5d Jc Ad]
Seat 1: kaputnikoff (big blind) folded on the Flop
Seat 2: dodge658 (button) (small blind) collected ($5.88)


PokerStars Hand #144898801935:  Hold'em Limit ($3/$6 USD) - 2015/12/06 4:12:12 ET
Table 'Santana' 2-max Seat #1 is the button
Seat 1: kaputnikoff ($166.84 in chips)
Seat 2: dodge658 ($16.38 in chips)
kaputnikoff: posts small blind $1
dodge658: posts big blind $3
*** HOLE CARDS ***
kaputnikoff: raises $3 to $6
dodge658: calls $3
*** FLOP *** [Qd 8h 2d]
dodge658: bets $3
kaputnikoff: raises $3 to $6
dodge658: calls $3
*** TURN *** [Qd 8h 2d] [7s]
dodge658: bets $4.38 and is all-in
kaputnikoff: calls $4.38
*** RIVER *** [Qd 8h 2d 7s] [Ts]
*** SHOW DOWN ***
dodge658: shows [Qh Kd] (a pair of Queens)
kaputnikoff: shows [2s Qc] (two pair, Queens and Deuces)
kaputnikoff collected $32.26 from pot
*** SUMMARY ***
Total pot $32.76 | Rake $0.50
Board [Qd 8h 2d 7s Ts]
Seat 1: kaputnikoff (button) (small blind) showed [2s Qc] and won ($32.26) with two pair, Queens and Deuces
Seat 2: dodge658 (big blind) showed [Qh Kd] and lost with a pair of Queens


PokerStars Hand #144898920328:  Hold'em Limit ($3/$6 USD) - 2015/12/06 4:17:01 ET
Table 'Santana' 2-max Seat #2 is the button
Seat 1: kaputnikoff ($182.72 in chips)
Seat 2: dodge658 ($44.08 in chips)
dodge658: posts small blind $1
kaputnikoff: posts big blind $3
*** HOLE CARDS ***
dodge658: calls $2
kaputnikoff: checks
*** FLOP *** [8s As 8c]
kaputnikoff: bets $3
dodge658: calls $3
*** TURN *** [8s As 8c] [2h]
kaputnikoff: checks
dodge658: checks
*** RIVER *** [8s As 8c 2h] [4h]
kaputnikoff: checks
dodge658: checks
*** SHOW DOWN ***
kaputnikoff: shows [2s 5h] (two pair, Eights and Deuces)
dodge658: mucks hand
kaputnikoff collected $11.76 from pot
*** SUMMARY ***
Total pot $12 | Rake $0.24
Board [8s As 8c 2h 4h]
Seat 1: kaputnikoff (big blind) showed [2s 5h] and won ($11.76) with two pair, Eights and Deuces
Seat 2: dodge658 (button) (small blind) mucked


PokerStars Hand #144898941489:  Hold'em Limit ($3/$6 USD) - 2015/12/06 4:17:51 ET
Table 'Santana' 2-max Seat #2 is the button
Seat 1: kaputnikoff ($191.48 in chips)
Seat 2: dodge658 ($35.08 in chips)
dodge658: posts small blind $1
kaputnikoff: posts big blind $3
*** HOLE CARDS ***
dodge658: calls $2
kaputnikoff: raises $3 to $6
dodge658: calls $3
*** FLOP *** [7d 3c 7h]
kaputnikoff: bets $3
dodge658: calls $3
*** TURN *** [7d 3c 7h] [3s]
kaputnikoff: checks
dodge658: checks
*** RIVER *** [7d 3c 7h 3s] [9s]
kaputnikoff: bets $6
dodge658: folds
Uncalled bet ($6) returned to kaputnikoff
kaputnikoff collected $17.64 from pot
kaputnikoff: doesn't show hand
*** SUMMARY ***
Total pot $18 | Rake $0.36
Board [7d 3c 7h 3s 9s]
Seat 1: kaputnikoff (big blind) collected ($17.64)
Seat 2: dodge658 (button) (small blind) folded on the River


PokerStars Hand #144899063711:  Hold'em Limit ($3/$6 USD) - 2015/12/06 4:22:44 ET
Table 'Santana' 2-max Seat #1 is the button
Seat 1: kaputnikoff ($200.12 in chips)
Seat 2: dodge658 ($26.08 in chips)
kaputnikoff: posts small blind $1
dodge658: posts big blind $3
*** HOLE CARDS ***
kaputnikoff: raises $3 to $6
dodge658: calls $3
*** FLOP *** [9h 6h 4c]
dodge658: checks
kaputnikoff: bets $3
dodge658: calls $3
*** TURN *** [9h 6h 4c] [9c]
dodge658: checks
kaputnikoff: bets $6
dodge658: folds
Uncalled bet ($6) returned to kaputnikoff
kaputnikoff collected $17.64 from pot
kaputnikoff: doesn't show hand
*** SUMMARY ***
Total pot $18 | Rake $0.36
Board [9h 6h 4c 9c]
Seat 1: kaputnikoff (button) (small blind) collected ($17.64)
Seat 2: dodge658 (big blind) folded on the Turn


PokerStars Hand #144899084270:  Hold'em Limit ($3/$6 USD) - 2015/12/06 4:23:33 ET
Table 'Santana' 2-max Seat #1 is the button
Seat 1: kaputnikoff ($205.76 in chips)
Seat 2: dodge658 ($19.96 in chips)
kaputnikoff: posts small blind $1
dodge658: posts big blind $3
*** HOLE CARDS ***
kaputnikoff: raises $3 to $6
dodge658: calls $3
*** FLOP *** [4c Kh Ad]
dodge658: bets $3
kaputnikoff: calls $3
*** TURN *** [4c Kh Ad] [3h]
dodge658: bets $6
kaputnikoff: raises $6 to $12
dodge658: calls $4.96 and is all-in
Uncalled bet ($1.04) returned to kaputnikoff
*** RIVER *** [4c Kh Ad 3h] [5c]
*** SHOW DOWN ***
dodge658: shows [Kc Jc] (a pair of Kings)
kaputnikoff: shows [Ks Qc] (a pair of Kings - Ace+Queen kicker)
kaputnikoff collected $39.42 from pot
*** SUMMARY ***
Total pot $39.92 | Rake $0.50
Board [4c Kh Ad 3h 5c]
Seat 1: kaputnikoff (button) (small blind) showed [Ks Qc] and won ($39.42) with a pair of Kings
Seat 2: dodge658 (big blind) showed [Kc Jc] and lost with a pair of Kings


PokerStars Hand #144899077439:  Hold'em Limit ($3/$6 USD) - 2015/12/06 4:23:17 ET
Table 'Santana' 2-max Seat #2 is the button
Seat 1: kaputnikoff ($208.76 in chips)
Seat 2: dodge658 ($17.08 in chips)
dodge658: posts small blind $1
kaputnikoff: posts big blind $3
*** HOLE CARDS ***
dodge658: calls $2
kaputnikoff: checks
*** FLOP *** [9s Tc Ad]
kaputnikoff: checks
dodge658: bets $3
kaputnikoff: folds
Uncalled bet ($3) returned to dodge658
dodge658 collected $5.88 from pot
dodge658: doesn't show hand
*** SUMMARY ***
Total pot $6 | Rake $0.12
Board [9s Tc Ad]
Seat 1: kaputnikoff (big blind) folded on the Flop
Seat 2: dodge658 (button) (small blind) collected ($5.88)


PokerStars Hand #144900914297:  Hold'em Limit ($3/$6 USD) - 2015/12/06 5:30:30 ET
Table 'Santana' 2-max Seat #2 is the button
Seat 1: kaputnikoff ($225.22 in chips)
Seat 2: dodge658 ($57.16 in chips)
dodge658: posts small blind $1
kaputnikoff: posts big blind $3
*** HOLE CARDS ***
dodge658: calls $2
kaputnikoff: raises $3 to $6
dodge658: calls $3
*** FLOP *** [Jh 6d Kh]
kaputnikoff: bets $3
dodge658: calls $3
*** TURN *** [Jh 6d Kh] [9s]
kaputnikoff: checks
dodge658: bets $6
kaputnikoff: calls $6
*** RIVER *** [Jh 6d Kh 9s] [8h]
kaputnikoff: checks
dodge658: bets $6
kaputnikoff: folds
Uncalled bet ($6) returned to dodge658
dodge658 collected $29.50 from pot
dodge658: doesn't show hand
*** SUMMARY ***
Total pot $30 | Rake $0.50
Board [Jh 6d Kh 9s 8h]
Seat 1: kaputnikoff (big blind) folded on the River
Seat 2: dodge658 (button) (small blind) collected ($29.50)


PokerStars Hand #144900945768:  Hold'em Limit ($3/$6 USD) - 2015/12/06 5:31:34 ET
Table 'Santana' 2-max Seat #2 is the button
Seat 1: kaputnikoff ($189.22 in chips)
Seat 2: dodge658 ($92.16 in chips)
dodge658: posts small blind $1
kaputnikoff: posts big blind $3
*** HOLE CARDS ***
dodge658: calls $2
kaputnikoff: raises $3 to $6
dodge658: calls $3
*** FLOP *** [5h 5d Kc]
kaputnikoff: checks
dodge658: checks
*** TURN *** [5h 5d Kc] [9d]
kaputnikoff: checks
dodge658: checks
*** RIVER *** [5h 5d Kc 9d] [Ts]
kaputnikoff: bets $6
dodge658: folds
Uncalled bet ($6) returned to kaputnikoff
kaputnikoff collected $11.76 from pot
kaputnikoff: doesn't show hand
*** SUMMARY ***
Total pot $12 | Rake $0.24
Board [5h 5d Kc 9d Ts]
Seat 1: kaputnikoff (big blind) collected ($11.76)
Seat 2: dodge658 (button) (small blind) folded on the River


PokerStars Hand #144900932548:  Hold'em Limit ($3/$6 USD) - 2015/12/06 5:31:07 ET
Table 'Santana' 2-max Seat #1 is the button
Seat 1: kaputnikoff ($210.22 in chips)
Seat 2: dodge658 ($71.66 in chips)
kaputnikoff: posts small blind $1
dodge658: posts big blind $3
*** HOLE CARDS ***
kaputnikoff: raises $3 to $6
dodge658: calls $3
*** FLOP *** [Qc As 5s]
dodge658: bets $3
kaputnikoff: calls $3
*** TURN *** [Qc As 5s] [7d]
dodge658: bets $6
kaputnikoff: calls $6
*** RIVER *** [Qc As 5s 7d] [5d]
dodge658: bets $6
kaputnikoff: calls $6
*** SHOW DOWN ***
dodge658: shows [Jh Ad] (two pair, Aces and Fives)
kaputnikoff: mucks hand
dodge658 collected $41.50 from pot
*** SUMMARY ***
Total pot $42 | Rake $0.50
Board [Qc As 5s 7d 5d]
Seat 1: kaputnikoff (button) (small blind) mucked
Seat 2: dodge658 (big blind) showed [Jh Ad] and won ($41.50) with two pair, Aces and Fives


PokerStars Hand #144900984610:  Hold'em Limit ($3/$6 USD) - 2015/12/06 5:32:53 ET
Table 'Santana' 2-max Seat #1 is the button
Seat 1: kaputnikoff ($161.98 in chips)
Seat 2: dodge658 ($118.54 in chips)
kaputnikoff: posts small blind $1
dodge658: posts big blind $3
*** HOLE CARDS ***
kaputnikoff: folds
Uncalled bet ($2) returned to dodge658
dodge658 collected $2 from pot
dodge658: doesn't show hand
*** SUMMARY ***
Total pot $2 | Rake $0
Seat 1: kaputnikoff (button) (small blind) folded before Flop
Seat 2: dodge658 (big blind) collected ($2)


PokerStars Hand #144900987532:  Hold'em Limit ($3/$6 USD) - 2015/12/06 5:32:58 ET
Table 'Santana' 2-max Seat #2 is the button
Seat 1: kaputnikoff ($160.98 in chips)
Seat 2: dodge658 ($119.54 in chips)
dodge658: posts small blind $1
kaputnikoff: posts big blind $3
*** HOLE CARDS ***
dodge658: calls $2
kaputnikoff: raises $3 to $6
dodge658: calls $3
*** FLOP *** [3c 5h 7h]
kaputnikoff: bets $3
dodge658: calls $3
*** TURN *** [3c 5h 7h] [8c]
kaputnikoff: checks
dodge658: checks
*** RIVER *** [3c 5h 7h 8c] [Qs]
kaputnikoff: bets $6
dodge658: folds
Uncalled bet ($6) returned to kaputnikoff
kaputnikoff collected $17.64 from pot
kaputnikoff: doesn't show hand
*** SUMMARY ***
Total pot $18 | Rake $0.36
Board [3c 5h 7h 8c Qs]
Seat 1: kaputnikoff (big blind) collected ($17.64)
Seat 2: dodge658 (button) (small blind) folded on the River


PokerStars Hand #144900978193:  Hold'em Limit ($3/$6 USD) - 2015/12/06 5:32:40 ET
Table 'Santana' 2-max Seat #2 is the button
Seat 1: kaputnikoff ($164.98 in chips)
Seat 2: dodge658 ($115.66 in chips)
dodge658: posts small blind $1
kaputnikoff: posts big blind $3
*** HOLE CARDS ***
dodge658: calls $2
kaputnikoff: checks
*** FLOP *** [Qd 8s 8c]
kaputnikoff: checks
dodge658: bets $3
kaputnikoff: folds
Uncalled bet ($3) returned to dodge658
dodge658 collected $5.88 from pot
dodge658: doesn't show hand
*** SUMMARY ***
Total pot $6 | Rake $0.12
Board [Qd 8s 8c]
Seat 1: kaputnikoff (big blind) folded on the Flop
Seat 2: dodge658 (button) (small blind) collected ($5.88)


PokerStars Hand #144900962714:  Hold'em Limit ($3/$6 USD) - 2015/12/06 5:32:09 ET
Table 'Santana' 2-max Seat #1 is the button
Seat 1: kaputnikoff ($194.98 in chips)
Seat 2: dodge658 ($86.16 in chips)
kaputnikoff: posts small blind $1
dodge658: posts big blind $3
*** HOLE CARDS ***
kaputnikoff: raises $3 to $6
dodge658: raises $3 to $9
kaputnikoff: calls $3
*** FLOP *** [6s 7d 7s]
dodge658: bets $3
kaputnikoff: calls $3
*** TURN *** [6s 7d 7s] [3d]
dodge658: bets $6
kaputnikoff: calls $6
*** RIVER *** [6s 7d 7s 3d] [Js]
dodge658: bets $6
kaputnikoff: raises $6 to $12
dodge658: raises $6 to $18
kaputnikoff: folds
Uncalled bet ($6) returned to dodge658
dodge658 collected $59.50 from pot
dodge658: doesn't show hand
*** SUMMARY ***
Total pot $60 | Rake $0.50
Board [6s 7d 7s 3d Js]
Seat 1: kaputnikoff (button) (small blind) folded on the River
Seat 2: dodge658 (big blind) collected ($59.50)


PokerStars Hand #144901007660:  Hold'em Limit ($3/$6 USD) - 2015/12/06 5:33:38 ET
Table 'Santana' 2-max Seat #2 is the button
Seat 1: kaputnikoff ($163.62 in chips)
Seat 2: dodge658 ($116.30 in chips)
dodge658: posts small blind $1
kaputnikoff: posts big blind $3
*** HOLE CARDS ***
dodge658: calls $2
kaputnikoff: checks
*** FLOP *** [Td 8c Tc]
kaputnikoff: checks
dodge658: checks
*** TURN *** [Td 8c Tc] [7h]
kaputnikoff: bets $6
dodge658: calls $6
*** RIVER *** [Td 8c Tc 7h] [5s]
kaputnikoff: bets $6
dodge658: folds
Uncalled bet ($6) returned to kaputnikoff
kaputnikoff collected $17.64 from pot
kaputnikoff: doesn't show hand
*** SUMMARY ***
Total pot $18 | Rake $0.36
Board [Td 8c Tc 7h 5s]
Seat 1: kaputnikoff (big blind) collected ($17.64)
Seat 2: dodge658 (button) (small blind) folded on the River


PokerStars Hand #144901020670:  Hold'em Limit ($3/$6 USD) - 2015/12/06 5:34:04 ET
Table 'Santana' 2-max Seat #1 is the button
Seat 1: kaputnikoff ($172.26 in chips)
Seat 2: dodge658 ($107.30 in chips)
kaputnikoff: posts small blind $1
dodge658: posts big blind $3
*** HOLE CARDS ***
kaputnikoff: raises $3 to $6
dodge658: calls $3
*** FLOP *** [3c Jc Jd]
dodge658: bets $3
kaputnikoff: raises $3 to $6
dodge658: calls $3
*** TURN *** [3c Jc Jd] [Kc]
dodge658: bets $6
kaputnikoff: raises $6 to $12
dodge658: calls $6
*** RIVER *** [3c Jc Jd Kc] [3s]
dodge658: bets $6
kaputnikoff: calls $6
*** SHOW DOWN ***
dodge658: shows [7h Ks] (two pair, Kings and Jacks)
kaputnikoff: shows [4c 7c] (a flush, King high)
kaputnikoff collected $59.50 from pot
*** SUMMARY ***
Total pot $60 | Rake $0.50
Board [3c Jc Jd Kc 3s]
Seat 1: kaputnikoff (button) (small blind) showed [4c 7c] and won ($59.50) with a flush, King high
Seat 2: dodge658 (big blind) showed [7h Ks] and lost with two pair, Kings and Jacks


PokerStars Hand #144900999276:  Hold'em Limit ($3/$6 USD) - 2015/12/06 5:33:22 ET
Table 'Santana' 2-max Seat #1 is the button
Seat 1: kaputnikoff ($169.62 in chips)
Seat 2: dodge658 ($110.54 in chips)
kaputnikoff: posts small blind $1
dodge658: posts big blind $3
*** HOLE CARDS ***
kaputnikoff: raises $3 to $6
dodge658: calls $3
*** FLOP *** [Qc 8h Kc]
dodge658: bets $3
kaputnikoff: folds
Uncalled bet ($3) returned to dodge658
dodge658 collected $11.76 from pot
dodge658: doesn't show hand
*** SUMMARY ***
Total pot $12 | Rake $0.24
Board [Qc 8h Kc]
Seat 1: kaputnikoff (button) (small blind) folded on the Flop
Seat 2: dodge658 (big blind) collected ($11.76)


PokerStars Hand #144901033642:  Hold'em Limit ($3/$6 USD) - 2015/12/06 5:34:30 ET
Table 'Santana' 2-max Seat #2 is the button
Seat 1: kaputnikoff ($201.76 in chips)
Seat 2: dodge658 ($77.30 in chips)
dodge658: posts small blind $1
kaputnikoff: posts big blind $3
*** HOLE CARDS ***
dodge658: calls $2
kaputnikoff: checks
*** FLOP *** [8h 9d 3h]
kaputnikoff: checks
dodge658: bets $3
kaputnikoff: raises $3 to $6
dodge658: calls $3
*** TURN *** [8h 9d 3h] [Ad]
kaputnikoff: bets $6
dodge658: calls $6
*** RIVER *** [8h 9d 3h Ad] [4h]
kaputnikoff: bets $6
dodge658: raises $6 to $12
kaputnikoff: calls $6
*** SHOW DOWN ***
dodge658: shows [3s 4c] (two pair, Fours and Threes)
kaputnikoff: mucks hand
dodge658 collected $53.50 from pot
*** SUMMARY ***
Total pot $54 | Rake $0.50
Board [8h 9d 3h Ad 4h]
Seat 1: kaputnikoff (big blind) mucked
Seat 2: dodge658 (button) (small blind) showed [3s 4c] and won ($53.50) with two pair, Fours and Threes


PokerStars Hand #144901054530:  Hold'em Limit ($3/$6 USD) - 2015/12/06 5:35:11 ET
Table 'Santana' 2-max Seat #2 is the button
Seat 1: kaputnikoff ($180.52 in chips)
Seat 2: dodge658 ($97.80 in chips)
dodge658: posts small blind $1
kaputnikoff: posts big blind $3
*** HOLE CARDS ***
dodge658: calls $2
kaputnikoff: raises $3 to $6
dodge658: calls $3
*** FLOP *** [9c 9d 2d]
kaputnikoff: bets $3
dodge658: calls $3
*** TURN *** [9c 9d 2d] [Ts]
kaputnikoff: bets $6
dodge658: raises $6 to $12
kaputnikoff: calls $6
*** RIVER *** [9c 9d 2d Ts] [Qs]
kaputnikoff: checks
dodge658: bets $6
kaputnikoff: calls $6
*** SHOW DOWN ***
dodge658: shows [4s Ac] (a pair of Nines)
kaputnikoff: shows [Qh Tc] (two pair, Queens and Tens)
kaputnikoff collected $53.50 from pot
*** SUMMARY ***
Total pot $54 | Rake $0.50
Board [9c 9d 2d Ts Qs]
Seat 1: kaputnikoff (big blind) showed [Qh Tc] and won ($53.50) with two pair, Queens and Tens
Seat 2: dodge658 (button) (small blind) showed [4s Ac] and lost with a pair of Nines


PokerStars Hand #144901045699:  Hold'em Limit ($3/$6 USD) - 2015/12/06 5:34:54 ET
Table 'Santana' 2-max Seat #1 is the button
Seat 1: kaputnikoff ($174.76 in chips)
Seat 2: dodge658 ($103.80 in chips)
kaputnikoff: posts small blind $1
dodge658: posts big blind $3
*** HOLE CARDS ***
kaputnikoff: raises $3 to $6
dodge658: calls $3
*** FLOP *** [Tc 7d 6d]
dodge658: checks
kaputnikoff: bets $3
dodge658: folds
Uncalled bet ($3) returned to kaputnikoff
kaputnikoff collected $11.76 from pot
kaputnikoff: doesn't show hand
*** SUMMARY ***
Total pot $12 | Rake $0.24
Board [Tc 7d 6d]
Seat 1: kaputnikoff (button) (small blind) collected ($11.76)
Seat 2: dodge658 (big blind) folded on the Flop


PokerStars Hand #144901065922:  Hold'em Limit ($3/$6 USD) - 2015/12/06 5:35:34 ET
Table 'Santana' 2-max Seat #1 is the button
Seat 1: kaputnikoff ($207.02 in chips)
Seat 2: dodge658 ($70.80 in chips)
kaputnikoff: posts small blind $1
dodge658: posts big blind $3
*** HOLE CARDS ***
kaputnikoff: raises $3 to $6
dodge658: calls $3
*** FLOP *** [8h 6c Ts]
dodge658: checks
kaputnikoff: bets $3
dodge658: calls $3
*** TURN *** [8h 6c Ts] [Kd]
dodge658: checks
kaputnikoff: checks
*** RIVER *** [8h 6c Ts Kd] [Js]
dodge658: checks
kaputnikoff: checks
*** SHOW DOWN ***
dodge658: shows [7d Ac] (high card Ace)
kaputnikoff: shows [7s 6d] (a pair of Sixes)
kaputnikoff collected $17.64 from pot
*** SUMMARY ***
Total pot $18 | Rake $0.36
Board [8h 6c Ts Kd Js]
Seat 1: kaputnikoff (button) (small blind) showed [7s 6d] and won ($17.64) with a pair of Sixes
Seat 2: dodge658 (big blind) showed [7d Ac] and lost with high card Ace


PokerStars Hand #144901083913:  Hold'em Limit ($3/$6 USD) - 2015/12/06 5:36:09 ET
Table 'Santana' 2-max Seat #2 is the button
Seat 1: kaputnikoff ($215.66 in chips)
Seat 2: dodge658 ($61.80 in chips)
dodge658: posts small blind $1
kaputnikoff: posts big blind $3
*** HOLE CARDS ***
dodge658: calls $2
kaputnikoff: checks
*** FLOP *** [8s Js 7d]
kaputnikoff: checks
dodge658: bets $3
kaputnikoff: folds
Uncalled bet ($3) returned to dodge658
dodge658 collected $5.88 from pot
dodge658: doesn't show hand
*** SUMMARY ***
Total pot $6 | Rake $0.12
Board [8s Js 7d]
Seat 1: kaputnikoff (big blind) folded on the Flop
Seat 2: dodge658 (button) (small blind) collected ($5.88)


PokerStars Hand #144901091609:  Hold'em Limit ($3/$6 USD) - 2015/12/06 5:36:24 ET
Table 'Santana' 2-max Seat #1 is the button
Seat 1: kaputnikoff ($212.66 in chips)
Seat 2: dodge658 ($64.68 in chips)
kaputnikoff: posts small blind $1
dodge658: posts big blind $3
*** HOLE CARDS ***
kaputnikoff: raises $3 to $6
dodge658: calls $3
*** FLOP *** [Kd Ah 5d]
dodge658: bets $3
kaputnikoff: calls $3
*** TURN *** [Kd Ah 5d] [Kc]
dodge658: bets $6
kaputnikoff: raises $6 to $12
dodge658: calls $6
*** RIVER *** [Kd Ah 5d Kc] [5c]
dodge658: bets $6
kaputnikoff: raises $6 to $12
dodge658: calls $6
*** SHOW DOWN ***
kaputnikoff: shows [5s Ks] (a full house, Kings full of Fives)
dodge658: mucks hand
kaputnikoff collected $65.50 from pot
*** SUMMARY ***
Total pot $66 | Rake $0.50
Board [Kd Ah 5d Kc 5c]
Seat 1: kaputnikoff (button) (small blind) showed [5s Ks] and won ($65.50) with a full house, Kings full of Fives
Seat 2: dodge658 (big blind) mucked


PokerStars Hand #144901104908:  Hold'em Limit ($3/$6 USD) - 2015/12/06 5:36:51 ET
Table 'Santana' 2-max Seat #2 is the button
Seat 1: kaputnikoff ($245.16 in chips)
Seat 2: dodge658 ($31.68 in chips)
dodge658: posts small blind $1
kaputnikoff: posts big blind $3
*** HOLE CARDS ***
dodge658: calls $2
kaputnikoff: raises $3 to $6
dodge658: calls $3
*** FLOP *** [9h 7c 7d]
kaputnikoff: bets $3
dodge658: calls $3
*** TURN *** [9h 7c 7d] [6c]
kaputnikoff: checks
dodge658: checks
*** RIVER *** [9h 7c 7d 6c] [3s]
kaputnikoff: checks
dodge658: bets $6
kaputnikoff: calls $6
*** SHOW DOWN ***
dodge658: shows [2s Kd] (a pair of Sevens)
kaputnikoff: shows [Qc 3c] (two pair, Sevens and Threes)
kaputnikoff collected $29.50 from pot
*** SUMMARY ***
Total pot $30 | Rake $0.50
Board [9h 7c 7d 6c 3s]
Seat 1: kaputnikoff (big blind) showed [Qc 3c] and won ($29.50) with two pair, Sevens and Threes
Seat 2: dodge658 (button) (small blind) showed [2s Kd] and lost with a pair of Sevens


PokerStars Hand #144901115927:  Hold'em Limit ($3/$6 USD) - 2015/12/06 5:37:13 ET
Table 'Santana' 2-max Seat #1 is the button
Seat 1: kaputnikoff ($259.66 in chips)
Seat 2: dodge658 ($16.68 in chips)
kaputnikoff: posts small blind $1
dodge658: posts big blind $3
*** HOLE CARDS ***
kaputnikoff: raises $3 to $6
dodge658: calls $3
*** FLOP *** [7h Ah 4h]
dodge658: bets $3
kaputnikoff: calls $3
*** TURN *** [7h Ah 4h] [Ts]
dodge658: bets $6
kaputnikoff: calls $6
*** RIVER *** [7h Ah 4h Ts] [6c]
dodge658: bets $1.68 and is all-in
kaputnikoff: calls $1.68
*** SHOW DOWN ***
dodge658: shows [7d Kc] (a pair of Sevens)
kaputnikoff: shows [Jd 7c] (a pair of Sevens - lower kicker)
dodge658 collected $32.86 from pot
*** SUMMARY ***
Total pot $33.36 | Rake $0.50
Board [7h Ah 4h Ts 6c]
Seat 1: kaputnikoff (button) (small blind) showed [Jd 7c] and lost with a pair of Sevens
Seat 2: dodge658 (big blind) showed [7d Kc] and won ($32.86) with a pair of Sevens


PokerStars Hand #144901128301:  Hold'em Limit ($3/$6 USD) - 2015/12/06 5:37:38 ET
Table 'Santana' 2-max Seat #2 is the button
Seat 1: kaputnikoff ($242.98 in chips)
Seat 2: dodge658 ($32.86 in chips)
dodge658: posts small blind $1
kaputnikoff: posts big blind $3
*** HOLE CARDS ***
dodge658: calls $2
kaputnikoff: raises $3 to $6
dodge658: calls $3
*** FLOP *** [Ts Jd 3d]
kaputnikoff: bets $3
dodge658: calls $3
*** TURN *** [Ts Jd 3d] [2h]
kaputnikoff: checks
dodge658: bets $6
kaputnikoff: calls $6
*** RIVER *** [Ts Jd 3d 2h] [Jc]
kaputnikoff: checks
dodge658: bets $6
kaputnikoff: calls $6
*** SHOW DOWN ***
dodge658: shows [6c Js] (three of a kind, Jacks)
kaputnikoff: mucks hand
dodge658 collected $41.50 from pot
*** SUMMARY ***
Total pot $42 | Rake $0.50
Board [Ts Jd 3d 2h Jc]
Seat 1: kaputnikoff (big blind) mucked
Seat 2: dodge658 (button) (small blind) showed [6c Js] and won ($41.50) with three of a kind, Jacks


PokerStars Hand #144901142242:  Hold'em Limit ($3/$6 USD) - 2015/12/06 5:38:06 ET
Table 'Santana' 2-max Seat #1 is the button
Seat 1: kaputnikoff ($221.98 in chips)
Seat 2: dodge658 ($53.36 in chips)
kaputnikoff: posts small blind $1
dodge658: posts big blind $3
*** HOLE CARDS ***
kaputnikoff: raises $3 to $6
dodge658: calls $3
*** FLOP *** [5c 7h 6d]
dodge658: bets $3
kaputnikoff: calls $3
*** TURN *** [5c 7h 6d] [8d]
dodge658: bets $6
kaputnikoff: folds
Uncalled bet ($6) returned to dodge658
dodge658 collected $17.64 from pot
dodge658: doesn't show hand
*** SUMMARY ***
Total pot $18 | Rake $0.36
Board [5c 7h 6d 8d]
Seat 1: kaputnikoff (button) (small blind) folded on the Turn
Seat 2: dodge658 (big blind) collected ($17.64)


PokerStars Hand #144901153047:  Hold'em Limit ($3/$6 USD) - 2015/12/06 5:38:28 ET
Table 'Santana' 2-max Seat #2 is the button
Seat 1: kaputnikoff ($212.98 in chips)
Seat 2: dodge658 ($62 in chips)
dodge658: posts small blind $1
kaputnikoff: posts big blind $3
*** HOLE CARDS ***
dodge658: calls $2
kaputnikoff: checks
*** FLOP *** [3c 7s 5h]
kaputnikoff: bets $3
dodge658: raises $3 to $6
kaputnikoff: calls $3
*** TURN *** [3c 7s 5h] [Qh]
kaputnikoff: checks
dodge658: bets $6
kaputnikoff: calls $6
*** RIVER *** [3c 7s 5h Qh] [Ac]
kaputnikoff: checks
dodge658: bets $6
kaputnikoff: calls $6
*** SHOW DOWN ***
dodge658: shows [4c 6c] (a straight, Three to Seven)
kaputnikoff: mucks hand
dodge658 collected $41.50 from pot
*** SUMMARY ***
Total pot $42 | Rake $0.50
Board [3c 7s 5h Qh Ac]
Seat 1: kaputnikoff (big blind) mucked
Seat 2: dodge658 (button) (small blind) showed [4c 6c] and won ($41.50) with a straight, Three to Seven


PokerStars Hand #144901166109:  Hold'em Limit ($3/$6 USD) - 2015/12/06 5:38:54 ET
Table 'Santana' 2-max Seat #1 is the button
Seat 1: kaputnikoff ($191.98 in chips)
Seat 2: dodge658 ($82.50 in chips)
kaputnikoff: posts small blind $1
dodge658: posts big blind $3
*** HOLE CARDS ***
kaputnikoff: raises $3 to $6
dodge658: calls $3
*** FLOP *** [6h 9h Kc]
dodge658: bets $3
kaputnikoff: raises $3 to $6
dodge658: folds
Uncalled bet ($3) returned to kaputnikoff
kaputnikoff collected $17.64 from pot
kaputnikoff: doesn't show hand
*** SUMMARY ***
Total pot $18 | Rake $0.36
Board [6h 9h Kc]
Seat 1: kaputnikoff (button) (small blind) collected ($17.64)
Seat 2: dodge658 (big blind) folded on the Flop


PokerStars Hand #144901203509:  Hold'em Limit ($3/$6 USD) - 2015/12/06 5:40:10 ET
Table 'Santana' 2-max Seat #2 is the button
Seat 1: kaputnikoff ($229.76 in chips)
Seat 2: dodge658 ($43.50 in chips)
dodge658: posts small blind $1
kaputnikoff: posts big blind $3
*** HOLE CARDS ***
dodge658: calls $2
kaputnikoff: raises $3 to $6
dodge658: calls $3
*** FLOP *** [6s 9s 8s]
kaputnikoff: checks
dodge658: checks
*** TURN *** [6s 9s 8s] [Kc]
kaputnikoff: checks
dodge658: checks
*** RIVER *** [6s 9s 8s Kc] [Kd]
kaputnikoff: checks
dodge658: checks
*** SHOW DOWN ***
kaputnikoff: shows [4d Ah] (a pair of Kings)
dodge658: shows [6d 4h] (two pair, Kings and Sixes)
dodge658 collected $11.76 from pot
*** SUMMARY ***
Total pot $12 | Rake $0.24
Board [6s 9s 8s Kc Kd]
Seat 1: kaputnikoff (big blind) showed [4d Ah] and lost with a pair of Kings
Seat 2: dodge658 (button) (small blind) showed [6d 4h] and won ($11.76) with two pair, Kings and Sixes


PokerStars Hand #144901176341:  Hold'em Limit ($3/$6 USD) - 2015/12/06 5:39:15 ET
Table 'Santana' 2-max Seat #2 is the button
Seat 1: kaputnikoff ($200.62 in chips)
Seat 2: dodge658 ($73.50 in chips)
dodge658: posts small blind $1
kaputnikoff: posts big blind $3
*** HOLE CARDS ***
dodge658: calls $2
kaputnikoff: raises $3 to $6
dodge658: calls $3
*** FLOP *** [Jd 6h Qd]
kaputnikoff: bets $3
dodge658: calls $3
*** TURN *** [Jd 6h Qd] [5s]
kaputnikoff: bets $6
dodge658: folds
Uncalled bet ($6) returned to kaputnikoff
kaputnikoff collected $17.64 from pot
kaputnikoff: doesn't show hand
*** SUMMARY ***
Total pot $18 | Rake $0.36
Board [Jd 6h Qd 5s]
Seat 1: kaputnikoff (big blind) collected ($17.64)
Seat 2: dodge658 (button) (small blind) folded on the Turn


PokerStars Hand #144901189014:  Hold'em Limit ($3/$6 USD) - 2015/12/06 5:39:40 ET
Table 'Santana' 2-max Seat #1 is the button
Seat 1: kaputnikoff ($209.26 in chips)
Seat 2: dodge658 ($64.50 in chips)
kaputnikoff: posts small blind $1
dodge658: posts big blind $3
*** HOLE CARDS ***
kaputnikoff: raises $3 to $6
dodge658: calls $3
*** FLOP *** [8c Td 9s]
dodge658: bets $3
kaputnikoff: calls $3
*** TURN *** [8c Td 9s] [4h]
dodge658: bets $6
kaputnikoff: calls $6
*** RIVER *** [8c Td 9s 4h] [9c]
dodge658: bets $6
kaputnikoff: raises $6 to $12
dodge658: folds
Uncalled bet ($6) returned to kaputnikoff
kaputnikoff collected $41.50 from pot
kaputnikoff: doesn't show hand
*** SUMMARY ***
Total pot $42 | Rake $0.50
Board [8c Td 9s 4h 9c]
Seat 1: kaputnikoff (button) (small blind) collected ($41.50)
Seat 2: dodge658 (big blind) folded on the River


PokerStars Hand #144901213320:  Hold'em Limit ($3/$6 USD) - 2015/12/06 5:40:30 ET
Table 'Santana' 2-max Seat #1 is the button
Seat 1: kaputnikoff ($223.76 in chips)
Seat 2: dodge658 ($49.26 in chips)
kaputnikoff: posts small blind $1
dodge658: posts big blind $3
*** HOLE CARDS ***
kaputnikoff: raises $3 to $6
dodge658: calls $3
*** FLOP *** [3h 2c 2s]
dodge658: bets $3
kaputnikoff: calls $3
*** TURN *** [3h 2c 2s] [Qh]
dodge658: bets $6
kaputnikoff: calls $6
*** RIVER *** [3h 2c 2s Qh] [4c]
dodge658: bets $6
kaputnikoff: calls $6
*** SHOW DOWN ***
dodge658: shows [3d 8d] (two pair, Threes and Deuces)
kaputnikoff: mucks hand
dodge658 collected $41.50 from pot
*** SUMMARY ***
Total pot $42 | Rake $0.50
Board [3h 2c 2s Qh 4c]
Seat 1: kaputnikoff (button) (small blind) mucked
Seat 2: dodge658 (big blind) showed [3d 8d] and won ($41.50) with two pair, Threes and Deuces


PokerStars Hand #144901250428:  Hold'em Limit ($3/$6 USD) - 2015/12/06 5:41:44 ET
Table 'Santana' 2-max Seat #1 is the button
Seat 1: kaputnikoff ($211.40 in chips)
Seat 2: dodge658 ($60.76 in chips)
kaputnikoff: posts small blind $1
dodge658: posts big blind $3
*** HOLE CARDS ***
kaputnikoff: raises $3 to $6
dodge658: calls $3
*** FLOP *** [Qh Ad Jd]
dodge658: bets $3
kaputnikoff: raises $3 to $6
dodge658: calls $3
*** TURN *** [Qh Ad Jd] [9d]
dodge658: checks
kaputnikoff: bets $6
dodge658: calls $6
*** RIVER *** [Qh Ad Jd 9d] [3c]
dodge658: bets $6
kaputnikoff: raises $6 to $12
dodge658: calls $6
*** SHOW DOWN ***
kaputnikoff: shows [Ts Kh] (a straight, Ten to Ace)
dodge658: mucks hand
kaputnikoff collected $59.50 from pot
*** SUMMARY ***
Total pot $60 | Rake $0.50
Board [Qh Ad Jd 9d 3c]
Seat 1: kaputnikoff (button) (small blind) showed [Ts Kh] and won ($59.50) with a straight, Ten to Ace
Seat 2: dodge658 (big blind) mucked


PokerStars Hand #144901231908:  Hold'em Limit ($3/$6 USD) - 2015/12/06 5:41:07 ET
Table 'Santana' 2-max Seat #2 is the button
Seat 1: kaputnikoff ($202.76 in chips)
Seat 2: dodge658 ($69.76 in chips)
dodge658: posts small blind $1
kaputnikoff: posts big blind $3
*** HOLE CARDS ***
dodge658: calls $2
kaputnikoff: raises $3 to $6
dodge658: calls $3
*** FLOP *** [9d 2d Kh]
kaputnikoff: bets $3
dodge658: calls $3
*** TURN *** [9d 2d Kh] [Ad]
kaputnikoff: checks
dodge658: checks
*** RIVER *** [9d 2d Kh Ad] [3h]
kaputnikoff: bets $6
dodge658: folds
Uncalled bet ($6) returned to kaputnikoff
kaputnikoff collected $17.64 from pot
kaputnikoff: doesn't show hand
*** SUMMARY ***
Total pot $18 | Rake $0.36
Board [9d 2d Kh Ad 3h]
Seat 1: kaputnikoff (big blind) collected ($17.64)
Seat 2: dodge658 (button) (small blind) folded on the River


PokerStars Hand #144901265315:  Hold'em Limit ($3/$6 USD) - 2015/12/06 5:42:13 ET
Table 'Santana' 2-max Seat #2 is the button
Seat 1: kaputnikoff ($240.90 in chips)
Seat 2: dodge658 ($30.76 in chips)
dodge658: posts small blind $1
kaputnikoff: posts big blind $3
*** HOLE CARDS ***
dodge658: calls $2
kaputnikoff: raises $3 to $6
dodge658: calls $3
*** FLOP *** [8d 2c 6c]
kaputnikoff: bets $3
dodge658: calls $3
*** TURN *** [8d 2c 6c] [6d]
kaputnikoff: checks
dodge658: bets $6
kaputnikoff: calls $6
*** RIVER *** [8d 2c 6c 6d] [7c]
kaputnikoff: checks
dodge658: bets $6
kaputnikoff: calls $6
*** SHOW DOWN ***
dodge658: shows [8s Kd] (two pair, Eights and Sixes)
kaputnikoff: mucks hand
dodge658 collected $41.50 from pot
*** SUMMARY ***
Total pot $42 | Rake $0.50
Board [8d 2c 6c 6d 7c]
Seat 1: kaputnikoff (big blind) mucked
Seat 2: dodge658 (button) (small blind) showed [8s Kd] and won ($41.50) with two pair, Eights and Sixes


PokerStars Hand #144901319322:  Hold'em Limit ($3/$6 USD) - 2015/12/06 5:44:00 ET
Table 'Santana' 2-max Seat #2 is the button
Seat 1: kaputnikoff ($210.90 in chips)
Seat 2: dodge658 ($59.90 in chips)
dodge658: posts small blind $1
kaputnikoff: posts big blind $3
*** HOLE CARDS ***
dodge658: raises $3 to $6
kaputnikoff: raises $3 to $9
dodge658: calls $3
*** FLOP *** [3h 3c 8d]
kaputnikoff: bets $3
dodge658: calls $3
*** TURN *** [3h 3c 8d] [Ks]
kaputnikoff: checks
dodge658: checks
*** RIVER *** [3h 3c 8d Ks] [5h]
kaputnikoff: bets $6
dodge658: calls $6
*** SHOW DOWN ***
kaputnikoff: shows [Ah Qd] (a pair of Threes)
dodge658: mucks hand
kaputnikoff collected $35.50 from pot
*** SUMMARY ***
Total pot $36 | Rake $0.50
Board [3h 3c 8d Ks 5h]
Seat 1: kaputnikoff (big blind) showed [Ah Qd] and won ($35.50) with a pair of Threes
Seat 2: dodge658 (button) (small blind) mucked


PokerStars Hand #144901299601:  Hold'em Limit ($3/$6 USD) - 2015/12/06 5:43:21 ET
Table 'Santana' 2-max Seat #1 is the button
Seat 1: kaputnikoff ($219.90 in chips)
Seat 2: dodge658 ($51.26 in chips)
kaputnikoff: posts small blind $1
dodge658: posts big blind $3
*** HOLE CARDS ***
kaputnikoff: raises $3 to $6
dodge658: calls $3
*** FLOP *** [Jd Jh 6s]
dodge658: bets $3
kaputnikoff: calls $3
*** TURN *** [Jd Jh 6s] [5h]
dodge658: bets $6
kaputnikoff: folds
Uncalled bet ($6) returned to dodge658
dodge658 collected $17.64 from pot
dodge658: doesn't show hand
*** SUMMARY ***
Total pot $18 | Rake $0.36
Board [Jd Jh 6s 5h]
Seat 1: kaputnikoff (button) (small blind) folded on the Turn
Seat 2: dodge658 (big blind) collected ($17.64)


PokerStars Hand #144901332204:  Hold'em Limit ($3/$6 USD) - 2015/12/06 5:44:26 ET
Table 'Santana' 2-max Seat #1 is the button
Seat 1: kaputnikoff ($228.40 in chips)
Seat 2: dodge658 ($41.90 in chips)
kaputnikoff: posts small blind $1
dodge658: posts big blind $3
*** HOLE CARDS ***
kaputnikoff: raises $3 to $6
dodge658: calls $3
*** FLOP *** [2c 8s 9d]
dodge658: checks
kaputnikoff: bets $3
dodge658: calls $3
*** TURN *** [2c 8s 9d] [8c]
dodge658: checks
kaputnikoff: bets $6
dodge658: folds
Uncalled bet ($6) returned to kaputnikoff
kaputnikoff collected $17.64 from pot
kaputnikoff: doesn't show hand
*** SUMMARY ***
Total pot $18 | Rake $0.36
Board [2c 8s 9d 8c]
Seat 1: kaputnikoff (button) (small blind) collected ($17.64)
Seat 2: dodge658 (big blind) folded on the Turn


PokerStars Hand #144901350107:  Hold'em Limit ($3/$6 USD) - 2015/12/06 5:45:01 ET
Table 'Santana' 2-max Seat #2 is the button
Seat 1: kaputnikoff ($237.04 in chips)
Seat 2: dodge658 ($32.90 in chips)
dodge658: posts small blind $1
kaputnikoff: posts big blind $3
*** HOLE CARDS ***
dodge658: calls $2
kaputnikoff: raises $3 to $6
dodge658: calls $3
*** FLOP *** [9c Jc Qs]
kaputnikoff: bets $3
dodge658: calls $3
*** TURN *** [9c Jc Qs] [2d]
kaputnikoff: checks
dodge658: bets $6
kaputnikoff: calls $6
*** RIVER *** [9c Jc Qs 2d] [Ks]
kaputnikoff: bets $6
dodge658: calls $6
*** SHOW DOWN ***
kaputnikoff: shows [Ad Ts] (a straight, Ten to Ace)
dodge658: mucks hand
kaputnikoff collected $41.50 from pot
*** SUMMARY ***
Total pot $42 | Rake $0.50
Board [9c Jc Qs 2d Ks]
Seat 1: kaputnikoff (big blind) showed [Ad Ts] and won ($41.50) with a straight, Ten to Ace
Seat 2: dodge658 (button) (small blind) mucked


PokerStars Hand #144901389167:  Hold'em Limit ($3/$6 USD) - 2015/12/06 5:46:18 ET
Table 'Santana' 2-max Seat #1 is the button
Seat 1: kaputnikoff ($257.54 in chips)
Seat 2: dodge658 ($11.90 in chips)
kaputnikoff: posts small blind $1
dodge658: posts big blind $3
*** HOLE CARDS ***
kaputnikoff: raises $3 to $6
dodge658: calls $3
*** FLOP *** [3c Qs 9s]
dodge658: bets $3
kaputnikoff: raises $3 to $6
dodge658: calls $2.90 and is all-in
Uncalled bet ($0.10) returned to kaputnikoff
*** TURN *** [3c Qs 9s] [Kd]
*** RIVER *** [3c Qs 9s Kd] [6s]
*** SHOW DOWN ***
dodge658: shows [4d Th] (high card King)
kaputnikoff: shows [Ad 3h] (a pair of Threes)
kaputnikoff collected $23.32 from pot
*** SUMMARY ***
Total pot $23.80 | Rake $0.48
Board [3c Qs 9s Kd 6s]
Seat 1: kaputnikoff (button) (small blind) showed [Ad 3h] and won ($23.32) with a pair of Threes
Seat 2: dodge658 (big blind) showed [4d Th] and lost with high card King


