PokerStars Hand #172636125415:  Hold'em Limit ($3/$6 USD) - 2017/07/05 10:39:21 ET
Table 'Sapientia' 6-max Seat #5 is the button
Seat 1: aremom4e ($125.76 in chips)
Seat 5: sim5sim5 ($72 in chips)
sim5sim5: posts small blind $1
aremom4e: posts big blind $3
*** HOLE CARDS ***
sim5sim5: raises $3 to $6
aremom4e: raises $3 to $9
sim5sim5: calls $3
*** FLOP *** [9s Kc Ks]
aremom4e: bets $3
sim5sim5: calls $3
*** TURN *** [9s Kc Ks] [5c]
aremom4e: checks
B_loJkl joins the table at seat #2
sim5sim5: checks
*** RIVER *** [9s Kc Ks 5c] [4h]
aremom4e: bets $6
sim5sim5: folds
Uncalled bet ($6) returned to aremom4e
aremom4e collected $23.52 from pot
aremom4e: doesn't show hand
*** SUMMARY ***
Total pot $24 | Rake $0.48
Board [9s Kc Ks 5c 4h]
Seat 1: aremom4e (big blind) collected ($23.52)
Seat 5: sim5sim5 (button) (small blind) folded on the River


PokerStars Hand #172636745316:  Hold'em Limit ($3/$6 USD) - 2017/07/05 10:58:49 ET
Table 'Sapientia' 6-max Seat #1 is the button
Seat 1: aremom4e ($248.18 in chips)
Seat 2: B_loJkl ($132.46 in chips)
aremom4e: posts small blind $1
B_loJkl: posts big blind $3
*** HOLE CARDS ***
sim5sim5 joins the table at seat #3
aremom4e: folds
Uncalled bet ($2) returned to B_loJkl
B_loJkl collected $2 from pot
B_loJkl: doesn't show hand
*** SUMMARY ***
Total pot $2 | Rake $0
Seat 1: aremom4e (button) (small blind) folded before Flop
Seat 2: B_loJkl (big blind) collected ($2)


PokerStars Hand #172640637428:  Hold'em Limit ($3/$6 USD) - 2017/07/05 12:50:43 ET
Table 'Sapientia' 6-max Seat #2 is the button
Seat 2: B_loJkl ($157.36 in chips)
Seat 4: **Geka**555 ($88.24 in chips)
B_loJkl: posts small blind $1
**Geka**555: posts big blind $3
*** HOLE CARDS ***
B_loJkl: raises $3 to $6
**Geka**555: calls $3
*** FLOP *** [Jh 8c Th]
**Geka**555: checks
B_loJkl: bets $3
**Geka**555: calls $3
*** TURN *** [Jh 8c Th] [3d]
**Geka**555: checks
B_loJkl: bets $6
**Geka**555: calls $6
*** RIVER *** [Jh 8c Th 3d] [3h]
**Geka**555: checks
B_loJkl: bets $6
**Geka**555: calls $6
*** SHOW DOWN ***
B_loJkl: shows [9s Qs] (a straight, Eight to Queen)
**Geka**555: mucks hand
B_loJkl collected $41.50 from pot
*** SUMMARY ***
Total pot $42 | Rake $0.50
Board [Jh 8c Th 3d 3h]
Seat 2: B_loJkl (button) (small blind) showed [9s Qs] and won ($41.50) with a straight, Eight to Queen
Seat 4: **Geka**555 (big blind) mucked


PokerStars Hand #172640697247:  Hold'em Limit ($3/$6 USD) - 2017/07/05 12:52:18 ET
Table 'Sapientia' 6-max Seat #1 is the button
Seat 1: aremom4e ($436.94 in chips)
Seat 2: B_loJkl ($160.86 in chips)
aremom4e: posts small blind $1
B_loJkl: posts big blind $3
*** HOLE CARDS ***
aremom4e: raises $3 to $6
B_loJkl: calls $3
*** FLOP *** [Qc 2c 3s]
B_loJkl: bets $3
aremom4e: calls $3
*** TURN *** [Qc 2c 3s] [3c]
B_loJkl: checks
aremom4e: checks
*** RIVER *** [Qc 2c 3s 3c] [6c]
B_loJkl: bets $6
aremom4e: folds
Uncalled bet ($6) returned to B_loJkl
B_loJkl collected $17.64 from pot
B_loJkl: doesn't show hand
*** SUMMARY ***
Total pot $18 | Rake $0.36
Board [Qc 2c 3s 3c 6c]
Seat 1: aremom4e (button) (small blind) folded on the River
Seat 2: B_loJkl (big blind) collected ($17.64)


PokerStars Hand #172640679487:  Hold'em Limit ($3/$6 USD) - 2017/07/05 12:51:50 ET
Table 'Sapientia' 6-max Seat #2 is the button
Seat 1: aremom4e ($428.30 in chips)
Seat 2: B_loJkl ($169.86 in chips)
B_loJkl: posts small blind $1
aremom4e: posts big blind $3
*** HOLE CARDS ***
B_loJkl: raises $3 to $6
aremom4e: raises $3 to $9
B_loJkl: calls $3
*** FLOP *** [Js Qc 2h]
aremom4e: bets $3
B_loJkl: folds
Uncalled bet ($3) returned to aremom4e
aremom4e collected $17.64 from pot
aremom4e: doesn't show hand
*** SUMMARY ***
Total pot $18 | Rake $0.36
Board [Js Qc 2h]
Seat 1: aremom4e (big blind) collected ($17.64)
Seat 2: B_loJkl (button) (small blind) folded on the Flop


PokerStars Hand #172640728151:  Hold'em Limit ($3/$6 USD) - 2017/07/05 12:53:08 ET
Table 'Sapientia' 6-max Seat #1 is the button
Seat 1: aremom4e ($412.94 in chips)
Seat 2: B_loJkl ($184 in chips)
aremom4e: posts small blind $1
B_loJkl: posts big blind $3
*** HOLE CARDS ***
aremom4e: raises $3 to $6
B_loJkl: calls $3
*** FLOP *** [Qs 2d Jh]
B_loJkl: checks
aremom4e: bets $3
B_loJkl: calls $3
*** TURN *** [Qs 2d Jh] [Ac]
B_loJkl: checks
aremom4e: checks
*** RIVER *** [Qs 2d Jh Ac] [8h]
B_loJkl: checks
aremom4e: bets $6
B_loJkl: folds
Uncalled bet ($6) returned to aremom4e
aremom4e collected $17.64 from pot
aremom4e: doesn't show hand
*** SUMMARY ***
Total pot $18 | Rake $0.36
Board [Qs 2d Jh Ac 8h]
Seat 1: aremom4e (button) (small blind) collected ($17.64)
Seat 2: B_loJkl (big blind) folded on the River


PokerStars Hand #172640716623:  Hold'em Limit ($3/$6 USD) - 2017/07/05 12:52:49 ET
Table 'Sapientia' 6-max Seat #2 is the button
Seat 1: aremom4e ($427.94 in chips)
Seat 2: B_loJkl ($169.50 in chips)
B_loJkl: posts small blind $1
aremom4e: posts big blind $3
*** HOLE CARDS ***
B_loJkl: raises $3 to $6
aremom4e: calls $3
*** FLOP *** [9d 6h 4h]
aremom4e: checks
B_loJkl: bets $3
aremom4e: calls $3
*** TURN *** [9d 6h 4h] [7s]
aremom4e: checks
B_loJkl: bets $6
aremom4e: calls $6
*** RIVER *** [9d 6h 4h 7s] [Ks]
aremom4e: checks
B_loJkl: checks
*** SHOW DOWN ***
aremom4e: shows [Jh Ts] (high card King)
B_loJkl: shows [Th Ac] (high card Ace)
B_loJkl collected $29.50 from pot
*** SUMMARY ***
Total pot $30 | Rake $0.50
Board [9d 6h 4h 7s Ks]
Seat 1: aremom4e (big blind) showed [Jh Ts] and lost with high card King
Seat 2: B_loJkl (button) (small blind) showed [Th Ac] and won ($29.50) with high card Ace


PokerStars Hand #172640766865:  Hold'em Limit ($3/$6 USD) - 2017/07/05 12:54:09 ET
Table 'Sapientia' 6-max Seat #2 is the button
Seat 1: aremom4e ($414.58 in chips)
Seat 2: B_loJkl ($181.76 in chips)
B_loJkl: posts small blind $1
aremom4e: posts big blind $3
*** HOLE CARDS ***
B_loJkl: raises $3 to $6
aremom4e: calls $3
*** FLOP *** [Td 2s 8d]
aremom4e: checks
B_loJkl: bets $3
aremom4e: raises $3 to $6
B_loJkl: calls $3
*** TURN *** [Td 2s 8d] [5h]
aremom4e: bets $6
B_loJkl: calls $6
*** RIVER *** [Td 2s 8d 5h] [6d]
aremom4e: bets $6
B_loJkl: folds
Uncalled bet ($6) returned to aremom4e
aremom4e collected $35.50 from pot
aremom4e: doesn't show hand
*** SUMMARY ***
Total pot $36 | Rake $0.50
Board [Td 2s 8d 5h 6d]
Seat 1: aremom4e (big blind) collected ($35.50)
Seat 2: B_loJkl (button) (small blind) folded on the River


PokerStars Hand #172640751463:  Hold'em Limit ($3/$6 USD) - 2017/07/05 12:53:45 ET
Table 'Sapientia' 6-max Seat #2 is the button
Seat 1: aremom4e ($421.58 in chips)
Seat 2: B_loJkl ($175 in chips)
B_loJkl: posts small blind $1
aremom4e: posts big blind $3
*** HOLE CARDS ***
B_loJkl: raises $3 to $6
aremom4e: calls $3
*** FLOP *** [Qs Ac 9c]
aremom4e: checks
B_loJkl: bets $3
aremom4e: folds
Uncalled bet ($3) returned to B_loJkl
B_loJkl collected $11.76 from pot
B_loJkl: doesn't show hand
*** SUMMARY ***
Total pot $12 | Rake $0.24
Board [Qs Ac 9c]
Seat 1: aremom4e (big blind) folded on the Flop
Seat 2: B_loJkl (button) (small blind) collected ($11.76)


PokerStars Hand #172640818530:  Hold'em Limit ($3/$6 USD) - 2017/07/05 12:55:36 ET
Table 'Sapientia' 6-max Seat #2 is the button
Seat 1: aremom4e ($396.08 in chips)
Seat 2: B_loJkl ($198.54 in chips)
B_loJkl: posts small blind $1
aremom4e: posts big blind $3
*** HOLE CARDS ***
B_loJkl: raises $3 to $6
aremom4e: calls $3
*** FLOP *** [Kc 7c Th]
aremom4e: checks
B_loJkl: bets $3
aremom4e: raises $3 to $6
B_loJkl: folds
Uncalled bet ($3) returned to aremom4e
aremom4e collected $17.64 from pot
aremom4e: doesn't show hand
*** SUMMARY ***
Total pot $18 | Rake $0.36
Board [Kc 7c Th]
Seat 1: aremom4e (big blind) collected ($17.64)
Seat 2: B_loJkl (button) (small blind) folded on the Flop


PokerStars Hand #172640784028:  Hold'em Limit ($3/$6 USD) - 2017/07/05 12:54:36 ET
Table 'Sapientia' 6-max Seat #1 is the button
Seat 1: aremom4e ($432.08 in chips)
Seat 2: B_loJkl ($163.76 in chips)
aremom4e: posts small blind $1
B_loJkl: posts big blind $3
*** HOLE CARDS ***
aremom4e: raises $3 to $6
B_loJkl: calls $3
*** FLOP *** [Th Kh 4s]
B_loJkl: checks
aremom4e: bets $3
B_loJkl: raises $3 to $6
aremom4e: calls $3
*** TURN *** [Th Kh 4s] [8s]
B_loJkl: bets $6
aremom4e: folds
Uncalled bet ($6) returned to B_loJkl
B_loJkl collected $23.52 from pot
B_loJkl: doesn't show hand
*** SUMMARY ***
Total pot $24 | Rake $0.48
Board [Th Kh 4s 8s]
Seat 1: aremom4e (button) (small blind) folded on the Turn
Seat 2: B_loJkl (big blind) collected ($23.52)


PokerStars Hand #172640801674:  Hold'em Limit ($3/$6 USD) - 2017/07/05 12:55:04 ET
Table 'Sapientia' 6-max Seat #2 is the button
Seat 1: aremom4e ($420.08 in chips)
Seat 2: B_loJkl ($175.28 in chips)
B_loJkl: posts small blind $1
aremom4e: posts big blind $3
*** HOLE CARDS ***
B_loJkl: raises $3 to $6
aremom4e: calls $3
*** FLOP *** [6c Td 4d]
aremom4e: checks
B_loJkl: bets $3
aremom4e: folds
Uncalled bet ($3) returned to B_loJkl
B_loJkl collected $11.76 from pot
B_loJkl: doesn't show hand
*** SUMMARY ***
Total pot $12 | Rake $0.24
Board [6c Td 4d]
Seat 1: aremom4e (big blind) folded on the Flop
Seat 2: B_loJkl (button) (small blind) collected ($11.76)


PokerStars Hand #172640809568:  Hold'em Limit ($3/$6 USD) - 2017/07/05 12:55:19 ET
Table 'Sapientia' 6-max Seat #1 is the button
Seat 1: aremom4e ($414.08 in chips)
Seat 2: B_loJkl ($181.04 in chips)
aremom4e: posts small blind $1
B_loJkl: posts big blind $3
*** HOLE CARDS ***
aremom4e: raises $3 to $6
B_loJkl: calls $3
*** FLOP *** [Jh 3c Ac]
B_loJkl: checks
aremom4e: bets $3
B_loJkl: raises $3 to $6
aremom4e: calls $3
*** TURN *** [Jh 3c Ac] [5h]
B_loJkl: bets $6
aremom4e: calls $6
*** RIVER *** [Jh 3c Ac 5h] [Qh]
B_loJkl: bets $6
aremom4e: folds
Uncalled bet ($6) returned to B_loJkl
B_loJkl collected $35.50 from pot
B_loJkl: doesn't show hand
*** SUMMARY ***
Total pot $36 | Rake $0.50
Board [Jh 3c Ac 5h Qh]
Seat 1: aremom4e (button) (small blind) folded on the River
Seat 2: B_loJkl (big blind) collected ($35.50)


PokerStars Hand #172640842084:  Hold'em Limit ($3/$6 USD) - 2017/07/05 12:56:21 ET
Table 'Sapientia' 6-max Seat #2 is the button
Seat 1: aremom4e ($378.72 in chips)
Seat 2: B_loJkl ($215.04 in chips)
B_loJkl: posts small blind $1
aremom4e: posts big blind $3
*** HOLE CARDS ***
B_loJkl: raises $3 to $6
aremom4e: calls $3
*** FLOP *** [Td 3s 9s]
aremom4e: checks
B_loJkl: bets $3
aremom4e: raises $3 to $6
B_loJkl: calls $3
*** TURN *** [Td 3s 9s] [8d]
aremom4e: bets $6
B_loJkl: calls $6
*** RIVER *** [Td 3s 9s 8d] [7h]
aremom4e: checks
B_loJkl: bets $6
aremom4e: calls $6
*** SHOW DOWN ***
B_loJkl: shows [Kh Jc] (a straight, Seven to Jack)
aremom4e: mucks hand
B_loJkl collected $47.50 from pot
*** SUMMARY ***
Total pot $48 | Rake $0.50
Board [Td 3s 9s 8d 7h]
Seat 1: aremom4e (big blind) mucked
Seat 2: B_loJkl (button) (small blind) showed [Kh Jc] and won ($47.50) with a straight, Seven to Jack


PokerStars Hand #172640828336:  Hold'em Limit ($3/$6 USD) - 2017/07/05 12:55:55 ET
Table 'Sapientia' 6-max Seat #2 is the button
Seat 1: aremom4e ($403.72 in chips)
Seat 2: B_loJkl ($190.54 in chips)
B_loJkl: posts small blind $1
aremom4e: posts big blind $3
*** HOLE CARDS ***
B_loJkl: raises $3 to $6
aremom4e: raises $3 to $9
B_loJkl: calls $3
*** FLOP *** [Tc 7c 6h]
aremom4e: bets $3
B_loJkl: calls $3
*** TURN *** [Tc 7c 6h] [Ac]
aremom4e: bets $6
B_loJkl: calls $6
*** RIVER *** [Tc 7c 6h Ac] [8d]
aremom4e: checks
B_loJkl: bets $6
aremom4e: calls $6
*** SHOW DOWN ***
B_loJkl: shows [Ad 9s] (a straight, Six to Ten)
aremom4e: mucks hand
B_loJkl collected $47.50 from pot
*** SUMMARY ***
Total pot $48 | Rake $0.50
Board [Tc 7c 6h Ac 8d]
Seat 1: aremom4e (big blind) mucked
Seat 2: B_loJkl (button) (small blind) showed [Ad 9s] and won ($47.50) with a straight, Six to Ten


PokerStars Hand #172640839573:  Hold'em Limit ($3/$6 USD) - 2017/07/05 12:56:16 ET
Table 'Sapientia' 6-max Seat #1 is the button
Seat 1: aremom4e ($379.72 in chips)
Seat 2: B_loJkl ($214.04 in chips)
aremom4e: posts small blind $1
B_loJkl: posts big blind $3
*** HOLE CARDS ***
aremom4e: folds
Uncalled bet ($2) returned to B_loJkl
B_loJkl collected $2 from pot
B_loJkl: doesn't show hand
*** SUMMARY ***
Total pot $2 | Rake $0
Seat 1: aremom4e (button) (small blind) folded before Flop
Seat 2: B_loJkl (big blind) collected ($2)


PokerStars Hand #172640863584:  Hold'em Limit ($3/$6 USD) - 2017/07/05 12:57:02 ET
Table 'Sapientia' 6-max Seat #2 is the button
Seat 1: aremom4e ($378.22 in chips)
Seat 2: B_loJkl ($214.54 in chips)
B_loJkl: posts small blind $1
aremom4e: posts big blind $3
*** HOLE CARDS ***
B_loJkl: raises $3 to $6
aremom4e: folds
Uncalled bet ($3) returned to B_loJkl
B_loJkl collected $6 from pot
B_loJkl: doesn't show hand
*** SUMMARY ***
Total pot $6 | Rake $0
Seat 1: aremom4e (big blind) folded before Flop
Seat 2: B_loJkl (button) (small blind) collected ($6)


PokerStars Hand #172640853178:  Hold'em Limit ($3/$6 USD) - 2017/07/05 12:56:42 ET
Table 'Sapientia' 6-max Seat #1 is the button
Seat 1: aremom4e ($354.72 in chips)
Seat 2: B_loJkl ($238.54 in chips)
aremom4e: posts small blind $1
B_loJkl: posts big blind $3
*** HOLE CARDS ***
aremom4e: raises $3 to $6
B_loJkl: calls $3
*** FLOP *** [Ac 2h Td]
B_loJkl: checks
aremom4e: bets $3
B_loJkl: raises $3 to $6
aremom4e: calls $3
*** TURN *** [Ac 2h Td] [Qd]
B_loJkl: bets $6
aremom4e: calls $6
*** RIVER *** [Ac 2h Td Qd] [8c]
B_loJkl: bets $6
aremom4e: calls $6
*** SHOW DOWN ***
B_loJkl: shows [5h 3h] (high card Ace)
aremom4e: shows [Kh Qc] (a pair of Queens)
aremom4e collected $47.50 from pot
*** SUMMARY ***
Total pot $48 | Rake $0.50
Board [Ac 2h Td Qd 8c]
Seat 1: aremom4e (button) (small blind) showed [Kh Qc] and won ($47.50) with a pair of Queens
Seat 2: B_loJkl (big blind) showed [5h 3h] and lost with high card Ace


PokerStars Hand #172640866479:  Hold'em Limit ($3/$6 USD) - 2017/07/05 12:57:07 ET
Table 'Sapientia' 6-max Seat #1 is the button
Seat 1: aremom4e ($375.22 in chips)
Seat 2: B_loJkl ($217.54 in chips)
aremom4e: posts small blind $1
B_loJkl: posts big blind $3
*** HOLE CARDS ***
aremom4e: raises $3 to $6
B_loJkl: raises $3 to $9
aremom4e: calls $3
*** FLOP *** [4s 9c Js]
B_loJkl: bets $3
aremom4e: calls $3
*** TURN *** [4s 9c Js] [Ah]
B_loJkl: bets $6
aremom4e: calls $6
*** RIVER *** [4s 9c Js Ah] [As]
B_loJkl: checks
aremom4e: bets $6
B_loJkl: calls $6
*** SHOW DOWN ***
aremom4e: shows [8s 5s] (a flush, Ace high)
B_loJkl: mucks hand
aremom4e collected $47.50 from pot
*** SUMMARY ***
Total pot $48 | Rake $0.50
Board [4s 9c Js Ah As]
Seat 1: aremom4e (button) (small blind) showed [8s 5s] and won ($47.50) with a flush, Ace high
Seat 2: B_loJkl (big blind) mucked


PokerStars Hand #172640875087:  Hold'em Limit ($3/$6 USD) - 2017/07/05 12:57:23 ET
Table 'Sapientia' 6-max Seat #2 is the button
Seat 1: aremom4e ($398.72 in chips)
Seat 2: B_loJkl ($193.54 in chips)
B_loJkl: posts small blind $1
aremom4e: posts big blind $3
*** HOLE CARDS ***
B_loJkl: raises $3 to $6
aremom4e: calls $3
*** FLOP *** [7h 8h 4c]
aremom4e: checks
B_loJkl: bets $3
aremom4e: calls $3
*** TURN *** [7h 8h 4c] [Td]
aremom4e: checks
B_loJkl: bets $6
aremom4e: folds
Uncalled bet ($6) returned to B_loJkl
B_loJkl collected $17.64 from pot
B_loJkl: doesn't show hand
*** SUMMARY ***
Total pot $18 | Rake $0.36
Board [7h 8h 4c Td]
Seat 1: aremom4e (big blind) folded on the Turn
Seat 2: B_loJkl (button) (small blind) collected ($17.64)


PokerStars Hand #172640881446:  Hold'em Limit ($3/$6 USD) - 2017/07/05 12:57:35 ET
Table 'Sapientia' 6-max Seat #1 is the button
Seat 1: aremom4e ($389.72 in chips)
Seat 2: B_loJkl ($202.18 in chips)
aremom4e: posts small blind $1
B_loJkl: posts big blind $3
*** HOLE CARDS ***
aremom4e: raises $3 to $6
B_loJkl: raises $3 to $9
aremom4e: calls $3
*** FLOP *** [7c 9c 4h]
B_loJkl: bets $3
aremom4e: calls $3
*** TURN *** [7c 9c 4h] [5h]
B_loJkl: bets $6
aremom4e: raises $6 to $12
B_loJkl: folds
Uncalled bet ($6) returned to aremom4e
aremom4e collected $35.50 from pot
aremom4e: doesn't show hand
*** SUMMARY ***
Total pot $36 | Rake $0.50
Board [7c 9c 4h 5h]
Seat 1: aremom4e (button) (small blind) collected ($35.50)
Seat 2: B_loJkl (big blind) folded on the Turn


PokerStars Hand #172640893887:  Hold'em Limit ($3/$6 USD) - 2017/07/05 12:57:59 ET
Table 'Sapientia' 6-max Seat #2 is the button
Seat 1: aremom4e ($407.22 in chips)
Seat 2: B_loJkl ($184.18 in chips)
B_loJkl: posts small blind $1
aremom4e: posts big blind $3
*** HOLE CARDS ***
B_loJkl: raises $3 to $6
aremom4e: calls $3
*** FLOP *** [3c 6c Ac]
aremom4e: checks
B_loJkl: checks
*** TURN *** [3c 6c Ac] [7d]
aremom4e: bets $6
B_loJkl: calls $6
*** RIVER *** [3c 6c Ac 7d] [2h]
aremom4e: bets $6
B_loJkl: calls $6
*** SHOW DOWN ***
aremom4e: shows [Qc 2s] (a pair of Deuces)
B_loJkl: mucks hand
aremom4e collected $35.50 from pot
*** SUMMARY ***
Total pot $36 | Rake $0.50
Board [3c 6c Ac 7d 2h]
Seat 1: aremom4e (big blind) showed [Qc 2s] and won ($35.50) with a pair of Deuces
Seat 2: B_loJkl (button) (small blind) mucked


PokerStars Hand #172640907403:  Hold'em Limit ($3/$6 USD) - 2017/07/05 12:58:24 ET
Table 'Sapientia' 6-max Seat #2 is the button
Seat 1: aremom4e ($415.72 in chips)
Seat 2: B_loJkl ($174.82 in chips)
B_loJkl: posts small blind $1
aremom4e: posts big blind $3
*** HOLE CARDS ***
B_loJkl: raises $3 to $6
aremom4e: folds
Uncalled bet ($3) returned to B_loJkl
B_loJkl collected $6 from pot
B_loJkl: doesn't show hand
*** SUMMARY ***
Total pot $6 | Rake $0
Seat 1: aremom4e (big blind) folded before Flop
Seat 2: B_loJkl (button) (small blind) collected ($6)


PokerStars Hand #172640900605:  Hold'em Limit ($3/$6 USD) - 2017/07/05 12:58:12 ET
Table 'Sapientia' 6-max Seat #1 is the button
Seat 1: aremom4e ($424.72 in chips)
Seat 2: B_loJkl ($166.18 in chips)
aremom4e: posts small blind $1
B_loJkl: posts big blind $3
*** HOLE CARDS ***
aremom4e: raises $3 to $6
B_loJkl: raises $3 to $9
aremom4e: calls $3
*** FLOP *** [5c 3d 4c]
B_loJkl: bets $3
aremom4e: folds
Uncalled bet ($3) returned to B_loJkl
B_loJkl collected $17.64 from pot
B_loJkl: doesn't show hand
*** SUMMARY ***
Total pot $18 | Rake $0.36
Board [5c 3d 4c]
Seat 1: aremom4e (button) (small blind) folded on the Flop
Seat 2: B_loJkl (big blind) collected ($17.64)


PokerStars Hand #172640912796:  Hold'em Limit ($3/$6 USD) - 2017/07/05 12:58:34 ET
Table 'Sapientia' 6-max Seat #2 is the button
Seat 1: aremom4e ($411.72 in chips)
Seat 2: B_loJkl ($178.82 in chips)
B_loJkl: posts small blind $1
aremom4e: posts big blind $3
*** HOLE CARDS ***
B_loJkl: folds
Uncalled bet ($2) returned to aremom4e
aremom4e collected $2 from pot
aremom4e: doesn't show hand
*** SUMMARY ***
Total pot $2 | Rake $0
Seat 1: aremom4e (big blind) collected ($2)
Seat 2: B_loJkl (button) (small blind) folded before Flop


PokerStars Hand #172640910259:  Hold'em Limit ($3/$6 USD) - 2017/07/05 12:58:29 ET
Table 'Sapientia' 6-max Seat #1 is the button
Seat 1: aremom4e ($412.72 in chips)
Seat 2: B_loJkl ($177.82 in chips)
aremom4e: posts small blind $1
B_loJkl: posts big blind $3
*** HOLE CARDS ***
aremom4e: folds
Uncalled bet ($2) returned to B_loJkl
B_loJkl collected $2 from pot
B_loJkl: doesn't show hand
*** SUMMARY ***
Total pot $2 | Rake $0
Seat 1: aremom4e (button) (small blind) folded before Flop
Seat 2: B_loJkl (big blind) collected ($2)


PokerStars Hand #172640922151:  Hold'em Limit ($3/$6 USD) - 2017/07/05 12:58:52 ET
Table 'Sapientia' 6-max Seat #2 is the button
Seat 1: aremom4e ($406.72 in chips)
Seat 2: B_loJkl ($183.58 in chips)
B_loJkl: posts small blind $1
aremom4e: posts big blind $3
*** HOLE CARDS ***
B_loJkl: folds
Uncalled bet ($2) returned to aremom4e
aremom4e collected $2 from pot
aremom4e: doesn't show hand
*** SUMMARY ***
Total pot $2 | Rake $0
Seat 1: aremom4e (big blind) collected ($2)
Seat 2: B_loJkl (button) (small blind) folded before Flop


PokerStars Hand #172640915467:  Hold'em Limit ($3/$6 USD) - 2017/07/05 12:58:39 ET
Table 'Sapientia' 6-max Seat #1 is the button
Seat 1: aremom4e ($412.72 in chips)
Seat 2: B_loJkl ($177.82 in chips)
aremom4e: posts small blind $1
B_loJkl: posts big blind $3
*** HOLE CARDS ***
aremom4e: raises $3 to $6
B_loJkl: calls $3
*** FLOP *** [5d 4d 2s]
B_loJkl: checks
aremom4e: checks
*** TURN *** [5d 4d 2s] [5s]
B_loJkl: bets $6
aremom4e: folds
Uncalled bet ($6) returned to B_loJkl
B_loJkl collected $11.76 from pot
B_loJkl: doesn't show hand
*** SUMMARY ***
Total pot $12 | Rake $0.24
Board [5d 4d 2s 5s]
Seat 1: aremom4e (button) (small blind) folded on the Turn
Seat 2: B_loJkl (big blind) collected ($11.76)


PokerStars Hand #172640924745:  Hold'em Limit ($3/$6 USD) - 2017/07/05 12:58:57 ET
Table 'Sapientia' 6-max Seat #1 is the button
Seat 1: aremom4e ($407.72 in chips)
Seat 2: B_loJkl ($182.58 in chips)
aremom4e: posts small blind $1
B_loJkl: posts big blind $3
*** HOLE CARDS ***
aremom4e: raises $3 to $6
B_loJkl: calls $3
*** FLOP *** [Qs Jh 2c]
B_loJkl: checks
aremom4e: checks
*** TURN *** [Qs Jh 2c] [3h]
B_loJkl: bets $6
aremom4e: folds
Uncalled bet ($6) returned to B_loJkl
B_loJkl collected $11.76 from pot
B_loJkl: doesn't show hand
*** SUMMARY ***
Total pot $12 | Rake $0.24
Board [Qs Jh 2c 3h]
Seat 1: aremom4e (button) (small blind) folded on the Turn
Seat 2: B_loJkl (big blind) collected ($11.76)


PokerStars Hand #172640933492:  Hold'em Limit ($3/$6 USD) - 2017/07/05 12:59:13 ET
Table 'Sapientia' 6-max Seat #2 is the button
Seat 1: aremom4e ($401.72 in chips)
Seat 2: B_loJkl ($188.34 in chips)
B_loJkl: posts small blind $1
aremom4e: posts big blind $3
*** HOLE CARDS ***
B_loJkl: raises $3 to $6
aremom4e: calls $3
*** FLOP *** [Tc Kc Jc]
aremom4e: checks
B_loJkl: bets $3
aremom4e: folds
Uncalled bet ($3) returned to B_loJkl
B_loJkl collected $11.76 from pot
B_loJkl: doesn't show hand
*** SUMMARY ***
Total pot $12 | Rake $0.24
Board [Tc Kc Jc]
Seat 1: aremom4e (big blind) folded on the Flop
Seat 2: B_loJkl (button) (small blind) collected ($11.76)


PokerStars Hand #172640940843:  Hold'em Limit ($3/$6 USD) - 2017/07/05 12:59:27 ET
Table 'Sapientia' 6-max Seat #1 is the button
Seat 1: aremom4e ($395.72 in chips)
Seat 2: B_loJkl ($194.10 in chips)
aremom4e: posts small blind $1
B_loJkl: posts big blind $3
*** HOLE CARDS ***
aremom4e: raises $3 to $6
B_loJkl: calls $3
*** FLOP *** [7d 4h 6s]
B_loJkl: checks
aremom4e: bets $3
B_loJkl: calls $3
*** TURN *** [7d 4h 6s] [4c]
B_loJkl: checks
aremom4e: checks
*** RIVER *** [7d 4h 6s 4c] [5s]
B_loJkl: bets $6
aremom4e: calls $6
*** SHOW DOWN ***
B_loJkl: shows [Qd 3d] (a straight, Three to Seven)
aremom4e: mucks hand
B_loJkl collected $29.50 from pot
*** SUMMARY ***
Total pot $30 | Rake $0.50
Board [7d 4h 6s 4c 5s]
Seat 1: aremom4e (button) (small blind) mucked
Seat 2: B_loJkl (big blind) showed [Qd 3d] and won ($29.50) with a straight, Three to Seven


PokerStars Hand #172640953872:  Hold'em Limit ($3/$6 USD) - 2017/07/05 12:59:52 ET
Table 'Sapientia' 6-max Seat #2 is the button
Seat 1: aremom4e ($380.72 in chips)
Seat 2: B_loJkl ($208.60 in chips)
B_loJkl: posts small blind $1
aremom4e: posts big blind $3
*** HOLE CARDS ***
B_loJkl: folds
Uncalled bet ($2) returned to aremom4e
aremom4e collected $2 from pot
aremom4e: doesn't show hand
*** SUMMARY ***
Total pot $2 | Rake $0
Seat 1: aremom4e (big blind) collected ($2)
Seat 2: B_loJkl (button) (small blind) folded before Flop


PokerStars Hand #172640957312:  Hold'em Limit ($3/$6 USD) - 2017/07/05 12:59:58 ET
Table 'Sapientia' 6-max Seat #1 is the button
Seat 1: aremom4e ($381.72 in chips)
Seat 2: B_loJkl ($207.60 in chips)
aremom4e: posts small blind $1
B_loJkl: posts big blind $3
*** HOLE CARDS ***
aremom4e: raises $3 to $6
B_loJkl: calls $3
*** FLOP *** [7h Qs 6h]
B_loJkl: checks
aremom4e: bets $3
B_loJkl: calls $3
*** TURN *** [7h Qs 6h] [Qh]
B_loJkl: checks
aremom4e: checks
*** RIVER *** [7h Qs 6h Qh] [Ad]
B_loJkl: checks
aremom4e: checks
*** SHOW DOWN ***
B_loJkl: shows [Ah 6d] (two pair, Aces and Queens)
aremom4e: mucks hand
B_loJkl collected $17.64 from pot
*** SUMMARY ***
Total pot $18 | Rake $0.36
Board [7h Qs 6h Qh Ad]
Seat 1: aremom4e (button) (small blind) mucked
Seat 2: B_loJkl (big blind) showed [Ah 6d] and won ($17.64) with two pair, Aces and Queens


PokerStars Hand #172640968753:  Hold'em Limit ($3/$6 USD) - 2017/07/05 13:00:19 ET
Table 'Sapientia' 6-max Seat #2 is the button
Seat 1: aremom4e ($372.72 in chips)
Seat 2: B_loJkl ($216.24 in chips)
B_loJkl: posts small blind $1
aremom4e: posts big blind $3
*** HOLE CARDS ***
B_loJkl: raises $3 to $6
aremom4e: folds
Uncalled bet ($3) returned to B_loJkl
B_loJkl collected $6 from pot
B_loJkl: doesn't show hand
*** SUMMARY ***
Total pot $6 | Rake $0
Seat 1: aremom4e (big blind) folded before Flop
Seat 2: B_loJkl (button) (small blind) collected ($6)


PokerStars Hand #172640974014:  Hold'em Limit ($3/$6 USD) - 2017/07/05 13:00:29 ET
Table 'Sapientia' 6-max Seat #1 is the button
Seat 1: aremom4e ($369.72 in chips)
Seat 2: B_loJkl ($219.24 in chips)
aremom4e: posts small blind $1
B_loJkl: posts big blind $3
*** HOLE CARDS ***
aremom4e: raises $3 to $6
B_loJkl: calls $3
*** FLOP *** [As 2s Ac]
B_loJkl: checks
aremom4e: bets $3
B_loJkl: calls $3
*** TURN *** [As 2s Ac] [4h]
B_loJkl: checks
aremom4e: bets $6
B_loJkl: calls $6
*** RIVER *** [As 2s Ac 4h] [3d]
B_loJkl: checks
aremom4e: checks
*** SHOW DOWN ***
B_loJkl: shows [Th 4s] (two pair, Aces and Fours)
aremom4e: mucks hand
B_loJkl collected $29.50 from pot
*** SUMMARY ***
Total pot $30 | Rake $0.50
Board [As 2s Ac 4h 3d]
Seat 1: aremom4e (button) (small blind) mucked
Seat 2: B_loJkl (big blind) showed [Th 4s] and won ($29.50) with two pair, Aces and Fours


PokerStars Hand #172641007164:  Hold'em Limit ($3/$6 USD) - 2017/07/05 13:01:26 ET
Table 'Sapientia' 6-max Seat #1 is the button
Seat 1: aremom4e ($372.22 in chips)
Seat 2: B_loJkl ($215.74 in chips)
aremom4e: posts small blind $1
B_loJkl: posts big blind $3
*** HOLE CARDS ***
aremom4e: folds
Uncalled bet ($2) returned to B_loJkl
B_loJkl collected $2 from pot
B_loJkl: doesn't show hand
*** SUMMARY ***
Total pot $2 | Rake $0
Seat 1: aremom4e (button) (small blind) folded before Flop
Seat 2: B_loJkl (big blind) collected ($2)


PokerStars Hand #172640989820:  Hold'em Limit ($3/$6 USD) - 2017/07/05 13:00:56 ET
Table 'Sapientia' 6-max Seat #2 is the button
Seat 1: aremom4e ($354.72 in chips)
Seat 2: B_loJkl ($233.74 in chips)
B_loJkl: posts small blind $1
aremom4e: posts big blind $3
*** HOLE CARDS ***
B_loJkl: raises $3 to $6
aremom4e: calls $3
*** FLOP *** [8c 6c 6h]
aremom4e: checks
B_loJkl: bets $3
aremom4e: raises $3 to $6
B_loJkl: calls $3
*** TURN *** [8c 6c 6h] [9h]
aremom4e: bets $6
B_loJkl: calls $6
*** RIVER *** [8c 6c 6h 9h] [Kc]
aremom4e: bets $6
B_loJkl: folds
Uncalled bet ($6) returned to aremom4e
aremom4e collected $35.50 from pot
aremom4e: doesn't show hand
*** SUMMARY ***
Total pot $36 | Rake $0.50
Board [8c 6c 6h 9h Kc]
Seat 1: aremom4e (big blind) collected ($35.50)
Seat 2: B_loJkl (button) (small blind) folded on the River


PokerStars Hand #172641010593:  Hold'em Limit ($3/$6 USD) - 2017/07/05 13:01:32 ET
Table 'Sapientia' 6-max Seat #2 is the button
Seat 1: aremom4e ($371.22 in chips)
Seat 2: B_loJkl ($216.74 in chips)
B_loJkl: posts small blind $1
aremom4e: posts big blind $3
*** HOLE CARDS ***
B_loJkl: raises $3 to $6
aremom4e: calls $3
*** FLOP *** [3c 8h 9h]
aremom4e: checks
B_loJkl: bets $3
aremom4e: raises $3 to $6
B_loJkl: calls $3
*** TURN *** [3c 8h 9h] [5h]
aremom4e: bets $6
B_loJkl: calls $6
*** RIVER *** [3c 8h 9h 5h] [Ac]
aremom4e: bets $6
B_loJkl: folds
Uncalled bet ($6) returned to aremom4e
aremom4e collected $35.50 from pot
aremom4e: doesn't show hand
*** SUMMARY ***
Total pot $36 | Rake $0.50
Board [3c 8h 9h 5h Ac]
Seat 1: aremom4e (big blind) collected ($35.50)
Seat 2: B_loJkl (button) (small blind) folded on the River


PokerStars Hand #172641038705:  Hold'em Limit ($3/$6 USD) - 2017/07/05 13:02:19 ET
Table 'Sapientia' 6-max Seat #1 is the button
Seat 1: aremom4e ($388.72 in chips)
Seat 2: B_loJkl ($198.74 in chips)
aremom4e: posts small blind $1
B_loJkl: posts big blind $3
*** HOLE CARDS ***
aremom4e: raises $3 to $6
B_loJkl: raises $3 to $9
aremom4e: calls $3
*** FLOP *** [4c As 2d]
B_loJkl: bets $3
aremom4e: folds
Uncalled bet ($3) returned to B_loJkl
B_loJkl collected $17.64 from pot
B_loJkl: doesn't show hand
*** SUMMARY ***
Total pot $18 | Rake $0.36
Board [4c As 2d]
Seat 1: aremom4e (button) (small blind) folded on the Flop
Seat 2: B_loJkl (big blind) collected ($17.64)


PokerStars Hand #172641047377:  Hold'em Limit ($3/$6 USD) - 2017/07/05 13:02:33 ET
Table 'Sapientia' 6-max Seat #2 is the button
Seat 1: aremom4e ($379.72 in chips)
Seat 2: B_loJkl ($207.38 in chips)
B_loJkl: posts small blind $1
aremom4e: posts big blind $3
*** HOLE CARDS ***
B_loJkl: raises $3 to $6
aremom4e: calls $3
*** FLOP *** [2s Js 8c]
aremom4e: checks
B_loJkl: bets $3
aremom4e: calls $3
*** TURN *** [2s Js 8c] [Ah]
aremom4e: checks
B_loJkl: bets $6
aremom4e: raises $6 to $12
B_loJkl: calls $6
*** RIVER *** [2s Js 8c Ah] [Qh]
aremom4e: checks
B_loJkl: bets $6
aremom4e: calls $6
*** SHOW DOWN ***
B_loJkl: shows [5s 4h] (high card Ace)
aremom4e: shows [4c Ac] (a pair of Aces)
aremom4e collected $53.50 from pot
*** SUMMARY ***
Total pot $54 | Rake $0.50
Board [2s Js 8c Ah Qh]
Seat 1: aremom4e (big blind) showed [4c Ac] and won ($53.50) with a pair of Aces
Seat 2: B_loJkl (button) (small blind) showed [5s 4h] and lost with high card Ace


PokerStars Hand #172641080294:  Hold'em Limit ($3/$6 USD) - 2017/07/05 13:03:25 ET
Table 'Sapientia' 6-max Seat #1 is the button
Seat 1: aremom4e ($420.74 in chips)
Seat 2: B_loJkl ($165.38 in chips)
aremom4e: posts small blind $1
B_loJkl: posts big blind $3
*** HOLE CARDS ***
aremom4e: raises $3 to $6
B_loJkl: folds
Uncalled bet ($3) returned to aremom4e
aremom4e collected $6 from pot
aremom4e: doesn't show hand
*** SUMMARY ***
Total pot $6 | Rake $0
Seat 1: aremom4e (button) (small blind) collected ($6)
Seat 2: B_loJkl (big blind) folded before Flop


PokerStars Hand #172641065349:  Hold'em Limit ($3/$6 USD) - 2017/07/05 13:03:02 ET
Table 'Sapientia' 6-max Seat #1 is the button
Seat 1: aremom4e ($406.22 in chips)
Seat 2: B_loJkl ($180.38 in chips)
aremom4e: posts small blind $1
B_loJkl: posts big blind $3
*** HOLE CARDS ***
aremom4e: raises $3 to $6
B_loJkl: folds
Uncalled bet ($3) returned to aremom4e
aremom4e collected $6 from pot
aremom4e: doesn't show hand
*** SUMMARY ***
Total pot $6 | Rake $0
Seat 1: aremom4e (button) (small blind) collected ($6)
Seat 2: B_loJkl (big blind) folded before Flop


PokerStars Hand #172641071332:  Hold'em Limit ($3/$6 USD) - 2017/07/05 13:03:11 ET
Table 'Sapientia' 6-max Seat #2 is the button
Seat 1: aremom4e ($409.22 in chips)
Seat 2: B_loJkl ($177.38 in chips)
B_loJkl: posts small blind $1
aremom4e: posts big blind $3
*** HOLE CARDS ***
B_loJkl: raises $3 to $6
aremom4e: calls $3
*** FLOP *** [8s Ks 6c]
aremom4e: checks
B_loJkl: bets $3
aremom4e: raises $3 to $6
B_loJkl: calls $3
*** TURN *** [8s Ks 6c] [3s]
aremom4e: bets $6
B_loJkl: folds
Uncalled bet ($6) returned to aremom4e
aremom4e collected $23.52 from pot
aremom4e: doesn't show hand
*** SUMMARY ***
Total pot $24 | Rake $0.48
Board [8s Ks 6c 3s]
Seat 1: aremom4e (big blind) collected ($23.52)
Seat 2: B_loJkl (button) (small blind) folded on the Turn


PokerStars Hand #172641084651:  Hold'em Limit ($3/$6 USD) - 2017/07/05 13:03:32 ET
Table 'Sapientia' 6-max Seat #2 is the button
Seat 1: aremom4e ($423.74 in chips)
Seat 2: B_loJkl ($162.38 in chips)
B_loJkl: posts small blind $1
aremom4e: posts big blind $3
*** HOLE CARDS ***
B_loJkl: raises $3 to $6
aremom4e: calls $3
*** FLOP *** [3h Kh 7c]
aremom4e: checks
B_loJkl: bets $3
aremom4e: raises $3 to $6
B_loJkl: calls $3
*** TURN *** [3h Kh 7c] [Ad]
aremom4e: bets $6
B_loJkl: folds
Uncalled bet ($6) returned to aremom4e
aremom4e collected $23.52 from pot
aremom4e: doesn't show hand
*** SUMMARY ***
Total pot $24 | Rake $0.48
Board [3h Kh 7c Ad]
Seat 1: aremom4e (big blind) collected ($23.52)
Seat 2: B_loJkl (button) (small blind) folded on the Turn


PokerStars Hand #172641097918:  Hold'em Limit ($3/$6 USD) - 2017/07/05 13:03:53 ET
Table 'Sapientia' 6-max Seat #1 is the button
Seat 1: aremom4e ($435.26 in chips)
Seat 2: B_loJkl ($150.38 in chips)
aremom4e: posts small blind $1
B_loJkl: posts big blind $3
*** HOLE CARDS ***
aremom4e: raises $3 to $6
B_loJkl: calls $3
*** FLOP *** [Ad Ah 8d]
B_loJkl: checks
aremom4e: bets $3
B_loJkl: calls $3
*** TURN *** [Ad Ah 8d] [2d]
B_loJkl: checks
aremom4e: bets $6
B_loJkl: calls $6
*** RIVER *** [Ad Ah 8d 2d] [5h]
B_loJkl: checks
aremom4e: bets $6
B_loJkl: folds
Uncalled bet ($6) returned to aremom4e
aremom4e collected $29.50 from pot
aremom4e: doesn't show hand
*** SUMMARY ***
Total pot $30 | Rake $0.50
Board [Ad Ah 8d 2d 5h]
Seat 1: aremom4e (button) (small blind) collected ($29.50)
Seat 2: B_loJkl (big blind) folded on the River


PokerStars Hand #172641118882:  Hold'em Limit ($3/$6 USD) - 2017/07/05 13:04:26 ET
Table 'Sapientia' 6-max Seat #1 is the button
Seat 1: aremom4e ($450.76 in chips)
Seat 2: B_loJkl ($134.38 in chips)
aremom4e: posts small blind $1
B_loJkl: posts big blind $3
*** HOLE CARDS ***
aremom4e: folds
Uncalled bet ($2) returned to B_loJkl
B_loJkl collected $2 from pot
B_loJkl: doesn't show hand
*** SUMMARY ***
Total pot $2 | Rake $0
Seat 1: aremom4e (button) (small blind) folded before Flop
Seat 2: B_loJkl (big blind) collected ($2)


PokerStars Hand #172641115426:  Hold'em Limit ($3/$6 USD) - 2017/07/05 13:04:21 ET
Table 'Sapientia' 6-max Seat #2 is the button
Seat 1: aremom4e ($449.76 in chips)
Seat 2: B_loJkl ($135.38 in chips)
B_loJkl: posts small blind $1
aremom4e: posts big blind $3
*** HOLE CARDS ***
B_loJkl: folds
Uncalled bet ($2) returned to aremom4e
aremom4e collected $2 from pot
aremom4e: doesn't show hand
*** SUMMARY ***
Total pot $2 | Rake $0
Seat 1: aremom4e (big blind) collected ($2)
Seat 2: B_loJkl (button) (small blind) folded before Flop


PokerStars Hand #172641121831:  Hold'em Limit ($3/$6 USD) - 2017/07/05 13:04:31 ET
Table 'Sapientia' 6-max Seat #2 is the button
Seat 1: aremom4e ($449.76 in chips)
Seat 2: B_loJkl ($135.38 in chips)
B_loJkl: posts small blind $1
aremom4e: posts big blind $3
*** HOLE CARDS ***
B_loJkl: raises $3 to $6
aremom4e: raises $3 to $9
B_loJkl: calls $3
*** FLOP *** [7c 5s 8d]
aremom4e: bets $3
B_loJkl: calls $3
*** TURN *** [7c 5s 8d] [4c]
aremom4e: checks
B_loJkl: bets $6
aremom4e: folds
Uncalled bet ($6) returned to B_loJkl
B_loJkl collected $23.52 from pot
B_loJkl: doesn't show hand
*** SUMMARY ***
Total pot $24 | Rake $0.48
Board [7c 5s 8d 4c]
Seat 1: aremom4e (big blind) folded on the Turn
Seat 2: B_loJkl (button) (small blind) collected ($23.52)


PokerStars Hand #172641144190:  Hold'em Limit ($3/$6 USD) - 2017/07/05 13:05:06 ET
Table 'Sapientia' 6-max Seat #1 is the button
Seat 1: aremom4e ($437.76 in chips)
Seat 2: B_loJkl ($146.90 in chips)
aremom4e: posts small blind $1
B_loJkl: posts big blind $3
*** HOLE CARDS ***
aremom4e: raises $3 to $6
B_loJkl: calls $3
*** FLOP *** [Tc 5c Kh]
B_loJkl: checks
aremom4e: bets $3
B_loJkl: calls $3
*** TURN *** [Tc 5c Kh] [Ad]
B_loJkl: checks
aremom4e: checks
*** RIVER *** [Tc 5c Kh Ad] [8c]
B_loJkl: checks
aremom4e: checks
*** SHOW DOWN ***
B_loJkl: shows [5h Jd] (a pair of Fives)
aremom4e: mucks hand
B_loJkl collected $17.64 from pot
*** SUMMARY ***
Total pot $18 | Rake $0.36
Board [Tc 5c Kh Ad 8c]
Seat 1: aremom4e (button) (small blind) mucked
Seat 2: B_loJkl (big blind) showed [5h Jd] and won ($17.64) with a pair of Fives


PokerStars Hand #172641166644:  Hold'em Limit ($3/$6 USD) - 2017/07/05 13:05:39 ET
Table 'Sapientia' 6-max Seat #2 is the button
Seat 1: aremom4e ($428.76 in chips)
Seat 2: B_loJkl ($155.54 in chips)
B_loJkl: posts small blind $1
aremom4e: posts big blind $3
*** HOLE CARDS ***
B_loJkl: raises $3 to $6
aremom4e: calls $3
*** FLOP *** [4s Qh Qs]
aremom4e: checks
B_loJkl: checks
*** TURN *** [4s Qh Qs] [Jd]
aremom4e: bets $6
B_loJkl: folds
Uncalled bet ($6) returned to aremom4e
aremom4e collected $11.76 from pot
aremom4e: doesn't show hand
*** SUMMARY ***
Total pot $12 | Rake $0.24
Board [4s Qh Qs Jd]
Seat 1: aremom4e (big blind) collected ($11.76)
Seat 2: B_loJkl (button) (small blind) folded on the Turn


PokerStars Hand #172641182009:  Hold'em Limit ($3/$6 USD) - 2017/07/05 13:06:02 ET
Table 'Sapientia' 6-max Seat #1 is the button
Seat 1: aremom4e ($434.52 in chips)
Seat 2: B_loJkl ($149.54 in chips)
aremom4e: posts small blind $1
B_loJkl: posts big blind $3
*** HOLE CARDS ***
SLK500 joins the table at seat #3
aremom4e: calls $2
B_loJkl: checks
*** FLOP *** [8c Jh 4c]
B_loJkl: checks
aremom4e: bets $3
B_loJkl: folds
Uncalled bet ($3) returned to aremom4e
aremom4e collected $5.88 from pot
aremom4e: doesn't show hand
*** SUMMARY ***
Total pot $6 | Rake $0.12
Board [8c Jh 4c]
Seat 1: aremom4e (button) (small blind) collected ($5.88)
Seat 2: B_loJkl (big blind) folded on the Flop


PokerStars Hand #172641301500:  Hold'em Limit ($3/$6 USD) - 2017/07/05 13:08:59 ET
Table 'Sapientia' 6-max Seat #5 is the button
Seat 2: B_loJkl ($117.54 in chips)
Seat 5: helenaki ($34.55 in chips)
helenaki: posts small blind $1
B_loJkl: posts big blind $3
aremom4e leaves the table
*** HOLE CARDS ***
helenaki: raises $3 to $6
B_loJkl: calls $3
*** FLOP *** [4s 3h 7c]
B_loJkl: checks
helenaki: bets $3
B_loJkl: calls $3
*** TURN *** [4s 3h 7c] [9d]
B_loJkl: checks
helenaki: bets $6
B_loJkl: calls $6
*** RIVER *** [4s 3h 7c 9d] [5s]
B_loJkl: bets $6
helenaki: calls $6
*** SHOW DOWN ***
B_loJkl: shows [6d 4h] (a straight, Three to Seven)
helenaki: mucks hand
B_loJkl collected $41.50 from pot
*** SUMMARY ***
Total pot $42 | Rake $0.50
Board [4s 3h 7c 9d 5s]
Seat 2: B_loJkl (big blind) showed [6d 4h] and won ($41.50) with a straight, Three to Seven
Seat 5: helenaki (button) (small blind) mucked


PokerStars Hand #172641337179:  Hold'em Limit ($3/$6 USD) - 2017/07/05 13:09:48 ET
Table 'Sapientia' 6-max Seat #2 is the button
Seat 2: B_loJkl ($138.04 in chips)
Seat 5: helenaki ($13.55 in chips)
B_loJkl: posts small blind $1
helenaki: posts big blind $3
*** HOLE CARDS ***
B_loJkl: raises $3 to $6
helenaki: raises $3 to $9
B_loJkl: calls $3
*** FLOP *** [Ks Jh 7h]
helenaki: bets $3
B_loJkl: raises $3 to $6
helenaki: calls $1.55 and is all-in
Uncalled bet ($1.45) returned to B_loJkl
*** TURN *** [Ks Jh 7h] [Jc]
*** RIVER *** [Ks Jh 7h Jc] [Ac]
*** SHOW DOWN ***
helenaki: shows [4h 4c] (two pair, Jacks and Fours)
B_loJkl: shows [3s As] (two pair, Aces and Jacks)
B_loJkl collected $26.60 from pot
*** SUMMARY ***
Total pot $27.10 | Rake $0.50
Board [Ks Jh 7h Jc Ac]
Seat 2: B_loJkl (button) (small blind) showed [3s As] and won ($26.60) with two pair, Aces and Jacks
Seat 5: helenaki (big blind) showed [4h 4c] and lost with two pair, Jacks and Fours


