PokerStars Hand #165322804294:  Hold'em Limit ($3/$6 USD) - 2017/01/28 18:10:20 ET
Table 'Sapientia' 6-max Seat #4 is the button
Seat 4: maksi670 ($209.25 in chips)
Seat 5: Sleeper007 ($427.61 in chips)
AV7957 leaves the table
maksi670: posts small blind $1
Sleeper007: posts big blind $3
*** HOLE CARDS ***
maksi670: calls $2
Sleeper007: raises $3 to $6
maksi670: raises $3 to $9
LouisB joins the table at seat #6
Sleeper007: calls $3
*** FLOP *** [4s 9d 4h]
Sleeper007: checks
maksi670: bets $3
Sleeper007: calls $3
*** TURN *** [4s 9d 4h] [5d]
Sleeper007: checks
maksi670: checks
*** RIVER *** [4s 9d 4h 5d] [5s]
Sleeper007: checks
maksi670: bets $6
Sleeper007: calls $6
*** SHOW DOWN ***
maksi670: shows [Ah Tc] (two pair, Fives and Fours)
Sleeper007: mucks hand
maksi670 collected $35.50 from pot
*** SUMMARY ***
Total pot $36 | Rake $0.50
Board [4s 9d 4h 5d 5s]
Seat 4: maksi670 (button) (small blind) showed [Ah Tc] and won ($35.50) with two pair, Fives and Fours
Seat 5: Sleeper007 (big blind) mucked


PokerStars Hand #165323037322:  Hold'em Limit ($3/$6 USD) - 2017/01/28 18:15:07 ET
Table 'Sapientia' 6-max Seat #1 is the button
Seat 1: DandyDundee ($222.92 in chips)
Seat 6: LouisB ($118.44 in chips)
DandyDundee: posts small blind $1
LouisB: posts big blind $3
*** HOLE CARDS ***
DandyDundee: raises $3 to $6
LouisB: folds
Uncalled bet ($3) returned to DandyDundee
DandyDundee collected $6 from pot
DandyDundee: doesn't show hand
*** SUMMARY ***
Total pot $6 | Rake $0
Seat 1: DandyDundee (button) (small blind) collected ($6)
Seat 6: LouisB (big blind) folded before Flop


