PokerStars Hand #157021568725:  Hold'em Limit ($3/$6 USD) - 2016/08/08 11:47:52 ET
Table 'Sappho II' 6-max Seat #3 is the button
Seat 3: mylifeluvsol ($30 in chips)
Seat 4: BuzovaPro ($72 in chips)
mylifeluvsol: posts small blind $1
BuzovaPro: posts big blind $3
*** HOLE CARDS ***
mylifeluvsol: calls $2
BuzovaPro: raises $3 to $6
mylifeluvsol: calls $3
*** FLOP *** [6s Kh 7s]
BuzovaPro: bets $3
mylifeluvsol: calls $3
*** TURN *** [6s Kh 7s] [Kc]
BuzovaPro: bets $6
mylifeluvsol: calls $6
*** RIVER *** [6s Kh 7s Kc] [6h]
BuzovaPro: checks
mylifeluvsol: bets $6
BuzovaPro: calls $6
*** SHOW DOWN ***
mylifeluvsol: shows [4d Kd] (a full house, Kings full of Sixes)
BuzovaPro: mucks hand
mylifeluvsol collected $41.50 from pot
*** SUMMARY ***
Total pot $42 | Rake $0.50
Board [6s Kh 7s Kc 6h]
Seat 3: mylifeluvsol (button) (small blind) showed [4d Kd] and won ($41.50) with a full house, Kings full of Sixes
Seat 4: BuzovaPro (big blind) mucked


PokerStars Hand #157021602615:  Hold'em Limit ($3/$6 USD) - 2016/08/08 11:48:51 ET
Table 'Sappho II' 6-max Seat #4 is the button
Seat 3: mylifeluvsol ($46.50 in chips)
Seat 4: BuzovaPro ($77 in chips)
BuzovaPro: posts small blind $1
mylifeluvsol: posts big blind $3
*** HOLE CARDS ***
Helseløs joins the table at seat #5
BuzovaPro: folds
Uncalled bet ($2) returned to mylifeluvsol
mylifeluvsol collected $2 from pot
mylifeluvsol: doesn't show hand
*** SUMMARY ***
Total pot $2 | Rake $0
Seat 3: mylifeluvsol (big blind) collected ($2)
Seat 4: BuzovaPro (button) (small blind) folded before Flop


PokerStars Hand #157021599419:  Hold'em Limit ($3/$6 USD) - 2016/08/08 11:48:45 ET
Table 'Sappho II' 6-max Seat #3 is the button
Seat 3: mylifeluvsol ($47.50 in chips)
Seat 4: BuzovaPro ($76 in chips)
mylifeluvsol: posts small blind $1
BuzovaPro: posts big blind $3
*** HOLE CARDS ***
mylifeluvsol: folds
Uncalled bet ($2) returned to BuzovaPro
BuzovaPro collected $2 from pot
BuzovaPro: doesn't show hand
*** SUMMARY ***
Total pot $2 | Rake $0
Seat 3: mylifeluvsol (button) (small blind) folded before Flop
Seat 4: BuzovaPro (big blind) collected ($2)


PokerStars Hand #157021594519:  Hold'em Limit ($3/$6 USD) - 2016/08/08 11:48:37 ET
Table 'Sappho II' 6-max Seat #4 is the button
Seat 3: mylifeluvsol ($50.50 in chips)
Seat 4: BuzovaPro ($73 in chips)
BuzovaPro: posts small blind $1
mylifeluvsol: posts big blind $3
*** HOLE CARDS ***
BuzovaPro: raises $3 to $6
mylifeluvsol: folds
Uncalled bet ($3) returned to BuzovaPro
BuzovaPro collected $6 from pot
BuzovaPro: doesn't show hand
*** SUMMARY ***
Total pot $6 | Rake $0
Seat 3: mylifeluvsol (big blind) folded before Flop
Seat 4: BuzovaPro (button) (small blind) collected ($6)


PokerStars Hand #157021591449:  Hold'em Limit ($3/$6 USD) - 2016/08/08 11:48:31 ET
Table 'Sappho II' 6-max Seat #3 is the button
Seat 3: mylifeluvsol ($51.50 in chips)
Seat 4: BuzovaPro ($72 in chips)
mylifeluvsol: posts small blind $1
BuzovaPro: posts big blind $3
*** HOLE CARDS ***
mylifeluvsol: folds
Uncalled bet ($2) returned to BuzovaPro
BuzovaPro collected $2 from pot
BuzovaPro: doesn't show hand
*** SUMMARY ***
Total pot $2 | Rake $0
Seat 3: mylifeluvsol (button) (small blind) folded before Flop
Seat 4: BuzovaPro (big blind) collected ($2)


PokerStars Hand #157021588163:  Hold'em Limit ($3/$6 USD) - 2016/08/08 11:48:25 ET
Table 'Sappho II' 6-max Seat #4 is the button
Seat 3: mylifeluvsol ($50.50 in chips)
Seat 4: BuzovaPro ($72 in chips)
BuzovaPro: posts small blind $1
mylifeluvsol: posts big blind $3
*** HOLE CARDS ***
BuzovaPro: folds
Uncalled bet ($2) returned to mylifeluvsol
mylifeluvsol collected $2 from pot
*** SUMMARY ***
Total pot $2 | Rake $0
Seat 3: mylifeluvsol (big blind) collected ($2)
Seat 4: BuzovaPro (button) (small blind) folded before Flop


PokerStars Hand #157021606996:  Hold'em Limit ($3/$6 USD) - 2016/08/08 11:48:59 ET
Table 'Sappho II' 6-max Seat #3 is the button
Seat 3: mylifeluvsol ($47.50 in chips)
Seat 4: BuzovaPro ($76 in chips)
mylifeluvsol: posts small blind $1
BuzovaPro: posts big blind $3
*** HOLE CARDS ***
mylifeluvsol: raises $3 to $6
BuzovaPro: calls $3
*** FLOP *** [7s 4h 2c]
BuzovaPro: checks
mylifeluvsol: bets $3
BuzovaPro: calls $3
*** TURN *** [7s 4h 2c] [Kd]
BuzovaPro: checks
mylifeluvsol: checks
*** RIVER *** [7s 4h 2c Kd] [7h]
BuzovaPro: checks
mylifeluvsol: bets $6
BuzovaPro: calls $6
*** SHOW DOWN ***
mylifeluvsol: shows [4d 4c] (a full house, Fours full of Sevens)
BuzovaPro: mucks hand
mylifeluvsol collected $29.50 from pot
*** SUMMARY ***
Total pot $30 | Rake $0.50
Board [7s 4h 2c Kd 7h]
Seat 3: mylifeluvsol (button) (small blind) showed [4d 4c] and won ($29.50) with a full house, Fours full of Sevens
Seat 4: BuzovaPro (big blind) mucked


PokerStars Hand #157021950821:  Hold'em Limit ($3/$6 USD) - 2016/08/08 11:59:33 ET
Table 'Sappho II' 6-max Seat #2 is the button
Seat 2: sinyakov1190 ($131.06 in chips)
Seat 3: Chessnok ($167.02 in chips)
sinyakov1190: posts small blind $1
Chessnok: posts big blind $3
*** HOLE CARDS ***
sinyakov1190: folds
Uncalled bet ($2) returned to Chessnok
Chessnok collected $2 from pot
Chessnok: doesn't show hand
mylifeluvsol joins the table at seat #6
*** SUMMARY ***
Total pot $2 | Rake $0
Seat 2: sinyakov1190 (button) (small blind) folded before Flop
Seat 3: Chessnok (big blind) collected ($2)


PokerStars Hand #157021947580:  Hold'em Limit ($3/$6 USD) - 2016/08/08 11:59:27 ET
Table 'Sappho II' 6-max Seat #3 is the button
Seat 2: sinyakov1190 ($130.06 in chips)
Seat 3: Chessnok ($168.02 in chips)
Chessnok: posts small blind $1
BuzovaPro: is sitting out
kolaz03: is sitting out
sinyakov1190: posts big blind $3
*** HOLE CARDS ***
kolaz03 leaves the table
Chessnok: folds
Uncalled bet ($2) returned to sinyakov1190
sinyakov1190 collected $2 from pot
*** SUMMARY ***
Total pot $2 | Rake $0
Seat 2: sinyakov1190 (big blind) collected ($2)
Seat 3: Chessnok (button) (small blind) folded before Flop


PokerStars Hand #157022042297:  Hold'em Limit ($3/$6 USD) - 2016/08/08 12:02:22 ET
Table 'Sappho II' 6-max Seat #3 is the button
Seat 2: sinyakov1190 ($85.06 in chips)
Seat 3: Chessnok ($180.85 in chips)
Chessnok: posts small blind $1
kolaz03: is sitting out
sinyakov1190: posts big blind $3
*** HOLE CARDS ***
kolaz03 leaves the table
Chessnok: folds
Uncalled bet ($2) returned to sinyakov1190
sinyakov1190 collected $2 from pot
*** SUMMARY ***
Total pot $2 | Rake $0
Seat 2: sinyakov1190 (big blind) collected ($2)
Seat 3: Chessnok (button) (small blind) folded before Flop


PokerStars Hand #157022064391:  Hold'em Limit ($3/$6 USD) - 2016/08/08 12:02:59 ET
Table 'Sappho II' 6-max Seat #3 is the button
Seat 2: sinyakov1190 ($103.56 in chips)
Seat 3: Chessnok ($161.85 in chips)
Chessnok: posts small blind $1
sinyakov1190: posts big blind $3
*** HOLE CARDS ***
Chessnok: folds
Uncalled bet ($2) returned to sinyakov1190
sinyakov1190 collected $2 from pot
*** SUMMARY ***
Total pot $2 | Rake $0
Seat 2: sinyakov1190 (big blind) collected ($2)
Seat 3: Chessnok (button) (small blind) folded before Flop


PokerStars Hand #157022045714:  Hold'em Limit ($3/$6 USD) - 2016/08/08 12:02:28 ET
Table 'Sappho II' 6-max Seat #2 is the button
Seat 2: sinyakov1190 ($86.06 in chips)
Seat 3: Chessnok ($179.85 in chips)
sinyakov1190: posts small blind $1
Chessnok: posts big blind $3
*** HOLE CARDS ***
sinyakov1190: raises $3 to $6
Chessnok: calls $3
*** FLOP *** [8d Qd Th]
Chessnok: checks
sinyakov1190: checks
*** TURN *** [8d Qd Th] [Ts]
Chessnok: bets $6
sinyakov1190: calls $6
*** RIVER *** [8d Qd Th Ts] [Ad]
Chessnok: bets $6
sinyakov1190: calls $6
*** SHOW DOWN ***
Chessnok: shows [Qs 5c] (two pair, Queens and Tens)
sinyakov1190: shows [Ac 3c] (two pair, Aces and Tens)
sinyakov1190 collected $35.50 from pot
*** SUMMARY ***
Total pot $36 | Rake $0.50
Board [8d Qd Th Ts Ad]
Seat 2: sinyakov1190 (button) (small blind) showed [Ac 3c] and won ($35.50) with two pair, Aces and Tens
Seat 3: Chessnok (big blind) showed [Qs 5c] and lost with two pair, Queens and Tens


PokerStars Hand #157022068254:  Hold'em Limit ($3/$6 USD) - 2016/08/08 12:03:05 ET
Table 'Sappho II' 6-max Seat #2 is the button
Seat 2: sinyakov1190 ($104.56 in chips)
Seat 3: Chessnok ($160.85 in chips)
sinyakov1190: posts small blind $1
Chessnok: posts big blind $3
*** HOLE CARDS ***
sinyakov1190: calls $2
Chessnok: raises $3 to $6
sinyakov1190: calls $3
*** FLOP *** [3h 6c Kd]
Chessnok: checks
sinyakov1190: bets $3
Chessnok: raises $3 to $6
sinyakov1190: calls $3
*** TURN *** [3h 6c Kd] [2h]
Chessnok: checks
sinyakov1190: checks
*** RIVER *** [3h 6c Kd 2h] [9h]
Chessnok: bets $6
sinyakov1190: calls $6
*** SHOW DOWN ***
Chessnok: shows [Js 3c] (a pair of Threes)
sinyakov1190: shows [6s 7d] (a pair of Sixes)
sinyakov1190 collected $35.50 from pot
*** SUMMARY ***
Total pot $36 | Rake $0.50
Board [3h 6c Kd 2h 9h]
Seat 2: sinyakov1190 (button) (small blind) showed [6s 7d] and won ($35.50) with a pair of Sixes
Seat 3: Chessnok (big blind) showed [Js 3c] and lost with a pair of Threes


PokerStars Hand #157022091668:  Hold'em Limit ($3/$6 USD) - 2016/08/08 12:03:45 ET
Table 'Sappho II' 6-max Seat #3 is the button
Seat 2: sinyakov1190 ($118.06 in chips)
Seat 3: Chessnok ($146.85 in chips)
Chessnok: posts small blind $1
sinyakov1190: posts big blind $3
*** HOLE CARDS ***
Chessnok: raises $3 to $6
sinyakov1190: calls $3
*** FLOP *** [6s 2d Qs]
sinyakov1190: checks
Chessnok: bets $3
sinyakov1190: folds
Uncalled bet ($3) returned to Chessnok
Chessnok collected $11.76 from pot
Chessnok: doesn't show hand
*** SUMMARY ***
Total pot $12 | Rake $0.24
Board [6s 2d Qs]
Seat 2: sinyakov1190 (big blind) folded on the Flop
Seat 3: Chessnok (button) (small blind) collected ($11.76)


PokerStars Hand #157022083542:  Hold'em Limit ($3/$6 USD) - 2016/08/08 12:03:31 ET
Table 'Sappho II' 6-max Seat #3 is the button
Seat 2: sinyakov1190 ($122.06 in chips)
Seat 3: Chessnok ($142.85 in chips)
Chessnok: posts small blind $1
sinyakov1190: posts big blind $3
*** HOLE CARDS ***
Chessnok: raises $3 to $6
sinyakov1190: folds
Uncalled bet ($3) returned to Chessnok
Chessnok collected $6 from pot
Chessnok: doesn't show hand
*** SUMMARY ***
Total pot $6 | Rake $0
Seat 2: sinyakov1190 (big blind) folded before Flop
Seat 3: Chessnok (button) (small blind) collected ($6)


PokerStars Hand #157022087654:  Hold'em Limit ($3/$6 USD) - 2016/08/08 12:03:38 ET
Table 'Sappho II' 6-max Seat #2 is the button
Seat 2: sinyakov1190 ($119.06 in chips)
Seat 3: Chessnok ($145.85 in chips)
sinyakov1190: posts small blind $1
Chessnok: posts big blind $3
*** HOLE CARDS ***
sinyakov1190: folds
Uncalled bet ($2) returned to Chessnok
Chessnok collected $2 from pot
Chessnok: doesn't show hand
*** SUMMARY ***
Total pot $2 | Rake $0
Seat 2: sinyakov1190 (button) (small blind) folded before Flop
Seat 3: Chessnok (big blind) collected ($2)


PokerStars Hand #157022098786:  Hold'em Limit ($3/$6 USD) - 2016/08/08 12:03:57 ET
Table 'Sappho II' 6-max Seat #2 is the button
Seat 2: sinyakov1190 ($112.06 in chips)
Seat 3: Chessnok ($152.61 in chips)
sinyakov1190: posts small blind $1
Chessnok: posts big blind $3
*** HOLE CARDS ***
sinyakov1190: raises $3 to $6
Chessnok: calls $3
*** FLOP *** [2s Qc 8c]
Chessnok: checks
sinyakov1190: bets $3
Chessnok: raises $3 to $6
sinyakov1190: calls $3
*** TURN *** [2s Qc 8c] [Js]
Chessnok: bets $6
sinyakov1190: raises $6 to $12
Chessnok: calls $6
*** RIVER *** [2s Qc 8c Js] [3s]
Chessnok: checks
sinyakov1190: bets $6
Chessnok: calls $6
*** SHOW DOWN ***
sinyakov1190: shows [Ad 4c] (high card Ace)
Chessnok: shows [Kc 8s] (a pair of Eights)
Chessnok collected $59.50 from pot
*** SUMMARY ***
Total pot $60 | Rake $0.50
Board [2s Qc 8c Js 3s]
Seat 2: sinyakov1190 (button) (small blind) showed [Ad 4c] and lost with high card Ace
Seat 3: Chessnok (big blind) showed [Kc 8s] and won ($59.50) with a pair of Eights


PokerStars Hand #157022112867:  Hold'em Limit ($3/$6 USD) - 2016/08/08 12:04:21 ET
Table 'Sappho II' 6-max Seat #3 is the button
Seat 2: sinyakov1190 ($82.06 in chips)
Seat 3: Chessnok ($182.11 in chips)
Chessnok: posts small blind $1
sinyakov1190: posts big blind $3
*** HOLE CARDS ***
Chessnok: raises $3 to $6
sinyakov1190: raises $3 to $9
Chessnok: calls $3
*** FLOP *** [Jd 9c Qc]
sinyakov1190: bets $3
Chessnok: calls $3
*** TURN *** [Jd 9c Qc] [2s]
sinyakov1190: bets $6
Chessnok: raises $6 to $12
sinyakov1190: raises $6 to $18
Chessnok: calls $6
*** RIVER *** [Jd 9c Qc 2s] [5d]
sinyakov1190: bets $6
Chessnok: calls $6
*** SHOW DOWN ***
sinyakov1190: shows [Jh Kd] (a pair of Jacks)
Chessnok: shows [Js 9h] (two pair, Jacks and Nines)
Chessnok collected $71.50 from pot
*** SUMMARY ***
Total pot $72 | Rake $0.50
Board [Jd 9c Qc 2s 5d]
Seat 2: sinyakov1190 (big blind) showed [Jh Kd] and lost with a pair of Jacks
Seat 3: Chessnok (button) (small blind) showed [Js 9h] and won ($71.50) with two pair, Jacks and Nines


PokerStars Hand #157022143300:  Hold'em Limit ($3/$6 USD) - 2016/08/08 12:05:12 ET
Table 'Sappho II' 6-max Seat #3 is the button
Seat 2: sinyakov1190 ($31.06 in chips)
Seat 3: Chessnok ($232.11 in chips)
Chessnok: posts small blind $1
sinyakov1190: posts big blind $3
*** HOLE CARDS ***
Chessnok: raises $3 to $6
sinyakov1190: calls $3
*** FLOP *** [Kd 5h 8d]
sinyakov1190: checks
Chessnok: bets $3
sinyakov1190: raises $3 to $6
Chessnok: calls $3
*** TURN *** [Kd 5h 8d] [4c]
sinyakov1190: bets $6
Chessnok: calls $6
*** RIVER *** [Kd 5h 8d 4c] [3h]
sinyakov1190: bets $6
Chessnok: calls $6
*** SHOW DOWN ***
sinyakov1190: shows [5d 6d] (a pair of Fives)
Chessnok: shows [9h 8s] (a pair of Eights)
Chessnok collected $47.50 from pot
*** SUMMARY ***
Total pot $48 | Rake $0.50
Board [Kd 5h 8d 4c 3h]
Seat 2: sinyakov1190 (big blind) showed [5d 6d] and lost with a pair of Fives
Seat 3: Chessnok (button) (small blind) showed [9h 8s] and won ($47.50) with a pair of Eights


PokerStars Hand #157022129023:  Hold'em Limit ($3/$6 USD) - 2016/08/08 12:04:48 ET
Table 'Sappho II' 6-max Seat #3 is the button
Seat 2: sinyakov1190 ($45.06 in chips)
Seat 3: Chessnok ($218.61 in chips)
Chessnok: posts small blind $1
sinyakov1190: posts big blind $3
*** HOLE CARDS ***
Chessnok: folds
Uncalled bet ($2) returned to sinyakov1190
sinyakov1190 collected $2 from pot
*** SUMMARY ***
Total pot $2 | Rake $0
Seat 2: sinyakov1190 (big blind) collected ($2)
Seat 3: Chessnok (button) (small blind) folded before Flop


PokerStars Hand #157022132452:  Hold'em Limit ($3/$6 USD) - 2016/08/08 12:04:54 ET
Table 'Sappho II' 6-max Seat #2 is the button
Seat 2: sinyakov1190 ($46.06 in chips)
Seat 3: Chessnok ($217.61 in chips)
sinyakov1190: posts small blind $1
Chessnok: posts big blind $3
*** HOLE CARDS ***
sinyakov1190: raises $3 to $6
Chessnok: calls $3
*** FLOP *** [5d 2s Jd]
Chessnok: checks
sinyakov1190: bets $3
Chessnok: calls $3
*** TURN *** [5d 2s Jd] [Qd]
Chessnok: checks
sinyakov1190: checks
*** RIVER *** [5d 2s Jd Qd] [Ks]
Chessnok: checks
sinyakov1190: bets $6
Chessnok: calls $6
*** SHOW DOWN ***
sinyakov1190: shows [9c 6h] (high card King)
Chessnok: shows [As 4c] (high card Ace)
Chessnok collected $29.50 from pot
*** SUMMARY ***
Total pot $30 | Rake $0.50
Board [5d 2s Jd Qd Ks]
Seat 2: sinyakov1190 (button) (small blind) showed [9c 6h] and lost with high card King
Seat 3: Chessnok (big blind) showed [As 4c] and won ($29.50) with high card Ace


PokerStars Hand #157022124805:  Hold'em Limit ($3/$6 USD) - 2016/08/08 12:04:41 ET
Table 'Sappho II' 6-max Seat #2 is the button
Seat 2: sinyakov1190 ($46.06 in chips)
Seat 3: Chessnok ($217.61 in chips)
sinyakov1190: posts small blind $1
Chessnok: posts big blind $3
*** HOLE CARDS ***
sinyakov1190: folds
Uncalled bet ($2) returned to Chessnok
Chessnok collected $2 from pot
Chessnok: doesn't show hand
*** SUMMARY ***
Total pot $2 | Rake $0
Seat 2: sinyakov1190 (button) (small blind) folded before Flop
Seat 3: Chessnok (big blind) collected ($2)


PokerStars Hand #157022153763:  Hold'em Limit ($3/$6 USD) - 2016/08/08 12:05:30 ET
Table 'Sappho II' 6-max Seat #2 is the button
Seat 2: sinyakov1190 ($7.06 in chips)
Seat 3: Chessnok ($255.61 in chips)
sinyakov1190: posts small blind $1
Chessnok: posts big blind $3
*** HOLE CARDS ***
sinyakov1190: raises $3 to $6
Chessnok: raises $3 to $9
sinyakov1190: calls $1.06 and is all-in
Uncalled bet ($1.94) returned to Chessnok
*** FLOP *** [Qd Tc 6h]
*** TURN *** [Qd Tc 6h] [3h]
*** RIVER *** [Qd Tc 6h 3h] [5d]
*** SHOW DOWN ***
Chessnok: shows [7s 6c] (a pair of Sixes)
sinyakov1190: shows [7h Ks] (high card King)
Chessnok collected $13.84 from pot
sinyakov1190 leaves the table
*** SUMMARY ***
Total pot $14.12 | Rake $0.28
Board [Qd Tc 6h 3h 5d]
Seat 2: sinyakov1190 (button) (small blind) showed [7h Ks] and lost with high card King
Seat 3: Chessnok (big blind) showed [7s 6c] and won ($13.84) with a pair of Sixes


