PokerStars Hand #161485712500:  Hold'em Limit ($3/$6 USD) - 2016/11/16 8:55:58 ET
Table 'Sappho III' 10-max Seat #1 is the button
Seat 1: VolkovDmitri ($120 in chips)
Seat 2: Tatiana_K63 ($30 in chips)
VolkovDmitri: posts small blind $1
Tatiana_K63: posts big blind $3
*** HOLE CARDS ***
VolkovDmitri: raises $3 to $6
Tatiana_K63: calls $3
*** FLOP *** [3h 3c As]
Tatiana_K63: bets $3
VolkovDmitri: raises $3 to $6
Tatiana_K63: folds
Uncalled bet ($3) returned to VolkovDmitri
VolkovDmitri collected $17.64 from pot
VolkovDmitri: doesn't show hand
*** SUMMARY ***
Total pot $18 | Rake $0.36
Board [3h 3c As]
Seat 1: VolkovDmitri (button) (small blind) collected ($17.64)
Seat 2: Tatiana_K63 (big blind) folded on the Flop


PokerStars Hand #161485745373:  Hold'em Limit ($3/$6 USD) - 2016/11/16 8:57:03 ET
Table 'Sappho III' 10-max Seat #3 is the button
Seat 1: VolkovDmitri ($130.52 in chips)
Seat 3: B_loJkl ($166.92 in chips)
B_loJkl: posts small blind $1
VolkovDmitri: posts big blind $3
*** HOLE CARDS ***
B_loJkl: folds
Uncalled bet ($2) returned to VolkovDmitri
VolkovDmitri collected $2 from pot
VolkovDmitri: doesn't show hand
*** SUMMARY ***
Total pot $2 | Rake $0
Seat 1: VolkovDmitri (big blind) collected ($2)
Seat 3: B_loJkl (button) (small blind) folded before Flop


PokerStars Hand #161485720437:  Hold'em Limit ($3/$6 USD) - 2016/11/16 8:56:14 ET
Table 'Sappho III' 10-max Seat #2 is the button
Seat 1: VolkovDmitri ($128.64 in chips)
Seat 2: Tatiana_K63 ($21 in chips)
Tatiana_K63: posts small blind $1
VolkovDmitri: posts big blind $3
*** HOLE CARDS ***
Tatiana_K63: calls $2
VolkovDmitri: checks
*** FLOP *** [6h 2h Kc]
VolkovDmitri: bets $3
Tatiana_K63: folds
Uncalled bet ($3) returned to VolkovDmitri
VolkovDmitri collected $5.88 from pot
VolkovDmitri: doesn't show hand
*** SUMMARY ***
Total pot $6 | Rake $0.12
Board [6h 2h Kc]
Seat 1: VolkovDmitri (big blind) collected ($5.88)
Seat 2: Tatiana_K63 (button) (small blind) folded on the Flop


PokerStars Hand #161485727148:  Hold'em Limit ($3/$6 USD) - 2016/11/16 8:56:27 ET
Table 'Sappho III' 10-max Seat #1 is the button
Seat 1: VolkovDmitri ($131.52 in chips)
Seat 2: Tatiana_K63 ($18 in chips)
VolkovDmitri: posts small blind $1
Tatiana_K63: posts big blind $3
B_loJkl joins the table at seat #3
*** HOLE CARDS ***
VolkovDmitri: folds
Uncalled bet ($2) returned to Tatiana_K63
Tatiana_K63 collected $2 from pot
Tatiana_K63: doesn't show hand
*** SUMMARY ***
Total pot $2 | Rake $0
Seat 1: VolkovDmitri (button) (small blind) folded before Flop
Seat 2: Tatiana_K63 (big blind) collected ($2)


PokerStars Hand #161485803181:  Hold'em Limit ($3/$6 USD) - 2016/11/16 8:58:54 ET
Table 'Sappho III' 10-max Seat #2 is the button
Seat 2: Tatiana_K63 ($26.10 in chips)
Seat 3: B_loJkl ($182.91 in chips)
Tatiana_K63: posts small blind $1
B_loJkl: posts big blind $3
*** HOLE CARDS ***
Tatiana_K63: calls $2
B_loJkl: checks
*** FLOP *** [Jh Ac 4h]
B_loJkl: checks
Tatiana_K63: bets $3
B_loJkl: folds
Uncalled bet ($3) returned to Tatiana_K63
Tatiana_K63 collected $5.88 from pot
Tatiana_K63: doesn't show hand
*** SUMMARY ***
Total pot $6 | Rake $0.12
Board [Jh Ac 4h]
Seat 2: Tatiana_K63 (button) (small blind) collected ($5.88)
Seat 3: B_loJkl (big blind) folded on the Flop


PokerStars Hand #161485793493:  Hold'em Limit ($3/$6 USD) - 2016/11/16 8:58:36 ET
Table 'Sappho III' 10-max Seat #3 is the button
Seat 2: Tatiana_K63 ($17.46 in chips)
Seat 3: B_loJkl ($191.91 in chips)
B_loJkl: posts small blind $1
Tatiana_K63: posts big blind $3
*** HOLE CARDS ***
B_loJkl: raises $3 to $6
Tatiana_K63: calls $3
*** FLOP *** [3h 6d Jd]
Tatiana_K63: checks
B_loJkl: bets $3
Tatiana_K63: calls $3
*** TURN *** [3h 6d Jd] [Td]
Tatiana_K63: bets $6
B_loJkl: folds
Uncalled bet ($6) returned to Tatiana_K63
Tatiana_K63 collected $17.64 from pot
Tatiana_K63: doesn't show hand
*** SUMMARY ***
Total pot $18 | Rake $0.36
Board [3h 6d Jd Td]
Seat 2: Tatiana_K63 (big blind) collected ($17.64)
Seat 3: B_loJkl (button) (small blind) folded on the Turn


PokerStars Hand #161485811451:  Hold'em Limit ($3/$6 USD) - 2016/11/16 8:59:10 ET
Table 'Sappho III' 10-max Seat #3 is the button
Seat 2: Tatiana_K63 ($28.98 in chips)
Seat 3: B_loJkl ($179.91 in chips)
B_loJkl: posts small blind $1
Tatiana_K63: posts big blind $3
*** HOLE CARDS ***
B_loJkl: raises $3 to $6
Tatiana_K63: calls $3
*** FLOP *** [4s 7s 6h]
Tatiana_K63: bets $3
B_loJkl: calls $3
*** TURN *** [4s 7s 6h] [Jd]
Tatiana_K63: bets $6
B_loJkl: calls $6
*** RIVER *** [4s 7s 6h Jd] [5s]
Tatiana_K63: bets $6
B_loJkl: calls $6
*** SHOW DOWN ***
Tatiana_K63: shows [6d 5c] (two pair, Sixes and Fives)
B_loJkl: mucks hand
Tatiana_K63 collected $41.50 from pot
*** SUMMARY ***
Total pot $42 | Rake $0.50
Board [4s 7s 6h Jd 5s]
Seat 2: Tatiana_K63 (big blind) showed [6d 5c] and won ($41.50) with two pair, Sixes and Fives
Seat 3: B_loJkl (button) (small blind) mucked


PokerStars Hand #161485821227:  Hold'em Limit ($3/$6 USD) - 2016/11/16 8:59:29 ET
Table 'Sappho III' 10-max Seat #2 is the button
Seat 2: Tatiana_K63 ($49.48 in chips)
Seat 3: B_loJkl ($158.91 in chips)
Tatiana_K63: posts small blind $1
B_loJkl: posts big blind $3
*** HOLE CARDS ***
Tatiana_K63: folds
Uncalled bet ($2) returned to B_loJkl
B_loJkl collected $2 from pot
B_loJkl: doesn't show hand
*** SUMMARY ***
Total pot $2 | Rake $0
Seat 2: Tatiana_K63 (button) (small blind) folded before Flop
Seat 3: B_loJkl (big blind) collected ($2)


PokerStars Hand #161485830801:  Hold'em Limit ($3/$6 USD) - 2016/11/16 8:59:48 ET
Table 'Sappho III' 10-max Seat #2 is the button
Seat 2: Tatiana_K63 ($42.48 in chips)
Seat 3: B_loJkl ($165.67 in chips)
Tatiana_K63: posts small blind $1
B_loJkl: posts big blind $3
*** HOLE CARDS ***
Tatiana_K63: calls $2
B_loJkl: checks
*** FLOP *** [Ts Qc 7h]
B_loJkl: bets $3
Tatiana_K63: calls $3
*** TURN *** [Ts Qc 7h] [Ks]
B_loJkl: bets $6
Tatiana_K63: calls $6
*** RIVER *** [Ts Qc 7h Ks] [Jc]
B_loJkl: bets $6
Tatiana_K63: raises $6 to $12
B_loJkl: calls $6
*** SHOW DOWN ***
Tatiana_K63: shows [Ad 3s] (a straight, Ten to Ace)
B_loJkl: mucks hand
Tatiana_K63 collected $47.50 from pot
*** SUMMARY ***
Total pot $48 | Rake $0.50
Board [Ts Qc 7h Ks Jc]
Seat 2: Tatiana_K63 (button) (small blind) showed [Ad 3s] and won ($47.50) with a straight, Ten to Ace
Seat 3: B_loJkl (big blind) mucked


PokerStars Hand #161485823822:  Hold'em Limit ($3/$6 USD) - 2016/11/16 8:59:34 ET
Table 'Sappho III' 10-max Seat #3 is the button
Seat 2: Tatiana_K63 ($48.48 in chips)
Seat 3: B_loJkl ($159.91 in chips)
B_loJkl: posts small blind $1
Tatiana_K63: posts big blind $3
*** HOLE CARDS ***
B_loJkl: raises $3 to $6
Tatiana_K63: calls $3
*** FLOP *** [2s Js 9c]
Tatiana_K63: checks
B_loJkl: bets $3
Tatiana_K63: folds
Uncalled bet ($3) returned to B_loJkl
B_loJkl collected $11.76 from pot
B_loJkl: doesn't show hand
*** SUMMARY ***
Total pot $12 | Rake $0.24
Board [2s Js 9c]
Seat 2: Tatiana_K63 (big blind) folded on the Flop
Seat 3: B_loJkl (button) (small blind) collected ($11.76)


PokerStars Hand #161485841429:  Hold'em Limit ($3/$6 USD) - 2016/11/16 9:00:08 ET
Table 'Sappho III' 10-max Seat #3 is the button
Seat 2: Tatiana_K63 ($65.98 in chips)
Seat 3: B_loJkl ($141.67 in chips)
B_loJkl: posts small blind $1
Tatiana_K63: posts big blind $3
*** HOLE CARDS ***
B_loJkl: raises $3 to $6
Tatiana_K63: calls $3
*** FLOP *** [6s 8s 9c]
Tatiana_K63: checks
B_loJkl: bets $3
Tatiana_K63: calls $3
*** TURN *** [6s 8s 9c] [3s]
Tatiana_K63: checks
B_loJkl: bets $6
Tatiana_K63: calls $6
*** RIVER *** [6s 8s 9c 3s] [Ks]
Tatiana_K63: checks
B_loJkl: checks
*** SHOW DOWN ***
Tatiana_K63: shows [Kc 2s] (a flush, King high)
B_loJkl: mucks hand
Tatiana_K63 collected $29.50 from pot
*** SUMMARY ***
Total pot $30 | Rake $0.50
Board [6s 8s 9c 3s Ks]
Seat 2: Tatiana_K63 (big blind) showed [Kc 2s] and won ($29.50) with a flush, King high
Seat 3: B_loJkl (button) (small blind) mucked


PokerStars Hand #161485851219:  Hold'em Limit ($3/$6 USD) - 2016/11/16 9:00:26 ET
Table 'Sappho III' 10-max Seat #2 is the button
Seat 2: Tatiana_K63 ($80.48 in chips)
Seat 3: B_loJkl ($126.67 in chips)
Tatiana_K63: posts small blind $1
B_loJkl: posts big blind $3
*** HOLE CARDS ***
Tatiana_K63: calls $2
B_loJkl: checks
*** FLOP *** [2d Kc Th]
B_loJkl: checks
Tatiana_K63: bets $3
B_loJkl: raises $3 to $6
Tatiana_K63: raises $3 to $9
B_loJkl: calls $3
*** TURN *** [2d Kc Th] [3h]
B_loJkl: checks
Tatiana_K63: bets $6
B_loJkl: calls $6
*** RIVER *** [2d Kc Th 3h] [9h]
B_loJkl: checks
Tatiana_K63: bets $6
B_loJkl: folds
Uncalled bet ($6) returned to Tatiana_K63
Tatiana_K63 collected $35.50 from pot
Tatiana_K63: doesn't show hand
*** SUMMARY ***
Total pot $36 | Rake $0.50
Board [2d Kc Th 3h 9h]
Seat 2: Tatiana_K63 (button) (small blind) collected ($35.50)
Seat 3: B_loJkl (big blind) folded on the River


PokerStars Hand #161485871745:  Hold'em Limit ($3/$6 USD) - 2016/11/16 9:01:02 ET
Table 'Sappho III' 10-max Seat #3 is the button
Seat 2: Tatiana_K63 ($97.98 in chips)
Seat 3: B_loJkl ($108.67 in chips)
B_loJkl: posts small blind $1
Tatiana_K63: posts big blind $3
*** HOLE CARDS ***
B_loJkl: raises $3 to $6
Tatiana_K63: calls $3
*** FLOP *** [Qs 4c 3s]
Tatiana_K63: bets $3
B_loJkl: raises $3 to $6
Tatiana_K63: calls $3
*** TURN *** [Qs 4c 3s] [7d]
Tatiana_K63: checks
B_loJkl: bets $6
Tatiana_K63: calls $6
*** RIVER *** [Qs 4c 3s 7d] [9c]
Tatiana_K63: bets $6
B_loJkl: calls $6
*** SHOW DOWN ***
Tatiana_K63: shows [Jc 5c] (high card Queen)
B_loJkl: shows [As 4d] (a pair of Fours)
B_loJkl collected $47.50 from pot
*** SUMMARY ***
Total pot $48 | Rake $0.50
Board [Qs 4c 3s 7d 9c]
Seat 2: Tatiana_K63 (big blind) showed [Jc 5c] and lost with high card Queen
Seat 3: B_loJkl (button) (small blind) showed [As 4d] and won ($47.50) with a pair of Fours


PokerStars Hand #161485895188:  Hold'em Limit ($3/$6 USD) - 2016/11/16 9:01:43 ET
Table 'Sappho III' 10-max Seat #2 is the button
Seat 2: Tatiana_K63 ($73.98 in chips)
Seat 3: B_loJkl ($132.17 in chips)
Tatiana_K63: posts small blind $1
B_loJkl: posts big blind $3
*** HOLE CARDS ***
Tatiana_K63: calls $2
B_loJkl: raises $3 to $6
Tatiana_K63: calls $3
*** FLOP *** [Td Qc 8c]
B_loJkl: bets $3
Tatiana_K63: raises $3 to $6
B_loJkl: calls $3
*** TURN *** [Td Qc 8c] [9s]
B_loJkl: checks
Tatiana_K63: bets $6
B_loJkl: calls $6
*** RIVER *** [Td Qc 8c 9s] [4c]
B_loJkl: checks
Tatiana_K63: bets $6
B_loJkl: folds
Uncalled bet ($6) returned to Tatiana_K63
Tatiana_K63 collected $35.50 from pot
Tatiana_K63: doesn't show hand
*** SUMMARY ***
Total pot $36 | Rake $0.50
Board [Td Qc 8c 9s 4c]
Seat 2: Tatiana_K63 (button) (small blind) collected ($35.50)
Seat 3: B_loJkl (big blind) folded on the River


PokerStars Hand #161485940090:  Hold'em Limit ($3/$6 USD) - 2016/11/16 9:02:58 ET
Table 'Sappho III' 10-max Seat #3 is the button
Seat 2: Tatiana_K63 ($105.88 in chips)
Seat 3: B_loJkl ($99.17 in chips)
B_loJkl: posts small blind $1
Tatiana_K63: posts big blind $3
*** HOLE CARDS ***
B_loJkl: folds
Uncalled bet ($2) returned to Tatiana_K63
Tatiana_K63 collected $2 from pot
Tatiana_K63: doesn't show hand
*** SUMMARY ***
Total pot $2 | Rake $0
Seat 2: Tatiana_K63 (big blind) collected ($2)
Seat 3: B_loJkl (button) (small blind) folded before Flop


PokerStars Hand #161485931505:  Hold'em Limit ($3/$6 USD) - 2016/11/16 9:02:44 ET
Table 'Sappho III' 10-max Seat #2 is the button
Seat 2: Tatiana_K63 ($100.12 in chips)
Seat 3: B_loJkl ($105.17 in chips)
Tatiana_K63: posts small blind $1
B_loJkl: posts big blind $3
*** HOLE CARDS ***
Tatiana_K63: raises $3 to $6
B_loJkl: calls $3
*** FLOP *** [9h Ac 3s]
B_loJkl: checks
Tatiana_K63: bets $3
B_loJkl: folds
Uncalled bet ($3) returned to Tatiana_K63
Tatiana_K63 collected $11.76 from pot
Tatiana_K63: doesn't show hand
*** SUMMARY ***
Total pot $12 | Rake $0.24
Board [9h Ac 3s]
Seat 2: Tatiana_K63 (button) (small blind) collected ($11.76)
Seat 3: B_loJkl (big blind) folded on the Flop


PokerStars Hand #161485921896:  Hold'em Limit ($3/$6 USD) - 2016/11/16 9:02:28 ET
Table 'Sappho III' 10-max Seat #3 is the button
Seat 2: Tatiana_K63 ($91.48 in chips)
Seat 3: B_loJkl ($114.17 in chips)
B_loJkl: posts small blind $1
Tatiana_K63: posts big blind $3
*** HOLE CARDS ***
B_loJkl: raises $3 to $6
Tatiana_K63: raises $3 to $9
VolkovDmitri leaves the table
B_loJkl: calls $3
*** FLOP *** [8h Ts Qh]
Tatiana_K63: bets $3
B_loJkl: folds
Uncalled bet ($3) returned to Tatiana_K63
Tatiana_K63 collected $17.64 from pot
Tatiana_K63: doesn't show hand
*** SUMMARY ***
Total pot $18 | Rake $0.36
Board [8h Ts Qh]
Seat 2: Tatiana_K63 (big blind) collected ($17.64)
Seat 3: B_loJkl (button) (small blind) folded on the Flop


PokerStars Hand #161485943111:  Hold'em Limit ($3/$6 USD) - 2016/11/16 9:03:03 ET
Table 'Sappho III' 10-max Seat #2 is the button
Seat 2: Tatiana_K63 ($106.88 in chips)
Seat 3: B_loJkl ($98.17 in chips)
Tatiana_K63: posts small blind $1
B_loJkl: posts big blind $3
*** HOLE CARDS ***
Tatiana_K63: raises $3 to $6
B_loJkl: calls $3
*** FLOP *** [5s 7s 4h]
B_loJkl: checks
Tatiana_K63: bets $3
B_loJkl: calls $3
*** TURN *** [5s 7s 4h] [2d]
B_loJkl: checks
Tatiana_K63: bets $6
B_loJkl: calls $6
*** RIVER *** [5s 7s 4h 2d] [Ts]
B_loJkl: checks
Tatiana_K63: bets $6
B_loJkl: folds
Uncalled bet ($6) returned to Tatiana_K63
Tatiana_K63 collected $29.50 from pot
Tatiana_K63: doesn't show hand
*** SUMMARY ***
Total pot $30 | Rake $0.50
Board [5s 7s 4h 2d Ts]
Seat 2: Tatiana_K63 (button) (small blind) collected ($29.50)
Seat 3: B_loJkl (big blind) folded on the River


PokerStars Hand #161485972707:  Hold'em Limit ($3/$6 USD) - 2016/11/16 9:03:53 ET
Table 'Sappho III' 10-max Seat #3 is the button
Seat 2: Tatiana_K63 ($90.38 in chips)
Seat 3: B_loJkl ($113.67 in chips)
B_loJkl: posts small blind $1
Tatiana_K63: posts big blind $3
*** HOLE CARDS ***
B_loJkl: raises $3 to $6
Tatiana_K63: calls $3
*** FLOP *** [7s 7c 3h]
Tatiana_K63: bets $3
B_loJkl: raises $3 to $6
Tatiana_K63: calls $3
*** TURN *** [7s 7c 3h] [2d]
Tatiana_K63: checks
B_loJkl: bets $6
Tatiana_K63: calls $6
*** RIVER *** [7s 7c 3h 2d] [8s]
Tatiana_K63: checks
B_loJkl: checks
*** SHOW DOWN ***
Tatiana_K63: shows [9s Qh] (a pair of Sevens)
B_loJkl: shows [Qs 2s] (two pair, Sevens and Deuces)
B_loJkl collected $35.50 from pot
*** SUMMARY ***
Total pot $36 | Rake $0.50
Board [7s 7c 3h 2d 8s]
Seat 2: Tatiana_K63 (big blind) showed [9s Qh] and lost with a pair of Sevens
Seat 3: B_loJkl (button) (small blind) showed [Qs 2s] and won ($35.50) with two pair, Sevens and Deuces


PokerStars Hand #161485970079:  Hold'em Limit ($3/$6 USD) - 2016/11/16 9:03:48 ET
Table 'Sappho III' 10-max Seat #2 is the button
Seat 2: Tatiana_K63 ($91.38 in chips)
Seat 3: B_loJkl ($112.67 in chips)
Tatiana_K63: posts small blind $1
B_loJkl: posts big blind $3
*** HOLE CARDS ***
Tatiana_K63: folds
Uncalled bet ($2) returned to B_loJkl
B_loJkl collected $2 from pot
B_loJkl: doesn't show hand
*** SUMMARY ***
Total pot $2 | Rake $0
Seat 2: Tatiana_K63 (button) (small blind) folded before Flop
Seat 3: B_loJkl (big blind) collected ($2)


PokerStars Hand #161485954914:  Hold'em Limit ($3/$6 USD) - 2016/11/16 9:03:23 ET
Table 'Sappho III' 10-max Seat #3 is the button
Seat 2: Tatiana_K63 ($121.38 in chips)
Seat 3: B_loJkl ($83.17 in chips)
B_loJkl: posts small blind $1
Tatiana_K63: posts big blind $3
*** HOLE CARDS ***
B_loJkl: raises $3 to $6
Tatiana_K63: raises $3 to $9
B_loJkl: calls $3
*** FLOP *** [Th Qc Qh]
Tatiana_K63: bets $3
B_loJkl: calls $3
*** TURN *** [Th Qc Qh] [5c]
Tatiana_K63: bets $6
B_loJkl: calls $6
*** RIVER *** [Th Qc Qh 5c] [Qd]
Tatiana_K63: bets $6
B_loJkl: raises $6 to $12
Tatiana_K63: calls $6
*** SHOW DOWN ***
B_loJkl: shows [Ac Td] (a full house, Queens full of Tens)
Tatiana_K63: mucks hand
B_loJkl collected $59.50 from pot
*** SUMMARY ***
Total pot $60 | Rake $0.50
Board [Th Qc Qh 5c Qd]
Seat 2: Tatiana_K63 (big blind) mucked
Seat 3: B_loJkl (button) (small blind) showed [Ac Td] and won ($59.50) with a full house, Queens full of Tens


PokerStars Hand #161486012559:  Hold'em Limit ($3/$6 USD) - 2016/11/16 9:04:57 ET
Table 'Sappho III' 10-max Seat #3 is the button
Seat 3: B_loJkl ($99.17 in chips)
Seat 10: keyolhu ($130.28 in chips)
B_loJkl: posts small blind $1
keyolhu: posts big blind $3
*** HOLE CARDS ***
B_loJkl: raises $3 to $6
keyolhu: folds
Uncalled bet ($3) returned to B_loJkl
B_loJkl collected $6 from pot
B_loJkl: doesn't show hand
*** SUMMARY ***
Total pot $6 | Rake $0
Seat 3: B_loJkl (button) (small blind) collected ($6)
Seat 10: keyolhu (big blind) folded before Flop


PokerStars Hand #161486009077:  Hold'em Limit ($3/$6 USD) - 2016/11/16 9:04:51 ET
Table 'Sappho III' 10-max Seat #10 is the button
Seat 3: B_loJkl ($98.17 in chips)
Seat 10: keyolhu ($131.28 in chips)
keyolhu: posts small blind $1
B_loJkl: posts big blind $3
*** HOLE CARDS ***
keyolhu: folds
Uncalled bet ($2) returned to B_loJkl
B_loJkl collected $2 from pot
B_loJkl: doesn't show hand
*** SUMMARY ***
Total pot $2 | Rake $0
Seat 3: B_loJkl (big blind) collected ($2)
Seat 10: keyolhu (button) (small blind) folded before Flop


PokerStars Hand #161485982146:  Hold'em Limit ($3/$6 USD) - 2016/11/16 9:04:09 ET
Table 'Sappho III' 10-max Seat #2 is the button
Seat 2: Tatiana_K63 ($72.38 in chips)
Seat 3: B_loJkl ($131.17 in chips)
Tatiana_K63: posts small blind $1
B_loJkl: posts big blind $3
*** HOLE CARDS ***
Tatiana_K63: raises $3 to $6
B_loJkl: calls $3
*** FLOP *** [4d Ts 8d]
B_loJkl: checks
Tatiana_K63: bets $3
B_loJkl: calls $3
*** TURN *** [4d Ts 8d] [Td]
keyolhu joins the table at seat #10
B_loJkl: checks
Tatiana_K63: bets $6
B_loJkl: calls $6
*** RIVER *** [4d Ts 8d Td] [2s]
B_loJkl: checks
Tatiana_K63: bets $6
B_loJkl: calls $6
*** SHOW DOWN ***
Tatiana_K63: shows [Ac 3h] (a pair of Tens)
B_loJkl: mucks hand
Tatiana_K63 collected $41.50 from pot
*** SUMMARY ***
Total pot $42 | Rake $0.50
Board [4d Ts 8d Td 2s]
Seat 2: Tatiana_K63 (button) (small blind) showed [Ac 3h] and won ($41.50) with a pair of Tens
Seat 3: B_loJkl (big blind) mucked


PokerStars Hand #161486039329:  Hold'em Limit ($3/$6 USD) - 2016/11/16 9:05:39 ET
Table 'Sappho III' 10-max Seat #3 is the button
Seat 3: B_loJkl ($75.17 in chips)
Seat 10: keyolhu ($153.78 in chips)
B_loJkl: posts small blind $1
keyolhu: posts big blind $3
*** HOLE CARDS ***
B_loJkl: raises $3 to $6
keyolhu: calls $3
*** FLOP *** [4c Jc 3h]
keyolhu: bets $3
B_loJkl: calls $3
*** TURN *** [4c Jc 3h] [2c]
GoliafUa joins the table at seat #1
keyolhu: bets $6
B_loJkl: calls $6
*** RIVER *** [4c Jc 3h 2c] [Jd]
keyolhu: bets $6
B_loJkl: calls $6
*** SHOW DOWN ***
keyolhu: shows [8d Qc] (a pair of Jacks)
B_loJkl: shows [Ad Th] (a pair of Jacks - Ace kicker)
B_loJkl collected $41.50 from pot
*** SUMMARY ***
Total pot $42 | Rake $0.50
Board [4c Jc 3h 2c Jd]
Seat 3: B_loJkl (button) (small blind) showed [Ad Th] and won ($41.50) with a pair of Jacks
Seat 10: keyolhu (big blind) showed [8d Qc] and lost with a pair of Jacks


PokerStars Hand #161486017973:  Hold'em Limit ($3/$6 USD) - 2016/11/16 9:05:05 ET
Table 'Sappho III' 10-max Seat #10 is the button
Seat 3: B_loJkl ($102.17 in chips)
Seat 10: keyolhu ($127.28 in chips)
keyolhu: posts small blind $1
B_loJkl: posts big blind $3
*** HOLE CARDS ***
keyolhu: calls $2
B_loJkl: checks
*** FLOP *** [Qd 5s 6h]
B_loJkl: bets $3
keyolhu: raises $3 to $6
B_loJkl: calls $3
*** TURN *** [Qd 5s 6h] [9c]
B_loJkl: checks
keyolhu: bets $6
B_loJkl: raises $6 to $12
keyolhu: raises $6 to $18
B_loJkl: calls $6
*** RIVER *** [Qd 5s 6h 9c] [4s]
B_loJkl: checks
keyolhu: bets $6
B_loJkl: folds
Uncalled bet ($6) returned to keyolhu
keyolhu collected $53.50 from pot
*** SUMMARY ***
Total pot $54 | Rake $0.50
Board [Qd 5s 6h 9c 4s]
Seat 3: B_loJkl (big blind) folded on the River
Seat 10: keyolhu (button) (small blind) collected ($53.50)


PokerStars Hand #161486072664:  Hold'em Limit ($3/$6 USD) - 2016/11/16 9:06:33 ET
Table 'Sappho III' 10-max Seat #10 is the button
Seat 1: GoliafUa ($111 in chips)
Seat 10: keyolhu ($132.54 in chips)
keyolhu: posts small blind $1
GoliafUa: posts big blind $3
*** HOLE CARDS ***
keyolhu: raises $3 to $6
GoliafUa: calls $3
*** FLOP *** [3c Td Jh]
GoliafUa: checks
keyolhu: bets $3
GoliafUa: calls $3
*** TURN *** [3c Td Jh] [Ac]
GoliafUa: checks
keyolhu: bets $6
GoliafUa: folds
Uncalled bet ($6) returned to keyolhu
keyolhu collected $17.64 from pot
*** SUMMARY ***
Total pot $18 | Rake $0.36
Board [3c Td Jh Ac]
Seat 1: GoliafUa (big blind) folded on the Turn
Seat 10: keyolhu (button) (small blind) collected ($17.64)


PokerStars Hand #161486064534:  Hold'em Limit ($3/$6 USD) - 2016/11/16 9:06:20 ET
Table 'Sappho III' 10-max Seat #1 is the button
Seat 1: GoliafUa ($117 in chips)
Seat 10: keyolhu ($126.78 in chips)
GoliafUa: posts small blind $1
B_loJkl: is sitting out
keyolhu: posts big blind $3
*** HOLE CARDS ***
GoliafUa: raises $3 to $6
B_loJkl leaves the table
keyolhu: calls $3
*** FLOP *** [Jh 7h Ac]
B_loJkl joins the table at seat #2
keyolhu: bets $3
GoliafUa: folds
Uncalled bet ($3) returned to keyolhu
keyolhu collected $11.76 from pot
*** SUMMARY ***
Total pot $12 | Rake $0.24
Board [Jh 7h Ac]
Seat 1: GoliafUa (button) (small blind) folded on the Flop
Seat 10: keyolhu (big blind) collected ($11.76)


