PokerStars Hand #153275750490:  Hold'em Limit ($3/$6 USD) - 2016/05/13 19:05:22 ET
Table 'Sarema' 6-max Seat #5 is the button
Seat 1: Chessnok ($212.49 in chips)
Seat 5: matreco601 ($126.46 in chips)
matreco601: posts small blind $1
lin1rabbit: is sitting out
Chessnok: posts big blind $3
*** HOLE CARDS ***
lin1rabbit leaves the table
matreco601: calls $2
Chessnok: raises $3 to $6
matreco601: calls $3
*** FLOP *** [Qh Ad Qd]
Chessnok: checks
matreco601: bets $3
Chessnok: folds
Uncalled bet ($3) returned to matreco601
matreco601 collected $11.76 from pot
matreco601: doesn't show hand
*** SUMMARY ***
Total pot $12 | Rake $0.24
Board [Qh Ad Qd]
Seat 1: Chessnok (big blind) folded on the Flop
Seat 5: matreco601 (button) (small blind) collected ($11.76)


PokerStars Hand #153275770089:  Hold'em Limit ($3/$6 USD) - 2016/05/13 19:05:51 ET
Table 'Sarema' 6-max Seat #1 is the button
Seat 1: Chessnok ($206.49 in chips)
Seat 5: matreco601 ($132.22 in chips)
Chessnok: posts small blind $1
matreco601: posts big blind $3
*** HOLE CARDS ***
Chessnok: raises $3 to $6
matreco601: folds
Uncalled bet ($3) returned to Chessnok
Chessnok collected $6 from pot
Chessnok: doesn't show hand
*** SUMMARY ***
Total pot $6 | Rake $0
Seat 1: Chessnok (button) (small blind) collected ($6)
Seat 5: matreco601 (big blind) folded before Flop


PokerStars Hand #153275780074:  Hold'em Limit ($3/$6 USD) - 2016/05/13 19:06:05 ET
Table 'Sarema' 6-max Seat #5 is the button
Seat 1: Chessnok ($209.49 in chips)
Seat 5: matreco601 ($129.22 in chips)
matreco601: posts small blind $1
Chessnok: posts big blind $3
*** HOLE CARDS ***
matreco601: raises $3 to $6
Chessnok: folds
Uncalled bet ($3) returned to matreco601
matreco601 collected $6 from pot
matreco601: doesn't show hand
*** SUMMARY ***
Total pot $6 | Rake $0
Seat 1: Chessnok (big blind) folded before Flop
Seat 5: matreco601 (button) (small blind) collected ($6)


PokerStars Hand #153275785993:  Hold'em Limit ($3/$6 USD) - 2016/05/13 19:06:13 ET
Table 'Sarema' 6-max Seat #1 is the button
Seat 1: Chessnok ($206.49 in chips)
Seat 5: matreco601 ($132.22 in chips)
Chessnok: posts small blind $1
matreco601: posts big blind $3
*** HOLE CARDS ***
Chessnok: raises $3 to $6
matreco601: calls $3
*** FLOP *** [Ah 8s 8c]
matreco601: checks
Chessnok: bets $3
matreco601: folds
Uncalled bet ($3) returned to Chessnok
Chessnok collected $11.76 from pot
Chessnok: doesn't show hand
*** SUMMARY ***
Total pot $12 | Rake $0.24
Board [Ah 8s 8c]
Seat 1: Chessnok (button) (small blind) collected ($11.76)
Seat 5: matreco601 (big blind) folded on the Flop


PokerStars Hand #153275797075:  Hold'em Limit ($3/$6 USD) - 2016/05/13 19:06:30 ET
Table 'Sarema' 6-max Seat #5 is the button
Seat 1: Chessnok ($212.25 in chips)
Seat 5: matreco601 ($126.22 in chips)
matreco601: posts small blind $1
Chessnok: posts big blind $3
*** HOLE CARDS ***
matreco601: folds
Uncalled bet ($2) returned to Chessnok
Chessnok collected $2 from pot
Chessnok: doesn't show hand
*** SUMMARY ***
Total pot $2 | Rake $0
Seat 1: Chessnok (big blind) collected ($2)
Seat 5: matreco601 (button) (small blind) folded before Flop


PokerStars Hand #153275800547:  Hold'em Limit ($3/$6 USD) - 2016/05/13 19:06:35 ET
Table 'Sarema' 6-max Seat #1 is the button
Seat 1: Chessnok ($213.25 in chips)
Seat 5: matreco601 ($125.22 in chips)
Chessnok: posts small blind $1
matreco601: posts big blind $3
*** HOLE CARDS ***
Chessnok: raises $3 to $6
matreco601: calls $3
*** FLOP *** [Qh 5c 6d]
matreco601: checks
Chessnok: bets $3
matreco601: calls $3
*** TURN *** [Qh 5c 6d] [9h]
matreco601: checks
Chessnok: bets $6
matreco601: calls $6
*** RIVER *** [Qh 5c 6d 9h] [Ad]
matreco601: checks
Chessnok: checks
*** SHOW DOWN ***
matreco601: shows [9d 8s] (a pair of Nines)
Chessnok: shows [Jd 9c] (a pair of Nines - Ace+Queen+Jack kicker)
Chessnok collected $29.50 from pot
*** SUMMARY ***
Total pot $30 | Rake $0.50
Board [Qh 5c 6d 9h Ad]
Seat 1: Chessnok (button) (small blind) showed [Jd 9c] and won ($29.50) with a pair of Nines
Seat 5: matreco601 (big blind) showed [9d 8s] and lost with a pair of Nines


PokerStars Hand #153275837982:  Hold'em Limit ($3/$6 USD) - 2016/05/13 19:07:21 ET
Table 'Sarema' 6-max Seat #5 is the button
Seat 1: Chessnok ($227.75 in chips)
Seat 5: matreco601 ($110.22 in chips)
matreco601: posts small blind $1
Chessnok: posts big blind $3
*** HOLE CARDS ***
matreco601: folds
Uncalled bet ($2) returned to Chessnok
matreco601 leaves the table
Chessnok collected $2 from pot
Chessnok: doesn't show hand
*** SUMMARY ***
Total pot $2 | Rake $0
Seat 1: Chessnok (big blind) collected ($2)
Seat 5: matreco601 (button) (small blind) folded before Flop


