PokerStars Hand #144488295300:  Hold'em Limit ($3/$6 USD) - 2015/11/27 21:12:50 ET
Table 'Sarema' 6-max Seat #5 is the button
Seat 4: ChrisTuff ($162.82 in chips)
Seat 5: 3Princesses ($142.89 in chips)
3Princesses: posts small blind $1
TinaTurner72: is sitting out
Velbor107: is sitting out
ChrisTuff: posts big blind $3
*** HOLE CARDS ***
3Princesses: calls $2
ChrisTuff: checks
*** FLOP *** [6s 4s 5s]
ChrisTuff: bets $3
3Princesses: calls $3
*** TURN *** [6s 4s 5s] [8h]
ChrisTuff: bets $6
3Princesses: calls $6
*** RIVER *** [6s 4s 5s 8h] [8s]
ChrisTuff: checks
3Princesses: checks
*** SHOW DOWN ***
ChrisTuff: shows [3h 2d] (a straight, Deuce to Six)
3Princesses: shows [7h 5d] (a straight, Four to Eight)
3Princesses collected $23.52 from pot
*** SUMMARY ***
Total pot $24 | Rake $0.48
Board [6s 4s 5s 8h 8s]
Seat 4: ChrisTuff (big blind) showed [3h 2d] and lost with a straight, Deuce to Six
Seat 5: 3Princesses (button) (small blind) showed [7h 5d] and won ($23.52) with a straight, Four to Eight


