PokerStars Hand #151515824504:  Hold'em Limit ($3/$6 USD) - 2016/04/06 10:20:29 ET
Table 'Sarema' 6-max Seat #4 is the button
Seat 3: 5914 ($123 in chips)
Seat 4: TbIP-TbIP 88 ($72 in chips)
TbIP-TbIP 88: posts small blind $1
5914: posts big blind $3
*** HOLE CARDS ***
TbIP-TbIP 88: raises $3 to $6
5914: calls $3
*** FLOP *** [8h 7c 7s]
5914: checks
TbIP-TbIP 88: bets $3
5914: folds
Uncalled bet ($3) returned to TbIP-TbIP 88
TbIP-TbIP 88 collected $11.76 from pot
TbIP-TbIP 88: doesn't show hand
*** SUMMARY ***
Total pot $12 | Rake $0.24
Board [8h 7c 7s]
Seat 3: 5914 (big blind) folded on the Flop
Seat 4: TbIP-TbIP 88 (button) (small blind) collected ($11.76)


PokerStars Hand #151515847909:  Hold'em Limit ($3/$6 USD) - 2016/04/06 10:21:05 ET
Table 'Sarema' 6-max Seat #4 is the button
Seat 3: 5914 ($99 in chips)
Seat 4: TbIP-TbIP 88 ($95.26 in chips)
TbIP-TbIP 88: posts small blind $1
5914: posts big blind $3
*** HOLE CARDS ***
TbIP-TbIP 88: raises $3 to $6
5914: calls $3
*** FLOP *** [Qh 5c Jc]
5914: checks
TbIP-TbIP 88: bets $3
5914: calls $3
*** TURN *** [Qh 5c Jc] [3s]
5914: checks
TbIP-TbIP 88: bets $6
5914: raises $6 to $12
TbIP-TbIP 88: calls $6
*** RIVER *** [Qh 5c Jc 3s] [8c]
5914: bets $6
TbIP-TbIP 88: calls $6
*** SHOW DOWN ***
5914: shows [5h Qd] (two pair, Queens and Fives)
TbIP-TbIP 88: mucks hand
5914 collected $53.50 from pot
*** SUMMARY ***
Total pot $54 | Rake $0.50
Board [Qh 5c Jc 3s 8c]
Seat 3: 5914 (big blind) showed [5h Qd] and won ($53.50) with two pair, Queens and Fives
Seat 4: TbIP-TbIP 88 (button) (small blind) mucked


PokerStars Hand #151515832419:  Hold'em Limit ($3/$6 USD) - 2016/04/06 10:20:42 ET
Table 'Sarema' 6-max Seat #3 is the button
Seat 3: 5914 ($117 in chips)
Seat 4: TbIP-TbIP 88 ($77.76 in chips)
5914: posts small blind $1
TbIP-TbIP 88: posts big blind $3
*** HOLE CARDS ***
5914: raises $3 to $6
TbIP-TbIP 88: calls $3
*** FLOP *** [Qc Kh 5d]
TbIP-TbIP 88: checks
5914: bets $3
TbIP-TbIP 88: raises $3 to $6
5914: calls $3
*** TURN *** [Qc Kh 5d] [6h]
TbIP-TbIP 88: bets $6
5914: calls $6
*** RIVER *** [Qc Kh 5d 6h] [Ad]
TbIP-TbIP 88: checks
5914: checks
*** SHOW DOWN ***
TbIP-TbIP 88: shows [7d Kc] (a pair of Kings)
5914: mucks hand
TbIP-TbIP 88 collected $35.50 from pot
*** SUMMARY ***
Total pot $36 | Rake $0.50
Board [Qc Kh 5d 6h Ad]
Seat 3: 5914 (button) (small blind) mucked
Seat 4: TbIP-TbIP 88 (big blind) showed [7d Kc] and won ($35.50) with a pair of Kings


PokerStars Hand #151515888263:  Hold'em Limit ($3/$6 USD) - 2016/04/06 10:22:07 ET
Table 'Sarema' 6-max Seat #3 is the button
Seat 3: 5914 ($111.50 in chips)
Seat 4: TbIP-TbIP 88 ($85.50 in chips)
5914: posts small blind $1
TbIP-TbIP 88: posts big blind $3
*** HOLE CARDS ***
5914: raises $3 to $6
TbIP-TbIP 88: calls $3
*** FLOP *** [3s 3d 6h]
TbIP-TbIP 88: checks
5914: bets $3
TbIP-TbIP 88: calls $3
*** TURN *** [3s 3d 6h] [3c]
TbIP-TbIP 88: checks
5914: bets $6
Dennis410 joins the table at seat #2
TbIP-TbIP 88: folds
Uncalled bet ($6) returned to 5914
5914 collected $17.64 from pot
*** SUMMARY ***
Total pot $18 | Rake $0.36
Board [3s 3d 6h 3c]
Seat 3: 5914 (button) (small blind) collected ($17.64)
Seat 4: TbIP-TbIP 88 (big blind) folded on the Turn


PokerStars Hand #151515882410:  Hold'em Limit ($3/$6 USD) - 2016/04/06 10:21:58 ET
Table 'Sarema' 6-max Seat #4 is the button
Seat 3: 5914 ($110.50 in chips)
Seat 4: TbIP-TbIP 88 ($86.50 in chips)
TbIP-TbIP 88: posts small blind $1
5914: posts big blind $3
*** HOLE CARDS ***
TbIP-TbIP 88: folds
Uncalled bet ($2) returned to 5914
5914 collected $2 from pot
*** SUMMARY ***
Total pot $2 | Rake $0
Seat 3: 5914 (big blind) collected ($2)
Seat 4: TbIP-TbIP 88 (button) (small blind) folded before Flop


PokerStars Hand #151515867236:  Hold'em Limit ($3/$6 USD) - 2016/04/06 10:21:35 ET
Table 'Sarema' 6-max Seat #3 is the button
Seat 3: 5914 ($125.50 in chips)
Seat 4: TbIP-TbIP 88 ($72 in chips)
5914: posts small blind $1
TbIP-TbIP 88: posts big blind $3
*** HOLE CARDS ***
5914: raises $3 to $6
TbIP-TbIP 88: calls $3
*** FLOP *** [Ts 9d 6d]
TbIP-TbIP 88: bets $3
5914: calls $3
*** TURN *** [Ts 9d 6d] [8c]
TbIP-TbIP 88: checks
5914: bets $6
TbIP-TbIP 88: calls $6
*** RIVER *** [Ts 9d 6d 8c] [2s]
TbIP-TbIP 88: checks
5914: checks
*** SHOW DOWN ***
TbIP-TbIP 88: shows [Jh Tc] (a pair of Tens)
5914: mucks hand
TbIP-TbIP 88 collected $29.50 from pot
*** SUMMARY ***
Total pot $30 | Rake $0.50
Board [Ts 9d 6d 8c 2s]
Seat 3: 5914 (button) (small blind) mucked
Seat 4: TbIP-TbIP 88 (big blind) showed [Jh Tc] and won ($29.50) with a pair of Tens


PokerStars Hand #151517322098:  Hold'em Limit ($3/$6 USD) - 2016/04/06 10:58:14 ET
Table 'Sarema' 6-max Seat #1 is the button
Seat 1: Johnliu ($125.88 in chips)
Seat 6: RazvanDej ($162.37 in chips)
Johnliu: posts small blind $1
DetroitRams: is sitting out
RazvanDej: posts big blind $3
*** HOLE CARDS ***
DetroitRams leaves the table
Johnliu: raises $3 to $6
RazvanDej: folds
Uncalled bet ($3) returned to Johnliu
Johnliu collected $6 from pot
Johnliu: doesn't show hand
*** SUMMARY ***
Total pot $6 | Rake $0
Seat 1: Johnliu (button) (small blind) collected ($6)
Seat 6: RazvanDej (big blind) folded before Flop


