PokerStars Hand #145201611335:  Hold'em Limit ($3/$6 USD) - 2015/12/11 19:15:03 ET
Table 'Sargas' 6-max Seat #6 is the button
Seat 1: mdif ($120 in chips)
Seat 6: andrey0709 ($49.10 in chips)
andrey0709: posts small blind $1
mdif: posts big blind $3
*** HOLE CARDS ***
andrey0709: raises $3 to $6
mdif: calls $3
*** FLOP *** [Th Ah 7s]
mdif: checks
andrey0709: bets $3
mdif: calls $3
*** TURN *** [Th Ah 7s] [2s]
mdif: checks
andrey0709: bets $6
mdif: folds
Uncalled bet ($6) returned to andrey0709
andrey0709 collected $17.64 from pot
andrey0709: doesn't show hand
*** SUMMARY ***
Total pot $18 | Rake $0.36
Board [Th Ah 7s 2s]
Seat 1: mdif (big blind) folded on the Turn
Seat 6: andrey0709 (button) (small blind) collected ($17.64)


PokerStars Hand #145201629562:  Hold'em Limit ($3/$6 USD) - 2015/12/11 19:15:29 ET
Table 'Sargas' 6-max Seat #1 is the button
Seat 1: mdif ($120 in chips)
Seat 6: andrey0709 ($57.74 in chips)
mdif: posts small blind $1
andrey0709: posts big blind $3
*** HOLE CARDS ***
mdif: raises $3 to $6
andrey0709: folds
Uncalled bet ($3) returned to mdif
mdif collected $6 from pot
mdif: doesn't show hand
*** SUMMARY ***
Total pot $6 | Rake $0
Seat 1: mdif (button) (small blind) collected ($6)
Seat 6: andrey0709 (big blind) folded before Flop


PokerStars Hand #145201636269:  Hold'em Limit ($3/$6 USD) - 2015/12/11 19:15:39 ET
Table 'Sargas' 6-max Seat #6 is the button
Seat 1: mdif ($123 in chips)
Seat 6: andrey0709 ($54.74 in chips)
andrey0709: posts small blind $1
mdif: posts big blind $3
*** HOLE CARDS ***
andrey0709: calls $2
mdif: checks
*** FLOP *** [Kc 5c 2d]
mdif: bets $3
andrey0709: folds
Uncalled bet ($3) returned to mdif
mdif collected $5.88 from pot
mdif: doesn't show hand
*** SUMMARY ***
Total pot $6 | Rake $0.12
Board [Kc 5c 2d]
Seat 1: mdif (big blind) collected ($5.88)
Seat 6: andrey0709 (button) (small blind) folded on the Flop


PokerStars Hand #145201645652:  Hold'em Limit ($3/$6 USD) - 2015/12/11 19:15:53 ET
Table 'Sargas' 6-max Seat #1 is the button
Seat 1: mdif ($125.88 in chips)
Seat 6: andrey0709 ($51.74 in chips)
mdif: posts small blind $1
andrey0709: posts big blind $3
*** HOLE CARDS ***
mdif: raises $3 to $6
andrey0709: folds
Uncalled bet ($3) returned to mdif
mdif collected $6 from pot
mdif: doesn't show hand
*** SUMMARY ***
Total pot $6 | Rake $0
Seat 1: mdif (button) (small blind) collected ($6)
Seat 6: andrey0709 (big blind) folded before Flop


PokerStars Hand #145201651261:  Hold'em Limit ($3/$6 USD) - 2015/12/11 19:16:01 ET
Table 'Sargas' 6-max Seat #6 is the button
Seat 1: mdif ($128.88 in chips)
Seat 6: andrey0709 ($48.74 in chips)
andrey0709: posts small blind $1
mdif: posts big blind $3
*** HOLE CARDS ***
andrey0709: raises $3 to $6
mdif: calls $3
*** FLOP *** [3s 8c 8h]
mdif: checks
andrey0709: bets $3
mdif: folds
Uncalled bet ($3) returned to andrey0709
andrey0709 collected $11.76 from pot
andrey0709: doesn't show hand
*** SUMMARY ***
Total pot $12 | Rake $0.24
Board [3s 8c 8h]
Seat 1: mdif (big blind) folded on the Flop
Seat 6: andrey0709 (button) (small blind) collected ($11.76)


PokerStars Hand #145201660805:  Hold'em Limit ($3/$6 USD) - 2015/12/11 19:16:15 ET
Table 'Sargas' 6-max Seat #1 is the button
Seat 1: mdif ($122.88 in chips)
Seat 6: andrey0709 ($54.50 in chips)
mdif: posts small blind $1
andrey0709: posts big blind $3
*** HOLE CARDS ***
mdif: raises $3 to $6
andrey0709: calls $3
*** FLOP *** [Kd 3s Jh]
andrey0709: checks
mdif: bets $3
andrey0709: calls $3
*** TURN *** [Kd 3s Jh] [2c]
andrey0709: checks
mdif: checks
*** RIVER *** [Kd 3s Jh 2c] [5s]
andrey0709: bets $6
mdif: folds
Uncalled bet ($6) returned to andrey0709
andrey0709 collected $17.64 from pot
andrey0709: doesn't show hand
*** SUMMARY ***
Total pot $18 | Rake $0.36
Board [Kd 3s Jh 2c 5s]
Seat 1: mdif (button) (small blind) folded on the River
Seat 6: andrey0709 (big blind) collected ($17.64)


PokerStars Hand #145201689187:  Hold'em Limit ($3/$6 USD) - 2015/12/11 19:16:56 ET
Table 'Sargas' 6-max Seat #1 is the button
Seat 1: mdif ($125.76 in chips)
Seat 6: andrey0709 ($57.14 in chips)
mdif: posts small blind $1
andrey0709: posts big blind $3
*** HOLE CARDS ***
mdif: raises $3 to $6
andrey0709: folds
Uncalled bet ($3) returned to mdif
mdif collected $6 from pot
mdif: doesn't show hand
*** SUMMARY ***
Total pot $6 | Rake $0
Seat 1: mdif (button) (small blind) collected ($6)
Seat 6: andrey0709 (big blind) folded before Flop


PokerStars Hand #145201678359:  Hold'em Limit ($3/$6 USD) - 2015/12/11 19:16:40 ET
Table 'Sargas' 6-max Seat #6 is the button
Seat 1: mdif ($120 in chips)
Seat 6: andrey0709 ($63.14 in chips)
andrey0709: posts small blind $1
mdif: posts big blind $3
*** HOLE CARDS ***
andrey0709: raises $3 to $6
mdif: calls $3
*** FLOP *** [6h Js 5d]
mdif: checks
andrey0709: checks
*** TURN *** [6h Js 5d] [4s]
mdif: bets $6
andrey0709: folds
Uncalled bet ($6) returned to mdif
mdif collected $11.76 from pot
mdif: doesn't show hand
*** SUMMARY ***
Total pot $12 | Rake $0.24
Board [6h Js 5d 4s]
Seat 1: mdif (big blind) collected ($11.76)
Seat 6: andrey0709 (button) (small blind) folded on the Turn


PokerStars Hand #145201693877:  Hold'em Limit ($3/$6 USD) - 2015/12/11 19:17:03 ET
Table 'Sargas' 6-max Seat #6 is the button
Seat 1: mdif ($128.76 in chips)
Seat 6: andrey0709 ($54.14 in chips)
andrey0709: posts small blind $1
mdif: posts big blind $3
*** HOLE CARDS ***
andrey0709: folds
Uncalled bet ($2) returned to mdif
mdif collected $2 from pot
mdif: doesn't show hand
*** SUMMARY ***
Total pot $2 | Rake $0
Seat 1: mdif (big blind) collected ($2)
Seat 6: andrey0709 (button) (small blind) folded before Flop


PokerStars Hand #145201712111:  Hold'em Limit ($3/$6 USD) - 2015/12/11 19:17:29 ET
Table 'Sargas' 6-max Seat #6 is the button
Seat 1: mdif ($120.76 in chips)
Seat 6: andrey0709 ($61.78 in chips)
andrey0709: posts small blind $1
mdif: posts big blind $3
*** HOLE CARDS ***
andrey0709: folds
Uncalled bet ($2) returned to mdif
mdif collected $2 from pot
mdif: doesn't show hand
*** SUMMARY ***
Total pot $2 | Rake $0
Seat 1: mdif (big blind) collected ($2)
Seat 6: andrey0709 (button) (small blind) folded before Flop


PokerStars Hand #145201698639:  Hold'em Limit ($3/$6 USD) - 2015/12/11 19:17:10 ET
Table 'Sargas' 6-max Seat #1 is the button
Seat 1: mdif ($129.76 in chips)
Seat 6: andrey0709 ($53.14 in chips)
mdif: posts small blind $1
andrey0709: posts big blind $3
*** HOLE CARDS ***
mdif: raises $3 to $6
andrey0709: calls $3
*** FLOP *** [9d 8d 4c]
andrey0709: checks
mdif: bets $3
andrey0709: raises $3 to $6
mdif: folds
Uncalled bet ($3) returned to andrey0709
andrey0709 collected $17.64 from pot
andrey0709: doesn't show hand
*** SUMMARY ***
Total pot $18 | Rake $0.36
Board [9d 8d 4c]
Seat 1: mdif (button) (small blind) folded on the Flop
Seat 6: andrey0709 (big blind) collected ($17.64)


PokerStars Hand #145201716088:  Hold'em Limit ($3/$6 USD) - 2015/12/11 19:17:35 ET
Table 'Sargas' 6-max Seat #1 is the button
Seat 1: mdif ($121.76 in chips)
Seat 6: andrey0709 ($60.78 in chips)
mdif: posts small blind $1
andrey0709: posts big blind $3
*** HOLE CARDS ***
mdif: raises $3 to $6
andrey0709: calls $3
*** FLOP *** [5h 9h 3d]
andrey0709: checks
mdif: bets $3
andrey0709: calls $3
*** TURN *** [5h 9h 3d] [3h]
andrey0709: checks
mdif: bets $6
andrey0709: folds
Uncalled bet ($6) returned to mdif
mdif collected $17.64 from pot
mdif: doesn't show hand
*** SUMMARY ***
Total pot $18 | Rake $0.36
Board [5h 9h 3d 3h]
Seat 1: mdif (button) (small blind) collected ($17.64)
Seat 6: andrey0709 (big blind) folded on the Turn


PokerStars Hand #145201731521:  Hold'em Limit ($3/$6 USD) - 2015/12/11 19:17:57 ET
Table 'Sargas' 6-max Seat #6 is the button
Seat 1: mdif ($130.40 in chips)
Seat 6: andrey0709 ($51.78 in chips)
andrey0709: posts small blind $1
mdif: posts big blind $3
*** HOLE CARDS ***
andrey0709: raises $3 to $6
mdif: calls $3
*** FLOP *** [4c 6s 2c]
mdif: bets $3
andrey0709: calls $3
*** TURN *** [4c 6s 2c] [6h]
mdif: bets $6
andrey0709: calls $6
*** RIVER *** [4c 6s 2c 6h] [7h]
mdif: bets $6
andrey0709: calls $6
*** SHOW DOWN ***
mdif: shows [5h 4h] (two pair, Sixes and Fours)
andrey0709: mucks hand
mdif collected $41.50 from pot
*** SUMMARY ***
Total pot $42 | Rake $0.50
Board [4c 6s 2c 6h 7h]
Seat 1: mdif (big blind) showed [5h 4h] and won ($41.50) with two pair, Sixes and Fours
Seat 6: andrey0709 (button) (small blind) mucked


PokerStars Hand #145201748669:  Hold'em Limit ($3/$6 USD) - 2015/12/11 19:18:22 ET
Table 'Sargas' 6-max Seat #1 is the button
Seat 1: mdif ($150.90 in chips)
Seat 6: andrey0709 ($30.78 in chips)
mdif: posts small blind $1
andrey0709: posts big blind $3
*** HOLE CARDS ***
mdif: raises $3 to $6
andrey0709: calls $3
*** FLOP *** [5s 7d Qc]
andrey0709: checks
mdif: bets $3
andrey0709: folds
Uncalled bet ($3) returned to mdif
mdif collected $11.76 from pot
mdif: doesn't show hand
*** SUMMARY ***
Total pot $12 | Rake $0.24
Board [5s 7d Qc]
Seat 1: mdif (button) (small blind) collected ($11.76)
Seat 6: andrey0709 (big blind) folded on the Flop


PokerStars Hand #145201760282:  Hold'em Limit ($3/$6 USD) - 2015/12/11 19:18:39 ET
Table 'Sargas' 6-max Seat #6 is the button
Seat 1: mdif ($156.66 in chips)
Seat 6: andrey0709 ($24.78 in chips)
andrey0709: posts small blind $1
mdif: posts big blind $3
*** HOLE CARDS ***
andrey0709: raises $3 to $6
mdif: calls $3
*** FLOP *** [4h 6d 4d]
mdif: checks
andrey0709: bets $3
mdif: raises $3 to $6
andrey0709: calls $3
*** TURN *** [4h 6d 4d] [4s]
mdif: bets $6
andrey0709: raises $6 to $12
mdif: folds
Uncalled bet ($6) returned to andrey0709
andrey0709 collected $35.50 from pot
andrey0709: doesn't show hand
*** SUMMARY ***
Total pot $36 | Rake $0.50
Board [4h 6d 4d 4s]
Seat 1: mdif (big blind) folded on the Turn
Seat 6: andrey0709 (button) (small blind) collected ($35.50)


PokerStars Hand #145201795171:  Hold'em Limit ($3/$6 USD) - 2015/12/11 19:19:30 ET
Table 'Sargas' 6-max Seat #1 is the button
Seat 1: mdif ($146.66 in chips)
Seat 6: andrey0709 ($34.28 in chips)
mdif: posts small blind $1
andrey0709: posts big blind $3
*** HOLE CARDS ***
mdif: raises $3 to $6
andrey0709: calls $3
*** FLOP *** [Qh Th Qc]
andrey0709: bets $3
mdif: raises $3 to $6
andrey0709: calls $3
*** TURN *** [Qh Th Qc] [6c]
andrey0709: checks
mdif: checks
*** RIVER *** [Qh Th Qc 6c] [5h]
andrey0709: checks
mdif: checks
*** SHOW DOWN ***
andrey0709: shows [7h 8h] (a flush, Queen high)
mdif: mucks hand
andrey0709 collected $23.52 from pot
*** SUMMARY ***
Total pot $24 | Rake $0.48
Board [Qh Th Qc 6c 5h]
Seat 1: mdif (button) (small blind) mucked
Seat 6: andrey0709 (big blind) showed [7h 8h] and won ($23.52) with a flush, Queen high


PokerStars Hand #145201790791:  Hold'em Limit ($3/$6 USD) - 2015/12/11 19:19:23 ET
Table 'Sargas' 6-max Seat #6 is the button
Seat 1: mdif ($145.66 in chips)
Seat 6: andrey0709 ($35.28 in chips)
andrey0709: posts small blind $1
mdif: posts big blind $3
*** HOLE CARDS ***
andrey0709: folds
Uncalled bet ($2) returned to mdif
mdif collected $2 from pot
mdif: doesn't show hand
*** SUMMARY ***
Total pot $2 | Rake $0
Seat 1: mdif (big blind) collected ($2)
Seat 6: andrey0709 (button) (small blind) folded before Flop


PokerStars Hand #145201784032:  Hold'em Limit ($3/$6 USD) - 2015/12/11 19:19:14 ET
Table 'Sargas' 6-max Seat #1 is the button
Seat 1: mdif ($142.66 in chips)
Seat 6: andrey0709 ($38.28 in chips)
mdif: posts small blind $1
andrey0709: posts big blind $3
*** HOLE CARDS ***
mdif: raises $3 to $6
andrey0709: folds
Uncalled bet ($3) returned to mdif
mdif collected $6 from pot
mdif: doesn't show hand
*** SUMMARY ***
Total pot $6 | Rake $0
Seat 1: mdif (button) (small blind) collected ($6)
Seat 6: andrey0709 (big blind) folded before Flop


PokerStars Hand #145201780612:  Hold'em Limit ($3/$6 USD) - 2015/12/11 19:19:09 ET
Table 'Sargas' 6-max Seat #6 is the button
Seat 1: mdif ($141.66 in chips)
Seat 6: andrey0709 ($39.28 in chips)
andrey0709: posts small blind $1
mdif: posts big blind $3
*** HOLE CARDS ***
andrey0709: folds
Uncalled bet ($2) returned to mdif
mdif collected $2 from pot
mdif: doesn't show hand
*** SUMMARY ***
Total pot $2 | Rake $0
Seat 1: mdif (big blind) collected ($2)
Seat 6: andrey0709 (button) (small blind) folded before Flop


PokerStars Hand #145201775333:  Hold'em Limit ($3/$6 USD) - 2015/12/11 19:19:01 ET
Table 'Sargas' 6-max Seat #1 is the button
Seat 1: mdif ($138.66 in chips)
Seat 6: andrey0709 ($42.28 in chips)
mdif: posts small blind $1
andrey0709: posts big blind $3
*** HOLE CARDS ***
mdif: raises $3 to $6
andrey0709: folds
Uncalled bet ($3) returned to mdif
mdif collected $6 from pot
mdif: doesn't show hand
*** SUMMARY ***
Total pot $6 | Rake $0
Seat 1: mdif (button) (small blind) collected ($6)
Seat 6: andrey0709 (big blind) folded before Flop


PokerStars Hand #145201854192:  Hold'em Limit ($3/$6 USD) - 2015/12/11 19:20:56 ET
Table 'Sargas' 6-max Seat #1 is the button
Seat 1: mdif ($150.06 in chips)
Seat 6: andrey0709 ($29.80 in chips)
mdif: posts small blind $1
andrey0709: posts big blind $3
*** HOLE CARDS ***
mdif: folds
Uncalled bet ($2) returned to andrey0709
andrey0709 collected $2 from pot
andrey0709: doesn't show hand
*** SUMMARY ***
Total pot $2 | Rake $0
Seat 1: mdif (button) (small blind) folded before Flop
Seat 6: andrey0709 (big blind) collected ($2)


PokerStars Hand #145201838996:  Hold'em Limit ($3/$6 USD) - 2015/12/11 19:20:34 ET
Table 'Sargas' 6-max Seat #6 is the button
Seat 1: mdif ($141.42 in chips)
Seat 6: andrey0709 ($38.80 in chips)
andrey0709: posts small blind $1
mdif: posts big blind $3
*** HOLE CARDS ***
andrey0709: calls $2
mdif: raises $3 to $6
andrey0709: calls $3
*** FLOP *** [5d Qc Jd]
mdif: bets $3
andrey0709: calls $3
*** TURN *** [5d Qc Jd] [3s]
mdif: bets $6
andrey0709: folds
Uncalled bet ($6) returned to mdif
mdif collected $17.64 from pot
mdif: doesn't show hand
*** SUMMARY ***
Total pot $18 | Rake $0.36
Board [5d Qc Jd 3s]
Seat 1: mdif (big blind) collected ($17.64)
Seat 6: andrey0709 (button) (small blind) folded on the Turn


PokerStars Hand #145201826496:  Hold'em Limit ($3/$6 USD) - 2015/12/11 19:20:16 ET
Table 'Sargas' 6-max Seat #1 is the button
Seat 1: mdif ($135.66 in chips)
Seat 6: andrey0709 ($44.80 in chips)
mdif: posts small blind $1
andrey0709: posts big blind $3
*** HOLE CARDS ***
mdif: raises $3 to $6
andrey0709: calls $3
*** FLOP *** [Qd Kd Kc]
andrey0709: checks
mdif: bets $3
andrey0709: folds
Uncalled bet ($3) returned to mdif
mdif collected $11.76 from pot
mdif: doesn't show hand
*** SUMMARY ***
Total pot $12 | Rake $0.24
Board [Qd Kd Kc]
Seat 1: mdif (button) (small blind) collected ($11.76)
Seat 6: andrey0709 (big blind) folded on the Flop


PokerStars Hand #145201818797:  Hold'em Limit ($3/$6 USD) - 2015/12/11 19:20:04 ET
Table 'Sargas' 6-max Seat #6 is the button
Seat 1: mdif ($134.66 in chips)
Seat 6: andrey0709 ($45.80 in chips)
andrey0709: posts small blind $1
mdif: posts big blind $3
*** HOLE CARDS ***
andrey0709: folds
Uncalled bet ($2) returned to mdif
mdif collected $2 from pot
mdif: doesn't show hand
*** SUMMARY ***
Total pot $2 | Rake $0
Seat 1: mdif (big blind) collected ($2)
Seat 6: andrey0709 (button) (small blind) folded before Flop


PokerStars Hand #145201865035:  Hold'em Limit ($3/$6 USD) - 2015/12/11 19:21:12 ET
Table 'Sargas' 6-max Seat #6 is the button
Seat 1: mdif ($153.06 in chips)
Seat 6: andrey0709 ($26.80 in chips)
andrey0709: posts small blind $1
mdif: posts big blind $3
*** HOLE CARDS ***
andrey0709: raises $3 to $6
mdif: calls $3
*** FLOP *** [As Ad Ts]
mdif: checks
andrey0709: bets $3
mdif: raises $3 to $6
andrey0709: calls $3
*** TURN *** [As Ad Ts] [9d]
mdif: bets $6
andrey0709: calls $6
*** RIVER *** [As Ad Ts 9d] [7s]
mdif: bets $6
andrey0709: calls $6
*** SHOW DOWN ***
mdif: shows [Ah 2s] (three of a kind, Aces)
andrey0709: mucks hand
mdif collected $47.50 from pot
*** SUMMARY ***
Total pot $48 | Rake $0.50
Board [As Ad Ts 9d 7s]
Seat 1: mdif (big blind) showed [Ah 2s] and won ($47.50) with three of a kind, Aces
Seat 6: andrey0709 (button) (small blind) mucked


PokerStars Hand #145201861079:  Hold'em Limit ($3/$6 USD) - 2015/12/11 19:21:06 ET
Table 'Sargas' 6-max Seat #1 is the button
Seat 1: mdif ($150.06 in chips)
Seat 6: andrey0709 ($29.80 in chips)
mdif: posts small blind $1
andrey0709: posts big blind $3
*** HOLE CARDS ***
mdif: raises $3 to $6
andrey0709: folds
Uncalled bet ($3) returned to mdif
mdif collected $6 from pot
mdif: doesn't show hand
*** SUMMARY ***
Total pot $6 | Rake $0
Seat 1: mdif (button) (small blind) collected ($6)
Seat 6: andrey0709 (big blind) folded before Flop


PokerStars Hand #145201857965:  Hold'em Limit ($3/$6 USD) - 2015/12/11 19:21:02 ET
Table 'Sargas' 6-max Seat #6 is the button
Seat 1: mdif ($149.06 in chips)
Seat 6: andrey0709 ($30.80 in chips)
andrey0709: posts small blind $1
mdif: posts big blind $3
*** HOLE CARDS ***
andrey0709: folds
Uncalled bet ($2) returned to mdif
mdif collected $2 from pot
mdif: doesn't show hand
*** SUMMARY ***
Total pot $2 | Rake $0
Seat 1: mdif (big blind) collected ($2)
Seat 6: andrey0709 (button) (small blind) folded before Flop


