PokerStars Hand #145934635448:  Hold'em Limit ($3/$6 USD) - 2015/12/26 5:08:45 ET
Table 'Sargas' 6-max Seat #4 is the button
Seat 1: WPVS ($1000.75 in chips)
Seat 4: MTails ($94 in chips)
MTails: posts small blind $1
WPVS: posts big blind $3
*** HOLE CARDS ***
MTails: raises $3 to $6
WPVS: calls $3
*** FLOP *** [Ks 8c Js]
WPVS: checks
MTails: bets $3
WPVS: folds
Uncalled bet ($3) returned to MTails
MTails collected $11.76 from pot
*** SUMMARY ***
Total pot $12 | Rake $0.24
Board [Ks 8c Js]
Seat 1: WPVS (big blind) folded on the Flop
Seat 4: MTails (button) (small blind) collected ($11.76)


PokerStars Hand #145934628656:  Hold'em Limit ($3/$6 USD) - 2015/12/26 5:08:31 ET
Table 'Sargas' 6-max Seat #1 is the button
Seat 1: WPVS ($986.25 in chips)
Seat 4: MTails ($109 in chips)
WPVS: posts small blind $1
Tsoy777: is sitting out
MTails: posts big blind $3
*** HOLE CARDS ***
Tsoy777 leaves the table
WPVS: raises $3 to $6
MTails: calls $3
*** FLOP *** [5d 3c 8c]
MTails: checks
WPVS: bets $3
MTails: calls $3
*** TURN *** [5d 3c 8c] [Jd]
MTails: checks
WPVS: bets $6
MTails: calls $6
*** RIVER *** [5d 3c 8c Jd] [6s]
MTails: checks
WPVS: bets $6
MTails: folds
Uncalled bet ($6) returned to WPVS
WPVS collected $29.50 from pot
WPVS: doesn't show hand
*** SUMMARY ***
Total pot $30 | Rake $0.50
Board [5d 3c 8c Jd 6s]
Seat 1: WPVS (button) (small blind) collected ($29.50)
Seat 4: MTails (big blind) folded on the River


PokerStars Hand #145934611131:  Hold'em Limit ($3/$6 USD) - 2015/12/26 5:07:55 ET
Table 'Sargas' 6-max Seat #4 is the button
Seat 1: WPVS ($984.61 in chips)
Seat 4: MTails ($121 in chips)
MTails: posts small blind $1
WPVS: posts big blind $3
*** HOLE CARDS ***
MTails: raises $3 to $6
WPVS: calls $3
*** FLOP *** [Qs Jc Qd]
WPVS: checks
MTails: bets $3
WPVS: raises $3 to $6
MTails: folds
Uncalled bet ($3) returned to WPVS
Tsoy777 joins the table at seat #3
WPVS collected $17.64 from pot
WPVS: doesn't show hand
*** SUMMARY ***
Total pot $18 | Rake $0.36
Board [Qs Jc Qd]
Seat 1: WPVS (big blind) collected ($17.64)
Seat 4: MTails (button) (small blind) folded on the Flop


PokerStars Hand #145934639280:  Hold'em Limit ($3/$6 USD) - 2015/12/26 5:08:53 ET
Table 'Sargas' 6-max Seat #1 is the button
Seat 1: WPVS ($994.75 in chips)
Seat 4: MTails ($99.76 in chips)
WPVS: posts small blind $1
MTails: posts big blind $3
*** HOLE CARDS ***
WPVS: folds
Uncalled bet ($2) returned to MTails
MTails collected $2 from pot
MTails: doesn't show hand
*** SUMMARY ***
Total pot $2 | Rake $0
Seat 1: WPVS (button) (small blind) folded before Flop
Seat 4: MTails (big blind) collected ($2)


