PokerStars Hand #152230199983:  Hold'em Limit ($3/$6 USD) - 2016/04/21 8:32:12 ET
Table 'Sarita' 6-max Seat #4 is the button
Seat 3: Vadimychstar ($177.59 in chips)
Seat 4: Agrotait ($69 in chips)
Agrotait: posts small blind $1
Vadimychstar: posts big blind $3
*** HOLE CARDS ***
Agrotait: raises $3 to $6
Vadimychstar: raises $3 to $9
Agrotait: calls $3
*** FLOP *** [Jh Ts Th]
Vadimychstar: bets $3
Agrotait: calls $3
*** TURN *** [Jh Ts Th] [3h]
Vadimychstar: bets $6
Agrotait: folds
Uncalled bet ($6) returned to Vadimychstar
Vadimychstar collected $23.52 from pot
*** SUMMARY ***
Total pot $24 | Rake $0.48
Board [Jh Ts Th 3h]
Seat 3: Vadimychstar (big blind) collected ($23.52)
Seat 4: Agrotait (button) (small blind) folded on the Turn


PokerStars Hand #152230194128:  Hold'em Limit ($3/$6 USD) - 2016/04/21 8:32:01 ET
Table 'Sarita' 6-max Seat #3 is the button
Seat 3: Vadimychstar ($174.59 in chips)
Seat 4: Agrotait ($72 in chips)
Vadimychstar: posts small blind $1
Agrotait: posts big blind $3
*** HOLE CARDS ***
Vadimychstar: raises $3 to $6
Agrotait: folds
Uncalled bet ($3) returned to Vadimychstar
Vadimychstar collected $6 from pot
*** SUMMARY ***
Total pot $6 | Rake $0
Seat 3: Vadimychstar (button) (small blind) collected ($6)
Seat 4: Agrotait (big blind) folded before Flop


PokerStars Hand #152230247948:  Hold'em Limit ($3/$6 USD) - 2016/04/21 8:33:44 ET
Table 'Sarita' 6-max Seat #4 is the button
Seat 3: Vadimychstar ($241.63 in chips)
Seat 4: Agrotait ($72 in chips)
Agrotait: posts small blind $1
Vadimychstar: posts big blind $3
*** HOLE CARDS ***
Agrotait: folds
Uncalled bet ($2) returned to Vadimychstar
Vadimychstar collected $2 from pot
*** SUMMARY ***
Total pot $2 | Rake $0
Seat 3: Vadimychstar (big blind) collected ($2)
Seat 4: Agrotait (button) (small blind) folded before Flop


PokerStars Hand #152230230855:  Hold'em Limit ($3/$6 USD) - 2016/04/21 8:33:11 ET
Table 'Sarita' 6-max Seat #3 is the button
Seat 3: Vadimychstar ($221.13 in chips)
Seat 4: Agrotait ($60 in chips)
Vadimychstar: posts small blind $1
Agrotait: posts big blind $3
*** HOLE CARDS ***
Vadimychstar: raises $3 to $6
Agrotait: raises $3 to $9
Vadimychstar: calls $3
*** FLOP *** [5c 8d Jd]
Agrotait: bets $3
Vadimychstar: raises $3 to $6
Agrotait: calls $3
*** TURN *** [5c 8d Jd] [Ac]
Agrotait: checks
Vadimychstar: checks
*** RIVER *** [5c 8d Jd Ac] [8c]
Agrotait: bets $6
Vadimychstar: calls $6
*** SHOW DOWN ***
Agrotait: shows [Th 9h] (a pair of Eights)
Vadimychstar: shows [5h 4s] (two pair, Eights and Fives)
Vadimychstar collected $41.50 from pot
*** SUMMARY ***
Total pot $42 | Rake $0.50
Board [5c 8d Jd Ac 8c]
Seat 3: Vadimychstar (button) (small blind) showed [5h 4s] and won ($41.50) with two pair, Eights and Fives
Seat 4: Agrotait (big blind) showed [Th 9h] and lost with a pair of Eights


PokerStars Hand #152230222817:  Hold'em Limit ($3/$6 USD) - 2016/04/21 8:32:56 ET
Table 'Sarita' 6-max Seat #4 is the button
Seat 3: Vadimychstar ($209.61 in chips)
Seat 4: Agrotait ($72 in chips)
Agrotait: posts small blind $1
Vadimychstar: posts big blind $3
*** HOLE CARDS ***
Agrotait: raises $3 to $6
Vadimychstar: raises $3 to $9
Agrotait: calls $3
*** FLOP *** [Qs 4h Jc]
Vadimychstar: bets $3
Agrotait: calls $3
*** TURN *** [Qs 4h Jc] [3d]
Vadimychstar: bets $6
Agrotait: folds
Uncalled bet ($6) returned to Vadimychstar
Vadimychstar collected $23.52 from pot
*** SUMMARY ***
Total pot $24 | Rake $0.48
Board [Qs 4h Jc 3d]
Seat 3: Vadimychstar (big blind) collected ($23.52)
Seat 4: Agrotait (button) (small blind) folded on the Turn


PokerStars Hand #152230210648:  Hold'em Limit ($3/$6 USD) - 2016/04/21 8:32:32 ET
Table 'Sarita' 6-max Seat #3 is the button
Seat 3: Vadimychstar ($189.11 in chips)
Seat 4: Agrotait ($72 in chips)
Vadimychstar: posts small blind $1
Agrotait: posts big blind $3
*** HOLE CARDS ***
Vadimychstar: raises $3 to $6
Agrotait: calls $3
*** FLOP *** [5d Qd Ts]
Agrotait: checks
Vadimychstar: bets $3
Agrotait: calls $3
*** TURN *** [5d Qd Ts] [2d]
Agrotait: checks
Vadimychstar: bets $6
Agrotait: calls $6
*** RIVER *** [5d Qd Ts 2d] [2s]
Agrotait: bets $6
Vadimychstar: calls $6
*** SHOW DOWN ***
Agrotait: shows [8d 3c] (a pair of Deuces)
Vadimychstar: shows [9d Ac] (a pair of Deuces - Ace kicker)
Vadimychstar collected $41.50 from pot
*** SUMMARY ***
Total pot $42 | Rake $0.50
Board [5d Qd Ts 2d 2s]
Seat 3: Vadimychstar (button) (small blind) showed [9d Ac] and won ($41.50) with a pair of Deuces
Seat 4: Agrotait (big blind) showed [8d 3c] and lost with a pair of Deuces


PokerStars Hand #152230254928:  Hold'em Limit ($3/$6 USD) - 2016/04/21 8:33:58 ET
Table 'Sarita' 6-max Seat #4 is the button
Seat 3: Vadimychstar ($245.63 in chips)
Seat 4: Agrotait ($68 in chips)
Agrotait: posts small blind $1
Vadimychstar: posts big blind $3
*** HOLE CARDS ***
Agrotait: raises $3 to $6
Vadimychstar: raises $3 to $9
Agrotait: calls $3
*** FLOP *** [2c As 7d]
Vadimychstar: bets $3
Agrotait: calls $3
*** TURN *** [2c As 7d] [Ac]
Vadimychstar: bets $6
Agrotait: calls $6
*** RIVER *** [2c As 7d Ac] [3s]
Vadimychstar: bets $6
Agrotait: raises $6 to $12
Vadimychstar: folds
Uncalled bet ($6) returned to Agrotait
Agrotait collected $47.50 from pot
Agrotait: doesn't show hand
*** SUMMARY ***
Total pot $48 | Rake $0.50
Board [2c As 7d Ac 3s]
Seat 3: Vadimychstar (big blind) folded on the River
Seat 4: Agrotait (button) (small blind) collected ($47.50)


PokerStars Hand #152230251436:  Hold'em Limit ($3/$6 USD) - 2016/04/21 8:33:51 ET
Table 'Sarita' 6-max Seat #3 is the button
Seat 3: Vadimychstar ($242.63 in chips)
Seat 4: Agrotait ($71 in chips)
Vadimychstar: posts small blind $1
Agrotait: posts big blind $3
*** HOLE CARDS ***
Vadimychstar: raises $3 to $6
Agrotait: folds
Uncalled bet ($3) returned to Vadimychstar
Vadimychstar collected $6 from pot
*** SUMMARY ***
Total pot $6 | Rake $0
Seat 3: Vadimychstar (button) (small blind) collected ($6)
Seat 4: Agrotait (big blind) folded before Flop


PokerStars Hand #152230264274:  Hold'em Limit ($3/$6 USD) - 2016/04/21 8:34:16 ET
Table 'Sarita' 6-max Seat #3 is the button
Seat 3: Vadimychstar ($221.63 in chips)
Seat 4: Agrotait ($91.50 in chips)
Vadimychstar: posts small blind $1
Agrotait: posts big blind $3
*** HOLE CARDS ***
Vadimychstar: raises $3 to $6
Agrotait: calls $3
*** FLOP *** [Ad 6h 4c]
Agrotait: checks
Vadimychstar: checks
*** TURN *** [Ad 6h 4c] [8c]
Agrotait: bets $6
Vadimychstar: raises $6 to $12
Agrotait: calls $6
*** RIVER *** [Ad 6h 4c 8c] [2d]
Agrotait: checks
desktop39 joins the table at seat #6
Vadimychstar: bets $6
Agrotait: calls $6
*** SHOW DOWN ***
Vadimychstar: shows [Qs 2s] (a pair of Deuces)
Agrotait: shows [6c 5d] (a pair of Sixes)
Agrotait collected $47.50 from pot
*** SUMMARY ***
Total pot $48 | Rake $0.50
Board [Ad 6h 4c 8c 2d]
Seat 3: Vadimychstar (button) (small blind) showed [Qs 2s] and lost with a pair of Deuces
Seat 4: Agrotait (big blind) showed [6c 5d] and won ($47.50) with a pair of Sixes


PokerStars Hand #152230757140:  Hold'em Limit ($3/$6 USD) - 2016/04/21 8:49:37 ET
Table 'Sarita' 6-max Seat #1 is the button
Seat 1: ABATAPP ($114.07 in chips)
Seat 4: Agrotait ($78.61 in chips)
ABATAPP: posts small blind $1
Agrotait: posts big blind $3
*** HOLE CARDS ***
ABATAPP: raises $3 to $6
Agrotait: calls $3
*** FLOP *** [9h 5c Td]
Agrotait: checks
ABATAPP: checks
*** TURN *** [9h 5c Td] [2d]
Agrotait: bets $6
ABATAPP: calls $6
*** RIVER *** [9h 5c Td 2d] [6c]
Agrotait: bets $6
ABATAPP: calls $6
*** SHOW DOWN ***
Agrotait: shows [5h 4h] (a pair of Fives)
ABATAPP: shows [Ad Ts] (a pair of Tens)
ABATAPP collected $35.50 from pot
*** SUMMARY ***
Total pot $36 | Rake $0.50
Board [9h 5c Td 2d 6c]
Seat 1: ABATAPP (button) (small blind) showed [Ad Ts] and won ($35.50) with a pair of Tens
Seat 4: Agrotait (big blind) showed [5h 4h] and lost with a pair of Fives


