PokerStars Hand #151081144997:  Hold'em Limit ($3/$6 USD) - 2016/03/28 16:01:08 ET
Table 'Sarir' 10-max Seat #1 is the button
Seat 1: Zubasa07 ($524.14 in chips)
Seat 2: balletgirls ($5 in chips)
Zubasa07: posts small blind $1
balletgirls: posts big blind $3
*** HOLE CARDS ***
Zubasa07: raises $3 to $6
balletgirls: folds
Uncalled bet ($3) returned to Zubasa07
Zubasa07 collected $6 from pot
Zubasa07: doesn't show hand
*** SUMMARY ***
Total pot $6 | Rake $0
Seat 1: Zubasa07 (button) (small blind) collected ($6)
Seat 2: balletgirls (big blind) folded before Flop


PokerStars Hand #151081139928:  Hold'em Limit ($3/$6 USD) - 2016/03/28 16:01:03 ET
Table 'Sarir' 10-max Seat #2 is the button
Seat 1: Zubasa07 ($523.14 in chips)
Seat 2: balletgirls ($6 in chips)
balletgirls: posts small blind $1
Zubasa07: posts big blind $3
*** HOLE CARDS ***
balletgirls: folds
Uncalled bet ($2) returned to Zubasa07
Zubasa07 collected $2 from pot
Zubasa07: doesn't show hand
*** SUMMARY ***
Total pot $2 | Rake $0
Seat 1: Zubasa07 (big blind) collected ($2)
Seat 2: balletgirls (button) (small blind) folded before Flop


PokerStars Hand #151081127074:  Hold'em Limit ($3/$6 USD) - 2016/03/28 16:00:49 ET
Table 'Sarir' 10-max Seat #1 is the button
Seat 1: Zubasa07 ($517.38 in chips)
Seat 2: balletgirls ($12 in chips)
Zubasa07: posts small blind $1
balletgirls: posts big blind $3
*** HOLE CARDS ***
Zubasa07: raises $3 to $6
balletgirls: calls $3
*** FLOP *** [Ts Js 2s]
balletgirls: checks
Zubasa07: bets $3
balletgirls: folds
Uncalled bet ($3) returned to Zubasa07
Zubasa07 collected $11.76 from pot
Zubasa07: doesn't show hand
*** SUMMARY ***
Total pot $12 | Rake $0.24
Board [Ts Js 2s]
Seat 1: Zubasa07 (button) (small blind) collected ($11.76)
Seat 2: balletgirls (big blind) folded on the Flop


PokerStars Hand #151081212227:  Hold'em Limit ($3/$6 USD) - 2016/03/28 16:02:16 ET
Table 'Sarir' 10-max Seat #2 is the button
Seat 1: Zubasa07 ($491.14 in chips)
Seat 2: balletgirls ($65.02 in chips)
balletgirls: posts small blind $1
Zubasa07: posts big blind $3
*** HOLE CARDS ***
balletgirls: calls $2
Zubasa07: raises $3 to $6
balletgirls: calls $3
*** FLOP *** [4s 3c Jd]
Zubasa07: bets $3
balletgirls: calls $3
*** TURN *** [4s 3c Jd] [9s]
Zubasa07: bets $6
balletgirls: calls $6
*** RIVER *** [4s 3c Jd 9s] [6s]
Zubasa07: checks
balletgirls: checks
*** SHOW DOWN ***
Zubasa07: shows [Ad 5d] (high card Ace)
balletgirls: shows [As 4d] (a pair of Fours)
balletgirls collected $29.50 from pot
*** SUMMARY ***
Total pot $30 | Rake $0.50
Board [4s 3c Jd 9s 6s]
Seat 1: Zubasa07 (big blind) showed [Ad 5d] and lost with high card Ace
Seat 2: balletgirls (button) (small blind) showed [As 4d] and won ($29.50) with a pair of Fours


PokerStars Hand #151081193725:  Hold'em Limit ($3/$6 USD) - 2016/03/28 16:01:59 ET
Table 'Sarir' 10-max Seat #1 is the button
Seat 1: Zubasa07 ($503.14 in chips)
Seat 2: balletgirls ($53.50 in chips)
Zubasa07: posts small blind $1
balletgirls: posts big blind $3
*** HOLE CARDS ***
Zubasa07: raises $3 to $6
balletgirls: calls $3
*** FLOP *** [Ts Qc Ks]
balletgirls: bets $3
Zubasa07: raises $3 to $6
balletgirls: calls $3
*** TURN *** [Ts Qc Ks] [7h]
balletgirls: checks
Zubasa07: checks
*** RIVER *** [Ts Qc Ks 7h] [6h]
balletgirls: bets $6
Zubasa07: folds
Uncalled bet ($6) returned to balletgirls
balletgirls collected $23.52 from pot
*** SUMMARY ***
Total pot $24 | Rake $0.48
Board [Ts Qc Ks 7h 6h]
Seat 1: Zubasa07 (button) (small blind) folded on the River
Seat 2: balletgirls (big blind) collected ($23.52)


PokerStars Hand #151081167860:  Hold'em Limit ($3/$6 USD) - 2016/03/28 16:01:33 ET
Table 'Sarir' 10-max Seat #2 is the button
Seat 1: Zubasa07 ($527.14 in chips)
Seat 2: balletgirls ($30 in chips)
balletgirls: posts small blind $1
Zubasa07: posts big blind $3
*** HOLE CARDS ***
balletgirls: calls $2
Zubasa07: checks
*** FLOP *** [2h 8h 7d]
Zubasa07: bets $3
balletgirls: calls $3
*** TURN *** [2h 8h 7d] [5s]
Zubasa07: bets $6
balletgirls: calls $6
*** RIVER *** [2h 8h 7d 5s] [8d]
Zubasa07: bets $6
balletgirls: raises $6 to $12
Zubasa07: calls $6
*** SHOW DOWN ***
balletgirls: shows [8s Qc] (three of a kind, Eights)
Zubasa07: mucks hand
balletgirls collected $47.50 from pot
*** SUMMARY ***
Total pot $48 | Rake $0.50
Board [2h 8h 7d 5s 8d]
Seat 1: Zubasa07 (big blind) mucked
Seat 2: balletgirls (button) (small blind) showed [8s Qc] and won ($47.50) with three of a kind, Eights


PokerStars Hand #151081296381:  Hold'em Limit ($3/$6 USD) - 2016/03/28 16:03:38 ET
Table 'Sarir' 10-max Seat #2 is the button
Seat 1: Zubasa07 ($488.64 in chips)
Seat 2: balletgirls ($66.16 in chips)
balletgirls: posts small blind $1
Zubasa07: posts big blind $3
*** HOLE CARDS ***
balletgirls: calls $2
Zubasa07: raises $3 to $6
balletgirls: calls $3
*** FLOP *** [3d Js 6s]
Zubasa07: bets $3
balletgirls: calls $3
*** TURN *** [3d Js 6s] [7d]
Zubasa07: bets $6
balletgirls: calls $6
*** RIVER *** [3d Js 6s 7d] [5d]
Zubasa07: bets $6
balletgirls: calls $6
*** SHOW DOWN ***
Zubasa07: shows [Qh Jd] (a pair of Jacks)
balletgirls: shows [Jc 4c] (a straight, Three to Seven)
balletgirls collected $41.50 from pot
*** SUMMARY ***
Total pot $42 | Rake $0.50
Board [3d Js 6s 7d 5d]
Seat 1: Zubasa07 (big blind) showed [Qh Jd] and lost with a pair of Jacks
Seat 2: balletgirls (button) (small blind) showed [Jc 4c] and won ($41.50) with a straight, Three to Seven


PokerStars Hand #151081263480:  Hold'em Limit ($3/$6 USD) - 2016/03/28 16:03:06 ET
Table 'Sarir' 10-max Seat #1 is the button
Seat 1: Zubasa07 ($468.14 in chips)
Seat 2: balletgirls ($87.16 in chips)
Zubasa07: posts small blind $1
balletgirls: posts big blind $3
*** HOLE CARDS ***
Zubasa07: raises $3 to $6
balletgirls: calls $3
*** FLOP *** [Ac 7s 8c]
balletgirls: bets $3
Zubasa07: calls $3
*** TURN *** [Ac 7s 8c] [5h]
balletgirls: bets $6
Zubasa07: calls $6
*** RIVER *** [Ac 7s 8c 5h] [Ad]
balletgirls: checks
Zubasa07: bets $6
balletgirls: calls $6
*** SHOW DOWN ***
Zubasa07: shows [Ks 8d] (two pair, Aces and Eights)
balletgirls: mucks hand
Zubasa07 collected $41.50 from pot
*** SUMMARY ***
Total pot $42 | Rake $0.50
Board [Ac 7s 8c 5h Ad]
Seat 1: Zubasa07 (button) (small blind) showed [Ks 8d] and won ($41.50) with two pair, Aces and Eights
Seat 2: balletgirls (big blind) mucked


PokerStars Hand #151081258379:  Hold'em Limit ($3/$6 USD) - 2016/03/28 16:03:02 ET
Table 'Sarir' 10-max Seat #2 is the button
Seat 1: Zubasa07 ($467.14 in chips)
Seat 2: balletgirls ($88.16 in chips)
balletgirls: posts small blind $1
Zubasa07: posts big blind $3
*** HOLE CARDS ***
balletgirls: folds
Uncalled bet ($2) returned to Zubasa07
Zubasa07 collected $2 from pot
Zubasa07: doesn't show hand
*** SUMMARY ***
Total pot $2 | Rake $0
Seat 1: Zubasa07 (big blind) collected ($2)
Seat 2: balletgirls (button) (small blind) folded before Flop


PokerStars Hand #151081231248:  Hold'em Limit ($3/$6 USD) - 2016/03/28 16:02:36 ET
Table 'Sarir' 10-max Seat #1 is the button
Seat 1: Zubasa07 ($476.14 in chips)
Seat 2: balletgirls ($79.52 in chips)
Zubasa07: posts small blind $1
balletgirls: posts big blind $3
*** HOLE CARDS ***
Zubasa07: raises $3 to $6
balletgirls: calls $3
*** FLOP *** [2d 5d Jc]
balletgirls: bets $3
Zubasa07: calls $3
*** TURN *** [2d 5d Jc] [9s]
balletgirls: checks
Zubasa07: checks
*** RIVER *** [2d 5d Jc 9s] [Th]
balletgirls: checks
Zubasa07: checks
*** SHOW DOWN ***
balletgirls: shows [6h 5s] (a pair of Fives)
Zubasa07: mucks hand
balletgirls collected $17.64 from pot
*** SUMMARY ***
Total pot $18 | Rake $0.36
Board [2d 5d Jc 9s Th]
Seat 1: Zubasa07 (button) (small blind) mucked
Seat 2: balletgirls (big blind) showed [6h 5s] and won ($17.64) with a pair of Fives


PokerStars Hand #151081340438:  Hold'em Limit ($3/$6 USD) - 2016/03/28 16:04:20 ET
Table 'Sarir' 10-max Seat #2 is the button
Seat 1: Zubasa07 ($443.64 in chips)
Seat 2: balletgirls ($110.16 in chips)
balletgirls: posts small blind $1
Zubasa07: posts big blind $3
*** HOLE CARDS ***
balletgirls: raises $3 to $6
Zubasa07: calls $3
*** FLOP *** [Js 3c Kd]
Zubasa07: checks
balletgirls: checks
*** TURN *** [Js 3c Kd] [Kc]
Zubasa07: bets $6
balletgirls: calls $6
*** RIVER *** [Js 3c Kd Kc] [5d]
Zubasa07: checks
balletgirls: checks
*** SHOW DOWN ***
Zubasa07: shows [Ad 3d] (two pair, Kings and Threes)
balletgirls: mucks hand
Zubasa07 collected $23.52 from pot
*** SUMMARY ***
Total pot $24 | Rake $0.48
Board [Js 3c Kd Kc 5d]
Seat 1: Zubasa07 (big blind) showed [Ad 3d] and won ($23.52) with two pair, Kings and Threes
Seat 2: balletgirls (button) (small blind) mucked


PokerStars Hand #151081314938:  Hold'em Limit ($3/$6 USD) - 2016/03/28 16:03:56 ET
Table 'Sarir' 10-max Seat #1 is the button
Seat 1: Zubasa07 ($467.64 in chips)
Seat 2: balletgirls ($86.66 in chips)
Zubasa07: posts small blind $1
balletgirls: posts big blind $3
*** HOLE CARDS ***
Zubasa07: raises $3 to $6
balletgirls: calls $3
*** FLOP *** [Qd Td Ah]
balletgirls: bets $3
Zubasa07: raises $3 to $6
balletgirls: calls $3
*** TURN *** [Qd Td Ah] [6h]
balletgirls: checks
Zubasa07: bets $6
balletgirls: calls $6
*** RIVER *** [Qd Td Ah 6h] [8s]
balletgirls: bets $6
Zubasa07: calls $6
*** SHOW DOWN ***
balletgirls: shows [8d 8h] (three of a kind, Eights)
Zubasa07: mucks hand
balletgirls collected $47.50 from pot
*** SUMMARY ***
Total pot $48 | Rake $0.50
Board [Qd Td Ah 6h 8s]
Seat 1: Zubasa07 (button) (small blind) mucked
Seat 2: balletgirls (big blind) showed [8d 8h] and won ($47.50) with three of a kind, Eights


PokerStars Hand #151081416865:  Hold'em Limit ($3/$6 USD) - 2016/03/28 16:05:34 ET
Table 'Sarir' 10-max Seat #1 is the button
Seat 1: Zubasa07 ($466.68 in chips)
Seat 2: balletgirls ($86.16 in chips)
Zubasa07: posts small blind $1
balletgirls: posts big blind $3
*** HOLE CARDS ***
Zubasa07: raises $3 to $6
balletgirls: folds
Uncalled bet ($3) returned to Zubasa07
Zubasa07 collected $6 from pot
Zubasa07: doesn't show hand
*** SUMMARY ***
Total pot $6 | Rake $0
Seat 1: Zubasa07 (button) (small blind) collected ($6)
Seat 2: balletgirls (big blind) folded before Flop


PokerStars Hand #151081390074:  Hold'em Limit ($3/$6 USD) - 2016/03/28 16:05:08 ET
Table 'Sarir' 10-max Seat #2 is the button
Seat 1: Zubasa07 ($460.92 in chips)
Seat 2: balletgirls ($92.16 in chips)
balletgirls: posts small blind $1
Zubasa07: posts big blind $3
*** HOLE CARDS ***
balletgirls: calls $2
Zubasa07: raises $3 to $6
balletgirls: calls $3
*** FLOP *** [6h Qs Kc]
Zubasa07: bets $3
balletgirls: folds
Uncalled bet ($3) returned to Zubasa07
Zubasa07 collected $11.76 from pot
Zubasa07: doesn't show hand
*** SUMMARY ***
Total pot $12 | Rake $0.24
Board [6h Qs Kc]
Seat 1: Zubasa07 (big blind) collected ($11.76)
Seat 2: balletgirls (button) (small blind) folded on the Flop


PokerStars Hand #151081376794:  Hold'em Limit ($3/$6 USD) - 2016/03/28 16:04:55 ET
Table 'Sarir' 10-max Seat #1 is the button
Seat 1: Zubasa07 ($455.16 in chips)
Seat 2: balletgirls ($98.16 in chips)
Zubasa07: posts small blind $1
balletgirls: posts big blind $3
*** HOLE CARDS ***
Zubasa07: raises $3 to $6
balletgirls: calls $3
*** FLOP *** [6c 9d Ks]
balletgirls: checks
Zubasa07: bets $3
balletgirls: folds
Uncalled bet ($3) returned to Zubasa07
Zubasa07 collected $11.76 from pot
Zubasa07: doesn't show hand
*** SUMMARY ***
Total pot $12 | Rake $0.24
Board [6c 9d Ks]
Seat 1: Zubasa07 (button) (small blind) collected ($11.76)
Seat 2: balletgirls (big blind) folded on the Flop


PokerStars Hand #151081479691:  Hold'em Limit ($3/$6 USD) - 2016/03/28 16:06:34 ET
Table 'Sarir' 10-max Seat #2 is the button
Seat 1: Zubasa07 ($478.44 in chips)
Seat 2: balletgirls ($74.04 in chips)
balletgirls: posts small blind $1
Zubasa07: posts big blind $3
*** HOLE CARDS ***
balletgirls: calls $2
Zubasa07: checks
*** FLOP *** [6d 3d Qs]
Zubasa07: bets $3
balletgirls: calls $3
*** TURN *** [6d 3d Qs] [As]
Zubasa07: bets $6
balletgirls: calls $6
*** RIVER *** [6d 3d Qs As] [Kc]
Zubasa07: checks
balletgirls: checks
*** SHOW DOWN ***
Zubasa07: shows [3c 7s] (a pair of Threes)
balletgirls: shows [2s Ks] (a pair of Kings)
balletgirls collected $23.52 from pot
*** SUMMARY ***
Total pot $24 | Rake $0.48
Board [6d 3d Qs As Kc]
Seat 1: Zubasa07 (big blind) showed [3c 7s] and lost with a pair of Threes
Seat 2: balletgirls (button) (small blind) showed [2s Ks] and won ($23.52) with a pair of Kings


PokerStars Hand #151081468659:  Hold'em Limit ($3/$6 USD) - 2016/03/28 16:06:23 ET
Table 'Sarir' 10-max Seat #1 is the button
Seat 1: Zubasa07 ($475.44 in chips)
Seat 2: balletgirls ($77.04 in chips)
Zubasa07: posts small blind $1
balletgirls: posts big blind $3
*** HOLE CARDS ***
Zubasa07: raises $3 to $6
balletgirls: folds
Uncalled bet ($3) returned to Zubasa07
Zubasa07 collected $6 from pot
Zubasa07: doesn't show hand
*** SUMMARY ***
Total pot $6 | Rake $0
Seat 1: Zubasa07 (button) (small blind) collected ($6)
Seat 2: balletgirls (big blind) folded before Flop


PokerStars Hand #151081458111:  Hold'em Limit ($3/$6 USD) - 2016/03/28 16:06:13 ET
Table 'Sarir' 10-max Seat #2 is the button
Seat 1: Zubasa07 ($469.68 in chips)
Seat 2: balletgirls ($83.04 in chips)
balletgirls: posts small blind $1
Zubasa07: posts big blind $3
*** HOLE CARDS ***
balletgirls: calls $2
Zubasa07: raises $3 to $6
balletgirls: calls $3
*** FLOP *** [7h Th 6s]
Zubasa07: bets $3
balletgirls: folds
Uncalled bet ($3) returned to Zubasa07
Zubasa07 collected $11.76 from pot
Zubasa07: doesn't show hand
*** SUMMARY ***
Total pot $12 | Rake $0.24
Board [7h Th 6s]
Seat 1: Zubasa07 (big blind) collected ($11.76)
Seat 2: balletgirls (button) (small blind) folded on the Flop


PokerStars Hand #151081450905:  Hold'em Limit ($3/$6 USD) - 2016/03/28 16:06:06 ET
Table 'Sarir' 10-max Seat #1 is the button
Seat 1: Zubasa07 ($466.68 in chips)
Seat 2: balletgirls ($86.04 in chips)
Zubasa07: posts small blind $1
balletgirls: posts big blind $3
*** HOLE CARDS ***
Zubasa07: raises $3 to $6
balletgirls: folds
Uncalled bet ($3) returned to Zubasa07
Zubasa07 collected $6 from pot
Zubasa07: doesn't show hand
*** SUMMARY ***
Total pot $6 | Rake $0
Seat 1: Zubasa07 (button) (small blind) collected ($6)
Seat 2: balletgirls (big blind) folded before Flop


PokerStars Hand #151081429979:  Hold'em Limit ($3/$6 USD) - 2016/03/28 16:05:46 ET
Table 'Sarir' 10-max Seat #2 is the button
Seat 1: Zubasa07 ($469.68 in chips)
Seat 2: balletgirls ($83.16 in chips)
balletgirls: posts small blind $1
Zubasa07: posts big blind $3
*** HOLE CARDS ***
balletgirls: calls $2
Zubasa07: checks
*** FLOP *** [2s 5h 9h]
Zubasa07: checks
balletgirls: checks
*** TURN *** [2s 5h 9h] [Tc]
Zubasa07: checks
balletgirls: checks
*** RIVER *** [2s 5h 9h Tc] [6c]
Zubasa07: checks
balletgirls: checks
*** SHOW DOWN ***
Zubasa07: shows [3s Kd] (high card King)
balletgirls: shows [Ks 8h] (high card King - Ten+Nine+Eight kicker)
balletgirls collected $5.88 from pot
*** SUMMARY ***
Total pot $6 | Rake $0.12
Board [2s 5h 9h Tc 6c]
Seat 1: Zubasa07 (big blind) showed [3s Kd] and lost with high card King
Seat 2: balletgirls (button) (small blind) showed [Ks 8h] and won ($5.88) with high card King


PokerStars Hand #151081549423:  Hold'em Limit ($3/$6 USD) - 2016/03/28 16:07:41 ET
Table 'Sarir' 10-max Seat #2 is the button
Seat 1: Zubasa07 ($460.08 in chips)
Seat 2: balletgirls ($91.06 in chips)
balletgirls: posts small blind $1
Zubasa07: posts big blind $3
*** HOLE CARDS ***
balletgirls: folds
Uncalled bet ($2) returned to Zubasa07
Zubasa07 collected $2 from pot
Zubasa07: doesn't show hand
*** SUMMARY ***
Total pot $2 | Rake $0
Seat 1: Zubasa07 (big blind) collected ($2)
Seat 2: balletgirls (button) (small blind) folded before Flop


PokerStars Hand #151081539729:  Hold'em Limit ($3/$6 USD) - 2016/03/28 16:07:32 ET
Table 'Sarir' 10-max Seat #1 is the button
Seat 1: Zubasa07 ($454.32 in chips)
Seat 2: balletgirls ($97.06 in chips)
Zubasa07: posts small blind $1
balletgirls: posts big blind $3
*** HOLE CARDS ***
Zubasa07: raises $3 to $6
balletgirls: calls $3
*** FLOP *** [6h Jc Ac]
balletgirls: checks
Zubasa07: bets $3
balletgirls: folds
Uncalled bet ($3) returned to Zubasa07
Zubasa07 collected $11.76 from pot
Zubasa07: doesn't show hand
*** SUMMARY ***
Total pot $12 | Rake $0.24
Board [6h Jc Ac]
Seat 1: Zubasa07 (button) (small blind) collected ($11.76)
Seat 2: balletgirls (big blind) folded on the Flop


PokerStars Hand #151081523816:  Hold'em Limit ($3/$6 USD) - 2016/03/28 16:07:16 ET
Table 'Sarir' 10-max Seat #2 is the button
Seat 1: Zubasa07 ($451.44 in chips)
Seat 2: balletgirls ($100.06 in chips)
balletgirls: posts small blind $1
Zubasa07: posts big blind $3
*** HOLE CARDS ***
balletgirls: calls $2
Zubasa07: checks
*** FLOP *** [2h 4h Ks]
Zubasa07: checks
balletgirls: checks
*** TURN *** [2h 4h Ks] [8d]
Zubasa07: checks
balletgirls: checks
*** RIVER *** [2h 4h Ks 8d] [7d]
Zubasa07: checks
balletgirls: checks
*** SHOW DOWN ***
Zubasa07: shows [3d Qc] (high card King)
balletgirls: mucks hand
Zubasa07 collected $5.88 from pot
*** SUMMARY ***
Total pot $6 | Rake $0.12
Board [2h 4h Ks 8d 7d]
Seat 1: Zubasa07 (big blind) showed [3d Qc] and won ($5.88) with high card King
Seat 2: balletgirls (button) (small blind) mucked


PokerStars Hand #151081500015:  Hold'em Limit ($3/$6 USD) - 2016/03/28 16:06:54 ET
Table 'Sarir' 10-max Seat #1 is the button
Seat 1: Zubasa07 ($466.44 in chips)
Seat 2: balletgirls ($85.56 in chips)
Zubasa07: posts small blind $1
balletgirls: posts big blind $3
*** HOLE CARDS ***
Zubasa07: raises $3 to $6
balletgirls: calls $3
*** FLOP *** [Tc 4d 9s]
balletgirls: bets $3
Zubasa07: calls $3
*** TURN *** [Tc 4d 9s] [3h]
balletgirls: bets $6
Zubasa07: calls $6
*** RIVER *** [Tc 4d 9s 3h] [6c]
balletgirls: bets $6
Zubasa07: folds
Uncalled bet ($6) returned to balletgirls
balletgirls collected $29.50 from pot
*** SUMMARY ***
Total pot $30 | Rake $0.50
Board [Tc 4d 9s 3h 6c]
Seat 1: Zubasa07 (button) (small blind) folded on the River
Seat 2: balletgirls (big blind) collected ($29.50)


PokerStars Hand #151081625972:  Hold'em Limit ($3/$6 USD) - 2016/03/28 16:08:54 ET
Table 'Sarir' 10-max Seat #1 is the button
Seat 1: Zubasa07 ($437.59 in chips)
Seat 2: balletgirls ($111.83 in chips)
Zubasa07: posts small blind $1
balletgirls: posts big blind $3
*** HOLE CARDS ***
Zubasa07: folds
Uncalled bet ($2) returned to balletgirls
balletgirls collected $2 from pot
*** SUMMARY ***
Total pot $2 | Rake $0
Seat 1: Zubasa07 (button) (small blind) folded before Flop
Seat 2: balletgirls (big blind) collected ($2)


PokerStars Hand #151081610322:  Hold'em Limit ($3/$6 USD) - 2016/03/28 16:08:39 ET
Table 'Sarir' 10-max Seat #2 is the button
Seat 1: Zubasa07 ($437.84 in chips)
Seat 2: balletgirls ($112.08 in chips)
balletgirls: posts small blind $1
Zubasa07: posts big blind $3
*** HOLE CARDS ***
balletgirls: calls $2
Zubasa07: raises $3 to $6
balletgirls: calls $3
*** FLOP *** [8s Th 9d]
Zubasa07: bets $3
balletgirls: calls $3
*** TURN *** [8s Th 9d] [Jc]
Zubasa07: bets $6
balletgirls: calls $6
*** RIVER *** [8s Th 9d Jc] [8d]
Zubasa07: bets $6
balletgirls: calls $6
*** SHOW DOWN ***
Zubasa07: shows [Ac 7h] (a straight, Seven to Jack)
balletgirls: shows [7s Ah] (a straight, Seven to Jack)
Zubasa07 collected $20.75 from pot
balletgirls collected $20.75 from pot
*** SUMMARY ***
Total pot $42 | Rake $0.50
Board [8s Th 9d Jc 8d]
Seat 1: Zubasa07 (big blind) showed [Ac 7h] and won ($20.75) with a straight, Seven to Jack
Seat 2: balletgirls (button) (small blind) showed [7s Ah] and won ($20.75) with a straight, Seven to Jack


PokerStars Hand #151081605081:  Hold'em Limit ($3/$6 USD) - 2016/03/28 16:08:34 ET
Table 'Sarir' 10-max Seat #1 is the button
Seat 1: Zubasa07 ($438.84 in chips)
Seat 2: balletgirls ($111.08 in chips)
Zubasa07: posts small blind $1
balletgirls: posts big blind $3
*** HOLE CARDS ***
Zubasa07: folds
Uncalled bet ($2) returned to balletgirls
balletgirls collected $2 from pot
*** SUMMARY ***
Total pot $2 | Rake $0
Seat 1: Zubasa07 (button) (small blind) folded before Flop
Seat 2: balletgirls (big blind) collected ($2)


PokerStars Hand #151081592814:  Hold'em Limit ($3/$6 USD) - 2016/03/28 16:08:22 ET
Table 'Sarir' 10-max Seat #2 is the button
Seat 1: Zubasa07 ($433.08 in chips)
Seat 2: balletgirls ($117.08 in chips)
balletgirls: posts small blind $1
Zubasa07: posts big blind $3
*** HOLE CARDS ***
balletgirls: calls $2
Zubasa07: raises $3 to $6
balletgirls: calls $3
*** FLOP *** [Qc 5d As]
Zubasa07: bets $3
balletgirls: folds
Uncalled bet ($3) returned to Zubasa07
Zubasa07 collected $11.76 from pot
Zubasa07: doesn't show hand
*** SUMMARY ***
Total pot $12 | Rake $0.24
Board [Qc 5d As]
Seat 1: Zubasa07 (big blind) collected ($11.76)
Seat 2: balletgirls (button) (small blind) folded on the Flop


PokerStars Hand #151081587109:  Hold'em Limit ($3/$6 USD) - 2016/03/28 16:08:17 ET
Table 'Sarir' 10-max Seat #1 is the button
Seat 1: Zubasa07 ($434.08 in chips)
Seat 2: balletgirls ($116.08 in chips)
Zubasa07: posts small blind $1
balletgirls: posts big blind $3
*** HOLE CARDS ***
Zubasa07: folds
Uncalled bet ($2) returned to balletgirls
balletgirls collected $2 from pot
*** SUMMARY ***
Total pot $2 | Rake $0
Seat 1: Zubasa07 (button) (small blind) folded before Flop
Seat 2: balletgirls (big blind) collected ($2)


PokerStars Hand #151081574203:  Hold'em Limit ($3/$6 USD) - 2016/03/28 16:08:05 ET
Table 'Sarir' 10-max Seat #2 is the button
Seat 1: Zubasa07 ($446.08 in chips)
Seat 2: balletgirls ($104.56 in chips)
balletgirls: posts small blind $1
Zubasa07: posts big blind $3
*** HOLE CARDS ***
balletgirls: calls $2
Zubasa07: checks
*** FLOP *** [8d 4d 4h]
Zubasa07: bets $3
balletgirls: calls $3
*** TURN *** [8d 4d 4h] [Kd]
Zubasa07: bets $6
balletgirls: calls $6
*** RIVER *** [8d 4d 4h Kd] [9d]
Zubasa07: checks
balletgirls: checks
*** SHOW DOWN ***
Zubasa07: shows [5h 8c] (two pair, Eights and Fours)
balletgirls: shows [Kh Jc] (two pair, Kings and Fours)
balletgirls collected $23.52 from pot
*** SUMMARY ***
Total pot $24 | Rake $0.48
Board [8d 4d 4h Kd 9d]
Seat 1: Zubasa07 (big blind) showed [5h 8c] and lost with two pair, Eights and Fours
Seat 2: balletgirls (button) (small blind) showed [Kh Jc] and won ($23.52) with two pair, Kings and Fours


PokerStars Hand #151081554148:  Hold'em Limit ($3/$6 USD) - 2016/03/28 16:07:46 ET
Table 'Sarir' 10-max Seat #1 is the button
Seat 1: Zubasa07 ($461.08 in chips)
Seat 2: balletgirls ($90.06 in chips)
Zubasa07: posts small blind $1
balletgirls: posts big blind $3
*** HOLE CARDS ***
Zubasa07: raises $3 to $6
balletgirls: calls $3
*** FLOP *** [2c 6h 7c]
balletgirls: checks
Zubasa07: bets $3
balletgirls: calls $3
*** TURN *** [2c 6h 7c] [8s]
balletgirls: checks
Zubasa07: bets $6
balletgirls: calls $6
*** RIVER *** [2c 6h 7c 8s] [3d]
balletgirls: bets $6
Zubasa07: folds
Uncalled bet ($6) returned to balletgirls
balletgirls collected $29.50 from pot
*** SUMMARY ***
Total pot $30 | Rake $0.50
Board [2c 6h 7c 8s 3d]
Seat 1: Zubasa07 (button) (small blind) folded on the River
Seat 2: balletgirls (big blind) collected ($29.50)


PokerStars Hand #151081668395:  Hold'em Limit ($3/$6 USD) - 2016/03/28 16:09:35 ET
Table 'Sarir' 10-max Seat #2 is the button
Seat 1: Zubasa07 ($424.59 in chips)
Seat 2: balletgirls ($124.23 in chips)
balletgirls: posts small blind $1
Zubasa07: posts big blind $3
*** HOLE CARDS ***
balletgirls: calls $2
Zubasa07: checks
*** FLOP *** [8c Ts Qs]
Zubasa07: bets $3
balletgirls: calls $3
*** TURN *** [8c Ts Qs] [8d]
Zubasa07: bets $6
balletgirls: calls $6
*** RIVER *** [8c Ts Qs 8d] [4d]
Zubasa07: bets $6
balletgirls: calls $6
*** SHOW DOWN ***
Zubasa07: shows [4c Qc] (two pair, Queens and Eights)
balletgirls: mucks hand
Zubasa07 collected $35.50 from pot
*** SUMMARY ***
Total pot $36 | Rake $0.50
Board [8c Ts Qs 8d 4d]
Seat 1: Zubasa07 (big blind) showed [4c Qc] and won ($35.50) with two pair, Queens and Eights
Seat 2: balletgirls (button) (small blind) mucked


PokerStars Hand #151081662794:  Hold'em Limit ($3/$6 USD) - 2016/03/28 16:09:30 ET
Table 'Sarir' 10-max Seat #1 is the button
Seat 1: Zubasa07 ($421.59 in chips)
Seat 2: balletgirls ($127.23 in chips)
Zubasa07: posts small blind $1
balletgirls: posts big blind $3
*** HOLE CARDS ***
Zubasa07: raises $3 to $6
balletgirls: folds
Uncalled bet ($3) returned to Zubasa07
Zubasa07 collected $6 from pot
Zubasa07: doesn't show hand
*** SUMMARY ***
Total pot $6 | Rake $0
Seat 1: Zubasa07 (button) (small blind) collected ($6)
Seat 2: balletgirls (big blind) folded before Flop


PokerStars Hand #151081648407:  Hold'em Limit ($3/$6 USD) - 2016/03/28 16:09:16 ET
Table 'Sarir' 10-max Seat #2 is the button
Seat 1: Zubasa07 ($427.59 in chips)
Seat 2: balletgirls ($121.47 in chips)
balletgirls: posts small blind $1
Zubasa07: posts big blind $3
*** HOLE CARDS ***
balletgirls: calls $2
Zubasa07: checks
*** FLOP *** [6h 3s Ah]
Zubasa07: bets $3
balletgirls: calls $3
*** TURN *** [6h 3s Ah] [Qh]
Zubasa07: checks
balletgirls: checks
*** RIVER *** [6h 3s Ah Qh] [5h]
Zubasa07: checks
balletgirls: checks
*** SHOW DOWN ***
Zubasa07: shows [2d Td] (high card Ace)
balletgirls: shows [7s 6c] (a pair of Sixes)
balletgirls collected $11.76 from pot
*** SUMMARY ***
Total pot $12 | Rake $0.24
Board [6h 3s Ah Qh 5h]
Seat 1: Zubasa07 (big blind) showed [2d Td] and lost with high card Ace
Seat 2: balletgirls (button) (small blind) showed [7s 6c] and won ($11.76) with a pair of Sixes


PokerStars Hand #151081640354:  Hold'em Limit ($3/$6 USD) - 2016/03/28 16:09:08 ET
Table 'Sarir' 10-max Seat #1 is the button
Seat 1: Zubasa07 ($433.59 in chips)
Seat 2: balletgirls ($115.71 in chips)
Zubasa07: posts small blind $1
balletgirls: posts big blind $3
*** HOLE CARDS ***
Zubasa07: raises $3 to $6
balletgirls: calls $3
*** FLOP *** [2h 7c Kh]
balletgirls: bets $3
Zubasa07: folds
Uncalled bet ($3) returned to balletgirls
balletgirls collected $11.76 from pot
*** SUMMARY ***
Total pot $12 | Rake $0.24
Board [2h 7c Kh]
Seat 1: Zubasa07 (button) (small blind) folded on the Flop
Seat 2: balletgirls (big blind) collected ($11.76)


PokerStars Hand #151081630831:  Hold'em Limit ($3/$6 USD) - 2016/03/28 16:08:59 ET
Table 'Sarir' 10-max Seat #2 is the button
Seat 1: Zubasa07 ($436.59 in chips)
Seat 2: balletgirls ($112.83 in chips)
balletgirls: posts small blind $1
Zubasa07: posts big blind $3
*** HOLE CARDS ***
balletgirls: calls $2
Zubasa07: checks
*** FLOP *** [3d Qc Js]
Zubasa07: checks
balletgirls: bets $3
Zubasa07: folds
Uncalled bet ($3) returned to balletgirls
balletgirls collected $5.88 from pot
*** SUMMARY ***
Total pot $6 | Rake $0.12
Board [3d Qc Js]
Seat 1: Zubasa07 (big blind) folded on the Flop
Seat 2: balletgirls (button) (small blind) collected ($5.88)


PokerStars Hand #151081742139:  Hold'em Limit ($3/$6 USD) - 2016/03/28 16:10:47 ET
Table 'Sarir' 10-max Seat #2 is the button
Seat 1: Zubasa07 ($406.09 in chips)
Seat 2: balletgirls ($141.13 in chips)
balletgirls: posts small blind $1
Zubasa07: posts big blind $3
*** HOLE CARDS ***
balletgirls: calls $2
Zubasa07: raises $3 to $6
balletgirls: calls $3
*** FLOP *** [7c Ah 7s]
Zubasa07: bets $3
balletgirls: folds
Uncalled bet ($3) returned to Zubasa07
Zubasa07 collected $11.76 from pot
Zubasa07: doesn't show hand
*** SUMMARY ***
Total pot $12 | Rake $0.24
Board [7c Ah 7s]
Seat 1: Zubasa07 (big blind) collected ($11.76)
Seat 2: balletgirls (button) (small blind) folded on the Flop


PokerStars Hand #151081718757:  Hold'em Limit ($3/$6 USD) - 2016/03/28 16:10:24 ET
Table 'Sarir' 10-max Seat #1 is the button
Seat 1: Zubasa07 ($418.09 in chips)
Seat 2: balletgirls ($129.61 in chips)
Zubasa07: posts small blind $1
balletgirls: posts big blind $3
*** HOLE CARDS ***
Zubasa07: raises $3 to $6
balletgirls: calls $3
*** FLOP *** [Tc 6d 7d]
balletgirls: bets $3
Zubasa07: raises $3 to $6
balletgirls: calls $3
*** TURN *** [Tc 6d 7d] [Kh]
balletgirls: checks
Zubasa07: checks
*** RIVER *** [Tc 6d 7d Kh] [2s]
balletgirls: checks
Zubasa07: checks
*** SHOW DOWN ***
balletgirls: shows [Jd 9h] (high card King)
Zubasa07: mucks hand
balletgirls collected $23.52 from pot
*** SUMMARY ***
Total pot $24 | Rake $0.48
Board [Tc 6d 7d Kh 2s]
Seat 1: Zubasa07 (button) (small blind) mucked
Seat 2: balletgirls (big blind) showed [Jd 9h] and won ($23.52) with high card King


PokerStars Hand #151081700150:  Hold'em Limit ($3/$6 USD) - 2016/03/28 16:10:06 ET
Table 'Sarir' 10-max Seat #2 is the button
Seat 1: Zubasa07 ($421.09 in chips)
Seat 2: balletgirls ($126.73 in chips)
balletgirls: posts small blind $1
Zubasa07: posts big blind $3
*** HOLE CARDS ***
balletgirls: calls $2
Zubasa07: checks
*** FLOP *** [3d 9c 2c]
Zubasa07: checks
balletgirls: checks
*** TURN *** [3d 9c 2c] [Td]
Zubasa07: checks
balletgirls: bets $6
Zubasa07: folds
Uncalled bet ($6) returned to balletgirls
balletgirls collected $5.88 from pot
*** SUMMARY ***
Total pot $6 | Rake $0.12
Board [3d 9c 2c Td]
Seat 1: Zubasa07 (big blind) folded on the Turn
Seat 2: balletgirls (button) (small blind) collected ($5.88)


PokerStars Hand #151081684768:  Hold'em Limit ($3/$6 USD) - 2016/03/28 16:09:51 ET
Table 'Sarir' 10-max Seat #1 is the button
Seat 1: Zubasa07 ($442.09 in chips)
Seat 2: balletgirls ($106.23 in chips)
Zubasa07: posts small blind $1
balletgirls: posts big blind $3
*** HOLE CARDS ***
Zubasa07: raises $3 to $6
balletgirls: calls $3
*** FLOP *** [2h As 7s]
balletgirls: bets $3
Zubasa07: calls $3
*** TURN *** [2h As 7s] [8d]
balletgirls: bets $6
Zubasa07: calls $6
*** RIVER *** [2h As 7s 8d] [4c]
balletgirls: checks
Zubasa07: bets $6
balletgirls: calls $6
*** SHOW DOWN ***
Zubasa07: shows [8c 9h] (a pair of Eights)
balletgirls: shows [Jh Ah] (a pair of Aces)
balletgirls collected $41.50 from pot
*** SUMMARY ***
Total pot $42 | Rake $0.50
Board [2h As 7s 8d 4c]
Seat 1: Zubasa07 (button) (small blind) showed [8c 9h] and lost with a pair of Eights
Seat 2: balletgirls (big blind) showed [Jh Ah] and won ($41.50) with a pair of Aces


PokerStars Hand #151081814248:  Hold'em Limit ($3/$6 USD) - 2016/03/28 16:11:55 ET
Table 'Sarir' 10-max Seat #2 is the button
Seat 1: Zubasa07 ($415.25 in chips)
Seat 2: balletgirls ($130.65 in chips)
balletgirls: posts small blind $1
Zubasa07: posts big blind $3
*** HOLE CARDS ***
BuzovaPro joins the table at seat #3
balletgirls: folds
Uncalled bet ($2) returned to Zubasa07
Zubasa07 collected $2 from pot
Zubasa07: doesn't show hand
*** SUMMARY ***
Total pot $2 | Rake $0
Seat 1: Zubasa07 (big blind) collected ($2)
Seat 2: balletgirls (button) (small blind) folded before Flop


PokerStars Hand #151081803989:  Hold'em Limit ($3/$6 USD) - 2016/03/28 16:11:45 ET
Table 'Sarir' 10-max Seat #1 is the button
Seat 1: Zubasa07 ($409.49 in chips)
Seat 2: balletgirls ($136.65 in chips)
Zubasa07: posts small blind $1
balletgirls: posts big blind $3
*** HOLE CARDS ***
Zubasa07: raises $3 to $6
balletgirls: calls $3
*** FLOP *** [Jc Kh 6d]
balletgirls: checks
Zubasa07: bets $3
balletgirls: folds
Uncalled bet ($3) returned to Zubasa07
Zubasa07 collected $11.76 from pot
Zubasa07: doesn't show hand
*** SUMMARY ***
Total pot $12 | Rake $0.24
Board [Jc Kh 6d]
Seat 1: Zubasa07 (button) (small blind) collected ($11.76)
Seat 2: balletgirls (big blind) folded on the Flop


PokerStars Hand #151081793515:  Hold'em Limit ($3/$6 USD) - 2016/03/28 16:11:35 ET
Table 'Sarir' 10-max Seat #2 is the button
Seat 1: Zubasa07 ($406.61 in chips)
Seat 2: balletgirls ($139.65 in chips)
balletgirls: posts small blind $1
Zubasa07: posts big blind $3
*** HOLE CARDS ***
balletgirls: calls $2
Zubasa07: checks
*** FLOP *** [7d 7s 3s]
Zubasa07: bets $3
balletgirls: folds
Uncalled bet ($3) returned to Zubasa07
Zubasa07 collected $5.88 from pot
Zubasa07: doesn't show hand
*** SUMMARY ***
Total pot $6 | Rake $0.12
Board [7d 7s 3s]
Seat 1: Zubasa07 (big blind) collected ($5.88)
Seat 2: balletgirls (button) (small blind) folded on the Flop


PokerStars Hand #151081773109:  Hold'em Limit ($3/$6 USD) - 2016/03/28 16:11:16 ET
Table 'Sarir' 10-max Seat #1 is the button
Seat 1: Zubasa07 ($418.61 in chips)
Seat 2: balletgirls ($128.13 in chips)
Zubasa07: posts small blind $1
balletgirls: posts big blind $3
*** HOLE CARDS ***
Zubasa07: raises $3 to $6
balletgirls: calls $3
*** FLOP *** [8h 2d Th]
balletgirls: bets $3
Zubasa07: raises $3 to $6
balletgirls: calls $3
*** TURN *** [8h 2d Th] [2c]
balletgirls: checks
Zubasa07: checks
*** RIVER *** [8h 2d Th 2c] [Js]
balletgirls: bets $6
Zubasa07: folds
Uncalled bet ($6) returned to balletgirls
balletgirls collected $23.52 from pot
*** SUMMARY ***
Total pot $24 | Rake $0.48
Board [8h 2d Th 2c Js]
Seat 1: Zubasa07 (button) (small blind) folded on the River
Seat 2: balletgirls (big blind) collected ($23.52)


PokerStars Hand #151081767975:  Hold'em Limit ($3/$6 USD) - 2016/03/28 16:11:11 ET
Table 'Sarir' 10-max Seat #2 is the button
Seat 1: Zubasa07 ($417.61 in chips)
Seat 2: balletgirls ($129.13 in chips)
balletgirls: posts small blind $1
Zubasa07: posts big blind $3
*** HOLE CARDS ***
balletgirls: folds
Uncalled bet ($2) returned to Zubasa07
Zubasa07 collected $2 from pot
Zubasa07: doesn't show hand
*** SUMMARY ***
Total pot $2 | Rake $0
Seat 1: Zubasa07 (big blind) collected ($2)
Seat 2: balletgirls (button) (small blind) folded before Flop


PokerStars Hand #151081755740:  Hold'em Limit ($3/$6 USD) - 2016/03/28 16:11:00 ET
Table 'Sarir' 10-max Seat #1 is the button
Seat 1: Zubasa07 ($411.85 in chips)
Seat 2: balletgirls ($135.13 in chips)
Zubasa07: posts small blind $1
balletgirls: posts big blind $3
*** HOLE CARDS ***
Zubasa07: raises $3 to $6
balletgirls: calls $3
*** FLOP *** [Tc 9d Kc]
balletgirls: checks
Zubasa07: bets $3
balletgirls: folds
Uncalled bet ($3) returned to Zubasa07
Zubasa07 collected $11.76 from pot
Zubasa07: doesn't show hand
*** SUMMARY ***
Total pot $12 | Rake $0.24
Board [Tc 9d Kc]
Seat 1: Zubasa07 (button) (small blind) collected ($11.76)
Seat 2: balletgirls (big blind) folded on the Flop


PokerStars Hand #151081819359:  Hold'em Limit ($3/$6 USD) - 2016/03/28 16:12:00 ET
Table 'Sarir' 10-max Seat #1 is the button
Seat 1: Zubasa07 ($416.25 in chips)
Seat 2: balletgirls ($129.65 in chips)
Zubasa07: posts small blind $1
balletgirls: posts big blind $3
*** HOLE CARDS ***
Zubasa07: raises $3 to $6
balletgirls: calls $3
*** FLOP *** [9c 7s Tc]
balletgirls: bets $3
Zubasa07: calls $3
*** TURN *** [9c 7s Tc] [3s]
balletgirls: bets $6
Zubasa07: raises $6 to $12
balletgirls: calls $6
*** RIVER *** [9c 7s Tc 3s] [4c]
balletgirls: checks
Zubasa07: checks
*** SHOW DOWN ***
balletgirls: shows [9s Qd] (a pair of Nines)
Zubasa07: shows [Th Jh] (a pair of Tens)
Zubasa07 collected $41.50 from pot
*** SUMMARY ***
Total pot $42 | Rake $0.50
Board [9c 7s Tc 3s 4c]
Seat 1: Zubasa07 (button) (small blind) showed [Th Jh] and won ($41.50) with a pair of Tens
Seat 2: balletgirls (big blind) showed [9s Qd] and lost with a pair of Nines


PokerStars Hand #151081913409:  Hold'em Limit ($3/$6 USD) - 2016/03/28 16:13:30 ET
Table 'Sarir' 10-max Seat #1 is the button
Seat 1: Zubasa07 ($437.36 in chips)
Seat 3: BuzovaPro ($77.64 in chips)
Zubasa07: posts small blind $1
balletgirls: is sitting out
BuzovaPro: posts big blind $3
*** HOLE CARDS ***
Zubasa07: raises $3 to $6
balletgirls leaves the table
BuzovaPro: folds
Uncalled bet ($3) returned to Zubasa07
Zubasa07 collected $6 from pot
Zubasa07: doesn't show hand
*** SUMMARY ***
Total pot $6 | Rake $0
Seat 1: Zubasa07 (button) (small blind) collected ($6)
Seat 3: BuzovaPro (big blind) folded before Flop


