PokerStars Hand #173313569638:  Hold'em Limit ($3/$6 USD) - 2017/07/21 8:23:56 ET
Table 'Sarita' 6-max Seat #6 is the button
Seat 4: Anchig ($134.40 in chips)
Seat 6: Hiller10 ($149.14 in chips)
Hiller10: posts small blind $1
Anchig: posts big blind $3
*** HOLE CARDS ***
Hiller10: folds
Uncalled bet ($2) returned to Anchig
Anchig collected $2 from pot
Anchig: doesn't show hand
*** SUMMARY ***
Total pot $2 | Rake $0
Seat 4: Anchig (big blind) collected ($2)
Seat 6: Hiller10 (button) (small blind) folded before Flop


PokerStars Hand #173313564793:  Hold'em Limit ($3/$6 USD) - 2017/07/21 8:23:46 ET
Table 'Sarita' 6-max Seat #4 is the button
Seat 4: Anchig ($128.64 in chips)
Seat 6: Hiller10 ($155.14 in chips)
Anchig: posts small blind $1
Hiller10: posts big blind $3
*** HOLE CARDS ***
Anchig: raises $3 to $6
Hiller10: calls $3
*** FLOP *** [As 7s 8s]
Hiller10: checks
Anchig: bets $3
Hiller10: folds
Uncalled bet ($3) returned to Anchig
Anchig collected $11.76 from pot
Anchig: doesn't show hand
*** SUMMARY ***
Total pot $12 | Rake $0.24
Board [As 7s 8s]
Seat 4: Anchig (button) (small blind) collected ($11.76)
Seat 6: Hiller10 (big blind) folded on the Flop


PokerStars Hand #173313591725:  Hold'em Limit ($3/$6 USD) - 2017/07/21 8:24:44 ET
Table 'Sarita' 6-max Seat #4 is the button
Seat 4: Anchig ($117.40 in chips)
Seat 6: Hiller10 ($165.52 in chips)
Anchig: posts small blind $1
Hiller10: posts big blind $3
*** HOLE CARDS ***
Anchig: raises $3 to $6
Hiller10: folds
Uncalled bet ($3) returned to Anchig
Anchig collected $6 from pot
Anchig: doesn't show hand
*** SUMMARY ***
Total pot $6 | Rake $0
Seat 4: Anchig (button) (small blind) collected ($6)
Seat 6: Hiller10 (big blind) folded before Flop


PokerStars Hand #173313584230:  Hold'em Limit ($3/$6 USD) - 2017/07/21 8:24:28 ET
Table 'Sarita' 6-max Seat #6 is the button
Seat 4: Anchig ($120.40 in chips)
Seat 6: Hiller10 ($162.64 in chips)
Hiller10: posts small blind $1
Anchig: posts big blind $3
*** HOLE CARDS ***
Hiller10: calls $2
Anchig: checks
*** FLOP *** [Qc 2d 3d]
Anchig: checks
Hiller10: checks
*** TURN *** [Qc 2d 3d] [3h]
Anchig: checks
Hiller10: checks
*** RIVER *** [Qc 2d 3d 3h] [Jc]
Anchig: checks
Hiller10: bets $6
Anchig: folds
Uncalled bet ($6) returned to Hiller10
Hiller10 collected $5.88 from pot
Hiller10: doesn't show hand
*** SUMMARY ***
Total pot $6 | Rake $0.12
Board [Qc 2d 3d 3h Jc]
Seat 4: Anchig (big blind) folded on the River
Seat 6: Hiller10 (button) (small blind) collected ($5.88)


PokerStars Hand #173313571773:  Hold'em Limit ($3/$6 USD) - 2017/07/21 8:24:01 ET
Table 'Sarita' 6-max Seat #4 is the button
Seat 4: Anchig ($135.40 in chips)
Seat 6: Hiller10 ($148.14 in chips)
Anchig: posts small blind $1
Hiller10: posts big blind $3
*** HOLE CARDS ***
Anchig: raises $3 to $6
Hiller10: calls $3
*** FLOP *** [4h Qc 8d]
Hiller10: checks
Anchig: bets $3
Hiller10: calls $3
*** TURN *** [4h Qc 8d] [Qh]
Hiller10: checks
Anchig: checks
*** RIVER *** [4h Qc 8d Qh] [5h]
Hiller10: bets $6
Anchig: calls $6
*** SHOW DOWN ***
Hiller10: shows [Qs Ad] (three of a kind, Queens)
Anchig: mucks hand
Hiller10 collected $29.50 from pot
*** SUMMARY ***
Total pot $30 | Rake $0.50
Board [4h Qc 8d Qh 5h]
Seat 4: Anchig (button) (small blind) mucked
Seat 6: Hiller10 (big blind) showed [Qs Ad] and won ($29.50) with three of a kind, Queens


PokerStars Hand #173313596969:  Hold'em Limit ($3/$6 USD) - 2017/07/21 8:24:56 ET
Table 'Sarita' 6-max Seat #4 is the button
Seat 4: Anchig ($121.40 in chips)
Seat 6: Hiller10 ($161.52 in chips)
Anchig: posts small blind $1
Hiller10: posts big blind $3
*** HOLE CARDS ***
Anchig: folds
Uncalled bet ($2) returned to Hiller10
Hiller10 collected $2 from pot
Hiller10: doesn't show hand
*** SUMMARY ***
Total pot $2 | Rake $0
Seat 4: Anchig (button) (small blind) folded before Flop
Seat 6: Hiller10 (big blind) collected ($2)


PokerStars Hand #173313594483:  Hold'em Limit ($3/$6 USD) - 2017/07/21 8:24:50 ET
Table 'Sarita' 6-max Seat #6 is the button
Seat 4: Anchig ($120.40 in chips)
Seat 6: Hiller10 ($162.52 in chips)
Hiller10: posts small blind $1
Anchig: posts big blind $3
*** HOLE CARDS ***
Hiller10: folds
Uncalled bet ($2) returned to Anchig
Anchig collected $2 from pot
Anchig: doesn't show hand
*** SUMMARY ***
Total pot $2 | Rake $0
Seat 4: Anchig (big blind) collected ($2)
Seat 6: Hiller10 (button) (small blind) folded before Flop


PokerStars Hand #173313600577:  Hold'em Limit ($3/$6 USD) - 2017/07/21 8:25:04 ET
Table 'Sarita' 6-max Seat #6 is the button
Seat 4: Anchig ($120.40 in chips)
Seat 6: Hiller10 ($162.52 in chips)
Hiller10: posts small blind $1
Anchig: posts big blind $3
*** HOLE CARDS ***
Hiller10: calls $2
Anchig: raises $3 to $6
Hiller10: calls $3
*** FLOP *** [6s Qc Jh]
Anchig: bets $3
Hiller10: calls $3
*** TURN *** [6s Qc Jh] [6h]
Anchig: bets $6
Hiller10: calls $6
*** RIVER *** [6s Qc Jh 6h] [6d]
Anchig: bets $6
Hiller10: raises $6 to $12
Anchig: folds
Uncalled bet ($6) returned to Hiller10
Hiller10 collected $41.50 from pot
Hiller10: doesn't show hand
*** SUMMARY ***
Total pot $42 | Rake $0.50
Board [6s Qc Jh 6h 6d]
Seat 4: Anchig (big blind) folded on the River
Seat 6: Hiller10 (button) (small blind) collected ($41.50)


PokerStars Hand #173315568381:  Hold'em Limit ($3/$6 USD) - 2017/07/21 9:33:15 ET
Table 'Sarita' 6-max Seat #1 is the button
Seat 1: manly70 ($289.63 in chips)
Seat 3: Jamdamn ($108.12 in chips)
manly70: posts small blind $1
Jamdamn: posts big blind $3
*** HOLE CARDS ***
manly70: raises $3 to $6
andyrr joins the table at seat #6
Jamdamn: calls $3
*** FLOP *** [5c 4c 8h]
Jamdamn: checks
manly70: checks
*** TURN *** [5c 4c 8h] [8d]
Jamdamn: checks
manly70: bets $6
Jamdamn: calls $6
*** RIVER *** [5c 4c 8h 8d] [7s]
Jamdamn: checks
manly70: checks
*** SHOW DOWN ***
Jamdamn: shows [4d 3h] (two pair, Eights and Fours)
manly70: mucks hand
Jamdamn collected $23.52 from pot
*** SUMMARY ***
Total pot $24 | Rake $0.48
Board [5c 4c 8h 8d 7s]
Seat 1: manly70 (button) (small blind) mucked
Seat 3: Jamdamn (big blind) showed [4d 3h] and won ($23.52) with two pair, Eights and Fours


PokerStars Hand #173317200644:  Hold'em Limit ($3/$6 USD) - 2017/07/21 10:26:09 ET
Table 'Sarita' 6-max Seat #4 is the button
Seat 2: DangerMoneys ($150.22 in chips)
Seat 4: ECP1955 ($108.94 in chips)
ECP1955: posts small blind $1
aleks_4ym: is sitting out
DangerMoneys: posts big blind $3
*** HOLE CARDS ***
ECP1955: calls $2
DangerMoneys: raises $3 to $6
ECP1955: calls $3
*** FLOP *** [5c Kd 2c]
DangerMoneys: bets $3
ECP1955: calls $3
*** TURN *** [5c Kd 2c] [Ah]
DangerMoneys: bets $6
ECP1955: folds
Uncalled bet ($6) returned to DangerMoneys
DangerMoneys collected $17.64 from pot
*** SUMMARY ***
Total pot $18 | Rake $0.36
Board [5c Kd 2c Ah]
Seat 2: DangerMoneys (big blind) collected ($17.64)
Seat 4: ECP1955 (button) (small blind) folded on the Turn


PokerStars Hand #173317250478:  Hold'em Limit ($3/$6 USD) - 2017/07/21 10:27:42 ET
Table 'Sarita' 6-max Seat #4 is the button
Seat 4: ECP1955 ($110.46 in chips)
Seat 5: aleks_4ym ($169.45 in chips)
ECP1955: posts small blind $1
aleks_4ym: posts big blind $3
*** HOLE CARDS ***
ECP1955: folds
Uncalled bet ($2) returned to aleks_4ym
aleks_4ym collected $2 from pot
aleks_4ym: doesn't show hand
*** SUMMARY ***
Total pot $2 | Rake $0
Seat 4: ECP1955 (button) (small blind) folded before Flop
Seat 5: aleks_4ym (big blind) collected ($2)


PokerStars Hand #173317229081:  Hold'em Limit ($3/$6 USD) - 2017/07/21 10:27:02 ET
Table 'Sarita' 6-max Seat #5 is the button
Seat 4: ECP1955 ($101.82 in chips)
Seat 5: aleks_4ym ($178.45 in chips)
aleks_4ym: posts small blind $1
ECP1955: posts big blind $3
*** HOLE CARDS ***
aleks_4ym: raises $3 to $6
ECP1955: calls $3
*** FLOP *** [5d 4d 2s]
ECP1955: checks
aleks_4ym: bets $3
ECP1955: calls $3
*** TURN *** [5d 4d 2s] [Qc]
ECP1955: checks
Anchig joins the table at seat #6
aleks_4ym: checks
*** RIVER *** [5d 4d 2s Qc] [8s]
ECP1955: checks
aleks_4ym: checks
*** SHOW DOWN ***
ECP1955: shows [Ah 2d] (a pair of Deuces)
aleks_4ym: mucks hand
ECP1955 collected $17.64 from pot
*** SUMMARY ***
Total pot $18 | Rake $0.36
Board [5d 4d 2s Qc 8s]
Seat 4: ECP1955 (big blind) showed [Ah 2d] and won ($17.64) with a pair of Deuces
Seat 5: aleks_4ym (button) (small blind) mucked


PokerStars Hand #173317215801:  Hold'em Limit ($3/$6 USD) - 2017/07/21 10:26:37 ET
Table 'Sarita' 6-max Seat #2 is the button
Seat 2: DangerMoneys ($158.86 in chips)
Seat 4: ECP1955 ($99.94 in chips)
DangerMoneys: posts small blind $1
ECP1955: posts big blind $3
*** HOLE CARDS ***
DangerMoneys: calls $2
ECP1955: checks
*** FLOP *** [Kd 9s Ts]
ECP1955: bets $3
DangerMoneys: folds
Uncalled bet ($3) returned to ECP1955
ECP1955 collected $5.88 from pot
ECP1955: doesn't show hand
*** SUMMARY ***
Total pot $6 | Rake $0.12
Board [Kd 9s Ts]
Seat 2: DangerMoneys (button) (small blind) folded on the Flop
Seat 4: ECP1955 (big blind) collected ($5.88)


PokerStars Hand #173317224403:  Hold'em Limit ($3/$6 USD) - 2017/07/21 10:26:53 ET
Table 'Sarita' 6-max Seat #4 is the button
Seat 4: ECP1955 ($102.82 in chips)
Seat 5: aleks_4ym ($177.45 in chips)
ECP1955: posts small blind $1
aleks_4ym: posts big blind $3
*** HOLE CARDS ***
ECP1955: folds
Uncalled bet ($2) returned to aleks_4ym
aleks_4ym collected $2 from pot
aleks_4ym: doesn't show hand
*** SUMMARY ***
Total pot $2 | Rake $0
Seat 4: ECP1955 (button) (small blind) folded before Flop
Seat 5: aleks_4ym (big blind) collected ($2)


PokerStars Hand #173321863237:  Hold'em Limit ($3/$6 USD) - 2017/07/21 12:43:38 ET
Table 'Sarita' 6-max Seat #4 is the button
Seat 4: dobber888 ($110.13 in chips)
Seat 5: Bonkman05 ($150.50 in chips)
dobber888: posts small blind $1
Bonkman05: posts big blind $3
*** HOLE CARDS ***
dobber888: folds
Uncalled bet ($2) returned to Bonkman05
dobber888 leaves the table
Bonkman05 collected $2 from pot
Bonkman05: doesn't show hand
*** SUMMARY ***
Total pot $2 | Rake $0
Seat 4: dobber888 (button) (small blind) folded before Flop
Seat 5: Bonkman05 (big blind) collected ($2)


PokerStars Hand #173321857431:  Hold'em Limit ($3/$6 USD) - 2017/07/21 12:43:29 ET
Table 'Sarita' 6-max Seat #5 is the button
Seat 4: dobber888 ($109.13 in chips)
Seat 5: Bonkman05 ($151.50 in chips)
Bonkman05: posts small blind $1
Apanage: is sitting out
dobber888: posts big blind $3
*** HOLE CARDS ***
Bonkman05: folds
Uncalled bet ($2) returned to dobber888
dobber888 collected $2 from pot
dobber888: doesn't show hand
*** SUMMARY ***
Total pot $2 | Rake $0
Seat 4: dobber888 (big blind) collected ($2)
Seat 5: Bonkman05 (button) (small blind) folded before Flop


