PokerStars Hand #150196031824:  Hold'em Limit ($3/$6 USD) - 2016/03/11 14:42:24 ET
Table 'Sarita III' 6-max Seat #2 is the button
Seat 2: TbIP-TbIP 88 ($72 in chips)
Seat 3: Profitables ($91.14 in chips)
TbIP-TbIP 88: posts small blind $1
Profitables: posts big blind $3
*** HOLE CARDS ***
TbIP-TbIP 88: raises $3 to $6
Profitables: raises $3 to $9
TbIP-TbIP 88: calls $3
*** FLOP *** [9s Jc 3s]
Profitables: bets $3
TbIP-TbIP 88: calls $3
*** TURN *** [9s Jc 3s] [Tc]
Profitables: checks
TbIP-TbIP 88: bets $6
Profitables: calls $6
*** RIVER *** [9s Jc 3s Tc] [6s]
Profitables: checks
TbIP-TbIP 88: bets $6
Profitables: calls $6
*** SHOW DOWN ***
TbIP-TbIP 88: shows [6c 9c] (two pair, Nines and Sixes)
Profitables: mucks hand
TbIP-TbIP 88 collected $47.50 from pot
*** SUMMARY ***
Total pot $48 | Rake $0.50
Board [9s Jc 3s Tc 6s]
Seat 2: TbIP-TbIP 88 (button) (small blind) showed [6c 9c] and won ($47.50) with two pair, Nines and Sixes
Seat 3: Profitables (big blind) mucked


PokerStars Hand #150196016502:  Hold'em Limit ($3/$6 USD) - 2016/03/11 14:42:07 ET
Table 'Sarita III' 6-max Seat #3 is the button
Seat 2: TbIP-TbIP 88 ($72 in chips)
Seat 3: Profitables ($85.38 in chips)
Profitables: posts small blind $1
TbIP-TbIP 88: posts big blind $3
*** HOLE CARDS ***
Profitables: raises $3 to $6
vestimokrec joins the table at seat #4
TbIP-TbIP 88: calls $3
*** FLOP *** [Jd Tc As]
TbIP-TbIP 88: checks
Profitables: bets $3
TbIP-TbIP 88: folds
Uncalled bet ($3) returned to Profitables
Profitables collected $11.76 from pot
Profitables: doesn't show hand
*** SUMMARY ***
Total pot $12 | Rake $0.24
Board [Jd Tc As]
Seat 2: TbIP-TbIP 88 (big blind) folded on the Flop
Seat 3: Profitables (button) (small blind) collected ($11.76)


PokerStars Hand #150196607346:  Hold'em Limit ($3/$6 USD) - 2016/03/11 14:52:54 ET
Table 'Sarita III' 6-max Seat #5 is the button
Seat 5: Krazy90 ($141.01 in chips)
Seat 6: JayEm82 ($111 in chips)
Krazy90: posts small blind $1
JayEm82: posts big blind $3
*** HOLE CARDS ***
Krazy90: folds
Uncalled bet ($2) returned to JayEm82
Krazy90 leaves the table
JayEm82 collected $2 from pot
JayEm82: doesn't show hand
*** SUMMARY ***
Total pot $2 | Rake $0
Seat 5: Krazy90 (button) (small blind) folded before Flop
Seat 6: JayEm82 (big blind) collected ($2)


PokerStars Hand #150196583373:  Hold'em Limit ($3/$6 USD) - 2016/03/11 14:52:28 ET
Table 'Sarita III' 6-max Seat #6 is the button
Seat 5: Krazy90 ($135.25 in chips)
Seat 6: JayEm82 ($117 in chips)
JayEm82: posts small blind $1
vestimokrec: is sitting out
Krazy90: posts big blind $3
*** HOLE CARDS ***
vestimokrec leaves the table
JayEm82: raises $3 to $6
Krazy90: calls $3
*** FLOP *** [Kh Ah Qc]
Krazy90: checks
JayEm82: checks
*** TURN *** [Kh Ah Qc] [2h]
Krazy90: checks
JayEm82: checks
*** RIVER *** [Kh Ah Qc 2h] [8s]
Krazy90: checks
JayEm82: checks
*** SHOW DOWN ***
Krazy90: shows [Th Qd] (a pair of Queens)
JayEm82: mucks hand
Krazy90 collected $11.76 from pot
*** SUMMARY ***
Total pot $12 | Rake $0.24
Board [Kh Ah Qc 2h 8s]
Seat 5: Krazy90 (big blind) showed [Th Qd] and won ($11.76) with a pair of Queens
Seat 6: JayEm82 (button) (small blind) mucked


