PokerStars Hand #148840559001:  Hold'em Limit ($3/$6 USD) - 2016/02/15 8:48:42 ET
Table 'Sarir' 6-max Seat #1 is the button
Seat 1: Ms Kapriz ($42 in chips)
Seat 2: B_loJkl ($150 in chips)
Ms Kapriz: posts small blind $1
B_loJkl: posts big blind $3
*** HOLE CARDS ***
Ms Kapriz: raises $3 to $6
B_loJkl: raises $3 to $9
Ms Kapriz: calls $3
*** FLOP *** [6d 3d Jd]
B_loJkl: bets $3
Ms Kapriz: folds
Uncalled bet ($3) returned to B_loJkl
B_loJkl collected $17.64 from pot
B_loJkl: doesn't show hand
*** SUMMARY ***
Total pot $18 | Rake $0.36
Board [6d 3d Jd]
Seat 1: Ms Kapriz (button) (small blind) folded on the Flop
Seat 2: B_loJkl (big blind) collected ($17.64)


PokerStars Hand #148840604588:  Hold'em Limit ($3/$6 USD) - 2016/02/15 8:49:49 ET
Table 'Sarir' 6-max Seat #1 is the button
Seat 1: Ms Kapriz ($27 in chips)
Seat 2: B_loJkl ($164.40 in chips)
Ms Kapriz: posts small blind $1
B_loJkl: posts big blind $3
*** HOLE CARDS ***
Ms Kapriz: raises $3 to $6
B_loJkl: calls $3
*** FLOP *** [3d Ah Ad]
B_loJkl: checks
Ms Kapriz: bets $3
B_loJkl: calls $3
*** TURN *** [3d Ah Ad] [7h]
B_loJkl: checks
Ms Kapriz: checks
*** RIVER *** [3d Ah Ad 7h] [2c]
B_loJkl: checks
Ms Kapriz: checks
*** SHOW DOWN ***
B_loJkl: shows [6s Jd] (a pair of Aces)
Ms Kapriz: shows [9s Qh] (a pair of Aces - Queen kicker)
Ms Kapriz collected $17.64 from pot
*** SUMMARY ***
Total pot $18 | Rake $0.36
Board [3d Ah Ad 7h 2c]
Seat 1: Ms Kapriz (button) (small blind) showed [9s Qh] and won ($17.64) with a pair of Aces
Seat 2: B_loJkl (big blind) showed [6s Jd] and lost with a pair of Aces


PokerStars Hand #148840589241:  Hold'em Limit ($3/$6 USD) - 2016/02/15 8:49:26 ET
Table 'Sarir' 6-max Seat #2 is the button
Seat 1: Ms Kapriz ($33 in chips)
Seat 2: B_loJkl ($158.64 in chips)
B_loJkl: posts small blind $1
Ms Kapriz: posts big blind $3
*** HOLE CARDS ***
B_loJkl: raises $3 to $6
Ms Kapriz: calls $3
*** FLOP *** [6s 9h 2s]
Ms Kapriz: checks
B_loJkl: bets $3
Ms Kapriz: folds
Uncalled bet ($3) returned to B_loJkl
B_loJkl collected $11.76 from pot
B_loJkl: doesn't show hand
*** SUMMARY ***
Total pot $12 | Rake $0.24
Board [6s 9h 2s]
Seat 1: Ms Kapriz (big blind) folded on the Flop
Seat 2: B_loJkl (button) (small blind) collected ($11.76)


PokerStars Hand #148840640737:  Hold'em Limit ($3/$6 USD) - 2016/02/15 8:50:42 ET
Table 'Sarir' 6-max Seat #1 is the button
Seat 1: Ms Kapriz ($29.64 in chips)
Seat 2: B_loJkl ($161.16 in chips)
Ms Kapriz: posts small blind $1
B_loJkl: posts big blind $3
*** HOLE CARDS ***
Ms Kapriz: raises $3 to $6
B_loJkl: raises $3 to $9
Ms Kapriz: calls $3
*** FLOP *** [2d 3h 5c]
B_loJkl: bets $3
Ms Kapriz: raises $3 to $6
B_loJkl: raises $3 to $9
Ms Kapriz: calls $3
*** TURN *** [2d 3h 5c] [7c]
B_loJkl: bets $6
Ms Kapriz: raises $5.64 to $11.64 and is all-in
B_loJkl: calls $5.64
*** RIVER *** [2d 3h 5c 7c] [2c]
*** SHOW DOWN ***
B_loJkl: shows [Kh Kd] (two pair, Kings and Deuces)
Ms Kapriz: shows [7s 8d] (two pair, Sevens and Deuces)
B_loJkl collected $58.78 from pot
*** SUMMARY ***
Total pot $59.28 | Rake $0.50
Board [2d 3h 5c 7c 2c]
Seat 1: Ms Kapriz (button) (small blind) showed [7s 8d] and lost with two pair, Sevens and Deuces
Seat 2: B_loJkl (big blind) showed [Kh Kd] and won ($58.78) with two pair, Kings and Deuces


PokerStars Hand #148840622942:  Hold'em Limit ($3/$6 USD) - 2016/02/15 8:50:16 ET
Table 'Sarir' 6-max Seat #2 is the button
Seat 1: Ms Kapriz ($35.64 in chips)
Seat 2: B_loJkl ($155.40 in chips)
B_loJkl: posts small blind $1
Ms Kapriz: posts big blind $3
*** HOLE CARDS ***
B_loJkl: raises $3 to $6
Ms Kapriz: calls $3
*** FLOP *** [Th 4d As]
Ms Kapriz: checks
B_loJkl: bets $3
Ms Kapriz: folds
Uncalled bet ($3) returned to B_loJkl
B_loJkl collected $11.76 from pot
B_loJkl: doesn't show hand
*** SUMMARY ***
Total pot $12 | Rake $0.24
Board [Th 4d As]
Seat 1: Ms Kapriz (big blind) folded on the Flop
Seat 2: B_loJkl (button) (small blind) collected ($11.76)


PokerStars Hand #148840688360:  Hold'em Limit ($3/$6 USD) - 2016/02/15 8:51:51 ET
Table 'Sarir' 6-max Seat #2 is the button
Seat 1: Ms Kapriz ($89.26 in chips)
Seat 2: B_loJkl ($160.30 in chips)
B_loJkl: posts small blind $1
Ms Kapriz: posts big blind $3
*** HOLE CARDS ***
B_loJkl: raises $3 to $6
Ms Kapriz: calls $3
*** FLOP *** [Kh 6h Tc]
Ms Kapriz: checks
B_loJkl: bets $3
Ms Kapriz: folds
Uncalled bet ($3) returned to B_loJkl
B_loJkl collected $11.76 from pot
B_loJkl: doesn't show hand
*** SUMMARY ***
Total pot $12 | Rake $0.24
Board [Kh 6h Tc]
Seat 1: Ms Kapriz (big blind) folded on the Flop
Seat 2: B_loJkl (button) (small blind) collected ($11.76)


PokerStars Hand #148840680120:  Hold'em Limit ($3/$6 USD) - 2016/02/15 8:51:39 ET
Table 'Sarir' 6-max Seat #1 is the button
Seat 1: Ms Kapriz ($83.50 in chips)
Seat 2: B_loJkl ($166.30 in chips)
Ms Kapriz: posts small blind $1
B_loJkl: posts big blind $3
*** HOLE CARDS ***
Ms Kapriz: raises $3 to $6
B_loJkl: calls $3
*** FLOP *** [Jd 8h 3d]
B_loJkl: checks
Ms Kapriz: bets $3
B_loJkl: folds
Uncalled bet ($3) returned to Ms Kapriz
Ms Kapriz collected $11.76 from pot
Ms Kapriz: doesn't show hand
*** SUMMARY ***
Total pot $12 | Rake $0.24
Board [Jd 8h 3d]
Seat 1: Ms Kapriz (button) (small blind) collected ($11.76)
Seat 2: B_loJkl (big blind) folded on the Flop


PokerStars Hand #148840660710:  Hold'em Limit ($3/$6 USD) - 2016/02/15 8:51:11 ET
Table 'Sarir' 6-max Seat #2 is the button
Seat 1: Ms Kapriz ($60 in chips)
Seat 2: B_loJkl ($190.30 in chips)
B_loJkl: posts small blind $1
Ms Kapriz: posts big blind $3
*** HOLE CARDS ***
B_loJkl: raises $3 to $6
Ms Kapriz: raises $3 to $9
B_loJkl: calls $3
*** FLOP *** [3h 8h Js]
Ms Kapriz: bets $3
B_loJkl: calls $3
*** TURN *** [3h 8h Js] [7h]
Ms Kapriz: bets $6
B_loJkl: calls $6
*** RIVER *** [3h 8h Js 7h] [6s]
Ms Kapriz: bets $6
B_loJkl: calls $6
*** SHOW DOWN ***
Ms Kapriz: shows [Ad Ac] (a pair of Aces)
B_loJkl: mucks hand
Ms Kapriz collected $47.50 from pot
*** SUMMARY ***
Total pot $48 | Rake $0.50
Board [3h 8h Js 7h 6s]
Seat 1: Ms Kapriz (big blind) showed [Ad Ac] and won ($47.50) with a pair of Aces
Seat 2: B_loJkl (button) (small blind) mucked


