PokerStars Hand #158939909321:  Hold'em Limit ($3/$6 USD) - 2016/09/22 9:56:44 ET
Table 'Sarin' 6-max Seat #5 is the button
Seat 5: liroibom ($130.08 in chips)
Seat 6: Great_Kang ($134.50 in chips)
liroibom: posts small blind $1
Great_Kang: posts big blind $3
*** HOLE CARDS ***
liroibom: calls $2
Great_Kang: checks
*** FLOP *** [9h 5s Ks]
Great_Kang: checks
liroibom: checks
*** TURN *** [9h 5s Ks] [8d]
Great_Kang: checks
liroibom: bets $6
Great_Kang: folds
Uncalled bet ($6) returned to liroibom
liroibom collected $5.88 from pot
*** SUMMARY ***
Total pot $6 | Rake $0.12
Board [9h 5s Ks 8d]
Seat 5: liroibom (button) (small blind) collected ($5.88)
Seat 6: Great_Kang (big blind) folded on the Turn


PokerStars Hand #158939918968:  Hold'em Limit ($3/$6 USD) - 2016/09/22 9:57:05 ET
Table 'Sarin' 6-max Seat #6 is the button
Seat 5: liroibom ($132.96 in chips)
Seat 6: Great_Kang ($131.50 in chips)
Great_Kang: posts small blind $1
liroibom: posts big blind $3
*** HOLE CARDS ***
Great_Kang: raises $3 to $6
liroibom: calls $3
*** FLOP *** [Jd 3d 8d]
liroibom: checks
Great_Kang: bets $3
liroibom: folds
Uncalled bet ($3) returned to Great_Kang
Great_Kang collected $11.76 from pot
Great_Kang: doesn't show hand
*** SUMMARY ***
Total pot $12 | Rake $0.24
Board [Jd 3d 8d]
Seat 5: liroibom (big blind) folded on the Flop
Seat 6: Great_Kang (button) (small blind) collected ($11.76)


PokerStars Hand #158939931233:  Hold'em Limit ($3/$6 USD) - 2016/09/22 9:57:31 ET
Table 'Sarin' 6-max Seat #6 is the button
Seat 5: liroibom ($125.96 in chips)
Seat 6: Great_Kang ($138.26 in chips)
Great_Kang: posts small blind $1
liroibom: posts big blind $3
*** HOLE CARDS ***
Great_Kang: raises $3 to $6
liroibom: calls $3
*** FLOP *** [Qh 9d Ac]
liroibom: checks
Great_Kang: bets $3
liroibom: calls $3
*** TURN *** [Qh 9d Ac] [8c]
liroibom: checks
Great_Kang: checks
*** RIVER *** [Qh 9d Ac 8c] [Kc]
liroibom: bets $6
Great_Kang: folds
Uncalled bet ($6) returned to liroibom
liroibom collected $17.64 from pot
*** SUMMARY ***
Total pot $18 | Rake $0.36
Board [Qh 9d Ac 8c Kc]
Seat 5: liroibom (big blind) collected ($17.64)
Seat 6: Great_Kang (button) (small blind) folded on the River


PokerStars Hand #158939951459:  Hold'em Limit ($3/$6 USD) - 2016/09/22 9:58:13 ET
Table 'Sarin' 6-max Seat #5 is the button
Seat 5: liroibom ($124.60 in chips)
Seat 6: Great_Kang ($138.90 in chips)
liroibom: posts small blind $1
Great_Kang: posts big blind $3
*** HOLE CARDS ***
liroibom: folds
Uncalled bet ($2) returned to Great_Kang
Great_Kang collected $2 from pot
Great_Kang: doesn't show hand
*** SUMMARY ***
Total pot $2 | Rake $0
Seat 5: liroibom (button) (small blind) folded before Flop
Seat 6: Great_Kang (big blind) collected ($2)


PokerStars Hand #158939942764:  Hold'em Limit ($3/$6 USD) - 2016/09/22 9:57:54 ET
Table 'Sarin' 6-max Seat #6 is the button
Seat 5: liroibom ($133.60 in chips)
Seat 6: Great_Kang ($130.26 in chips)
Great_Kang: posts small blind $1
liroibom: posts big blind $3
*** HOLE CARDS ***
Great_Kang: raises $3 to $6
liroibom: calls $3
*** FLOP *** [5d Qd 9h]
liroibom: checks
Great_Kang: bets $3
liroibom: calls $3
*** TURN *** [5d Qd 9h] [2s]
liroibom: checks
Great_Kang: bets $6
liroibom: folds
Uncalled bet ($6) returned to Great_Kang
Great_Kang collected $17.64 from pot
Great_Kang: doesn't show hand
*** SUMMARY ***
Total pot $18 | Rake $0.36
Board [5d Qd 9h 2s]
Seat 5: liroibom (big blind) folded on the Turn
Seat 6: Great_Kang (button) (small blind) collected ($17.64)


PokerStars Hand #158939954099:  Hold'em Limit ($3/$6 USD) - 2016/09/22 9:58:18 ET
Table 'Sarin' 6-max Seat #6 is the button
Seat 5: liroibom ($123.60 in chips)
Seat 6: Great_Kang ($139.90 in chips)
Great_Kang: posts small blind $1
liroibom: posts big blind $3
*** HOLE CARDS ***
Great_Kang: raises $3 to $6
liroibom: calls $3
*** FLOP *** [Qd 8h Jc]
liroibom: checks
Great_Kang: bets $3
liroibom: calls $3
*** TURN *** [Qd 8h Jc] [7s]
liroibom: checks
Great_Kang: checks
*** RIVER *** [Qd 8h Jc 7s] [6c]
liroibom: bets $6
Great_Kang: calls $6
*** SHOW DOWN ***
liroibom: shows [6s 9c] (a pair of Sixes)
Great_Kang: mucks hand
liroibom collected $29.50 from pot
*** SUMMARY ***
Total pot $30 | Rake $0.50
Board [Qd 8h Jc 7s 6c]
Seat 5: liroibom (big blind) showed [6s 9c] and won ($29.50) with a pair of Sixes
Seat 6: Great_Kang (button) (small blind) mucked


PokerStars Hand #158939967151:  Hold'em Limit ($3/$6 USD) - 2016/09/22 9:58:46 ET
Table 'Sarin' 6-max Seat #5 is the button
Seat 5: liroibom ($138.10 in chips)
Seat 6: Great_Kang ($124.90 in chips)
liroibom: posts small blind $1
Great_Kang: posts big blind $3
*** HOLE CARDS ***
liroibom: calls $2
Great_Kang: checks
*** FLOP *** [Qs Ah 2h]
Great_Kang: bets $3
liroibom: folds
Uncalled bet ($3) returned to Great_Kang
Great_Kang collected $5.88 from pot
Great_Kang: doesn't show hand
*** SUMMARY ***
Total pot $6 | Rake $0.12
Board [Qs Ah 2h]
Seat 5: liroibom (button) (small blind) folded on the Flop
Seat 6: Great_Kang (big blind) collected ($5.88)


PokerStars Hand #158939989962:  Hold'em Limit ($3/$6 USD) - 2016/09/22 9:59:34 ET
Table 'Sarin' 6-max Seat #5 is the button
Seat 5: liroibom ($120.10 in chips)
Seat 6: Great_Kang ($142.28 in chips)
liroibom: posts small blind $1
Great_Kang: posts big blind $3
*** HOLE CARDS ***
liroibom: calls $2
Great_Kang: raises $3 to $6
liroibom: calls $3
*** FLOP *** [Jd 8s 6h]
Great_Kang: bets $3
liroibom: calls $3
*** TURN *** [Jd 8s 6h] [5s]
Great_Kang: bets $6
liroibom: calls $6
*** RIVER *** [Jd 8s 6h 5s] [Qh]
Great_Kang: bets $6
liroibom: raises $6 to $12
Great_Kang: calls $6
*** SHOW DOWN ***
liroibom: shows [Tc Qd] (a pair of Queens)
Great_Kang: shows [Kc Kh] (a pair of Kings)
Great_Kang collected $53.50 from pot
*** SUMMARY ***
Total pot $54 | Rake $0.50
Board [Jd 8s 6h 5s Qh]
Seat 5: liroibom (button) (small blind) showed [Tc Qd] and lost with a pair of Queens
Seat 6: Great_Kang (big blind) showed [Kc Kh] and won ($53.50) with a pair of Kings


PokerStars Hand #158939973229:  Hold'em Limit ($3/$6 USD) - 2016/09/22 9:58:59 ET
Table 'Sarin' 6-max Seat #6 is the button
Seat 5: liroibom ($135.10 in chips)
Seat 6: Great_Kang ($127.78 in chips)
Great_Kang: posts small blind $1
liroibom: posts big blind $3
*** HOLE CARDS ***
Great_Kang: raises $3 to $6
liroibom: calls $3
*** FLOP *** [7s 5h Kh]
liroibom: checks
Great_Kang: bets $3
liroibom: calls $3
*** TURN *** [7s 5h Kh] [Jc]
liroibom: checks
Great_Kang: bets $6
liroibom: calls $6
*** RIVER *** [7s 5h Kh Jc] [Ac]
liroibom: checks
Great_Kang: bets $6
liroibom: folds
Uncalled bet ($6) returned to Great_Kang
Great_Kang collected $29.50 from pot
Great_Kang: doesn't show hand
*** SUMMARY ***
Total pot $30 | Rake $0.50
Board [7s 5h Kh Jc Ac]
Seat 5: liroibom (big blind) folded on the River
Seat 6: Great_Kang (button) (small blind) collected ($29.50)


PokerStars Hand #158940024319:  Hold'em Limit ($3/$6 USD) - 2016/09/22 10:00:43 ET
Table 'Sarin' 6-max Seat #6 is the button
Seat 5: liroibom ($92.86 in chips)
Seat 6: Great_Kang ($168.54 in chips)
Great_Kang: posts small blind $1
liroibom: posts big blind $3
*** HOLE CARDS ***
Great_Kang: raises $3 to $6
liroibom: calls $3
*** FLOP *** [6s Th Tc]
liroibom: checks
Great_Kang: bets $3
liroibom: calls $3
*** TURN *** [6s Th Tc] [Jd]
liroibom: checks
Great_Kang: checks
*** RIVER *** [6s Th Tc Jd] [Td]
liroibom: bets $6
Great_Kang: calls $6
*** SHOW DOWN ***
liroibom: shows [Kc Qs] (three of a kind, Tens)
Great_Kang: shows [8d Ad] (three of a kind, Tens - Ace kicker)
Great_Kang collected $29.50 from pot
*** SUMMARY ***
Total pot $30 | Rake $0.50
Board [6s Th Tc Jd Td]
Seat 5: liroibom (big blind) showed [Kc Qs] and lost with three of a kind, Tens
Seat 6: Great_Kang (button) (small blind) showed [8d Ad] and won ($29.50) with three of a kind, Tens


PokerStars Hand #158940018310:  Hold'em Limit ($3/$6 USD) - 2016/09/22 10:00:31 ET
Table 'Sarin' 6-max Seat #5 is the button
Seat 5: liroibom ($98.86 in chips)
Seat 6: Great_Kang ($162.78 in chips)
liroibom: posts small blind $1
Great_Kang: posts big blind $3
*** HOLE CARDS ***
liroibom: calls $2
Great_Kang: raises $3 to $6
liroibom: calls $3
*** FLOP *** [6s Qd 2h]
Great_Kang: bets $3
liroibom: folds
Uncalled bet ($3) returned to Great_Kang
Great_Kang collected $11.76 from pot
Great_Kang: doesn't show hand
*** SUMMARY ***
Total pot $12 | Rake $0.24
Board [6s Qd 2h]
Seat 5: liroibom (button) (small blind) folded on the Flop
Seat 6: Great_Kang (big blind) collected ($11.76)


PokerStars Hand #158940011036:  Hold'em Limit ($3/$6 USD) - 2016/09/22 10:00:17 ET
Table 'Sarin' 6-max Seat #6 is the button
Seat 5: liroibom ($93.10 in chips)
Seat 6: Great_Kang ($168.78 in chips)
Great_Kang: posts small blind $1
liroibom: posts big blind $3
*** HOLE CARDS ***
Great_Kang: raises $3 to $6
liroibom: calls $3
*** FLOP *** [9h Td 3d]
liroibom: checks
Great_Kang: checks
*** TURN *** [9h Td 3d] [Ks]
liroibom: bets $6
Great_Kang: folds
Uncalled bet ($6) returned to liroibom
liroibom collected $11.76 from pot
*** SUMMARY ***
Total pot $12 | Rake $0.24
Board [9h Td 3d Ks]
Seat 5: liroibom (big blind) collected ($11.76)
Seat 6: Great_Kang (button) (small blind) folded on the Turn


PokerStars Hand #158940033808:  Hold'em Limit ($3/$6 USD) - 2016/09/22 10:01:02 ET
Table 'Sarin' 6-max Seat #5 is the button
Seat 5: liroibom ($77.86 in chips)
Seat 6: Great_Kang ($183.04 in chips)
liroibom: posts small blind $1
Great_Kang: posts big blind $3
*** HOLE CARDS ***
liroibom: folds
Uncalled bet ($2) returned to Great_Kang
liroibom leaves the table
Great_Kang collected $2 from pot
Great_Kang: doesn't show hand
*** SUMMARY ***
Total pot $2 | Rake $0
Seat 5: liroibom (button) (small blind) folded before Flop
Seat 6: Great_Kang (big blind) collected ($2)


PokerStars Hand #158940492152:  Hold'em Limit ($3/$6 USD) - 2016/09/22 10:14:33 ET
Table 'Sarin' 6-max Seat #3 is the button
Seat 3: Sad Joker 00 ($119.31 in chips)
Seat 6: Great_Kang ($207.78 in chips)
liroibom will be allowed to play after the button
Impsistem will be allowed to play after the button
Sad Joker 00: posts small blind $1
zimin10: is sitting out
Great_Kang: posts big blind $3
*** HOLE CARDS ***
Sad Joker 00: folds
Uncalled bet ($2) returned to Great_Kang
Great_Kang collected $2 from pot
Great_Kang: doesn't show hand
*** SUMMARY ***
Total pot $2 | Rake $0
Seat 3: Sad Joker 00 (button) (small blind) folded before Flop
Seat 6: Great_Kang (big blind) collected ($2)


PokerStars Hand #158940962085:  Hold'em Limit ($3/$6 USD) - 2016/09/22 10:28:01 ET
Table 'Sarin' 6-max Seat #5 is the button
Seat 5: popeluha ($4.74 in chips)
Seat 6: Great_Kang ($367.58 in chips)
popeluha: posts small blind $1
Great_Kang: posts big blind $3
*** HOLE CARDS ***
popeluha: raises $1.74 to $4.74 and is all-in
Great_Kang: calls $1.74
*** FLOP *** [Kc 8d Ts]
*** TURN *** [Kc 8d Ts] [2h]
*** RIVER *** [Kc 8d Ts 2h] [7d]
*** SHOW DOWN ***
Great_Kang: shows [Jd 6d] (high card King)
popeluha: shows [Js 4h] (high card King)
Great_Kang collected $4.65 from pot
popeluha collected $4.64 from pot
*** SUMMARY ***
Total pot $9.48 | Rake $0.19
Board [Kc 8d Ts 2h 7d]
Seat 5: popeluha (button) (small blind) showed [Js 4h] and won ($4.64) with high card King
Seat 6: Great_Kang (big blind) showed [Jd 6d] and won ($4.65) with high card King


PokerStars Hand #158940923207:  Hold'em Limit ($3/$6 USD) - 2016/09/22 10:26:54 ET
Table 'Sarin' 6-max Seat #6 is the button
Seat 5: popeluha ($16.74 in chips)
Seat 6: Great_Kang ($356.06 in chips)
Great_Kang: posts small blind $1
TheU10: is sitting out
zimin10 was removed from the table for failing to post
popeluha: posts big blind $3
*** HOLE CARDS ***
Great_Kang: raises $3 to $6
popeluha: calls $3
*** FLOP *** [4d 8h Kh]
popeluha: checks
Great_Kang: checks
*** TURN *** [4d 8h Kh] [Jd]
popeluha: checks
Great_Kang: bets $6
popeluha: calls $6
*** RIVER *** [4d 8h Kh Jd] [3d]
popeluha: checks
Great_Kang: bets $6
popeluha: folds
Uncalled bet ($6) returned to Great_Kang
Great_Kang collected $23.52 from pot
Great_Kang: doesn't show hand
*** SUMMARY ***
Total pot $24 | Rake $0.48
Board [4d 8h Kh Jd 3d]
Seat 5: popeluha (big blind) folded on the River
Seat 6: Great_Kang (button) (small blind) collected ($23.52)


PokerStars Hand #158940983001:  Hold'em Limit ($3/$6 USD) - 2016/09/22 10:28:37 ET
Table 'Sarin' 6-max Seat #5 is the button
Seat 5: popeluha ($9.09 in chips)
Seat 6: Great_Kang ($362.85 in chips)
popeluha: posts small blind $1
Great_Kang: posts big blind $3
*** HOLE CARDS ***
popeluha: raises $3 to $6
Great_Kang: calls $3
*** FLOP *** [9s 7c 8s]
Great_Kang: checks
popeluha: bets $3
Great_Kang: calls $3
*** TURN *** [9s 7c 8s] [Kh]
Great_Kang: checks
popeluha: bets $0.09 and is all-in
Great_Kang: calls $0.09
*** RIVER *** [9s 7c 8s Kh] [Kd]
*** SHOW DOWN ***
Great_Kang: shows [3h Ts] (a pair of Kings)
popeluha: shows [3s 6s] (a pair of Kings - lower kicker)
Great_Kang collected $17.82 from pot
*** SUMMARY ***
Total pot $18.18 | Rake $0.36
Board [9s 7c 8s Kh Kd]
Seat 5: popeluha (button) (small blind) showed [3s 6s] and lost with a pair of Kings
Seat 6: Great_Kang (big blind) showed [3h Ts] and won ($17.82) with a pair of Kings


PokerStars Hand #158940970718:  Hold'em Limit ($3/$6 USD) - 2016/09/22 10:28:16 ET
Table 'Sarin' 6-max Seat #6 is the button
Seat 5: popeluha ($4.64 in chips)
Seat 6: Great_Kang ($367.49 in chips)
Great_Kang: posts small blind $1
popeluha: posts big blind $3
*** HOLE CARDS ***
Great_Kang: raises $3 to $6
popeluha: calls $1.64 and is all-in
Uncalled bet ($1.36) returned to Great_Kang
*** FLOP *** [Ks 8h 4d]
*** TURN *** [Ks 8h 4d] [5s]
*** RIVER *** [Ks 8h 4d 5s] [2s]
*** SHOW DOWN ***
popeluha: shows [7h Kd] (a pair of Kings)
Great_Kang: shows [4c 6d] (a pair of Fours)
popeluha collected $9.09 from pot
*** SUMMARY ***
Total pot $9.28 | Rake $0.19
Board [Ks 8h 4d 5s 2s]
Seat 5: popeluha (big blind) showed [7h Kd] and won ($9.09) with a pair of Kings
Seat 6: Great_Kang (button) (small blind) showed [4c 6d] and lost with a pair of Fours


