PokerStars Hand #147499879742:  Hold'em Limit ($3/$6 USD) - 2016/01/22 16:24:25 ET
Table 'Sarin II' 6-max Seat #1 is the button
Seat 1: VolkovDmitri ($143.50 in chips)
Seat 3: Brama Br ($96 in chips)
VolkovDmitri: posts small blind $1
Brama Br: posts big blind $3
*** HOLE CARDS ***
VolkovDmitri: folds
Uncalled bet ($2) returned to Brama Br
Brama Br collected $2 from pot
Brama Br: doesn't show hand
*** SUMMARY ***
Total pot $2 | Rake $0
Seat 1: VolkovDmitri (button) (small blind) folded before Flop
Seat 3: Brama Br (big blind) collected ($2)


PokerStars Hand #147499840286:  Hold'em Limit ($3/$6 USD) - 2016/01/22 16:23:47 ET
Table 'Sarin II' 6-max Seat #3 is the button
Seat 1: VolkovDmitri ($123 in chips)
Seat 3: Brama Br ($117 in chips)
Brama Br: posts small blind $1
VolkovDmitri: posts big blind $3
*** HOLE CARDS ***
Brama Br: raises $3 to $6
VolkovDmitri: raises $3 to $9
Brama Br: raises $3 to $12
Betting is capped
VolkovDmitri: calls $3
*** FLOP *** [5h 4c 2c]
VolkovDmitri: bets $3
Brama Br: calls $3
*** TURN *** [5h 4c 2c] [2d]
VolkovDmitri: bets $6
Brama Br: calls $6
*** RIVER *** [5h 4c 2c 2d] [6h]
VolkovDmitri: bets $6
Brama Br: folds
Uncalled bet ($6) returned to VolkovDmitri
VolkovDmitri collected $41.50 from pot
VolkovDmitri: doesn't show hand
*** SUMMARY ***
Total pot $42 | Rake $0.50
Board [5h 4c 2c 2d 6h]
Seat 1: VolkovDmitri (big blind) collected ($41.50)
Seat 3: Brama Br (button) (small blind) folded on the River


PokerStars Hand #147499924631:  Hold'em Limit ($3/$6 USD) - 2016/01/22 16:25:08 ET
Table 'Sarin II' 6-max Seat #1 is the button
Seat 1: VolkovDmitri ($121.50 in chips)
Seat 3: Brama Br ($117.50 in chips)
VolkovDmitri: posts small blind $1
Brama Br: posts big blind $3
*** HOLE CARDS ***
VolkovDmitri: raises $3 to $6
Brama Br: raises $3 to $9
VolkovDmitri: calls $3
*** FLOP *** [Qc 3c 8h]
Brama Br: bets $3
VolkovDmitri: folds
Uncalled bet ($3) returned to Brama Br
Brama Br collected $17.64 from pot
Brama Br: doesn't show hand
*** SUMMARY ***
Total pot $18 | Rake $0.36
Board [Qc 3c 8h]
Seat 1: VolkovDmitri (button) (small blind) folded on the Flop
Seat 3: Brama Br (big blind) collected ($17.64)


PokerStars Hand #147499886424:  Hold'em Limit ($3/$6 USD) - 2016/01/22 16:24:31 ET
Table 'Sarin II' 6-max Seat #3 is the button
Seat 1: VolkovDmitri ($142.50 in chips)
Seat 3: Brama Br ($97 in chips)
Brama Br: posts small blind $1
VolkovDmitri: posts big blind $3
*** HOLE CARDS ***
Brama Br: raises $3 to $6
VolkovDmitri: calls $3
*** FLOP *** [5d Td 3s]
VolkovDmitri: checks
Brama Br: bets $3
VolkovDmitri: calls $3
*** TURN *** [5d Td 3s] [Ts]
VolkovDmitri: checks
Brama Br: bets $6
VolkovDmitri: calls $6
*** RIVER *** [5d Td 3s Ts] [4s]
VolkovDmitri: checks
Brama Br: bets $6
VolkovDmitri: calls $6
*** SHOW DOWN ***
Brama Br: shows [As Kc] (a pair of Tens)
VolkovDmitri: mucks hand
Brama Br collected $41.50 from pot
*** SUMMARY ***
Total pot $42 | Rake $0.50
Board [5d Td 3s Ts 4s]
Seat 1: VolkovDmitri (big blind) mucked
Seat 3: Brama Br (button) (small blind) showed [As Kc] and won ($41.50) with a pair of Tens


PokerStars Hand #147499994539:  Hold'em Limit ($3/$6 USD) - 2016/01/22 16:26:15 ET
Table 'Sarin II' 6-max Seat #1 is the button
Seat 1: VolkovDmitri ($120 in chips)
Seat 3: Brama Br ($134.78 in chips)
VolkovDmitri: posts small blind $1
Brama Br: posts big blind $3
*** HOLE CARDS ***
VolkovDmitri: raises $3 to $6
Brama Br: folds
Uncalled bet ($3) returned to VolkovDmitri
VolkovDmitri collected $6 from pot
VolkovDmitri: doesn't show hand
*** SUMMARY ***
Total pot $6 | Rake $0
Seat 1: VolkovDmitri (button) (small blind) collected ($6)
Seat 3: Brama Br (big blind) folded before Flop


PokerStars Hand #147499944932:  Hold'em Limit ($3/$6 USD) - 2016/01/22 16:25:27 ET
Table 'Sarin II' 6-max Seat #3 is the button
Seat 1: VolkovDmitri ($120 in chips)
Seat 3: Brama Br ($126.14 in chips)
Brama Br: posts small blind $1
VolkovDmitri: posts big blind $3
*** HOLE CARDS ***
Brama Br: raises $3 to $6
VolkovDmitri: calls $3
*** FLOP *** [Qd 9h Kc]
VolkovDmitri: checks
Brama Br: bets $3
VolkovDmitri: calls $3
*** TURN *** [Qd 9h Kc] [9s]
VolkovDmitri: checks
Brama Br: bets $6
VolkovDmitri: folds
Uncalled bet ($6) returned to Brama Br
Brama Br collected $17.64 from pot
Brama Br: doesn't show hand
*** SUMMARY ***
Total pot $18 | Rake $0.36
Board [Qd 9h Kc 9s]
Seat 1: VolkovDmitri (big blind) folded on the Turn
Seat 3: Brama Br (button) (small blind) collected ($17.64)


PokerStars Hand #147500064902:  Hold'em Limit ($3/$6 USD) - 2016/01/22 16:27:23 ET
Table 'Sarin II' 6-max Seat #1 is the button
Seat 1: VolkovDmitri ($120 in chips)
Seat 3: Brama Br ($173.28 in chips)
VolkovDmitri: posts small blind $1
Brama Br: posts big blind $3
*** HOLE CARDS ***
VolkovDmitri: raises $3 to $6
Brama Br: folds
Uncalled bet ($3) returned to VolkovDmitri
VolkovDmitri collected $6 from pot
VolkovDmitri: doesn't show hand
*** SUMMARY ***
Total pot $6 | Rake $0
Seat 1: VolkovDmitri (button) (small blind) collected ($6)
Seat 3: Brama Br (big blind) folded before Flop


PokerStars Hand #147500001800:  Hold'em Limit ($3/$6 USD) - 2016/01/22 16:26:22 ET
Table 'Sarin II' 6-max Seat #3 is the button
Seat 1: VolkovDmitri ($123 in chips)
Seat 3: Brama Br ($131.78 in chips)
Brama Br: posts small blind $1
VolkovDmitri: posts big blind $3
*** HOLE CARDS ***
Brama Br: raises $3 to $6
VolkovDmitri: raises $3 to $9
Brama Br: calls $3
*** FLOP *** [2d Th 2h]
Azrarn joins the table at seat #4
VolkovDmitri: bets $3
Brama Br: calls $3
*** TURN *** [2d Th 2h] [9c]
VolkovDmitri: bets $6
Brama Br: raises $6 to $12
VolkovDmitri: raises $6 to $18
Brama Br: raises $6 to $24
Betting is capped
VolkovDmitri: calls $6
*** RIVER *** [2d Th 2h 9c] [Jh]
VolkovDmitri: checks
Brama Br: bets $6
VolkovDmitri: calls $6
*** SHOW DOWN ***
Brama Br: shows [2c Kc] (three of a kind, Deuces)
VolkovDmitri: mucks hand
Brama Br collected $83.50 from pot
*** SUMMARY ***
Total pot $84 | Rake $0.50
Board [2d Th 2h 9c Jh]
Seat 1: VolkovDmitri (big blind) mucked
Seat 3: Brama Br (button) (small blind) showed [2c Kc] and won ($83.50) with three of a kind, Deuces


PokerStars Hand #147500314833:  Hold'em Limit ($3/$6 USD) - 2016/01/22 16:31:25 ET
Table 'Sarin II' 6-max Seat #1 is the button
Seat 1: VolkovDmitri ($121 in chips)
Seat 5: perten ($107.57 in chips)
VolkovDmitri: posts small blind $1
Azrarn: is sitting out
perten: posts big blind $3
*** HOLE CARDS ***
Azrarn leaves the table
VolkovDmitri: raises $3 to $6
perten: raises $3 to $9
VolkovDmitri: raises $3 to $12
Betting is capped
perten: calls $3
*** FLOP *** [Ah Kd 6s]
perten: checks
VolkovDmitri: bets $3
perten: folds
Uncalled bet ($3) returned to VolkovDmitri
VolkovDmitri collected $23.52 from pot
VolkovDmitri: doesn't show hand
*** SUMMARY ***
Total pot $24 | Rake $0.48
Board [Ah Kd 6s]
Seat 1: VolkovDmitri (button) (small blind) collected ($23.52)
Seat 5: perten (big blind) folded on the Flop


PokerStars Hand #147500351142:  Hold'em Limit ($3/$6 USD) - 2016/01/22 16:32:00 ET
Table 'Sarin II' 6-max Seat #1 is the button
Seat 1: VolkovDmitri ($133.52 in chips)
Seat 5: perten ($94.57 in chips)
VolkovDmitri: posts small blind $1
perten: posts big blind $3
*** HOLE CARDS ***
VolkovDmitri: raises $3 to $6
perten: raises $3 to $9
VolkovDmitri: raises $3 to $12
Betting is capped
perten: calls $3
*** FLOP *** [9d 6c 9c]
perten: checks
VolkovDmitri: bets $3
perten: calls $3
*** TURN *** [9d 6c 9c] [Kc]
perten: checks
VolkovDmitri: bets $6
perten: calls $6
*** RIVER *** [9d 6c 9c Kc] [8c]
perten: checks
VolkovDmitri: bets $6
perten: raises $6 to $12
VolkovDmitri: calls $6
*** SHOW DOWN ***
perten: shows [Ac 4s] (a flush, Ace high)
VolkovDmitri: mucks hand
perten collected $65.50 from pot
*** SUMMARY ***
Total pot $66 | Rake $0.50
Board [9d 6c 9c Kc 8c]
Seat 1: VolkovDmitri (button) (small blind) mucked
Seat 5: perten (big blind) showed [Ac 4s] and won ($65.50) with a flush, Ace high


PokerStars Hand #147500346414:  Hold'em Limit ($3/$6 USD) - 2016/01/22 16:31:56 ET
Table 'Sarin II' 6-max Seat #5 is the button
Seat 1: VolkovDmitri ($132.52 in chips)
Seat 5: perten ($95.57 in chips)
perten: posts small blind $1
VolkovDmitri: posts big blind $3
*** HOLE CARDS ***
perten: folds
Uncalled bet ($2) returned to VolkovDmitri
VolkovDmitri collected $2 from pot
*** SUMMARY ***
Total pot $2 | Rake $0
Seat 1: VolkovDmitri (big blind) collected ($2)
Seat 5: perten (button) (small blind) folded before Flop


PokerStars Hand #147500338551:  Hold'em Limit ($3/$6 USD) - 2016/01/22 16:31:48 ET
Table 'Sarin II' 6-max Seat #1 is the button
Seat 1: VolkovDmitri ($129.52 in chips)
Seat 5: perten ($98.57 in chips)
VolkovDmitri: posts small blind $1
perten: posts big blind $3
*** HOLE CARDS ***
VolkovDmitri: raises $3 to $6
perten: folds
Uncalled bet ($3) returned to VolkovDmitri
VolkovDmitri collected $6 from pot
VolkovDmitri: doesn't show hand
*** SUMMARY ***
Total pot $6 | Rake $0
Seat 1: VolkovDmitri (button) (small blind) collected ($6)
Seat 5: perten (big blind) folded before Flop


PokerStars Hand #147500332578:  Hold'em Limit ($3/$6 USD) - 2016/01/22 16:31:42 ET
Table 'Sarin II' 6-max Seat #5 is the button
Seat 1: VolkovDmitri ($132.52 in chips)
Seat 5: perten ($95.57 in chips)
perten: posts small blind $1
VolkovDmitri: posts big blind $3
*** HOLE CARDS ***
perten: raises $3 to $6
VolkovDmitri: folds
Uncalled bet ($3) returned to perten
perten collected $6 from pot
perten: doesn't show hand
*** SUMMARY ***
Total pot $6 | Rake $0
Seat 1: VolkovDmitri (big blind) folded before Flop
Seat 5: perten (button) (small blind) collected ($6)


PokerStars Hand #147500454973:  Hold'em Limit ($3/$6 USD) - 2016/01/22 16:33:42 ET
Table 'Sarin II' 6-max Seat #5 is the button
Seat 1: VolkovDmitri ($125.40 in chips)
Seat 5: perten ($126.47 in chips)
perten: posts small blind $1
VolkovDmitri: posts big blind $3
*** HOLE CARDS ***
perten: folds
Uncalled bet ($2) returned to VolkovDmitri
VolkovDmitri collected $2 from pot
VolkovDmitri: doesn't show hand
*** SUMMARY ***
Total pot $2 | Rake $0
Seat 1: VolkovDmitri (big blind) collected ($2)
Seat 5: perten (button) (small blind) folded before Flop


PokerStars Hand #147500444191:  Hold'em Limit ($3/$6 USD) - 2016/01/22 16:33:31 ET
Table 'Sarin II' 6-max Seat #1 is the button
Seat 1: VolkovDmitri ($134.40 in chips)
Seat 5: perten ($117.83 in chips)
VolkovDmitri: posts small blind $1
perten: posts big blind $3
*** HOLE CARDS ***
VolkovDmitri: raises $3 to $6
perten: raises $3 to $9
VolkovDmitri: calls $3
*** FLOP *** [Jh Jc Ts]
perten: bets $3
VolkovDmitri: folds
Uncalled bet ($3) returned to perten
perten collected $17.64 from pot
perten: doesn't show hand
*** SUMMARY ***
Total pot $18 | Rake $0.36
Board [Jh Jc Ts]
Seat 1: VolkovDmitri (button) (small blind) folded on the Flop
Seat 5: perten (big blind) collected ($17.64)


PokerStars Hand #147500424962:  Hold'em Limit ($3/$6 USD) - 2016/01/22 16:33:12 ET
Table 'Sarin II' 6-max Seat #5 is the button
Seat 1: VolkovDmitri ($125.76 in chips)
Seat 5: perten ($126.83 in chips)
perten: posts small blind $1
VolkovDmitri: posts big blind $3
*** HOLE CARDS ***
perten: raises $3 to $6
VolkovDmitri: calls $3
*** FLOP *** [Kd Qc Qs]
VolkovDmitri: checks
perten: bets $3
VolkovDmitri: calls $3
*** TURN *** [Kd Qc Qs] [Qd]
VolkovDmitri: checks
perten: checks
*** RIVER *** [Kd Qc Qs Qd] [Jd]
VolkovDmitri: checks
perten: checks
*** SHOW DOWN ***
VolkovDmitri: shows [Th Js] (a full house, Queens full of Jacks)
perten: mucks hand
VolkovDmitri collected $17.64 from pot
*** SUMMARY ***
Total pot $18 | Rake $0.36
Board [Kd Qc Qs Qd Jd]
Seat 1: VolkovDmitri (big blind) showed [Th Js] and won ($17.64) with a full house, Queens full of Jacks
Seat 5: perten (button) (small blind) mucked


PokerStars Hand #147500412679:  Hold'em Limit ($3/$6 USD) - 2016/01/22 16:33:00 ET
Table 'Sarin II' 6-max Seat #1 is the button
Seat 1: VolkovDmitri ($120 in chips)
Seat 5: perten ($132.83 in chips)
VolkovDmitri: posts small blind $1
perten: posts big blind $3
*** HOLE CARDS ***
VolkovDmitri: raises $3 to $6
perten: calls $3
*** FLOP *** [7c Kd 2d]
perten: checks
VolkovDmitri: bets $3
perten: folds
Uncalled bet ($3) returned to VolkovDmitri
VolkovDmitri collected $11.76 from pot
VolkovDmitri: doesn't show hand
*** SUMMARY ***
Total pot $12 | Rake $0.24
Board [7c Kd 2d]
Seat 1: VolkovDmitri (button) (small blind) collected ($11.76)
Seat 5: perten (big blind) folded on the Flop


PokerStars Hand #147500390388:  Hold'em Limit ($3/$6 USD) - 2016/01/22 16:32:39 ET
Table 'Sarin II' 6-max Seat #5 is the button
Seat 1: VolkovDmitri ($120 in chips)
Seat 5: perten ($127.07 in chips)
perten: posts small blind $1
VolkovDmitri: posts big blind $3
*** HOLE CARDS ***
perten: raises $3 to $6
VolkovDmitri: calls $3
*** FLOP *** [As 4d Jd]
VolkovDmitri: checks
perten: bets $3
VolkovDmitri: folds
Uncalled bet ($3) returned to perten
perten collected $11.76 from pot
perten: doesn't show hand
*** SUMMARY ***
Total pot $12 | Rake $0.24
Board [As 4d Jd]
Seat 1: VolkovDmitri (big blind) folded on the Flop
Seat 5: perten (button) (small blind) collected ($11.76)


PokerStars Hand #147500486722:  Hold'em Limit ($3/$6 USD) - 2016/01/22 16:34:13 ET
Table 'Sarin II' 6-max Seat #5 is the button
Seat 1: VolkovDmitri ($141.92 in chips)
Seat 5: perten ($109.47 in chips)
perten: posts small blind $1
VolkovDmitri: posts big blind $3
*** HOLE CARDS ***
perten: calls $2
VolkovDmitri: raises $3 to $6
perten: calls $3
*** FLOP *** [Jd 4h Qs]
VolkovDmitri: bets $3
perten: raises $3 to $6
VolkovDmitri: calls $3
*** TURN *** [Jd 4h Qs] [Tc]
VolkovDmitri: checks
perten: bets $6
VolkovDmitri: calls $6
*** RIVER *** [Jd 4h Qs Tc] [3d]
VolkovDmitri: checks
perten: checks
*** SHOW DOWN ***
VolkovDmitri: shows [8h Kd] (high card King)
perten: shows [2d Qd] (a pair of Queens)
perten collected $35.50 from pot
*** SUMMARY ***
Total pot $36 | Rake $0.50
Board [Jd 4h Qs Tc 3d]
Seat 1: VolkovDmitri (big blind) showed [8h Kd] and lost with high card King
Seat 5: perten (button) (small blind) showed [2d Qd] and won ($35.50) with a pair of Queens


PokerStars Hand #147500480861:  Hold'em Limit ($3/$6 USD) - 2016/01/22 16:34:07 ET
Table 'Sarin II' 6-max Seat #1 is the button
Seat 1: VolkovDmitri ($138.92 in chips)
Seat 5: perten ($112.47 in chips)
VolkovDmitri: posts small blind $1
perten: posts big blind $3
*** HOLE CARDS ***
VolkovDmitri: raises $3 to $6
perten: folds
Uncalled bet ($3) returned to VolkovDmitri
VolkovDmitri collected $6 from pot
VolkovDmitri: doesn't show hand
*** SUMMARY ***
Total pot $6 | Rake $0
Seat 1: VolkovDmitri (button) (small blind) collected ($6)
Seat 5: perten (big blind) folded before Flop


PokerStars Hand #147500476394:  Hold'em Limit ($3/$6 USD) - 2016/01/22 16:34:03 ET
Table 'Sarin II' 6-max Seat #5 is the button
Seat 1: VolkovDmitri ($137.92 in chips)
Seat 5: perten ($113.47 in chips)
perten: posts small blind $1
VolkovDmitri: posts big blind $3
*** HOLE CARDS ***
perten: folds
Uncalled bet ($2) returned to VolkovDmitri
VolkovDmitri collected $2 from pot
VolkovDmitri: doesn't show hand
*** SUMMARY ***
Total pot $2 | Rake $0
Seat 1: VolkovDmitri (big blind) collected ($2)
Seat 5: perten (button) (small blind) folded before Flop


PokerStars Hand #147500459962:  Hold'em Limit ($3/$6 USD) - 2016/01/22 16:33:47 ET
Table 'Sarin II' 6-max Seat #1 is the button
Seat 1: VolkovDmitri ($126.40 in chips)
Seat 5: perten ($125.47 in chips)
VolkovDmitri: posts small blind $1
perten: posts big blind $3
*** HOLE CARDS ***
VolkovDmitri: raises $3 to $6
perten: raises $3 to $9
VolkovDmitri: calls $3
*** FLOP *** [As 6h 7c]
perten: bets $3
VolkovDmitri: raises $3 to $6
perten: folds
Uncalled bet ($3) returned to VolkovDmitri
VolkovDmitri collected $23.52 from pot
VolkovDmitri: doesn't show hand
*** SUMMARY ***
Total pot $24 | Rake $0.48
Board [As 6h 7c]
Seat 1: VolkovDmitri (button) (small blind) collected ($23.52)
Seat 5: perten (big blind) folded on the Flop


PokerStars Hand #147500514363:  Hold'em Limit ($3/$6 USD) - 2016/01/22 16:34:40 ET
Table 'Sarin II' 6-max Seat #1 is the button
Seat 1: VolkovDmitri ($123.92 in chips)
Seat 5: perten ($126.97 in chips)
VolkovDmitri: posts small blind $1
perten: posts big blind $3
*** HOLE CARDS ***
VolkovDmitri: raises $3 to $6
perten: raises $3 to $9
VolkovDmitri: raises $3 to $12
Betting is capped
perten: calls $3
*** FLOP *** [6d 2s Js]
perten: bets $3
VolkovDmitri: calls $3
*** TURN *** [6d 2s Js] [2d]
perten: bets $6
VolkovDmitri: calls $6
*** RIVER *** [6d 2s Js 2d] [3s]
perten: bets $6
VolkovDmitri: calls $6
*** SHOW DOWN ***
perten: shows [8s As] (a flush, Ace high)
VolkovDmitri: mucks hand
perten collected $53.50 from pot
*** SUMMARY ***
Total pot $54 | Rake $0.50
Board [6d 2s Js 2d 3s]
Seat 1: VolkovDmitri (button) (small blind) mucked
Seat 5: perten (big blind) showed [8s As] and won ($53.50) with a flush, Ace high


PokerStars Hand #147500555019:  Hold'em Limit ($3/$6 USD) - 2016/01/22 16:35:20 ET
Table 'Sarin II' 6-max Seat #1 is the button
Seat 1: VolkovDmitri ($120 in chips)
Seat 5: perten ($176.97 in chips)
VolkovDmitri: posts small blind $1
perten: posts big blind $3
*** HOLE CARDS ***
VolkovDmitri: folds
Uncalled bet ($2) returned to perten
perten collected $2 from pot
perten: doesn't show hand
*** SUMMARY ***
Total pot $2 | Rake $0
Seat 1: VolkovDmitri (button) (small blind) folded before Flop
Seat 5: perten (big blind) collected ($2)


PokerStars Hand #147500533691:  Hold'em Limit ($3/$6 USD) - 2016/01/22 16:34:59 ET
Table 'Sarin II' 6-max Seat #5 is the button
Seat 1: VolkovDmitri ($120 in chips)
Seat 5: perten ($153.47 in chips)
perten: posts small blind $1
VolkovDmitri: posts big blind $3
*** HOLE CARDS ***
perten: raises $3 to $6
VolkovDmitri: calls $3
*** FLOP *** [4c As 2h]
VolkovDmitri: checks
perten: bets $3
VolkovDmitri: raises $3 to $6
perten: calls $3
*** TURN *** [4c As 2h] [9s]
VolkovDmitri: bets $6
perten: calls $6
*** RIVER *** [4c As 2h 9s] [6s]
VolkovDmitri: bets $6
perten: raises $6 to $12
VolkovDmitri: folds
Uncalled bet ($6) returned to perten
perten collected $47.50 from pot
perten: doesn't show hand
*** SUMMARY ***
Total pot $48 | Rake $0.50
Board [4c As 2h 9s 6s]
Seat 1: VolkovDmitri (big blind) folded on the River
Seat 5: perten (button) (small blind) collected ($47.50)


PokerStars Hand #147500559846:  Hold'em Limit ($3/$6 USD) - 2016/01/22 16:35:24 ET
Table 'Sarin II' 6-max Seat #5 is the button
Seat 1: VolkovDmitri ($120 in chips)
Seat 5: perten ($177.97 in chips)
perten: posts small blind $1
VolkovDmitri: posts big blind $3
*** HOLE CARDS ***
perten: raises $3 to $6
VolkovDmitri: raises $3 to $9
perten: calls $3
*** FLOP *** [Qc 7d 5c]
VolkovDmitri: bets $3
perten: calls $3
*** TURN *** [Qc 7d 5c] [Jc]
VolkovDmitri: bets $6
perten: calls $6
*** RIVER *** [Qc 7d 5c Jc] [Jh]
VolkovDmitri: bets $6
perten: raises $6 to $12
VolkovDmitri: folds
Uncalled bet ($6) returned to perten
perten collected $47.50 from pot
perten: doesn't show hand
*** SUMMARY ***
Total pot $48 | Rake $0.50
Board [Qc 7d 5c Jc Jh]
Seat 1: VolkovDmitri (big blind) folded on the River
Seat 5: perten (button) (small blind) collected ($47.50)


