PokerStars Hand #169439560854:  Hold'em Limit ($3/$6 USD) - 2017/04/23 7:29:32 ET
Table 'Sarita' 6-max Seat #2 is the button
Seat 2: artecris ($206.72 in chips)
Seat 4: MTails ($118.64 in chips)
artecris: posts small blind $1
Velbor107: is sitting out
MTails: posts big blind $3
*** HOLE CARDS ***
artecris: folds
Uncalled bet ($2) returned to MTails
MTails collected $2 from pot
MTails: doesn't show hand
*** SUMMARY ***
Total pot $2 | Rake $0
Seat 2: artecris (button) (small blind) folded before Flop
Seat 4: MTails (big blind) collected ($2)


PokerStars Hand #169439568789:  Hold'em Limit ($3/$6 USD) - 2017/04/23 7:29:47 ET
Table 'Sarita' 6-max Seat #2 is the button
Seat 2: artecris ($199.72 in chips)
Seat 4: MTails ($125.40 in chips)
artecris: posts small blind $1
MTails: posts big blind $3
*** HOLE CARDS ***
artecris: folds
Uncalled bet ($2) returned to MTails
MTails collected $2 from pot
*** SUMMARY ***
Total pot $2 | Rake $0
Seat 2: artecris (button) (small blind) folded before Flop
Seat 4: MTails (big blind) collected ($2)


PokerStars Hand #169439563195:  Hold'em Limit ($3/$6 USD) - 2017/04/23 7:29:36 ET
Table 'Sarita' 6-max Seat #4 is the button
Seat 2: artecris ($205.72 in chips)
Seat 4: MTails ($119.64 in chips)
MTails: posts small blind $1
artecris: posts big blind $3
*** HOLE CARDS ***
MTails: raises $3 to $6
artecris: calls $3
*** FLOP *** [6d Qd Qs]
artecris: checks
MTails: bets $3
artecris: folds
Uncalled bet ($3) returned to MTails
MTails collected $11.76 from pot
*** SUMMARY ***
Total pot $12 | Rake $0.24
Board [6d Qd Qs]
Seat 2: artecris (big blind) folded on the Flop
Seat 4: MTails (button) (small blind) collected ($11.76)


PokerStars Hand #169439570810:  Hold'em Limit ($3/$6 USD) - 2017/04/23 7:29:51 ET
Table 'Sarita' 6-max Seat #4 is the button
Seat 2: artecris ($198.72 in chips)
Seat 4: MTails ($126.40 in chips)
MTails: posts small blind $1
artecris: posts big blind $3
*** HOLE CARDS ***
MTails: raises $3 to $6
artecris: calls $3
*** FLOP *** [4h As 3s]
artecris: checks
MTails: bets $3
artecris: calls $3
*** TURN *** [4h As 3s] [Ac]
artecris: checks
MTails: bets $6
artecris: raises $6 to $12
MTails: calls $6
*** RIVER *** [4h As 3s Ac] [5d]
artecris: bets $6
MTails: calls $6
*** SHOW DOWN ***
artecris: shows [2s Ks] (a straight, Ace to Five)
MTails: mucks hand
artecris collected $53.50 from pot
*** SUMMARY ***
Total pot $54 | Rake $0.50
Board [4h As 3s Ac 5d]
Seat 2: artecris (big blind) showed [2s Ks] and won ($53.50) with a straight, Ace to Five
Seat 4: MTails (button) (small blind) mucked


PokerStars Hand #169439581007:  Hold'em Limit ($3/$6 USD) - 2017/04/23 7:30:11 ET
Table 'Sarita' 6-max Seat #2 is the button
Seat 2: artecris ($225.22 in chips)
Seat 4: MTails ($99.40 in chips)
artecris: posts small blind $1
MTails: posts big blind $3
*** HOLE CARDS ***
artecris: raises $3 to $6
MTails: calls $3
*** FLOP *** [4s 9h 8s]
MTails: checks
artecris: checks
*** TURN *** [4s 9h 8s] [5s]
MTails: checks
artecris: bets $6
MTails: raises $6 to $12
artecris: folds
Uncalled bet ($6) returned to MTails
MTails collected $23.52 from pot
MTails: doesn't show hand
*** SUMMARY ***
Total pot $24 | Rake $0.48
Board [4s 9h 8s 5s]
Seat 2: artecris (button) (small blind) folded on the Turn
Seat 4: MTails (big blind) collected ($23.52)


PokerStars Hand #169439598177:  Hold'em Limit ($3/$6 USD) - 2017/04/23 7:30:44 ET
Table 'Sarita' 6-max Seat #2 is the button
Seat 2: artecris ($230.72 in chips)
Seat 4: MTails ($92.92 in chips)
artecris: posts small blind $1
MTails: posts big blind $3
*** HOLE CARDS ***
artecris: folds
Uncalled bet ($2) returned to MTails
MTails collected $2 from pot
*** SUMMARY ***
Total pot $2 | Rake $0
Seat 2: artecris (button) (small blind) folded before Flop
Seat 4: MTails (big blind) collected ($2)


PokerStars Hand #169439588668:  Hold'em Limit ($3/$6 USD) - 2017/04/23 7:30:25 ET
Table 'Sarita' 6-max Seat #4 is the button
Seat 2: artecris ($213.22 in chips)
Seat 4: MTails ($110.92 in chips)
MTails: posts small blind $1
artecris: posts big blind $3
*** HOLE CARDS ***
MTails: raises $3 to $6
artecris: calls $3
*** FLOP *** [Kh 5s Th]
artecris: bets $3
MTails: raises $3 to $6
artecris: calls $3
*** TURN *** [Kh 5s Th] [5c]
artecris: checks
MTails: bets $6
artecris: calls $6
*** RIVER *** [Kh 5s Th 5c] [6h]
artecris: checks
MTails: checks
*** SHOW DOWN ***
artecris: shows [Kc 7s] (two pair, Kings and Fives)
MTails: mucks hand
artecris collected $35.50 from pot
*** SUMMARY ***
Total pot $36 | Rake $0.50
Board [Kh 5s Th 5c 6h]
Seat 2: artecris (big blind) showed [Kc 7s] and won ($35.50) with two pair, Kings and Fives
Seat 4: MTails (button) (small blind) mucked


PokerStars Hand #169439609977:  Hold'em Limit ($3/$6 USD) - 2017/04/23 7:31:06 ET
Table 'Sarita' 6-max Seat #2 is the button
Seat 2: artecris ($211.72 in chips)
Seat 4: MTails ($111.42 in chips)
artecris: posts small blind $1
MTails: posts big blind $3
*** HOLE CARDS ***
artecris: folds
Uncalled bet ($2) returned to MTails
MTails collected $2 from pot
*** SUMMARY ***
Total pot $2 | Rake $0
Seat 2: artecris (button) (small blind) folded before Flop
Seat 4: MTails (big blind) collected ($2)


PokerStars Hand #169439600350:  Hold'em Limit ($3/$6 USD) - 2017/04/23 7:30:48 ET
Table 'Sarita' 6-max Seat #4 is the button
Seat 2: artecris ($229.72 in chips)
Seat 4: MTails ($93.92 in chips)
MTails: posts small blind $1
artecris: posts big blind $3
*** HOLE CARDS ***
MTails: raises $3 to $6
artecris: calls $3
*** FLOP *** [2h 8h 9s]
artecris: checks
MTails: bets $3
artecris: raises $3 to $6
MTails: calls $3
*** TURN *** [2h 8h 9s] [4h]
artecris: bets $6
MTails: calls $6
*** RIVER *** [2h 8h 9s 4h] [9h]
artecris: checks
MTails: bets $6
artecris: folds
Uncalled bet ($6) returned to MTails
MTails collected $35.50 from pot
*** SUMMARY ***
Total pot $36 | Rake $0.50
Board [2h 8h 9s 4h 9h]
Seat 2: artecris (big blind) folded on the River
Seat 4: MTails (button) (small blind) collected ($35.50)


PokerStars Hand #169439624525:  Hold'em Limit ($3/$6 USD) - 2017/04/23 7:31:34 ET
Table 'Sarita' 6-max Seat #2 is the button
Seat 2: artecris ($234.22 in chips)
Seat 4: MTails ($88.42 in chips)
artecris: posts small blind $1
MTails: posts big blind $3
*** HOLE CARDS ***
artecris: folds
Uncalled bet ($2) returned to MTails
MTails collected $2 from pot
*** SUMMARY ***
Total pot $2 | Rake $0
Seat 2: artecris (button) (small blind) folded before Flop
Seat 4: MTails (big blind) collected ($2)


PokerStars Hand #169439612252:  Hold'em Limit ($3/$6 USD) - 2017/04/23 7:31:11 ET
Table 'Sarita' 6-max Seat #4 is the button
Seat 2: artecris ($210.72 in chips)
Seat 4: MTails ($112.42 in chips)
MTails: posts small blind $1
artecris: posts big blind $3
*** HOLE CARDS ***
MTails: raises $3 to $6
artecris: calls $3
*** FLOP *** [9s Td 8s]
artecris: checks
MTails: bets $3
artecris: raises $3 to $6
MTails: calls $3
*** TURN *** [9s Td 8s] [2c]
artecris: bets $6
MTails: raises $6 to $12
artecris: calls $6
*** RIVER *** [9s Td 8s 2c] [2s]
artecris: bets $6
MTails: folds
Uncalled bet ($6) returned to artecris
artecris collected $47.50 from pot
artecris: doesn't show hand
*** SUMMARY ***
Total pot $48 | Rake $0.50
Board [9s Td 8s 2c 2s]
Seat 2: artecris (big blind) collected ($47.50)
Seat 4: MTails (button) (small blind) folded on the River


PokerStars Hand #169439626689:  Hold'em Limit ($3/$6 USD) - 2017/04/23 7:31:38 ET
Table 'Sarita' 6-max Seat #4 is the button
Seat 2: artecris ($233.22 in chips)
Seat 4: MTails ($89.42 in chips)
MTails: posts small blind $1
artecris: posts big blind $3
*** HOLE CARDS ***
MTails: raises $3 to $6
artecris: calls $3
*** FLOP *** [Th Td Js]
artecris: checks
MTails: bets $3
artecris: raises $3 to $6
MTails: calls $3
*** TURN *** [Th Td Js] [Qh]
artecris: checks
MTails: bets $6
artecris: folds
Uncalled bet ($6) returned to MTails
MTails collected $23.52 from pot
*** SUMMARY ***
Total pot $24 | Rake $0.48
Board [Th Td Js Qh]
Seat 2: artecris (big blind) folded on the Turn
Seat 4: MTails (button) (small blind) collected ($23.52)


PokerStars Hand #169439634946:  Hold'em Limit ($3/$6 USD) - 2017/04/23 7:31:54 ET
Table 'Sarita' 6-max Seat #2 is the button
Seat 2: artecris ($221.22 in chips)
Seat 4: MTails ($100.94 in chips)
artecris: posts small blind $1
MTails: posts big blind $3
*** HOLE CARDS ***
artecris: calls $2
MTails: raises $3 to $6
artecris: calls $3
*** FLOP *** [3h 5d 2s]
marieke19522 joins the table at seat #6
MTails: bets $3
artecris: calls $3
*** TURN *** [3h 5d 2s] [Ac]
MTails: bets $6
artecris: folds
Uncalled bet ($6) returned to MTails
MTails collected $17.64 from pot
*** SUMMARY ***
Total pot $18 | Rake $0.36
Board [3h 5d 2s Ac]
Seat 2: artecris (button) (small blind) folded on the Turn
Seat 4: MTails (big blind) collected ($17.64)


PokerStars Hand #169440370552:  Hold'em Limit ($3/$6 USD) - 2017/04/23 7:54:59 ET
Table 'Sarita' 6-max Seat #4 is the button
Seat 1: Velbor107 ($217.59 in chips)
Seat 4: Herr Uber ($117.96 in chips)
Herr Uber: posts small blind $1
Velbor107: posts big blind $3
*** HOLE CARDS ***
Herr Uber: raises $3 to $6
Velbor107: calls $3
*** FLOP *** [Th 6s 7s]
Velbor107: checks
Herr Uber: bets $3
Velbor107: calls $3
*** TURN *** [Th 6s 7s] [5h]
Velbor107: checks
Herr Uber: checks
*** RIVER *** [Th 6s 7s 5h] [Js]
Velbor107: bets $6
Herr Uber: folds
Uncalled bet ($6) returned to Velbor107
Velbor107 collected $17.64 from pot
*** SUMMARY ***
Total pot $18 | Rake $0.36
Board [Th 6s 7s 5h Js]
Seat 1: Velbor107 (big blind) collected ($17.64)
Seat 4: Herr Uber (button) (small blind) folded on the River


PokerStars Hand #169440381206:  Hold'em Limit ($3/$6 USD) - 2017/04/23 7:55:20 ET
Table 'Sarita' 6-max Seat #1 is the button
Seat 1: Velbor107 ($226.23 in chips)
Seat 4: Herr Uber ($108.96 in chips)
Velbor107: posts small blind $1
Herr Uber: posts big blind $3
*** HOLE CARDS ***
Velbor107: raises $3 to $6
Herr Uber: raises $3 to $9
Velbor107: calls $3
*** FLOP *** [8s Th Qc]
Herr Uber: bets $3
Velbor107: folds
Uncalled bet ($3) returned to Herr Uber
Herr Uber collected $17.64 from pot
Herr Uber: doesn't show hand
*** SUMMARY ***
Total pot $18 | Rake $0.36
Board [8s Th Qc]
Seat 1: Velbor107 (button) (small blind) folded on the Flop
Seat 4: Herr Uber (big blind) collected ($17.64)


PokerStars Hand #169440386242:  Hold'em Limit ($3/$6 USD) - 2017/04/23 7:55:31 ET
Table 'Sarita' 6-max Seat #4 is the button
Seat 1: Velbor107 ($217.23 in chips)
Seat 4: Herr Uber ($117.60 in chips)
Herr Uber: posts small blind $1
Velbor107: posts big blind $3
*** HOLE CARDS ***
Herr Uber: raises $3 to $6
Velbor107: raises $3 to $9
Herr Uber: raises $3 to $12
Betting is capped
Velbor107: calls $3
*** FLOP *** [Js 3s Ac]
Velbor107: checks
Herr Uber: bets $3
Velbor107: folds
Uncalled bet ($3) returned to Herr Uber
Herr Uber collected $23.52 from pot
Herr Uber: doesn't show hand
*** SUMMARY ***
Total pot $24 | Rake $0.48
Board [Js 3s Ac]
Seat 1: Velbor107 (big blind) folded on the Flop
Seat 4: Herr Uber (button) (small blind) collected ($23.52)


PokerStars Hand #169440364730:  Hold'em Limit ($3/$6 USD) - 2017/04/23 7:54:48 ET
Table 'Sarita' 6-max Seat #1 is the button
Seat 1: Velbor107 ($211.83 in chips)
Seat 4: Herr Uber ($123.96 in chips)
Velbor107: posts small blind $1
Herr Uber: posts big blind $3
*** HOLE CARDS ***
Andres_98789 leaves the table
Velbor107: raises $3 to $6
Herr Uber: calls $3
*** FLOP *** [Jc 4s 8s]
Herr Uber: checks
Velbor107: bets $3
Herr Uber: folds
Uncalled bet ($3) returned to Velbor107
Velbor107 collected $11.76 from pot
*** SUMMARY ***
Total pot $12 | Rake $0.24
Board [Jc 4s 8s]
Seat 1: Velbor107 (button) (small blind) collected ($11.76)
Seat 4: Herr Uber (big blind) folded on the Flop


PokerStars Hand #169440392568:  Hold'em Limit ($3/$6 USD) - 2017/04/23 7:55:44 ET
Table 'Sarita' 6-max Seat #1 is the button
Seat 1: Velbor107 ($205.23 in chips)
Seat 4: Herr Uber ($129.12 in chips)
Velbor107: posts small blind $1
Herr Uber: posts big blind $3
*** HOLE CARDS ***
Velbor107: raises $3 to $6
Herr Uber: calls $3
*** FLOP *** [7s Ks Qd]
Herr Uber: checks
Velbor107: bets $3
Herr Uber: calls $3
*** TURN *** [7s Ks Qd] [Js]
Herr Uber: checks
Velbor107: checks
*** RIVER *** [7s Ks Qd Js] [3c]
Herr Uber: bets $6
Velbor107: folds
Uncalled bet ($6) returned to Herr Uber
Herr Uber collected $17.64 from pot
Herr Uber: doesn't show hand
*** SUMMARY ***
Total pot $18 | Rake $0.36
Board [7s Ks Qd Js 3c]
Seat 1: Velbor107 (button) (small blind) folded on the River
Seat 4: Herr Uber (big blind) collected ($17.64)


PokerStars Hand #169440407973:  Hold'em Limit ($3/$6 USD) - 2017/04/23 7:56:17 ET
Table 'Sarita' 6-max Seat #1 is the button
Seat 1: Velbor107 ($197.23 in chips)
Seat 4: Herr Uber ($136.76 in chips)
Velbor107: posts small blind $1
Herr Uber: posts big blind $3
*** HOLE CARDS ***
Velbor107: folds
Uncalled bet ($2) returned to Herr Uber
Herr Uber collected $2 from pot
Herr Uber: doesn't show hand
*** SUMMARY ***
Total pot $2 | Rake $0
Seat 1: Velbor107 (button) (small blind) folded before Flop
Seat 4: Herr Uber (big blind) collected ($2)


PokerStars Hand #169440405808:  Hold'em Limit ($3/$6 USD) - 2017/04/23 7:56:13 ET
Table 'Sarita' 6-max Seat #4 is the button
Seat 1: Velbor107 ($196.23 in chips)
Seat 4: Herr Uber ($137.76 in chips)
Herr Uber: posts small blind $1
Velbor107: posts big blind $3
*** HOLE CARDS ***
Herr Uber: folds
Uncalled bet ($2) returned to Velbor107
Velbor107 collected $2 from pot
*** SUMMARY ***
Total pot $2 | Rake $0
Seat 1: Velbor107 (big blind) collected ($2)
Seat 4: Herr Uber (button) (small blind) folded before Flop


PokerStars Hand #169440410223:  Hold'em Limit ($3/$6 USD) - 2017/04/23 7:56:22 ET
Table 'Sarita' 6-max Seat #4 is the button
Seat 1: Velbor107 ($196.23 in chips)
Seat 4: Herr Uber ($137.76 in chips)
Herr Uber: posts small blind $1
Velbor107: posts big blind $3
*** HOLE CARDS ***
Herr Uber: calls $2
Velbor107: checks
*** FLOP *** [3s 6c Tc]
Velbor107: checks
Herr Uber: bets $3
Velbor107: folds
Uncalled bet ($3) returned to Herr Uber
Herr Uber collected $5.88 from pot
Herr Uber: doesn't show hand
*** SUMMARY ***
Total pot $6 | Rake $0.12
Board [3s 6c Tc]
Seat 1: Velbor107 (big blind) folded on the Flop
Seat 4: Herr Uber (button) (small blind) collected ($5.88)


PokerStars Hand #169440419119:  Hold'em Limit ($3/$6 USD) - 2017/04/23 7:56:41 ET
Table 'Sarita' 6-max Seat #4 is the button
Seat 1: Velbor107 ($192.23 in chips)
Seat 4: Herr Uber ($141.64 in chips)
Herr Uber: posts small blind $1
Velbor107: posts big blind $3
*** HOLE CARDS ***
Herr Uber: raises $3 to $6
Velbor107: folds
Uncalled bet ($3) returned to Herr Uber
Herr Uber collected $6 from pot
Herr Uber: doesn't show hand
*** SUMMARY ***
Total pot $6 | Rake $0
Seat 1: Velbor107 (big blind) folded before Flop
Seat 4: Herr Uber (button) (small blind) collected ($6)


PokerStars Hand #169440415551:  Hold'em Limit ($3/$6 USD) - 2017/04/23 7:56:33 ET
Table 'Sarita' 6-max Seat #1 is the button
Seat 1: Velbor107 ($193.23 in chips)
Seat 4: Herr Uber ($140.64 in chips)
Velbor107: posts small blind $1
Herr Uber: posts big blind $3
*** HOLE CARDS ***
Velbor107: folds
Uncalled bet ($2) returned to Herr Uber
Herr Uber collected $2 from pot
Herr Uber: doesn't show hand
*** SUMMARY ***
Total pot $2 | Rake $0
Seat 1: Velbor107 (button) (small blind) folded before Flop
Seat 4: Herr Uber (big blind) collected ($2)


PokerStars Hand #169440421346:  Hold'em Limit ($3/$6 USD) - 2017/04/23 7:56:46 ET
Table 'Sarita' 6-max Seat #1 is the button
Seat 1: Velbor107 ($189.23 in chips)
Seat 4: Herr Uber ($144.64 in chips)
Velbor107: posts small blind $1
Herr Uber: posts big blind $3
*** HOLE CARDS ***
Velbor107: raises $3 to $6
Herr Uber: folds
Uncalled bet ($3) returned to Velbor107
Velbor107 collected $6 from pot
*** SUMMARY ***
Total pot $6 | Rake $0
Seat 1: Velbor107 (button) (small blind) collected ($6)
Seat 4: Herr Uber (big blind) folded before Flop


PokerStars Hand #169440433700:  Hold'em Limit ($3/$6 USD) - 2017/04/23 7:57:12 ET
Table 'Sarita' 6-max Seat #1 is the button
Seat 1: Velbor107 ($180.23 in chips)
Seat 4: Herr Uber ($153.16 in chips)
Velbor107: posts small blind $1
Herr Uber: posts big blind $3
*** HOLE CARDS ***
Velbor107: raises $3 to $6
Herr Uber: calls $3
*** FLOP *** [4d As 9d]
Herr Uber: checks
Velbor107: bets $3
Herr Uber: calls $3
*** TURN *** [4d As 9d] [8d]
Herr Uber: checks
Velbor107: checks
*** RIVER *** [4d As 9d 8d] [5d]
Herr Uber: bets $6
Velbor107: calls $6
*** SHOW DOWN ***
Herr Uber: shows [Kd Jc] (a flush, King high)
Velbor107: mucks hand
Herr Uber collected $29.50 from pot
*** SUMMARY ***
Total pot $30 | Rake $0.50
Board [4d As 9d 8d 5d]
Seat 1: Velbor107 (button) (small blind) mucked
Seat 4: Herr Uber (big blind) showed [Kd Jc] and won ($29.50) with a flush, King high


PokerStars Hand #169440424165:  Hold'em Limit ($3/$6 USD) - 2017/04/23 7:56:52 ET
Table 'Sarita' 6-max Seat #4 is the button
Seat 1: Velbor107 ($192.23 in chips)
Seat 4: Herr Uber ($141.64 in chips)
Herr Uber: posts small blind $1
Velbor107: posts big blind $3
*** HOLE CARDS ***
Herr Uber: calls $2
Velbor107: checks
*** FLOP *** [5d 4h Jd]
Velbor107: bets $3
Herr Uber: calls $3
*** TURN *** [5d 4h Jd] [Ks]
Velbor107: bets $6
Herr Uber: calls $6
*** RIVER *** [5d 4h Jd Ks] [Ac]
Velbor107: checks
Herr Uber: checks
*** SHOW DOWN ***
Velbor107: shows [6s 4s] (a pair of Fours)
Herr Uber: shows [4c Qh] (a pair of Fours - Ace+King+Queen kicker)
Herr Uber collected $23.52 from pot
*** SUMMARY ***
Total pot $24 | Rake $0.48
Board [5d 4h Jd Ks Ac]
Seat 1: Velbor107 (big blind) showed [6s 4s] and lost with a pair of Fours
Seat 4: Herr Uber (button) (small blind) showed [4c Qh] and won ($23.52) with a pair of Fours


PokerStars Hand #169440451275:  Hold'em Limit ($3/$6 USD) - 2017/04/23 7:57:49 ET
Table 'Sarita' 6-max Seat #4 is the button
Seat 1: Velbor107 ($165.23 in chips)
Seat 4: Herr Uber ($167.66 in chips)
Herr Uber: posts small blind $1
Velbor107: posts big blind $3
*** HOLE CARDS ***
Herr Uber: raises $3 to $6
Velbor107: calls $3
*** FLOP *** [2d Ac Ts]
Velbor107: checks
Herr Uber: bets $3
Velbor107: folds
Uncalled bet ($3) returned to Herr Uber
Herr Uber collected $11.76 from pot
Herr Uber: doesn't show hand
*** SUMMARY ***
Total pot $12 | Rake $0.24
Board [2d Ac Ts]
Seat 1: Velbor107 (big blind) folded on the Flop
Seat 4: Herr Uber (button) (small blind) collected ($11.76)


PokerStars Hand #169440459748:  Hold'em Limit ($3/$6 USD) - 2017/04/23 7:58:06 ET
Table 'Sarita' 6-max Seat #1 is the button
Seat 1: Velbor107 ($159.23 in chips)
Seat 4: Herr Uber ($173.42 in chips)
Velbor107: posts small blind $1
Herr Uber: posts big blind $3
*** HOLE CARDS ***
Velbor107: raises $3 to $6
Herr Uber: calls $3
*** FLOP *** [Js Qh Kh]
Herr Uber: checks
Velbor107: bets $3
Herr Uber: folds
Uncalled bet ($3) returned to Velbor107
Velbor107 collected $11.76 from pot
*** SUMMARY ***
Total pot $12 | Rake $0.24
Board [Js Qh Kh]
Seat 1: Velbor107 (button) (small blind) collected ($11.76)
Seat 4: Herr Uber (big blind) folded on the Flop


PokerStars Hand #169440465070:  Hold'em Limit ($3/$6 USD) - 2017/04/23 7:58:17 ET
Table 'Sarita' 6-max Seat #4 is the button
Seat 1: Velbor107 ($164.99 in chips)
Seat 4: Herr Uber ($167.42 in chips)
Herr Uber: posts small blind $1
Velbor107: posts big blind $3
*** HOLE CARDS ***
Herr Uber: folds
Uncalled bet ($2) returned to Velbor107
Velbor107 collected $2 from pot
*** SUMMARY ***
Total pot $2 | Rake $0
Seat 1: Velbor107 (big blind) collected ($2)
Seat 4: Herr Uber (button) (small blind) folded before Flop


PokerStars Hand #169440470078:  Hold'em Limit ($3/$6 USD) - 2017/04/23 7:58:28 ET
Table 'Sarita' 6-max Seat #4 is the button
Seat 1: Velbor107 ($168.99 in chips)
Seat 4: Herr Uber ($163.42 in chips)
Herr Uber: posts small blind $1
Velbor107: posts big blind $3
*** HOLE CARDS ***
Herr Uber: folds
Uncalled bet ($2) returned to Velbor107
Velbor107 collected $2 from pot
*** SUMMARY ***
Total pot $2 | Rake $0
Seat 1: Velbor107 (big blind) collected ($2)
Seat 4: Herr Uber (button) (small blind) folded before Flop


PokerStars Hand #169440467281:  Hold'em Limit ($3/$6 USD) - 2017/04/23 7:58:22 ET
Table 'Sarita' 6-max Seat #1 is the button
Seat 1: Velbor107 ($165.99 in chips)
Seat 4: Herr Uber ($166.42 in chips)
Velbor107: posts small blind $1
Herr Uber: posts big blind $3
*** HOLE CARDS ***
Velbor107: raises $3 to $6
Herr Uber: folds
Uncalled bet ($3) returned to Velbor107
Velbor107 collected $6 from pot
*** SUMMARY ***
Total pot $6 | Rake $0
Seat 1: Velbor107 (button) (small blind) collected ($6)
Seat 4: Herr Uber (big blind) folded before Flop


PokerStars Hand #169440472356:  Hold'em Limit ($3/$6 USD) - 2017/04/23 7:58:33 ET
Table 'Sarita' 6-max Seat #1 is the button
Seat 1: Velbor107 ($169.99 in chips)
Seat 4: Herr Uber ($162.42 in chips)
Velbor107: posts small blind $1
Herr Uber: posts big blind $3
*** HOLE CARDS ***
Velbor107: raises $3 to $6
Herr Uber: calls $3
*** FLOP *** [Qs Th Jd]
Herr Uber: checks
Velbor107: bets $3
Herr Uber: calls $3
*** TURN *** [Qs Th Jd] [5d]
Herr Uber: checks
Velbor107: bets $6
Herr Uber: calls $6
*** RIVER *** [Qs Th Jd 5d] [Kh]
Herr Uber: checks
Velbor107: bets $6
Herr Uber: folds
Uncalled bet ($6) returned to Velbor107
Velbor107 collected $29.50 from pot
*** SUMMARY ***
Total pot $30 | Rake $0.50
Board [Qs Th Jd 5d Kh]
Seat 1: Velbor107 (button) (small blind) collected ($29.50)
Seat 4: Herr Uber (big blind) folded on the River


PokerStars Hand #169440485405:  Hold'em Limit ($3/$6 USD) - 2017/04/23 7:59:00 ET
Table 'Sarita' 6-max Seat #4 is the button
Seat 1: Velbor107 ($184.49 in chips)
Seat 4: Herr Uber ($147.42 in chips)
Herr Uber: posts small blind $1
Velbor107: posts big blind $3
*** HOLE CARDS ***
Herr Uber: raises $3 to $6
Velbor107: calls $3
*** FLOP *** [9h Ad Jd]
Velbor107: checks
Herr Uber: bets $3
Velbor107: calls $3
*** TURN *** [9h Ad Jd] [7s]
Velbor107: checks
Herr Uber: bets $6
Velbor107: calls $6
*** RIVER *** [9h Ad Jd 7s] [8c]
Velbor107: checks
Herr Uber: bets $6
Velbor107: calls $6
*** SHOW DOWN ***
Herr Uber: shows [Jc Td] (a straight, Seven to Jack)
Velbor107: mucks hand
Herr Uber collected $41.50 from pot
fluit83 joins the table at seat #3
*** SUMMARY ***
Total pot $42 | Rake $0.50
Board [9h Ad Jd 7s 8c]
Seat 1: Velbor107 (big blind) mucked
Seat 4: Herr Uber (button) (small blind) showed [Jc Td] and won ($41.50) with a straight, Seven to Jack


PokerStars Hand #169440513157:  Hold'em Limit ($3/$6 USD) - 2017/04/23 7:59:58 ET
Table 'Sarita' 6-max Seat #4 is the button
Seat 3: fluit83 ($125.37 in chips)
Seat 4: Herr Uber ($171.53 in chips)
Herr Uber: posts small blind $1
Velbor107: is sitting out
fluit83: posts big blind $3
*** HOLE CARDS ***
Herr Uber: folds
Uncalled bet ($2) returned to fluit83
Velbor107 leaves the table
fluit83 collected $2 from pot
fluit83: doesn't show hand
*** SUMMARY ***
Total pot $2 | Rake $0
Seat 3: fluit83 (big blind) collected ($2)
Seat 4: Herr Uber (button) (small blind) folded before Flop


PokerStars Hand #169440515515:  Hold'em Limit ($3/$6 USD) - 2017/04/23 8:00:03 ET
Table 'Sarita' 6-max Seat #3 is the button
Seat 3: fluit83 ($126.37 in chips)
Seat 4: Herr Uber ($170.53 in chips)
fluit83: posts small blind $1
Herr Uber: posts big blind $3
*** HOLE CARDS ***
Velbor107 joins the table at seat #5
fluit83: raises $3 to $6
Herr Uber: calls $3
*** FLOP *** [8h 3c 9s]
Herr Uber: checks
fluit83: bets $3
Herr Uber: folds
Uncalled bet ($3) returned to fluit83
fluit83 collected $11.76 from pot
fluit83: doesn't show hand
*** SUMMARY ***
Total pot $12 | Rake $0.24
Board [8h 3c 9s]
Seat 3: fluit83 (button) (small blind) collected ($11.76)
Seat 4: Herr Uber (big blind) folded on the Flop


PokerStars Hand #169441455135:  Hold'em Limit ($3/$6 USD) - 2017/04/23 8:27:39 ET
Table 'Sarita' 6-max Seat #1 is the button
Seat 1: alasad444 ($66.83 in chips)
Seat 6: hooverr ($103.92 in chips)
alasad444: posts small blind $1
ice0034: is sitting out
Velbor107: is sitting out
hooverr: posts big blind $3
*** HOLE CARDS ***
Velbor107 leaves the table
Velbor107 joins the table at seat #2
alasad444: folds
Uncalled bet ($2) returned to hooverr
hooverr collected $2 from pot
hooverr: doesn't show hand
*** SUMMARY ***
Total pot $2 | Rake $0
Seat 1: alasad444 (button) (small blind) folded before Flop
Seat 6: hooverr (big blind) collected ($2)


PokerStars Hand #169441463475:  Hold'em Limit ($3/$6 USD) - 2017/04/23 8:27:53 ET
Table 'Sarita' 6-max Seat #6 is the button
Seat 1: alasad444 ($65.83 in chips)
Seat 6: hooverr ($104.92 in chips)
hooverr: posts small blind $1
alasad444: posts big blind $3
*** HOLE CARDS ***
hooverr: raises $3 to $6
alasad444: raises $3 to $9
hooverr: calls $3
*** FLOP *** [Ah 6h 4h]
alasad444: bets $3
hooverr: folds
Uncalled bet ($3) returned to alasad444
alasad444 collected $17.64 from pot
alasad444: doesn't show hand
*** SUMMARY ***
Total pot $18 | Rake $0.36
Board [Ah 6h 4h]
Seat 1: alasad444 (big blind) collected ($17.64)
Seat 6: hooverr (button) (small blind) folded on the Flop


PokerStars Hand #169441898178:  Hold'em Limit ($3/$6 USD) - 2017/04/23 8:39:51 ET
Table 'Sarita' 6-max Seat #4 is the button
Seat 3: mitch4242 ($139.20 in chips)
Seat 4: ice0034 ($103.19 in chips)
ice0034: posts small blind $1
mitch4242: posts big blind $3
*** HOLE CARDS ***
hooverr leaves the table
ice0034: raises $3 to $6
mitch4242: raises $3 to $9
ice0034: raises $3 to $12
Betting is capped
mitch4242: calls $3
*** FLOP *** [Kd 9s Qc]
mitch4242: bets $3
ice0034: raises $3 to $6
mitch4242: raises $3 to $9
ice0034: calls $3
*** TURN *** [Kd 9s Qc] [4h]
mitch4242: bets $6
ice0034: calls $6
*** RIVER *** [Kd 9s Qc 4h] [Js]
mitch4242: bets $6
ice0034: calls $6
*** SHOW DOWN ***
mitch4242: shows [As Qh] (a pair of Queens)
ice0034: shows [Ac Ad] (a pair of Aces)
ice0034 collected $65.50 from pot
*** SUMMARY ***
Total pot $66 | Rake $0.50
Board [Kd 9s Qc 4h Js]
Seat 3: mitch4242 (big blind) showed [As Qh] and lost with a pair of Queens
Seat 4: ice0034 (button) (small blind) showed [Ac Ad] and won ($65.50) with a pair of Aces


