PokerStars Hand #157803436397:  Hold'em Limit ($3/$6 USD) - 2016/08/27 10:29:17 ET
Table 'Sarita' 6-max Seat #3 is the button
Seat 2: Mr.Reaper47 ($140.50 in chips)
Seat 3: simper11 ($120 in chips)
simper11: posts small blind $1
Mr.Reaper47: posts big blind $3
*** HOLE CARDS ***
simper11: folds
Uncalled bet ($2) returned to Mr.Reaper47
Mr.Reaper47 collected $2 from pot
Mr.Reaper47: doesn't show hand
*** SUMMARY ***
Total pot $2 | Rake $0
Seat 2: Mr.Reaper47 (big blind) collected ($2)
Seat 3: simper11 (button) (small blind) folded before Flop


PokerStars Hand #157803421596:  Hold'em Limit ($3/$6 USD) - 2016/08/27 10:28:52 ET
Table 'Sarita' 6-max Seat #2 is the button
Seat 2: Mr.Reaper47 ($120 in chips)
Seat 3: simper11 ($120 in chips)
Mr.Reaper47: posts small blind $1
simper11: posts big blind $3
*** HOLE CARDS ***
Mr.Reaper47: calls $2
simper11: raises $3 to $6
Mr.Reaper47: calls $3
*** FLOP *** [6h 9s Kh]
simper11: bets $3
Mr.Reaper47: calls $3
*** TURN *** [6h 9s Kh] [8h]
simper11: bets $6
Mr.Reaper47: calls $6
*** RIVER *** [6h 9s Kh 8h] [2c]
simper11: checks
Mr.Reaper47: bets $6
simper11: calls $6
*** SHOW DOWN ***
Mr.Reaper47: shows [7c Td] (a straight, Six to Ten)
simper11: mucks hand
Mr.Reaper47 collected $41.50 from pot
*** SUMMARY ***
Total pot $42 | Rake $0.50
Board [6h 9s Kh 8h 2c]
Seat 2: Mr.Reaper47 (button) (small blind) showed [7c Td] and won ($41.50) with a straight, Six to Ten
Seat 3: simper11 (big blind) mucked


PokerStars Hand #157803440282:  Hold'em Limit ($3/$6 USD) - 2016/08/27 10:29:23 ET
Table 'Sarita' 6-max Seat #2 is the button
Seat 2: Mr.Reaper47 ($141.50 in chips)
Seat 3: simper11 ($120 in chips)
Mr.Reaper47: posts small blind $1
simper11: posts big blind $3
*** HOLE CARDS ***
Mr.Reaper47: raises $3 to $6
simper11: calls $3
*** FLOP *** [4h 8c 7h]
simper11: checks
Mr.Reaper47: checks
*** TURN *** [4h 8c 7h] [6h]
simper11: checks
Mr.Reaper47: bets $6
simper11: calls $6
*** RIVER *** [4h 8c 7h 6h] [6d]
simper11: checks
Mr.Reaper47: checks
*** SHOW DOWN ***
simper11: shows [3d 9d] (a pair of Sixes)
Mr.Reaper47: shows [Jh Qd] (a pair of Sixes - Queen kicker)
Mr.Reaper47 collected $23.52 from pot
*** SUMMARY ***
Total pot $24 | Rake $0.48
Board [4h 8c 7h 6h 6d]
Seat 2: Mr.Reaper47 (button) (small blind) showed [Jh Qd] and won ($23.52) with a pair of Sixes
Seat 3: simper11 (big blind) showed [3d 9d] and lost with a pair of Sixes


PokerStars Hand #157803451030:  Hold'em Limit ($3/$6 USD) - 2016/08/27 10:29:41 ET
Table 'Sarita' 6-max Seat #3 is the button
Seat 2: Mr.Reaper47 ($153.02 in chips)
Seat 3: simper11 ($120 in chips)
simper11: posts small blind $1
Mr.Reaper47: posts big blind $3
*** HOLE CARDS ***
simper11: raises $3 to $6
Mr.Reaper47: calls $3
*** FLOP *** [9s 3h 3s]
Mr.Reaper47: checks
simper11: bets $3
Mr.Reaper47: folds
Uncalled bet ($3) returned to simper11
simper11 collected $11.76 from pot
simper11: doesn't show hand
*** SUMMARY ***
Total pot $12 | Rake $0.24
Board [9s 3h 3s]
Seat 2: Mr.Reaper47 (big blind) folded on the Flop
Seat 3: simper11 (button) (small blind) collected ($11.76)


PokerStars Hand #157803457662:  Hold'em Limit ($3/$6 USD) - 2016/08/27 10:29:52 ET
Table 'Sarita' 6-max Seat #2 is the button
Seat 2: Mr.Reaper47 ($147.02 in chips)
Seat 3: simper11 ($125.76 in chips)
Mr.Reaper47: posts small blind $1
simper11: posts big blind $3
*** HOLE CARDS ***
Mr.Reaper47: calls $2
simper11: checks
*** FLOP *** [6d 8s 3c]
simper11: checks
Mr.Reaper47: checks
*** TURN *** [6d 8s 3c] [5s]
simper11: bets $6
Mr.Reaper47: calls $6
*** RIVER *** [6d 8s 3c 5s] [6h]
simper11: bets $6
Mr.Reaper47: folds
Uncalled bet ($6) returned to simper11
simper11 collected $17.64 from pot
simper11: doesn't show hand
*** SUMMARY ***
Total pot $18 | Rake $0.36
Board [6d 8s 3c 5s 6h]
Seat 2: Mr.Reaper47 (button) (small blind) folded on the River
Seat 3: simper11 (big blind) collected ($17.64)


PokerStars Hand #157803479378:  Hold'em Limit ($3/$6 USD) - 2016/08/27 10:30:28 ET
Table 'Sarita' 6-max Seat #3 is the button
Seat 2: Mr.Reaper47 ($138.02 in chips)
Seat 3: simper11 ($134.40 in chips)
simper11: posts small blind $1
Mr.Reaper47: posts big blind $3
*** HOLE CARDS ***
simper11: raises $3 to $6
Mr.Reaper47: calls $3
*** FLOP *** [4d Qs 7s]
Mr.Reaper47: checks
simper11: bets $3
Mr.Reaper47: calls $3
*** TURN *** [4d Qs 7s] [6d]
Mr.Reaper47: checks
simper11: bets $6
Mr.Reaper47: calls $6
*** RIVER *** [4d Qs 7s 6d] [Th]
Mr.Reaper47: bets $6
simper11: calls $6
*** SHOW DOWN ***
Mr.Reaper47: shows [9s Ts] (a pair of Tens)
simper11: shows [4h Qc] (two pair, Queens and Fours)
simper11 collected $41.50 from pot
*** SUMMARY ***
Total pot $42 | Rake $0.50
Board [4d Qs 7s 6d Th]
Seat 2: Mr.Reaper47 (big blind) showed [9s Ts] and lost with a pair of Tens
Seat 3: simper11 (button) (small blind) showed [4h Qc] and won ($41.50) with two pair, Queens and Fours


PokerStars Hand #157803491361:  Hold'em Limit ($3/$6 USD) - 2016/08/27 10:30:48 ET
Table 'Sarita' 6-max Seat #2 is the button
Seat 2: Mr.Reaper47 ($117.02 in chips)
Seat 3: simper11 ($154.90 in chips)
Mr.Reaper47: posts small blind $1
simper11: posts big blind $3
*** HOLE CARDS ***
Mr.Reaper47: calls $2
simper11: checks
*** FLOP *** [8d Jd 6c]
simper11: checks
Mr.Reaper47: bets $3
simper11: folds
Uncalled bet ($3) returned to Mr.Reaper47
Mr.Reaper47 collected $5.88 from pot
Mr.Reaper47: doesn't show hand
*** SUMMARY ***
Total pot $6 | Rake $0.12
Board [8d Jd 6c]
Seat 2: Mr.Reaper47 (button) (small blind) collected ($5.88)
Seat 3: simper11 (big blind) folded on the Flop


PokerStars Hand #157803500333:  Hold'em Limit ($3/$6 USD) - 2016/08/27 10:31:02 ET
Table 'Sarita' 6-max Seat #3 is the button
Seat 2: Mr.Reaper47 ($119.90 in chips)
Seat 3: simper11 ($151.90 in chips)
simper11: posts small blind $1
Mr.Reaper47: posts big blind $3
*** HOLE CARDS ***
simper11: folds
Uncalled bet ($2) returned to Mr.Reaper47
Mr.Reaper47 collected $2 from pot
Mr.Reaper47: doesn't show hand
MARIBORO8 joins the table at seat #4
*** SUMMARY ***
Total pot $2 | Rake $0
Seat 2: Mr.Reaper47 (big blind) collected ($2)
Seat 3: simper11 (button) (small blind) folded before Flop


PokerStars Hand #157803838439:  Hold'em Limit ($3/$6 USD) - 2016/08/27 10:40:17 ET
Table 'Sarita' 6-max Seat #1 is the button
Seat 1: DECAlpha ($112.43 in chips)
Seat 6: RockKillerTY ($139.12 in chips)
DECAlpha: posts small blind $1
simper11: is sitting out
VolkovDmitri: is sitting out
RockKillerTY: posts big blind $3
*** HOLE CARDS ***
VolkovDmitri leaves the table
DECAlpha: raises $3 to $6
RockKillerTY: calls $3
*** FLOP *** [6h 5d Ac]
RockKillerTY: checks
DECAlpha: bets $3
RockKillerTY: folds
Uncalled bet ($3) returned to DECAlpha
DECAlpha collected $11.76 from pot
DECAlpha: doesn't show hand
*** SUMMARY ***
Total pot $12 | Rake $0.24
Board [6h 5d Ac]
Seat 1: DECAlpha (button) (small blind) collected ($11.76)
Seat 6: RockKillerTY (big blind) folded on the Flop


