PokerStars Hand #146057578469:  Hold'em Limit ($3/$6 USD) - 2015/12/28 9:44:16 ET
Table 'Sarir II' 2-max Seat #1 is the button
Seat 1: _fayzulllo_ ($87.34 in chips)
Seat 2: punkrott ($66 in chips)
_fayzulllo_: posts small blind $1
punkrott: posts big blind $3
*** HOLE CARDS ***
_fayzulllo_: calls $2
punkrott: checks
*** FLOP *** [Ad 7h Ac]
punkrott: checks
_fayzulllo_: checks
*** TURN *** [Ad 7h Ac] [Th]
punkrott: bets $6
_fayzulllo_: calls $6
*** RIVER *** [Ad 7h Ac Th] [2d]
punkrott: checks
_fayzulllo_: bets $6
punkrott: folds
Uncalled bet ($6) returned to _fayzulllo_
_fayzulllo_ collected $17.64 from pot
_fayzulllo_: doesn't show hand
*** SUMMARY ***
Total pot $18 | Rake $0.36
Board [Ad 7h Ac Th 2d]
Seat 1: _fayzulllo_ (button) (small blind) collected ($17.64)
Seat 2: punkrott (big blind) folded on the River


PokerStars Hand #146057590121:  Hold'em Limit ($3/$6 USD) - 2015/12/28 9:44:33 ET
Table 'Sarir II' 2-max Seat #2 is the button
Seat 1: _fayzulllo_ ($95.98 in chips)
Seat 2: punkrott ($57 in chips)
punkrott: posts small blind $1
_fayzulllo_: posts big blind $3
*** HOLE CARDS ***
punkrott: raises $3 to $6
_fayzulllo_: calls $3
*** FLOP *** [4d 3s 8h]
_fayzulllo_: checks
punkrott: checks
*** TURN *** [4d 3s 8h] [4h]
_fayzulllo_: checks
punkrott: bets $6
_fayzulllo_: raises $6 to $12
punkrott: folds
Uncalled bet ($6) returned to _fayzulllo_
_fayzulllo_ collected $23.52 from pot
_fayzulllo_: doesn't show hand
*** SUMMARY ***
Total pot $24 | Rake $0.48
Board [4d 3s 8h 4h]
Seat 1: _fayzulllo_ (big blind) collected ($23.52)
Seat 2: punkrott (button) (small blind) folded on the Turn


PokerStars Hand #146057600988:  Hold'em Limit ($3/$6 USD) - 2015/12/28 9:44:48 ET
Table 'Sarir II' 2-max Seat #1 is the button
Seat 1: _fayzulllo_ ($107.50 in chips)
Seat 2: punkrott ($105 in chips)
_fayzulllo_: posts small blind $1
punkrott: posts big blind $3
*** HOLE CARDS ***
_fayzulllo_: calls $2
punkrott: checks
*** FLOP *** [2h 7c Kc]
punkrott: checks
_fayzulllo_: checks
*** TURN *** [2h 7c Kc] [Jc]
punkrott: checks
_fayzulllo_: checks
*** RIVER *** [2h 7c Kc Jc] [As]
punkrott: checks
_fayzulllo_: bets $6
punkrott: folds
Uncalled bet ($6) returned to _fayzulllo_
_fayzulllo_ collected $5.88 from pot
_fayzulllo_: doesn't show hand
*** SUMMARY ***
Total pot $6 | Rake $0.12
Board [2h 7c Kc Jc As]
Seat 1: _fayzulllo_ (button) (small blind) collected ($5.88)
Seat 2: punkrott (big blind) folded on the River


PokerStars Hand #146057611296:  Hold'em Limit ($3/$6 USD) - 2015/12/28 9:45:03 ET
Table 'Sarir II' 2-max Seat #2 is the button
Seat 1: _fayzulllo_ ($110.38 in chips)
Seat 2: punkrott ($102 in chips)
punkrott: posts small blind $1
_fayzulllo_: posts big blind $3
*** HOLE CARDS ***
punkrott: raises $3 to $6
_fayzulllo_: calls $3
*** FLOP *** [Qc Jd 7c]
_fayzulllo_: checks
punkrott: bets $3
_fayzulllo_: calls $3
*** TURN *** [Qc Jd 7c] [Js]
_fayzulllo_: checks
punkrott: bets $6
_fayzulllo_: calls $6
*** RIVER *** [Qc Jd 7c Js] [3c]
_fayzulllo_: checks
punkrott: checks
*** SHOW DOWN ***
_fayzulllo_: shows [Kh Qs] (two pair, Queens and Jacks)
punkrott: mucks hand
_fayzulllo_ collected $29.50 from pot
*** SUMMARY ***
Total pot $30 | Rake $0.50
Board [Qc Jd 7c Js 3c]
Seat 1: _fayzulllo_ (big blind) showed [Kh Qs] and won ($29.50) with two pair, Queens and Jacks
Seat 2: punkrott (button) (small blind) mucked


PokerStars Hand #146057623414:  Hold'em Limit ($3/$6 USD) - 2015/12/28 9:45:20 ET
Table 'Sarir II' 2-max Seat #1 is the button
Seat 1: _fayzulllo_ ($124.88 in chips)
Seat 2: punkrott ($87 in chips)
_fayzulllo_: posts small blind $1
punkrott: posts big blind $3
*** HOLE CARDS ***
_fayzulllo_: folds
Uncalled bet ($2) returned to punkrott
punkrott collected $2 from pot
punkrott: doesn't show hand
*** SUMMARY ***
Total pot $2 | Rake $0
Seat 1: _fayzulllo_ (button) (small blind) folded before Flop
Seat 2: punkrott (big blind) collected ($2)


