PokerStars Hand #169658018104:  Hold'em Limit ($3/$6 USD) - 2017/04/28 1:34:01 ET
Table 'Sarin II' 10-max Seat #3 is the button
Seat 3: LifeisagameX ($98.10 in chips)
Seat 8: Agrotait ($72 in chips)
Qvidde will be allowed to play after the button
LifeisagameX: posts small blind $1
Darts: is sitting out
Agrotait: posts big blind $3
*** HOLE CARDS ***
LifeisagameX: raises $3 to $6
Agrotait: calls $3
*** FLOP *** [Qc 5s 3d]
Darts leaves the table
Agrotait: checks
LifeisagameX: bets $3
Agrotait: calls $3
*** TURN *** [Qc 5s 3d] [9s]
Agrotait: checks
LifeisagameX: bets $6
Agrotait: calls $6
*** RIVER *** [Qc 5s 3d 9s] [Td]
Agrotait: checks
LifeisagameX: checks
*** SHOW DOWN ***
Agrotait: shows [4d Ac] (high card Ace)
LifeisagameX: mucks hand
Agrotait collected $29.50 from pot
*** SUMMARY ***
Total pot $30 | Rake $0.50
Board [Qc 5s 3d 9s Td]
Seat 3: LifeisagameX (button) (small blind) mucked
Seat 8: Agrotait (big blind) showed [4d Ac] and won ($29.50) with high card Ace


