PokerStars Hand #162690036483:  Hold'em Limit ($3/$6 USD) - 2016/12/09 18:59:31 ET
Table 'Sarmiento' 6-max Seat #1 is the button
Seat 1: LifeisagameX ($84 in chips)
Seat 3: ciclon18 ($117.43 in chips)
LifeisagameX: posts small blind $1
ciclon18: posts big blind $3
*** HOLE CARDS ***
LifeisagameX: raises $3 to $6
ciclon18: folds
Uncalled bet ($3) returned to LifeisagameX
LifeisagameX collected $6 from pot
LifeisagameX: doesn't show hand
*** SUMMARY ***
Total pot $6 | Rake $0
Seat 1: LifeisagameX (button) (small blind) collected ($6)
Seat 3: ciclon18 (big blind) folded before Flop


PokerStars Hand #162690047987:  Hold'em Limit ($3/$6 USD) - 2016/12/09 18:59:49 ET
Table 'Sarmiento' 6-max Seat #3 is the button
Seat 1: LifeisagameX ($87 in chips)
Seat 3: ciclon18 ($114.43 in chips)
ciclon18: posts small blind $1
LifeisagameX: posts big blind $3
*** HOLE CARDS ***
ciclon18: calls $2
LifeisagameX: checks
*** FLOP *** [Qh Qd 3s]
LifeisagameX: bets $3
ciclon18: folds
Uncalled bet ($3) returned to LifeisagameX
LifeisagameX collected $5.88 from pot
LifeisagameX: doesn't show hand
*** SUMMARY ***
Total pot $6 | Rake $0.12
Board [Qh Qd 3s]
Seat 1: LifeisagameX (big blind) collected ($5.88)
Seat 3: ciclon18 (button) (small blind) folded on the Flop


PokerStars Hand #162690064436:  Hold'em Limit ($3/$6 USD) - 2016/12/09 19:00:14 ET
Table 'Sarmiento' 6-max Seat #1 is the button
Seat 1: LifeisagameX ($89.88 in chips)
Seat 3: ciclon18 ($111.43 in chips)
LifeisagameX: posts small blind $1
ciclon18: posts big blind $3
*** HOLE CARDS ***
LifeisagameX: folds
Uncalled bet ($2) returned to ciclon18
ciclon18 collected $2 from pot
ciclon18: doesn't show hand
*** SUMMARY ***
Total pot $2 | Rake $0
Seat 1: LifeisagameX (button) (small blind) folded before Flop
Seat 3: ciclon18 (big blind) collected ($2)


PokerStars Hand #162690099355:  Hold'em Limit ($3/$6 USD) - 2016/12/09 19:01:06 ET
Table 'Sarmiento' 6-max Seat #1 is the button
Seat 1: LifeisagameX ($84 in chips)
Seat 3: ciclon18 ($129.93 in chips)
LifeisagameX: posts small blind $1
ciclon18: posts big blind $3
*** HOLE CARDS ***
LifeisagameX: raises $3 to $6
ciclon18: calls $3
*** FLOP *** [3s 2c Jh]
ciclon18: checks
LifeisagameX: bets $3
Kaukadiginte joins the table at seat #2
ciclon18: calls $3
*** TURN *** [3s 2c Jh] [9c]
ciclon18: checks
LifeisagameX: bets $6
ciclon18: folds
Uncalled bet ($6) returned to LifeisagameX
LifeisagameX collected $17.64 from pot
LifeisagameX: doesn't show hand
*** SUMMARY ***
Total pot $18 | Rake $0.36
Board [3s 2c Jh 9c]
Seat 1: LifeisagameX (button) (small blind) collected ($17.64)
Seat 3: ciclon18 (big blind) folded on the Turn


PokerStars Hand #162690068799:  Hold'em Limit ($3/$6 USD) - 2016/12/09 19:00:21 ET
Table 'Sarmiento' 6-max Seat #3 is the button
Seat 1: LifeisagameX ($88.88 in chips)
Seat 3: ciclon18 ($112.43 in chips)
ciclon18: posts small blind $1
LifeisagameX: posts big blind $3
*** HOLE CARDS ***
ciclon18: raises $3 to $6
LifeisagameX: calls $3
*** FLOP *** [6c Ah As]
LifeisagameX: checks
ciclon18: bets $3
linocarrelli joins the table at seat #6
LifeisagameX: raises $3 to $6
ciclon18: calls $3
*** TURN *** [6c Ah As] [Ks]
LifeisagameX: checks
ciclon18: checks
*** RIVER *** [6c Ah As Ks] [3c]
LifeisagameX: checks
ciclon18: bets $6
LifeisagameX: calls $6
*** SHOW DOWN ***
ciclon18: shows [9c 9h] (two pair, Aces and Nines)
LifeisagameX: mucks hand
ciclon18 collected $35.50 from pot
*** SUMMARY ***
Total pot $36 | Rake $0.50
Board [6c Ah As Ks 3c]
Seat 1: LifeisagameX (big blind) mucked
Seat 3: ciclon18 (button) (small blind) showed [9c 9h] and won ($35.50) with two pair, Aces and Nines


PokerStars Hand #162697628959:  Hold'em Limit ($3/$6 USD) - 2016/12/09 22:49:53 ET
Table 'Sarmiento' 6-max Seat #4 is the button
Seat 1: feilinho ($199.67 in chips)
Seat 4: ToDaFelt ($165.30 in chips)
ToDaFelt: posts small blind $1
Chessnok: is sitting out
feilinho: posts big blind $3
*** HOLE CARDS ***
ToDaFelt: raises $3 to $6
feilinho: raises $3 to $9
ToDaFelt: calls $3
*** FLOP *** [7d 6d Qc]
Chessnok leaves the table
feilinho: bets $3
ToDaFelt: calls $3
*** TURN *** [7d 6d Qc] [3s]
feilinho: bets $6
ToDaFelt: calls $6
*** RIVER *** [7d 6d Qc 3s] [Kh]
feilinho: bets $6
ToDaFelt: calls $6
*** SHOW DOWN ***
feilinho: shows [2d Ks] (a pair of Kings)
ToDaFelt: mucks hand
feilinho collected $47.50 from pot
*** SUMMARY ***
Total pot $48 | Rake $0.50
Board [7d 6d Qc 3s Kh]
Seat 1: feilinho (big blind) showed [2d Ks] and won ($47.50) with a pair of Kings
Seat 4: ToDaFelt (button) (small blind) mucked


