PokerStars Hand #159323937778:  Hold'em Limit ($3/$6 USD) - 2016/10/01 7:12:44 ET
Table 'Sarpedon' 6-max Seat #4 is the button
Seat 1: Velbor107 ($323.50 in chips)
Seat 4: Töttöröö94 ($12 in chips)
Töttöröö94: posts small blind $1
Velbor107: posts big blind $3
*** HOLE CARDS ***
Töttöröö94: raises $3 to $6
Velbor107: raises $3 to $9
Töttöröö94: raises $3 to $12 and is all-in
Betting is capped
Velbor107: calls $3
*** FLOP *** [5s Ah 2h]
*** TURN *** [5s Ah 2h] [Ts]
*** RIVER *** [5s Ah 2h Ts] [6d]
*** SHOW DOWN ***
Velbor107: shows [Th Ks] (a pair of Tens)
Töttöröö94: shows [Kd 9d] (high card Ace)
Velbor107 collected $23.52 from pot
*** SUMMARY ***
Total pot $24 | Rake $0.48
Board [5s Ah 2h Ts 6d]
Seat 1: Velbor107 (big blind) showed [Th Ks] and won ($23.52) with a pair of Tens
Seat 4: Töttöröö94 (button) (small blind) showed [Kd 9d] and lost with high card Ace


PokerStars Hand #159326555930:  Hold'em Limit ($3/$6 USD) - 2016/10/01 8:42:52 ET
Table 'Sarpedon' 6-max Seat #6 is the button
Seat 1: Velbor107 ($346.54 in chips)
Seat 6: HAOYUN88888 ($24.58 in chips)
HAOYUN88888: posts small blind $1
Velbor107: posts big blind $3
*** HOLE CARDS ***
HAOYUN88888: raises $3 to $6
Velbor107: raises $3 to $9
HAOYUN88888: calls $3
*** FLOP *** [8c Kh 3d]
Velbor107: bets $3
HAOYUN88888: folds
Uncalled bet ($3) returned to Velbor107
Velbor107 collected $17.64 from pot
*** SUMMARY ***
Total pot $18 | Rake $0.36
Board [8c Kh 3d]
Seat 1: Velbor107 (big blind) collected ($17.64)
Seat 6: HAOYUN88888 (button) (small blind) folded on the Flop


PokerStars Hand #159326545862:  Hold'em Limit ($3/$6 USD) - 2016/10/01 8:42:33 ET
Table 'Sarpedon' 6-max Seat #1 is the button
Seat 1: Velbor107 ($335.02 in chips)
Seat 6: HAOYUN88888 ($36.58 in chips)
Velbor107: posts small blind $1
HAOYUN88888: posts big blind $3
*** HOLE CARDS ***
Velbor107: raises $3 to $6
HAOYUN88888: calls $3
*** FLOP *** [4c Th 7s]
HAOYUN88888: checks
Velbor107: checks
*** TURN *** [4c Th 7s] [4d]
HAOYUN88888: bets $6
Velbor107: calls $6
*** RIVER *** [4c Th 7s 4d] [2s]
HAOYUN88888: checks
Velbor107: checks
*** SHOW DOWN ***
HAOYUN88888: shows [Qh 5d] (a pair of Fours)
Velbor107: shows [5h Kd] (a pair of Fours - King kicker)
Velbor107 collected $23.52 from pot
*** SUMMARY ***
Total pot $24 | Rake $0.48
Board [4c Th 7s 4d 2s]
Seat 1: Velbor107 (button) (small blind) showed [5h Kd] and won ($23.52) with a pair of Fours
Seat 6: HAOYUN88888 (big blind) showed [Qh 5d] and lost with a pair of Fours


PokerStars Hand #159326561073:  Hold'em Limit ($3/$6 USD) - 2016/10/01 8:43:02 ET
Table 'Sarpedon' 6-max Seat #1 is the button
Seat 1: Velbor107 ($355.18 in chips)
Seat 6: HAOYUN88888 ($15.58 in chips)
Velbor107: posts small blind $1
HAOYUN88888: posts big blind $3
*** HOLE CARDS ***
Velbor107: raises $3 to $6
HAOYUN88888: calls $3
*** FLOP *** [Ts Js Ad]
HAOYUN88888: checks
Velbor107: bets $3
HAOYUN88888: calls $3
*** TURN *** [Ts Js Ad] [Qd]
HAOYUN88888: bets $6
Velbor107: raises $6 to $12
HAOYUN88888: calls $0.58 and is all-in
Uncalled bet ($5.42) returned to Velbor107
*** RIVER *** [Ts Js Ad Qd] [2c]
*** SHOW DOWN ***
HAOYUN88888: shows [Kc 8d] (a straight, Ten to Ace)
Velbor107: shows [6s Kh] (a straight, Ten to Ace)
HAOYUN88888 collected $15.33 from pot
Velbor107 collected $15.33 from pot
*** SUMMARY ***
Total pot $31.16 | Rake $0.50
Board [Ts Js Ad Qd 2c]
Seat 1: Velbor107 (button) (small blind) showed [6s Kh] and won ($15.33) with a straight, Ten to Ace
Seat 6: HAOYUN88888 (big blind) showed [Kc 8d] and won ($15.33) with a straight, Ten to Ace


PokerStars Hand #159326580570:  Hold'em Limit ($3/$6 USD) - 2016/10/01 8:43:39 ET
Table 'Sarpedon' 6-max Seat #6 is the button
Seat 1: Velbor107 ($354.93 in chips)
Seat 6: HAOYUN88888 ($15.33 in chips)
HAOYUN88888: posts small blind $1
Velbor107: posts big blind $3
*** HOLE CARDS ***
HAOYUN88888: raises $3 to $6
Velbor107: folds
Uncalled bet ($3) returned to HAOYUN88888
HAOYUN88888 collected $6 from pot
HAOYUN88888: doesn't show hand
*** SUMMARY ***
Total pot $6 | Rake $0
Seat 1: Velbor107 (big blind) folded before Flop
Seat 6: HAOYUN88888 (button) (small blind) collected ($6)


PokerStars Hand #159326592716:  Hold'em Limit ($3/$6 USD) - 2016/10/01 8:44:02 ET
Table 'Sarpedon' 6-max Seat #6 is the button
Seat 1: Velbor107 ($357.69 in chips)
Seat 6: HAOYUN88888 ($12.33 in chips)
HAOYUN88888: posts small blind $1
Velbor107: posts big blind $3
*** HOLE CARDS ***
HAOYUN88888: raises $3 to $6
Velbor107: raises $3 to $9
HAOYUN88888: calls $3
*** FLOP *** [2h Js 9s]
Velbor107: bets $3
HAOYUN88888: raises $0.33 to $3.33 and is all-in
Velbor107: calls $0.33
*** TURN *** [2h Js 9s] [Jc]
*** RIVER *** [2h Js 9s Jc] [9h]
*** SHOW DOWN ***
Velbor107: shows [Ac Qh] (two pair, Jacks and Nines)
HAOYUN88888: shows [Jd 7d] (a full house, Jacks full of Nines)
HAOYUN88888 collected $24.17 from pot
*** SUMMARY ***
Total pot $24.66 | Rake $0.49
Board [2h Js 9s Jc 9h]
Seat 1: Velbor107 (big blind) showed [Ac Qh] and lost with two pair, Jacks and Nines
Seat 6: HAOYUN88888 (button) (small blind) showed [Jd 7d] and won ($24.17) with a full house, Jacks full of Nines


PokerStars Hand #159326585171:  Hold'em Limit ($3/$6 USD) - 2016/10/01 8:43:48 ET
Table 'Sarpedon' 6-max Seat #1 is the button
Seat 1: Velbor107 ($351.93 in chips)
Seat 6: HAOYUN88888 ($18.33 in chips)
Velbor107: posts small blind $1
HAOYUN88888: posts big blind $3
*** HOLE CARDS ***
Velbor107: raises $3 to $6
HAOYUN88888: calls $3
*** FLOP *** [4d 5c Qh]
HAOYUN88888: checks
bubsski joins the table at seat #5
Velbor107: bets $3
HAOYUN88888: folds
Uncalled bet ($3) returned to Velbor107
Velbor107 collected $11.76 from pot
*** SUMMARY ***
Total pot $12 | Rake $0.24
Board [4d 5c Qh]
Seat 1: Velbor107 (button) (small blind) collected ($11.76)
Seat 6: HAOYUN88888 (big blind) folded on the Flop


PokerStars Hand #159326619243:  Hold'em Limit ($3/$6 USD) - 2016/10/01 8:44:52 ET
Table 'Sarpedon' 6-max Seat #5 is the button
Seat 1: Velbor107 ($369.05 in chips)
Seat 5: bubsski ($35 in chips)
bubsski: posts small blind $1
Velbor107: posts big blind $3
*** HOLE CARDS ***
bubsski: raises $3 to $6
Velbor107: folds
Uncalled bet ($3) returned to bubsski
bubsski collected $6 from pot
HAOYUN88888 leaves the table
*** SUMMARY ***
Total pot $6 | Rake $0
Seat 1: Velbor107 (big blind) folded before Flop
Seat 5: bubsski (button) (small blind) collected ($6)


