PokerStars Hand #167888691565:  Hold'em Limit ($3/$6 USD) - 2017/03/21 2:25:09 ET
Table 'Sarpedon' 6-max Seat #5 is the button
Seat 1: LifeisagameX ($87 in chips)
Seat 5: habari786 ($84.26 in chips)
habari786: posts small blind $1
LifeisagameX: posts big blind $3
*** HOLE CARDS ***
habari786: raises $3 to $6
LifeisagameX: raises $3 to $9
habari786: calls $3
*** FLOP *** [Qd As Qs]
LifeisagameX: bets $3
habari786: calls $3
*** TURN *** [Qd As Qs] [Th]
LifeisagameX: checks
habari786: bets $6
LifeisagameX: folds
Uncalled bet ($6) returned to habari786
habari786 collected $23.52 from pot
habari786: doesn't show hand
*** SUMMARY ***
Total pot $24 | Rake $0.48
Board [Qd As Qs Th]
Seat 1: LifeisagameX (big blind) folded on the Turn
Seat 5: habari786 (button) (small blind) collected ($23.52)


PokerStars Hand #167888702619:  Hold'em Limit ($3/$6 USD) - 2017/03/21 2:25:55 ET
Table 'Sarpedon' 6-max Seat #1 is the button
Seat 1: LifeisagameX ($84 in chips)
Seat 5: habari786 ($95.78 in chips)
LifeisagameX: posts small blind $1
habari786: posts big blind $3
*** HOLE CARDS ***
LifeisagameX: raises $3 to $6
habari786: folds
Uncalled bet ($3) returned to LifeisagameX
LifeisagameX collected $6 from pot
LifeisagameX: doesn't show hand
*** SUMMARY ***
Total pot $6 | Rake $0
Seat 1: LifeisagameX (button) (small blind) collected ($6)
Seat 5: habari786 (big blind) folded before Flop


PokerStars Hand #167888704683:  Hold'em Limit ($3/$6 USD) - 2017/03/21 2:26:04 ET
Table 'Sarpedon' 6-max Seat #5 is the button
Seat 1: LifeisagameX ($87 in chips)
Seat 5: habari786 ($92.78 in chips)
habari786: posts small blind $1
LifeisagameX: posts big blind $3
*** HOLE CARDS ***
habari786: raises $3 to $6
LifeisagameX: raises $3 to $9
habari786: raises $3 to $12
Betting is capped
LifeisagameX: calls $3
*** FLOP *** [7c Tc 7s]
LifeisagameX: checks
habari786: bets $3
LifeisagameX: calls $3
*** TURN *** [7c Tc 7s] [Qs]
LifeisagameX: checks
habari786: bets $6
LifeisagameX: calls $6
*** RIVER *** [7c Tc 7s Qs] [Kc]
LifeisagameX: checks
habari786: bets $6
LifeisagameX: calls $6
*** SHOW DOWN ***
habari786: shows [Ks Qh] (two pair, Kings and Queens)
LifeisagameX: mucks hand
habari786 collected $53.50 from pot
*** SUMMARY ***
Total pot $54 | Rake $0.50
Board [7c Tc 7s Qs Kc]
Seat 1: LifeisagameX (big blind) mucked
Seat 5: habari786 (button) (small blind) showed [Ks Qh] and won ($53.50) with two pair, Kings and Queens


PokerStars Hand #167888716268:  Hold'em Limit ($3/$6 USD) - 2017/03/21 2:26:51 ET
Table 'Sarpedon' 6-max Seat #1 is the button
Seat 1: LifeisagameX ($84 in chips)
Seat 5: habari786 ($119.28 in chips)
LifeisagameX: posts small blind $1
habari786: posts big blind $3
*** HOLE CARDS ***
LifeisagameX: raises $3 to $6
habari786: raises $3 to $9
artecris joins the table at seat #3
LifeisagameX: calls $3
*** FLOP *** [Th 8d Ac]
habari786: bets $3
LifeisagameX: raises $3 to $6
habari786: calls $3
*** TURN *** [Th 8d Ac] [Ts]
habari786: checks
LifeisagameX: bets $6
habari786: calls $6
*** RIVER *** [Th 8d Ac Ts] [8c]
habari786: checks
LifeisagameX: bets $6
habari786: folds
Uncalled bet ($6) returned to LifeisagameX
craaa joins the table at seat #4
LifeisagameX collected $41.50 from pot
LifeisagameX: doesn't show hand
*** SUMMARY ***
Total pot $42 | Rake $0.50
Board [Th 8d Ac Ts 8c]
Seat 1: LifeisagameX (button) (small blind) collected ($41.50)
Seat 5: habari786 (big blind) folded on the River


PokerStars Hand #167888745097:  Hold'em Limit ($3/$6 USD) - 2017/03/21 2:28:51 ET
Table 'Sarpedon' 6-max Seat #5 is the button
Seat 3: artecris ($76.98 in chips)
Seat 5: habari786 ($112.78 in chips)
craaa will be allowed to play after the button
habari786: posts small blind $1
artecris: posts big blind $3
*** HOLE CARDS ***
habari786: folds
Uncalled bet ($2) returned to artecris
artecris collected $2 from pot
artecris: doesn't show hand
*** SUMMARY ***
Total pot $2 | Rake $0
Seat 3: artecris (big blind) collected ($2)
Seat 5: habari786 (button) (small blind) folded before Flop


PokerStars Hand #167890074234:  Hold'em Limit ($3/$6 USD) - 2017/03/21 3:57:05 ET
Table 'Sarpedon' 6-max Seat #6 is the button
Seat 2: Zooshark ($93.31 in chips)
Seat 6: Scheubi88 ($155.55 in chips)
Scheubi88: posts small blind $1
Zooshark: posts big blind $3
*** HOLE CARDS ***
Scheubi88: raises $3 to $6
Zooshark: folds
Uncalled bet ($3) returned to Scheubi88
Scheubi88 collected $6 from pot
Scheubi88: doesn't show hand
*** SUMMARY ***
Total pot $6 | Rake $0
Seat 2: Zooshark (big blind) folded before Flop
Seat 6: Scheubi88 (button) (small blind) collected ($6)


PokerStars Hand #167890072742:  Hold'em Limit ($3/$6 USD) - 2017/03/21 3:56:59 ET
Table 'Sarpedon' 6-max Seat #2 is the button
Seat 2: Zooshark ($94.31 in chips)
Seat 6: Scheubi88 ($154.55 in chips)
Zooshark: posts small blind $1
Agrotait: is sitting out
craaa: is sitting out
Scheubi88: posts big blind $3
*** HOLE CARDS ***
Agrotait leaves the table
Zooshark: folds
Uncalled bet ($2) returned to Scheubi88
Scheubi88 collected $2 from pot
Scheubi88: doesn't show hand
*** SUMMARY ***
Total pot $2 | Rake $0
Seat 2: Zooshark (button) (small blind) folded before Flop
Seat 6: Scheubi88 (big blind) collected ($2)


