PokerStars Hand #154747267627:  Hold'em Limit ($3/$6 USD) - 2016/06/14 20:01:19 ET
Table 'Sarpedon' 6-max Seat #5 is the button
Seat 5: krytalex ($123.80 in chips)
Seat 6: maggiemoodle ($60 in chips)
krytalex: posts small blind $1
maggiemoodle: posts big blind $3
*** HOLE CARDS ***
Bluffman9000 joins the table at seat #2
csicsi83 joins the table at seat #3
krytalex: raises $3 to $6
maggiemoodle: raises $3 to $9
krytalex: calls $3
*** FLOP *** [Qh Kh 9d]
maggiemoodle: bets $3
krytalex: folds
Uncalled bet ($3) returned to maggiemoodle
ValeryRon joins the table at seat #1
maggiemoodle collected $17.64 from pot
*** SUMMARY ***
Total pot $18 | Rake $0.36
Board [Qh Kh 9d]
Seat 5: krytalex (button) (small blind) folded on the Flop
Seat 6: maggiemoodle (big blind) collected ($17.64)


PokerStars Hand #154753448090:  Hold'em Limit ($3/$6 USD) - 2016/06/15 1:10:16 ET
Table 'Sarpedon' 6-max Seat #4 is the button
Seat 4: miss kitty50 ($212.37 in chips)
Seat 6: Murrrr_@T ($112.83 in chips)
miss kitty50: posts small blind $1
Murrrr_@T: posts big blind $3
*** HOLE CARDS ***
miss kitty50: calls $2
Murrrr_@T: raises $3 to $6
miss kitty50: calls $3
*** FLOP *** [2d 8s 6s]
Murrrr_@T: bets $3
miss kitty50: folds
Uncalled bet ($3) returned to Murrrr_@T
D Juice11 joins the table at seat #2
Murrrr_@T collected $11.76 from pot
Murrrr_@T: doesn't show hand
*** SUMMARY ***
Total pot $12 | Rake $0.24
Board [2d 8s 6s]
Seat 4: miss kitty50 (button) (small blind) folded on the Flop
Seat 6: Murrrr_@T (big blind) collected ($11.76)


PokerStars Hand #154753972720:  Hold'em Limit ($3/$6 USD) - 2016/06/15 1:46:50 ET
Table 'Sarpedon' 6-max Seat #4 is the button
Seat 4: miss kitty50 ($247.63 in chips)
Seat 6: Murrrr_@T ($41.32 in chips)
miss kitty50: posts small blind $1
Murrrr_@T: posts big blind $3
*** HOLE CARDS ***
miss kitty50: folds
Uncalled bet ($2) returned to Murrrr_@T
Murrrr_@T collected $2 from pot
Murrrr_@T: doesn't show hand
*** SUMMARY ***
Total pot $2 | Rake $0
Seat 4: miss kitty50 (button) (small blind) folded before Flop
Seat 6: Murrrr_@T (big blind) collected ($2)


PokerStars Hand #154753965258:  Hold'em Limit ($3/$6 USD) - 2016/06/15 1:46:19 ET
Table 'Sarpedon' 6-max Seat #6 is the button
Seat 4: miss kitty50 ($241.87 in chips)
Seat 6: Murrrr_@T ($47.32 in chips)
Murrrr_@T: posts small blind $1
alpha2777: is sitting out
miss kitty50: posts big blind $3
*** HOLE CARDS ***
alpha2777 leaves the table
Murrrr_@T: raises $3 to $6
miss kitty50: calls $3
*** FLOP *** [8s 9c 4s]
miss kitty50: checks
Murrrr_@T: checks
*** TURN *** [8s 9c 4s] [Jh]
miss kitty50: bets $6
Murrrr_@T: folds
Uncalled bet ($6) returned to miss kitty50
miss kitty50 collected $11.76 from pot
miss kitty50: doesn't show hand
*** SUMMARY ***
Total pot $12 | Rake $0.24
Board [8s 9c 4s Jh]
Seat 4: miss kitty50 (big blind) collected ($11.76)
Seat 6: Murrrr_@T (button) (small blind) folded on the Turn


PokerStars Hand #154753974281:  Hold'em Limit ($3/$6 USD) - 2016/06/15 1:46:57 ET
Table 'Sarpedon' 6-max Seat #6 is the button
Seat 4: miss kitty50 ($246.63 in chips)
Seat 6: Murrrr_@T ($42.32 in chips)
Murrrr_@T: posts small blind $1
miss kitty50: posts big blind $3
*** HOLE CARDS ***
Murrrr_@T: raises $3 to $6
miss kitty50: folds
Uncalled bet ($3) returned to Murrrr_@T
Murrrr_@T collected $6 from pot
Murrrr_@T: doesn't show hand
*** SUMMARY ***
Total pot $6 | Rake $0
Seat 4: miss kitty50 (big blind) folded before Flop
Seat 6: Murrrr_@T (button) (small blind) collected ($6)


PokerStars Hand #154753976102:  Hold'em Limit ($3/$6 USD) - 2016/06/15 1:47:05 ET
Table 'Sarpedon' 6-max Seat #4 is the button
Seat 4: miss kitty50 ($243.63 in chips)
Seat 6: Murrrr_@T ($45.32 in chips)
miss kitty50: posts small blind $1
Murrrr_@T: posts big blind $3
*** HOLE CARDS ***
miss kitty50: raises $3 to $6
Murrrr_@T: raises $3 to $9
miss kitty50: calls $3
*** FLOP *** [4s 7s Jc]
Murrrr_@T: bets $3
miss kitty50: calls $3
*** TURN *** [4s 7s Jc] [8d]
Murrrr_@T: checks
miss kitty50: bets $6
Murrrr_@T: calls $6
*** RIVER *** [4s 7s Jc 8d] [Ac]
Murrrr_@T: bets $6
miss kitty50: calls $6
*** SHOW DOWN ***
Murrrr_@T: shows [6d Ad] (a pair of Aces)
miss kitty50: mucks hand
Murrrr_@T collected $47.50 from pot
*** SUMMARY ***
Total pot $48 | Rake $0.50
Board [4s 7s Jc 8d Ac]
Seat 4: miss kitty50 (button) (small blind) mucked
Seat 6: Murrrr_@T (big blind) showed [6d Ad] and won ($47.50) with a pair of Aces


