PokerStars Hand #148565652106:  Hold'em Limit ($3/$6 USD) - 2016/02/10 12:03:22 ET
Table 'Sasin' 2-max Seat #1 is the button
Seat 1: nrJitsu ($198.88 in chips)
Seat 2: LikeLenz ($50.73 in chips)
nrJitsu: posts small blind $1
LikeLenz: posts big blind $3
*** HOLE CARDS ***
nrJitsu: raises $3 to $6
LikeLenz: calls $3
*** FLOP *** [2s 7h 8c]
LikeLenz: checks
nrJitsu: bets $3
LikeLenz: calls $3
*** TURN *** [2s 7h 8c] [Kh]
LikeLenz: bets $6
nrJitsu: calls $6
*** RIVER *** [2s 7h 8c Kh] [Js]
LikeLenz: bets $6
nrJitsu: calls $6
*** SHOW DOWN ***
LikeLenz: shows [Ts 4h] (high card King)
nrJitsu: shows [7d Qc] (a pair of Sevens)
nrJitsu collected $41.50 from pot
*** SUMMARY ***
Total pot $42 | Rake $0.50
Board [2s 7h 8c Kh Js]
Seat 1: nrJitsu (button) (small blind) showed [7d Qc] and won ($41.50) with a pair of Sevens
Seat 2: LikeLenz (big blind) showed [Ts 4h] and lost with high card King


PokerStars Hand #148565618427:  Hold'em Limit ($3/$6 USD) - 2016/02/10 12:02:45 ET
Table 'Sasin' 2-max Seat #2 is the button
Seat 1: nrJitsu ($201.88 in chips)
Seat 2: LikeLenz ($47.85 in chips)
LikeLenz: posts small blind $1
nrJitsu: posts big blind $3
*** HOLE CARDS ***
LikeLenz: calls $2
nrJitsu: checks
*** FLOP *** [Kd Kc 8d]
nrJitsu: checks
LikeLenz: checks
*** TURN *** [Kd Kc 8d] [Td]
nrJitsu: checks
LikeLenz: checks
*** RIVER *** [Kd Kc 8d Td] [8s]
nrJitsu: checks
LikeLenz: checks
*** SHOW DOWN ***
nrJitsu: shows [6s 5h] (two pair, Kings and Eights)
LikeLenz: shows [Jh 9c] (two pair, Kings and Eights - Jack kicker)
LikeLenz collected $5.88 from pot
*** SUMMARY ***
Total pot $6 | Rake $0.12
Board [Kd Kc 8d Td 8s]
Seat 1: nrJitsu (big blind) showed [6s 5h] and lost with two pair, Kings and Eights
Seat 2: LikeLenz (button) (small blind) showed [Jh 9c] and won ($5.88) with two pair, Kings and Eights


PokerStars Hand #148565718756:  Hold'em Limit ($3/$6 USD) - 2016/02/10 12:04:34 ET
Table 'Sasin' 2-max Seat #1 is the button
Seat 1: nrJitsu ($207.38 in chips)
Seat 2: LikeLenz ($41.25 in chips)
nrJitsu: posts small blind $1
LikeLenz: posts big blind $3
*** HOLE CARDS ***
nrJitsu: raises $3 to $6
LikeLenz: calls $3
*** FLOP *** [Kc Ad 8c]
LikeLenz: checks
nrJitsu: checks
*** TURN *** [Kc Ad 8c] [8h]
LikeLenz: bets $6
nrJitsu: folds
Uncalled bet ($6) returned to LikeLenz
LikeLenz collected $11.76 from pot
*** SUMMARY ***
Total pot $12 | Rake $0.24
Board [Kc Ad 8c 8h]
Seat 1: nrJitsu (button) (small blind) folded on the Turn
Seat 2: LikeLenz (big blind) collected ($11.76)


PokerStars Hand #148565686257:  Hold'em Limit ($3/$6 USD) - 2016/02/10 12:03:59 ET
Table 'Sasin' 2-max Seat #2 is the button
Seat 1: nrJitsu ($219.38 in chips)
Seat 2: LikeLenz ($29.73 in chips)
LikeLenz: posts small blind $1
nrJitsu: posts big blind $3
*** HOLE CARDS ***
LikeLenz: calls $2
nrJitsu: checks
*** FLOP *** [4s 6c 8s]
nrJitsu: checks
LikeLenz: bets $3
nrJitsu: calls $3
*** TURN *** [4s 6c 8s] [9c]
nrJitsu: checks
LikeLenz: bets $6
nrJitsu: calls $6
*** RIVER *** [4s 6c 8s 9c] [Js]
nrJitsu: checks
LikeLenz: checks
*** SHOW DOWN ***
nrJitsu: shows [7h Ks] (high card King)
LikeLenz: shows [4h Qd] (a pair of Fours)
LikeLenz collected $23.52 from pot
*** SUMMARY ***
Total pot $24 | Rake $0.48
Board [4s 6c 8s 9c Js]
Seat 1: nrJitsu (big blind) showed [7h Ks] and lost with high card King
Seat 2: LikeLenz (button) (small blind) showed [4h Qd] and won ($23.52) with a pair of Fours


PokerStars Hand #148565798855:  Hold'em Limit ($3/$6 USD) - 2016/02/10 12:06:01 ET
Table 'Sasin' 2-max Seat #1 is the button
Seat 1: nrJitsu ($217.88 in chips)
Seat 2: LikeLenz ($29.89 in chips)
nrJitsu: posts small blind $1
LikeLenz: posts big blind $3
*** HOLE CARDS ***
nrJitsu: folds
Uncalled bet ($2) returned to LikeLenz
LikeLenz collected $2 from pot
*** SUMMARY ***
Total pot $2 | Rake $0
Seat 1: nrJitsu (button) (small blind) folded before Flop
Seat 2: LikeLenz (big blind) collected ($2)


PokerStars Hand #148565781258:  Hold'em Limit ($3/$6 USD) - 2016/02/10 12:05:42 ET
Table 'Sasin' 2-max Seat #2 is the button
Seat 1: nrJitsu ($197.38 in chips)
Seat 2: LikeLenz ($50.89 in chips)
LikeLenz: posts small blind $1
nrJitsu: posts big blind $3
*** HOLE CARDS ***
LikeLenz: calls $2
nrJitsu: raises $3 to $6
LikeLenz: calls $3
*** FLOP *** [7d 8d Ad]
nrJitsu: bets $3
LikeLenz: calls $3
*** TURN *** [7d 8d Ad] [2s]
nrJitsu: bets $6
LikeLenz: calls $6
*** RIVER *** [7d 8d Ad 2s] [5h]
nrJitsu: bets $6
LikeLenz: calls $6
*** SHOW DOWN ***
nrJitsu: shows [Jc Jd] (a pair of Jacks)
LikeLenz: mucks hand
nrJitsu collected $41.50 from pot
*** SUMMARY ***
Total pot $42 | Rake $0.50
Board [7d 8d Ad 2s 5h]
Seat 1: nrJitsu (big blind) showed [Jc Jd] and won ($41.50) with a pair of Jacks
Seat 2: LikeLenz (button) (small blind) mucked


PokerStars Hand #148565777411:  Hold'em Limit ($3/$6 USD) - 2016/02/10 12:05:38 ET
Table 'Sasin' 2-max Seat #1 is the button
Seat 1: nrJitsu ($198.38 in chips)
Seat 2: LikeLenz ($49.89 in chips)
nrJitsu: posts small blind $1
LikeLenz: posts big blind $3
*** HOLE CARDS ***
nrJitsu: folds
Uncalled bet ($2) returned to LikeLenz
LikeLenz collected $2 from pot
*** SUMMARY ***
Total pot $2 | Rake $0
Seat 1: nrJitsu (button) (small blind) folded before Flop
Seat 2: LikeLenz (big blind) collected ($2)


PokerStars Hand #148565770881:  Hold'em Limit ($3/$6 USD) - 2016/02/10 12:05:31 ET
Table 'Sasin' 2-max Seat #2 is the button
Seat 1: nrJitsu ($201.38 in chips)
Seat 2: LikeLenz ($46.89 in chips)
LikeLenz: posts small blind $1
nrJitsu: posts big blind $3
*** HOLE CARDS ***
LikeLenz: raises $3 to $6
nrJitsu: folds
Uncalled bet ($3) returned to LikeLenz
LikeLenz collected $6 from pot
*** SUMMARY ***
Total pot $6 | Rake $0
Seat 1: nrJitsu (big blind) folded before Flop
Seat 2: LikeLenz (button) (small blind) collected ($6)


PokerStars Hand #148565766030:  Hold'em Limit ($3/$6 USD) - 2016/02/10 12:05:25 ET
Table 'Sasin' 2-max Seat #1 is the button
Seat 1: nrJitsu ($198.38 in chips)
Seat 2: LikeLenz ($49.89 in chips)
nrJitsu: posts small blind $1
LikeLenz: posts big blind $3
*** HOLE CARDS ***
nrJitsu: raises $3 to $6
LikeLenz: folds
Uncalled bet ($3) returned to nrJitsu
nrJitsu collected $6 from pot
nrJitsu: doesn't show hand
*** SUMMARY ***
Total pot $6 | Rake $0
Seat 1: nrJitsu (button) (small blind) collected ($6)
Seat 2: LikeLenz (big blind) folded before Flop


PokerStars Hand #148565746572:  Hold'em Limit ($3/$6 USD) - 2016/02/10 12:05:05 ET
Table 'Sasin' 2-max Seat #2 is the button
Seat 1: nrJitsu ($201.38 in chips)
Seat 2: LikeLenz ($47.01 in chips)
LikeLenz: posts small blind $1
nrJitsu: posts big blind $3
*** HOLE CARDS ***
LikeLenz: calls $2
nrJitsu: checks
*** FLOP *** [7d 8c Ad]
nrJitsu: checks
LikeLenz: checks
*** TURN *** [7d 8c Ad] [2s]
nrJitsu: checks
LikeLenz: bets $6
nrJitsu: folds
Uncalled bet ($6) returned to LikeLenz
LikeLenz collected $5.88 from pot
*** SUMMARY ***
Total pot $6 | Rake $0.12
Board [7d 8c Ad 2s]
Seat 1: nrJitsu (big blind) folded on the Turn
Seat 2: LikeLenz (button) (small blind) collected ($5.88)


PokerStars Hand #148565844743:  Hold'em Limit ($3/$6 USD) - 2016/02/10 12:06:50 ET
Table 'Sasin' 2-max Seat #1 is the button
Seat 1: nrJitsu ($231.38 in chips)
Seat 2: LikeLenz ($15.89 in chips)
nrJitsu: posts small blind $1
LikeLenz: posts big blind $3
*** HOLE CARDS ***
nrJitsu: raises $3 to $6
LikeLenz: calls $3
*** FLOP *** [2c Td 6d]
LikeLenz: checks
nrJitsu: checks
*** TURN *** [2c Td 6d] [9d]
LikeLenz: checks
nrJitsu: bets $6
LikeLenz: calls $6
*** RIVER *** [2c Td 6d 9d] [2s]
LikeLenz: checks
nrJitsu: checks
*** SHOW DOWN ***
LikeLenz: shows [Kd 3h] (a pair of Deuces)
nrJitsu: shows [8d 6h] (two pair, Sixes and Deuces)
nrJitsu collected $23.52 from pot
*** SUMMARY ***
Total pot $24 | Rake $0.48
Board [2c Td 6d 9d 2s]
Seat 1: nrJitsu (button) (small blind) showed [8d 6h] and won ($23.52) with two pair, Sixes and Deuces
Seat 2: LikeLenz (big blind) showed [Kd 3h] and lost with a pair of Deuces


PokerStars Hand #148565802917:  Hold'em Limit ($3/$6 USD) - 2016/02/10 12:06:05 ET
Table 'Sasin' 2-max Seat #2 is the button
Seat 1: nrJitsu ($216.88 in chips)
Seat 2: LikeLenz ($30.89 in chips)
LikeLenz: posts small blind $1
nrJitsu: posts big blind $3
*** HOLE CARDS ***
LikeLenz: calls $2
nrJitsu: raises $3 to $6
LikeLenz: calls $3
*** FLOP *** [6h Qd Qh]
nrJitsu: bets $3
LikeLenz: calls $3
*** TURN *** [6h Qd Qh] [3s]
nrJitsu: checks
LikeLenz: checks
*** RIVER *** [6h Qd Qh 3s] [5h]
nrJitsu: bets $6
LikeLenz: calls $6
*** SHOW DOWN ***
nrJitsu: shows [8h 8c] (two pair, Queens and Eights)
LikeLenz: mucks hand
nrJitsu collected $29.50 from pot
*** SUMMARY ***
Total pot $30 | Rake $0.50
Board [6h Qd Qh 3s 5h]
Seat 1: nrJitsu (big blind) showed [8h 8c] and won ($29.50) with two pair, Queens and Eights
Seat 2: LikeLenz (button) (small blind) mucked


PokerStars Hand #148565881749:  Hold'em Limit ($3/$6 USD) - 2016/02/10 12:07:30 ET
Table 'Sasin' 2-max Seat #2 is the button
Seat 1: nrJitsu ($242.01 in chips)
Seat 2: LikeLenz ($4.62 in chips)
LikeLenz: posts small blind $1
nrJitsu: posts big blind $3
*** HOLE CARDS ***
LikeLenz: raises $1.62 to $4.62 and is all-in
nrJitsu: calls $1.62
*** FLOP *** [5s 4d 3d]
*** TURN *** [5s 4d 3d] [As]
*** RIVER *** [5s 4d 3d As] [Ks]
*** SHOW DOWN ***
nrJitsu: shows [4c Qc] (a pair of Fours)
LikeLenz: shows [6d Qh] (high card Ace)
nrJitsu collected $9.06 from pot
*** SUMMARY ***
Total pot $9.24 | Rake $0.18
Board [5s 4d 3d As Ks]
Seat 1: nrJitsu (big blind) showed [4c Qc] and won ($9.06) with a pair of Fours
Seat 2: LikeLenz (button) (small blind) showed [6d Qh] and lost with high card Ace


PokerStars Hand #148565876030:  Hold'em Limit ($3/$6 USD) - 2016/02/10 12:07:24 ET
Table 'Sasin' 2-max Seat #1 is the button
Seat 1: nrJitsu ($239.01 in chips)
Seat 2: LikeLenz ($7.62 in chips)
nrJitsu: posts small blind $1
LikeLenz: posts big blind $3
*** HOLE CARDS ***
nrJitsu: raises $3 to $6
LikeLenz: folds
Uncalled bet ($3) returned to nrJitsu
nrJitsu collected $6 from pot
nrJitsu: doesn't show hand
*** SUMMARY ***
Total pot $6 | Rake $0
Seat 1: nrJitsu (button) (small blind) collected ($6)
Seat 2: LikeLenz (big blind) folded before Flop


PokerStars Hand #148565863601:  Hold'em Limit ($3/$6 USD) - 2016/02/10 12:07:10 ET
Table 'Sasin' 2-max Seat #2 is the button
Seat 1: nrJitsu ($242.90 in chips)
Seat 2: LikeLenz ($3.89 in chips)
LikeLenz: posts small blind $1
nrJitsu: posts big blind $3
*** HOLE CARDS ***
LikeLenz: raises $0.89 to $3.89 and is all-in
nrJitsu: calls $0.89
*** FLOP *** [Td Ts Js]
*** TURN *** [Td Ts Js] [9h]
*** RIVER *** [Td Ts Js 9h] [Jc]
*** SHOW DOWN ***
nrJitsu: shows [3h Qc] (two pair, Jacks and Tens)
LikeLenz: shows [Tc 2h] (a full house, Tens full of Jacks)
LikeLenz collected $7.62 from pot
*** SUMMARY ***
Total pot $7.78 | Rake $0.16
Board [Td Ts Js 9h Jc]
Seat 1: nrJitsu (big blind) showed [3h Qc] and lost with two pair, Jacks and Tens
Seat 2: LikeLenz (button) (small blind) showed [Tc 2h] and won ($7.62) with a full house, Tens full of Jacks


PokerStars Hand #148571283200:  Hold'em Limit ($3/$6 USD) - 2016/02/10 13:39:46 ET
Table 'Sasin' 2-max Seat #2 is the button
Seat 1: nrJitsu ($211.45 in chips)
Seat 2: jl45259071 ($167.06 in chips)
jl45259071: posts small blind $1
nrJitsu: posts big blind $3
*** HOLE CARDS ***
jl45259071: calls $2
nrJitsu: checks
*** FLOP *** [Ac Th 4s]
nrJitsu: checks
jl45259071: checks
*** TURN *** [Ac Th 4s] [Jd]
nrJitsu: bets $6
jl45259071: calls $6
*** RIVER *** [Ac Th 4s Jd] [Kd]
nrJitsu: bets $6
jl45259071: calls $6
*** SHOW DOWN ***
nrJitsu: shows [8c 3s] (high card Ace)
jl45259071: shows [Kc 7d] (a pair of Kings)
jl45259071 collected $29.50 from pot
*** SUMMARY ***
Total pot $30 | Rake $0.50
Board [Ac Th 4s Jd Kd]
Seat 1: nrJitsu (big blind) showed [8c 3s] and lost with high card Ace
Seat 2: jl45259071 (button) (small blind) showed [Kc 7d] and won ($29.50) with a pair of Kings


PokerStars Hand #148571357383:  Hold'em Limit ($3/$6 USD) - 2016/02/10 13:40:59 ET
Table 'Sasin' 2-max Seat #2 is the button
Seat 1: nrJitsu ($243.09 in chips)
Seat 2: jl45259071 ($133.56 in chips)
jl45259071: posts small blind $1
nrJitsu: posts big blind $3
*** HOLE CARDS ***
jl45259071: calls $2
nrJitsu: checks
*** FLOP *** [4c 3h Ts]
nrJitsu: checks
jl45259071: bets $3
nrJitsu: folds
Uncalled bet ($3) returned to jl45259071
jl45259071 collected $5.88 from pot
jl45259071: doesn't show hand
*** SUMMARY ***
Total pot $6 | Rake $0.12
Board [4c 3h Ts]
Seat 1: nrJitsu (big blind) folded on the Flop
Seat 2: jl45259071 (button) (small blind) collected ($5.88)


PokerStars Hand #148571339997:  Hold'em Limit ($3/$6 USD) - 2016/02/10 13:40:42 ET
Table 'Sasin' 2-max Seat #1 is the button
Seat 1: nrJitsu ($219.59 in chips)
Seat 2: jl45259071 ($157.56 in chips)
nrJitsu: posts small blind $1
jl45259071: posts big blind $3
*** HOLE CARDS ***
nrJitsu: raises $3 to $6
jl45259071: raises $3 to $9
nrJitsu: calls $3
*** FLOP *** [Qc 4c 5s]
jl45259071: bets $3
nrJitsu: calls $3
*** TURN *** [Qc 4c 5s] [8d]
jl45259071: bets $6
nrJitsu: calls $6
*** RIVER *** [Qc 4c 5s 8d] [As]
jl45259071: bets $6
nrJitsu: raises $6 to $12
jl45259071: folds
Uncalled bet ($6) returned to nrJitsu
nrJitsu collected $47.50 from pot
nrJitsu: doesn't show hand
*** SUMMARY ***
Total pot $48 | Rake $0.50
Board [Qc 4c 5s 8d As]
Seat 1: nrJitsu (button) (small blind) collected ($47.50)
Seat 2: jl45259071 (big blind) folded on the River


PokerStars Hand #148571327602:  Hold'em Limit ($3/$6 USD) - 2016/02/10 13:40:30 ET
Table 'Sasin' 2-max Seat #2 is the button
Seat 1: nrJitsu ($210.95 in chips)
Seat 2: jl45259071 ($166.56 in chips)
jl45259071: posts small blind $1
nrJitsu: posts big blind $3
*** HOLE CARDS ***
jl45259071: calls $2
nrJitsu: raises $3 to $6
jl45259071: calls $3
*** FLOP *** [6s 2s 4c]
nrJitsu: bets $3
jl45259071: calls $3
*** TURN *** [6s 2s 4c] [Kh]
nrJitsu: bets $6
jl45259071: folds
Uncalled bet ($6) returned to nrJitsu
nrJitsu collected $17.64 from pot
nrJitsu: doesn't show hand
*** SUMMARY ***
Total pot $18 | Rake $0.36
Board [6s 2s 4c Kh]
Seat 1: nrJitsu (big blind) collected ($17.64)
Seat 2: jl45259071 (button) (small blind) folded on the Turn


PokerStars Hand #148571303002:  Hold'em Limit ($3/$6 USD) - 2016/02/10 13:40:06 ET
Table 'Sasin' 2-max Seat #1 is the button
Seat 1: nrJitsu ($196.45 in chips)
Seat 2: jl45259071 ($181.56 in chips)
nrJitsu: posts small blind $1
jl45259071: posts big blind $3
*** HOLE CARDS ***
nrJitsu: raises $3 to $6
jl45259071: calls $3
*** FLOP *** [6c Kd 5c]
jl45259071: checks
nrJitsu: bets $3
jl45259071: calls $3
*** TURN *** [6c Kd 5c] [4s]
jl45259071: checks
nrJitsu: bets $6
jl45259071: calls $6
*** RIVER *** [6c Kd 5c 4s] [3c]
jl45259071: checks
nrJitsu: bets $6
jl45259071: folds
Uncalled bet ($6) returned to nrJitsu
nrJitsu collected $29.50 from pot
nrJitsu: doesn't show hand
*** SUMMARY ***
Total pot $30 | Rake $0.50
Board [6c Kd 5c 4s 3c]
Seat 1: nrJitsu (button) (small blind) collected ($29.50)
Seat 2: jl45259071 (big blind) folded on the River


PokerStars Hand #148571446962:  Hold'em Limit ($3/$6 USD) - 2016/02/10 13:42:24 ET
Table 'Sasin' 2-max Seat #2 is the button
Seat 1: nrJitsu ($291.34 in chips)
Seat 2: jl45259071 ($83.19 in chips)
jl45259071: posts small blind $1
nrJitsu: posts big blind $3
*** HOLE CARDS ***
jl45259071: raises $3 to $6
nrJitsu: folds
Uncalled bet ($3) returned to jl45259071
jl45259071 collected $6 from pot
jl45259071: doesn't show hand
*** SUMMARY ***
Total pot $6 | Rake $0
Seat 1: nrJitsu (big blind) folded before Flop
Seat 2: jl45259071 (button) (small blind) collected ($6)


PokerStars Hand #148571430007:  Hold'em Limit ($3/$6 USD) - 2016/02/10 13:42:08 ET
Table 'Sasin' 2-max Seat #1 is the button
Seat 1: nrJitsu ($276.84 in chips)
Seat 2: jl45259071 ($98.19 in chips)
nrJitsu: posts small blind $1
jl45259071: posts big blind $3
*** HOLE CARDS ***
nrJitsu: raises $3 to $6
jl45259071: calls $3
*** FLOP *** [8d 4s 8h]
jl45259071: checks
nrJitsu: bets $3
jl45259071: calls $3
*** TURN *** [8d 4s 8h] [Ts]
jl45259071: checks
nrJitsu: bets $6
jl45259071: calls $6
*** RIVER *** [8d 4s 8h Ts] [Qd]
jl45259071: checks
nrJitsu: bets $6
jl45259071: folds
Uncalled bet ($6) returned to nrJitsu
nrJitsu collected $29.50 from pot
nrJitsu: doesn't show hand
*** SUMMARY ***
Total pot $30 | Rake $0.50
Board [8d 4s 8h Ts Qd]
Seat 1: nrJitsu (button) (small blind) collected ($29.50)
Seat 2: jl45259071 (big blind) folded on the River


PokerStars Hand #148571413089:  Hold'em Limit ($3/$6 USD) - 2016/02/10 13:41:54 ET
Table 'Sasin' 2-max Seat #2 is the button
Seat 1: nrJitsu ($253.34 in chips)
Seat 2: jl45259071 ($122.19 in chips)
jl45259071: posts small blind $1
nrJitsu: posts big blind $3
*** HOLE CARDS ***
jl45259071: raises $3 to $6
nrJitsu: calls $3
*** FLOP *** [9s 3h Jh]
nrJitsu: checks
jl45259071: bets $3
nrJitsu: raises $3 to $6
jl45259071: calls $3
*** TURN *** [9s 3h Jh] [6d]
nrJitsu: bets $6
jl45259071: calls $6
*** RIVER *** [9s 3h Jh 6d] [5c]
nrJitsu: bets $6
jl45259071: calls $6
*** SHOW DOWN ***
nrJitsu: shows [5s 9d] (two pair, Nines and Fives)
jl45259071: mucks hand
nrJitsu collected $47.50 from pot
*** SUMMARY ***
Total pot $48 | Rake $0.50
Board [9s 3h Jh 6d 5c]
Seat 1: nrJitsu (big blind) showed [5s 9d] and won ($47.50) with two pair, Nines and Fives
Seat 2: jl45259071 (button) (small blind) mucked


PokerStars Hand #148571407795:  Hold'em Limit ($3/$6 USD) - 2016/02/10 13:41:48 ET
Table 'Sasin' 2-max Seat #1 is the button
Seat 1: nrJitsu ($254.34 in chips)
Seat 2: jl45259071 ($121.19 in chips)
nrJitsu: posts small blind $1
jl45259071: posts big blind $3
*** HOLE CARDS ***
nrJitsu: folds
Uncalled bet ($2) returned to jl45259071
jl45259071 collected $2 from pot
jl45259071: doesn't show hand
*** SUMMARY ***
Total pot $2 | Rake $0
Seat 1: nrJitsu (button) (small blind) folded before Flop
Seat 2: jl45259071 (big blind) collected ($2)


PokerStars Hand #148571393064:  Hold'em Limit ($3/$6 USD) - 2016/02/10 13:41:34 ET
Table 'Sasin' 2-max Seat #2 is the button
Seat 1: nrJitsu ($239.84 in chips)
Seat 2: jl45259071 ($136.19 in chips)
jl45259071: posts small blind $1
nrJitsu: posts big blind $3
*** HOLE CARDS ***
jl45259071: calls $2
nrJitsu: checks
*** FLOP *** [Kd Jd 2h]
nrJitsu: checks
jl45259071: checks
*** TURN *** [Kd Jd 2h] [4h]
nrJitsu: bets $6
jl45259071: calls $6
*** RIVER *** [Kd Jd 2h 4h] [8h]
nrJitsu: checks
jl45259071: bets $6
nrJitsu: calls $6
*** SHOW DOWN ***
jl45259071: shows [Ts 9c] (high card King)
nrJitsu: shows [2d Td] (a pair of Deuces)
nrJitsu collected $29.50 from pot
*** SUMMARY ***
Total pot $30 | Rake $0.50
Board [Kd Jd 2h 4h 8h]
Seat 1: nrJitsu (big blind) showed [2d Td] and won ($29.50) with a pair of Deuces
Seat 2: jl45259071 (button) (small blind) showed [Ts 9c] and lost with high card King


PokerStars Hand #148571376531:  Hold'em Limit ($3/$6 USD) - 2016/02/10 13:41:18 ET
Table 'Sasin' 2-max Seat #1 is the button
Seat 1: nrJitsu ($240.09 in chips)
Seat 2: jl45259071 ($136.44 in chips)
nrJitsu: posts small blind $1
jl45259071: posts big blind $3
*** HOLE CARDS ***
nrJitsu: raises $3 to $6
jl45259071: calls $3
*** FLOP *** [As Js Kc]
jl45259071: checks
nrJitsu: bets $3
jl45259071: raises $3 to $6
nrJitsu: calls $3
*** TURN *** [As Js Kc] [5s]
jl45259071: bets $6
nrJitsu: calls $6
*** RIVER *** [As Js Kc 5s] [Jd]
jl45259071: bets $6
nrJitsu: calls $6
*** SHOW DOWN ***
jl45259071: shows [Ad 6c] (two pair, Aces and Jacks)
nrJitsu: shows [8s Ah] (two pair, Aces and Jacks)
jl45259071 collected $23.75 from pot
nrJitsu collected $23.75 from pot
*** SUMMARY ***
Total pot $48 | Rake $0.50
Board [As Js Kc 5s Jd]
Seat 1: nrJitsu (button) (small blind) showed [8s Ah] and won ($23.75) with two pair, Aces and Jacks
Seat 2: jl45259071 (big blind) showed [Ad 6c] and won ($23.75) with two pair, Aces and Jacks


PokerStars Hand #148571474308:  Hold'em Limit ($3/$6 USD) - 2016/02/10 13:42:50 ET
Table 'Sasin' 2-max Seat #1 is the button
Seat 1: nrJitsu ($291.10 in chips)
Seat 2: jl45259071 ($83.07 in chips)
nrJitsu: posts small blind $1
jl45259071: posts big blind $3
*** HOLE CARDS ***
nrJitsu: raises $3 to $6
jl45259071: raises $3 to $9
nrJitsu: calls $3
*** FLOP *** [9s Kh 2s]
jl45259071: bets $3
nrJitsu: calls $3
*** TURN *** [9s Kh 2s] [Th]
jl45259071: bets $6
nrJitsu: raises $6 to $12
jl45259071: calls $6
*** RIVER *** [9s Kh 2s Th] [Ts]
jl45259071: checks
nrJitsu: bets $6
jl45259071: raises $6 to $12
nrJitsu: folds
Uncalled bet ($6) returned to jl45259071
jl45259071 collected $59.50 from pot
jl45259071: doesn't show hand
*** SUMMARY ***
Total pot $60 | Rake $0.50
Board [9s Kh 2s Th Ts]
Seat 1: nrJitsu (button) (small blind) folded on the River
Seat 2: jl45259071 (big blind) collected ($59.50)


PokerStars Hand #148571461019:  Hold'em Limit ($3/$6 USD) - 2016/02/10 13:42:38 ET
Table 'Sasin' 2-max Seat #2 is the button
Seat 1: nrJitsu ($294.10 in chips)
Seat 2: jl45259071 ($80.19 in chips)
jl45259071: posts small blind $1
nrJitsu: posts big blind $3
*** HOLE CARDS ***
jl45259071: calls $2
nrJitsu: checks
*** FLOP *** [Tc 4s Qd]
nrJitsu: checks
jl45259071: bets $3
nrJitsu: folds
Uncalled bet ($3) returned to jl45259071
jl45259071 collected $5.88 from pot
jl45259071: doesn't show hand
*** SUMMARY ***
Total pot $6 | Rake $0.12
Board [Tc 4s Qd]
Seat 1: nrJitsu (big blind) folded on the Flop
Seat 2: jl45259071 (button) (small blind) collected ($5.88)


PokerStars Hand #148571452328:  Hold'em Limit ($3/$6 USD) - 2016/02/10 13:42:29 ET
Table 'Sasin' 2-max Seat #1 is the button
Seat 1: nrJitsu ($288.34 in chips)
Seat 2: jl45259071 ($86.19 in chips)
nrJitsu: posts small blind $1
jl45259071: posts big blind $3
*** HOLE CARDS ***
nrJitsu: raises $3 to $6
jl45259071: calls $3
*** FLOP *** [5d 9c Ks]
jl45259071: checks
nrJitsu: bets $3
jl45259071: folds
Uncalled bet ($3) returned to nrJitsu
nrJitsu collected $11.76 from pot
nrJitsu: doesn't show hand
*** SUMMARY ***
Total pot $12 | Rake $0.24
Board [5d 9c Ks]
Seat 1: nrJitsu (button) (small blind) collected ($11.76)
Seat 2: jl45259071 (big blind) folded on the Flop


PokerStars Hand #148571539684:  Hold'em Limit ($3/$6 USD) - 2016/02/10 13:43:51 ET
Table 'Sasin' 2-max Seat #2 is the button
Seat 1: nrJitsu ($248.74 in chips)
Seat 2: jl45259071 ($124.07 in chips)
jl45259071: posts small blind $1
nrJitsu: posts big blind $3
*** HOLE CARDS ***
jl45259071: raises $3 to $6
nrJitsu: calls $3
*** FLOP *** [Qh Tc 8c]
nrJitsu: checks
jl45259071: bets $3
nrJitsu: folds
Uncalled bet ($3) returned to jl45259071
jl45259071 collected $11.76 from pot
jl45259071: doesn't show hand
*** SUMMARY ***
Total pot $12 | Rake $0.24
Board [Qh Tc 8c]
Seat 1: nrJitsu (big blind) folded on the Flop
Seat 2: jl45259071 (button) (small blind) collected ($11.76)


PokerStars Hand #148571522750:  Hold'em Limit ($3/$6 USD) - 2016/02/10 13:43:35 ET
Table 'Sasin' 2-max Seat #1 is the button
Seat 1: nrJitsu ($240.10 in chips)
Seat 2: jl45259071 ($133.07 in chips)
nrJitsu: posts small blind $1
jl45259071: posts big blind $3
*** HOLE CARDS ***
nrJitsu: raises $3 to $6
jl45259071: calls $3
*** FLOP *** [2s 6c Qh]
jl45259071: checks
nrJitsu: bets $3
jl45259071: calls $3
*** TURN *** [2s 6c Qh] [Kh]
jl45259071: checks
nrJitsu: bets $6
jl45259071: folds
Uncalled bet ($6) returned to nrJitsu
nrJitsu collected $17.64 from pot
nrJitsu: doesn't show hand
*** SUMMARY ***
Total pot $18 | Rake $0.36
Board [2s 6c Qh Kh]
Seat 1: nrJitsu (button) (small blind) collected ($17.64)
Seat 2: jl45259071 (big blind) folded on the Turn


PokerStars Hand #148571508497:  Hold'em Limit ($3/$6 USD) - 2016/02/10 13:43:22 ET
Table 'Sasin' 2-max Seat #2 is the button
Seat 1: nrJitsu ($261.10 in chips)
Seat 2: jl45259071 ($112.57 in chips)
jl45259071: posts small blind $1
nrJitsu: posts big blind $3
*** HOLE CARDS ***
jl45259071: calls $2
nrJitsu: checks
*** FLOP *** [Td As 2s]
nrJitsu: checks
jl45259071: bets $3
nrJitsu: raises $3 to $6
jl45259071: calls $3
*** TURN *** [Td As 2s] [Qc]
nrJitsu: bets $6
jl45259071: calls $6
*** RIVER *** [Td As 2s Qc] [8c]
nrJitsu: bets $6
jl45259071: calls $6
*** SHOW DOWN ***
nrJitsu: shows [5c Tc] (a pair of Tens)
jl45259071: shows [Qh 4s] (a pair of Queens)
jl45259071 collected $41.50 from pot
*** SUMMARY ***
Total pot $42 | Rake $0.50
Board [Td As 2s Qc 8c]
Seat 1: nrJitsu (big blind) showed [5c Tc] and lost with a pair of Tens
Seat 2: jl45259071 (button) (small blind) showed [Qh 4s] and won ($41.50) with a pair of Queens


PokerStars Hand #148571608888:  Hold'em Limit ($3/$6 USD) - 2016/02/10 13:44:55 ET
Table 'Sasin' 2-max Seat #2 is the button
Seat 1: nrJitsu ($200.50 in chips)
Seat 2: jl45259071 ($170.59 in chips)
jl45259071: posts small blind $1
nrJitsu: posts big blind $3
*** HOLE CARDS ***
jl45259071: calls $2
nrJitsu: checks
*** FLOP *** [2h 3d Tc]
nrJitsu: checks
jl45259071: checks
*** TURN *** [2h 3d Tc] [8h]
nrJitsu: checks
jl45259071: bets $6
nrJitsu: calls $6
*** RIVER *** [2h 3d Tc 8h] [Qc]
nrJitsu: checks
jl45259071: checks
*** SHOW DOWN ***
nrJitsu: shows [Qh 5d] (a pair of Queens)
jl45259071: mucks hand
nrJitsu collected $17.64 from pot
*** SUMMARY ***
Total pot $18 | Rake $0.36
Board [2h 3d Tc 8h Qc]
Seat 1: nrJitsu (big blind) showed [Qh 5d] and won ($17.64) with a pair of Queens
Seat 2: jl45259071 (button) (small blind) mucked


PokerStars Hand #148571593516:  Hold'em Limit ($3/$6 USD) - 2016/02/10 13:44:40 ET
Table 'Sasin' 2-max Seat #1 is the button
Seat 1: nrJitsu ($224.50 in chips)
Seat 2: jl45259071 ($147.09 in chips)
nrJitsu: posts small blind $1
jl45259071: posts big blind $3
*** HOLE CARDS ***
nrJitsu: raises $3 to $6
jl45259071: calls $3
*** FLOP *** [7c Qc 5s]
jl45259071: checks
nrJitsu: bets $3
jl45259071: raises $3 to $6
nrJitsu: calls $3
*** TURN *** [7c Qc 5s] [8s]
jl45259071: bets $6
nrJitsu: calls $6
*** RIVER *** [7c Qc 5s 8s] [3h]
jl45259071: bets $6
nrJitsu: calls $6
*** SHOW DOWN ***
jl45259071: shows [Jc Qd] (a pair of Queens)
nrJitsu: mucks hand
jl45259071 collected $47.50 from pot
*** SUMMARY ***
Total pot $48 | Rake $0.50
Board [7c Qc 5s 8s 3h]
Seat 1: nrJitsu (button) (small blind) mucked
Seat 2: jl45259071 (big blind) showed [Jc Qd] and won ($47.50) with a pair of Queens


PokerStars Hand #148571574109:  Hold'em Limit ($3/$6 USD) - 2016/02/10 13:44:22 ET
Table 'Sasin' 2-max Seat #2 is the button
Seat 1: nrJitsu ($224.74 in chips)
Seat 2: jl45259071 ($147.33 in chips)
jl45259071: posts small blind $1
nrJitsu: posts big blind $3
*** HOLE CARDS ***
jl45259071: calls $2
nrJitsu: checks
*** FLOP *** [7d 2d Ah]
nrJitsu: checks
jl45259071: bets $3
nrJitsu: calls $3
*** TURN *** [7d 2d Ah] [9h]
nrJitsu: checks
jl45259071: bets $6
nrJitsu: calls $6
*** RIVER *** [7d 2d Ah 9h] [7s]
nrJitsu: checks
jl45259071: checks
*** SHOW DOWN ***
nrJitsu: shows [8h 2c] (two pair, Sevens and Deuces)
jl45259071: shows [2h Jh] (two pair, Sevens and Deuces)
nrJitsu collected $11.76 from pot
jl45259071 collected $11.76 from pot
*** SUMMARY ***
Total pot $24 | Rake $0.48
Board [7d 2d Ah 9h 7s]
Seat 1: nrJitsu (big blind) showed [8h 2c] and won ($11.76) with two pair, Sevens and Deuces
Seat 2: jl45259071 (button) (small blind) showed [2h Jh] and won ($11.76) with two pair, Sevens and Deuces


PokerStars Hand #148571552621:  Hold'em Limit ($3/$6 USD) - 2016/02/10 13:44:03 ET
Table 'Sasin' 2-max Seat #1 is the button
Seat 1: nrJitsu ($242.74 in chips)
Seat 2: jl45259071 ($129.83 in chips)
nrJitsu: posts small blind $1
jl45259071: posts big blind $3
*** HOLE CARDS ***
nrJitsu: raises $3 to $6
jl45259071: calls $3
*** FLOP *** [6c 5h 5s]
jl45259071: checks
nrJitsu: bets $3
jl45259071: raises $3 to $6
nrJitsu: calls $3
*** TURN *** [6c 5h 5s] [4d]
jl45259071: bets $6
nrJitsu: calls $6
*** RIVER *** [6c 5h 5s 4d] [3h]
jl45259071: bets $6
nrJitsu: folds
Uncalled bet ($6) returned to jl45259071
jl45259071 collected $35.50 from pot
jl45259071: doesn't show hand
*** SUMMARY ***
Total pot $36 | Rake $0.50
Board [6c 5h 5s 4d 3h]
Seat 1: nrJitsu (button) (small blind) folded on the River
Seat 2: jl45259071 (big blind) collected ($35.50)


PokerStars Hand #148571756269:  Hold'em Limit ($3/$6 USD) - 2016/02/10 13:47:11 ET
Table 'Sasin' 2-max Seat #2 is the button
Seat 1: nrJitsu ($252.18 in chips)
Seat 2: jl45259071 ($115.37 in chips)
jl45259071: posts small blind $1
nrJitsu: posts big blind $3
*** HOLE CARDS ***
jl45259071: calls $2
nrJitsu: raises $3 to $6
jl45259071: calls $3
*** FLOP *** [Kh 7s 4c]
nrJitsu: bets $3
jl45259071: calls $3
*** TURN *** [Kh 7s 4c] [3s]
nrJitsu: bets $6
jl45259071: calls $6
*** RIVER *** [Kh 7s 4c 3s] [2d]
nrJitsu: bets $6
jl45259071: folds
Uncalled bet ($6) returned to nrJitsu
nrJitsu collected $29.50 from pot
nrJitsu: doesn't show hand
*** SUMMARY ***
Total pot $30 | Rake $0.50
Board [Kh 7s 4c 3s 2d]
Seat 1: nrJitsu (big blind) collected ($29.50)
Seat 2: jl45259071 (button) (small blind) folded on the River


PokerStars Hand #148571775784:  Hold'em Limit ($3/$6 USD) - 2016/02/10 13:47:29 ET
Table 'Sasin' 2-max Seat #2 is the button
Seat 1: nrJitsu ($265.68 in chips)
Seat 2: jl45259071 ($101.37 in chips)
jl45259071: posts small blind $1
nrJitsu: posts big blind $3
*** HOLE CARDS ***
jl45259071: raises $3 to $6
nrJitsu: calls $3
*** FLOP *** [Ks 2d 7d]
nrJitsu: checks
jl45259071: bets $3
nrJitsu: calls $3
*** TURN *** [Ks 2d 7d] [8d]
nrJitsu: checks
jl45259071: bets $6
nrJitsu: calls $6
*** RIVER *** [Ks 2d 7d 8d] [Qh]
nrJitsu: checks
jl45259071: bets $6
nrJitsu: folds
Uncalled bet ($6) returned to jl45259071
jl45259071 collected $29.50 from pot
jl45259071: doesn't show hand
*** SUMMARY ***
Total pot $30 | Rake $0.50
Board [Ks 2d 7d 8d Qh]
Seat 1: nrJitsu (big blind) folded on the River
Seat 2: jl45259071 (button) (small blind) collected ($29.50)


PokerStars Hand #148571789403:  Hold'em Limit ($3/$6 USD) - 2016/02/10 13:47:42 ET
Table 'Sasin' 2-max Seat #1 is the button
Seat 1: nrJitsu ($250.68 in chips)
Seat 2: jl45259071 ($115.87 in chips)
nrJitsu: posts small blind $1
jl45259071: posts big blind $3
*** HOLE CARDS ***
nrJitsu: raises $3 to $6
jl45259071: raises $3 to $9
nrJitsu: calls $3
*** FLOP *** [Qc 8c 2d]
jl45259071: bets $3
nrJitsu: calls $3
*** TURN *** [Qc 8c 2d] [9c]
jl45259071: bets $6
nrJitsu: calls $6
*** RIVER *** [Qc 8c 2d 9c] [Js]
jl45259071: bets $6
nrJitsu: calls $6
*** SHOW DOWN ***
jl45259071: shows [Tc Jh] (a straight, Eight to Queen)
nrJitsu: mucks hand
jl45259071 collected $47.50 from pot
*** SUMMARY ***
Total pot $48 | Rake $0.50
Board [Qc 8c 2d 9c Js]
Seat 1: nrJitsu (button) (small blind) mucked
Seat 2: jl45259071 (big blind) showed [Tc Jh] and won ($47.50) with a straight, Eight to Queen


PokerStars Hand #148571803329:  Hold'em Limit ($3/$6 USD) - 2016/02/10 13:47:54 ET
Table 'Sasin' 2-max Seat #2 is the button
Seat 1: nrJitsu ($226.68 in chips)
Seat 2: jl45259071 ($139.37 in chips)
jl45259071: posts small blind $1
nrJitsu: posts big blind $3
*** HOLE CARDS ***
jl45259071: raises $3 to $6
nrJitsu: folds
Uncalled bet ($3) returned to jl45259071
jl45259071 collected $6 from pot
jl45259071: doesn't show hand
*** SUMMARY ***
Total pot $6 | Rake $0
Seat 1: nrJitsu (big blind) folded before Flop
Seat 2: jl45259071 (button) (small blind) collected ($6)


PokerStars Hand #148571771121:  Hold'em Limit ($3/$6 USD) - 2016/02/10 13:47:25 ET
Table 'Sasin' 2-max Seat #1 is the button
Seat 1: nrJitsu ($266.68 in chips)
Seat 2: jl45259071 ($100.37 in chips)
nrJitsu: posts small blind $1
jl45259071: posts big blind $3
*** HOLE CARDS ***
nrJitsu: folds
Uncalled bet ($2) returned to jl45259071
jl45259071 collected $2 from pot
jl45259071: doesn't show hand
*** SUMMARY ***
Total pot $2 | Rake $0
Seat 1: nrJitsu (button) (small blind) folded before Flop
Seat 2: jl45259071 (big blind) collected ($2)


PokerStars Hand #148571622395:  Hold'em Limit ($3/$6 USD) - 2016/02/10 13:45:07 ET
Table 'Sasin' 2-max Seat #1 is the button
Seat 1: nrJitsu ($209.14 in chips)
Seat 2: jl45259071 ($161.59 in chips)
nrJitsu: posts small blind $1
jl45259071: posts big blind $3
*** HOLE CARDS ***
nrJitsu: raises $3 to $6
jl45259071: raises $3 to $9
nrJitsu: calls $3
*** FLOP *** [Qd 4c 8c]
jl45259071: checks
nrJitsu: checks
*** TURN *** [Qd 4c 8c] [3s]
jl45259071: bets $6
nrJitsu: raises $6 to $12
jl45259071: calls $6
*** RIVER *** [Qd 4c 8c 3s] [Jh]
jl45259071: checks
nrJitsu: bets $6
jl45259071: calls $6
*** SHOW DOWN ***
nrJitsu: shows [Ad 8s] (a pair of Eights)
jl45259071: mucks hand
nrJitsu collected $53.50 from pot
*** SUMMARY ***
Total pot $54 | Rake $0.50
Board [Qd 4c 8c 3s Jh]
Seat 1: nrJitsu (button) (small blind) showed [Ad 8s] and won ($53.50) with a pair of Eights
Seat 2: jl45259071 (big blind) mucked


PokerStars Hand #148571639311:  Hold'em Limit ($3/$6 USD) - 2016/02/10 13:45:23 ET
Table 'Sasin' 2-max Seat #2 is the button
Seat 1: nrJitsu ($235.64 in chips)
Seat 2: jl45259071 ($134.59 in chips)
jl45259071: posts small blind $1
nrJitsu: posts big blind $3
*** HOLE CARDS ***
jl45259071: raises $3 to $6
nrJitsu: calls $3
*** FLOP *** [3h 4d 3c]
nrJitsu: checks
jl45259071: bets $3
nrJitsu: raises $3 to $6
jl45259071: calls $3
*** TURN *** [3h 4d 3c] [8d]
nrJitsu: bets $6
jl45259071: calls $6
*** RIVER *** [3h 4d 3c 8d] [7c]
nrJitsu: checks
jl45259071: bets $6
nrJitsu: raises $6 to $12
jl45259071: calls $6
*** SHOW DOWN ***
nrJitsu: shows [6c 5h] (a straight, Four to Eight)
jl45259071: mucks hand
nrJitsu collected $59.50 from pot
*** SUMMARY ***
Total pot $60 | Rake $0.50
Board [3h 4d 3c 8d 7c]
Seat 1: nrJitsu (big blind) showed [6c 5h] and won ($59.50) with a straight, Four to Eight
Seat 2: jl45259071 (button) (small blind) mucked


PokerStars Hand #148571655169:  Hold'em Limit ($3/$6 USD) - 2016/02/10 13:45:37 ET
Table 'Sasin' 2-max Seat #1 is the button
Seat 1: nrJitsu ($265.14 in chips)
Seat 2: jl45259071 ($104.59 in chips)
nrJitsu: posts small blind $1
jl45259071: posts big blind $3
*** HOLE CARDS ***
nrJitsu: folds
Uncalled bet ($2) returned to jl45259071
jl45259071 collected $2 from pot
jl45259071: doesn't show hand
*** SUMMARY ***
Total pot $2 | Rake $0
Seat 1: nrJitsu (button) (small blind) folded before Flop
Seat 2: jl45259071 (big blind) collected ($2)


PokerStars Hand #148571822952:  Hold'em Limit ($3/$6 USD) - 2016/02/10 13:48:12 ET
Table 'Sasin' 2-max Seat #2 is the button
Seat 1: nrJitsu ($247.18 in chips)
Seat 2: jl45259071 ($118.37 in chips)
jl45259071: posts small blind $1
nrJitsu: posts big blind $3
*** HOLE CARDS ***
jl45259071: raises $3 to $6
nrJitsu: folds
Uncalled bet ($3) returned to jl45259071
jl45259071 collected $6 from pot
jl45259071: doesn't show hand
*** SUMMARY ***
Total pot $6 | Rake $0
Seat 1: nrJitsu (big blind) folded before Flop
Seat 2: jl45259071 (button) (small blind) collected ($6)


PokerStars Hand #148571808134:  Hold'em Limit ($3/$6 USD) - 2016/02/10 13:47:59 ET
Table 'Sasin' 2-max Seat #1 is the button
Seat 1: nrJitsu ($223.68 in chips)
Seat 2: jl45259071 ($142.37 in chips)
nrJitsu: posts small blind $1
jl45259071: posts big blind $3
*** HOLE CARDS ***
nrJitsu: raises $3 to $6
jl45259071: raises $3 to $9
nrJitsu: calls $3
*** FLOP *** [8c 8s 6h]
jl45259071: bets $3
nrJitsu: calls $3
*** TURN *** [8c 8s 6h] [As]
jl45259071: bets $6
nrJitsu: calls $6
*** RIVER *** [8c 8s 6h As] [Ah]
jl45259071: bets $6
nrJitsu: calls $6
*** SHOW DOWN ***
jl45259071: shows [Kh 4c] (two pair, Aces and Eights)
nrJitsu: shows [Th Ts] (two pair, Aces and Tens)
nrJitsu collected $47.50 from pot
*** SUMMARY ***
Total pot $48 | Rake $0.50
Board [8c 8s 6h As Ah]
Seat 1: nrJitsu (button) (small blind) showed [Th Ts] and won ($47.50) with two pair, Aces and Tens
Seat 2: jl45259071 (big blind) showed [Kh 4c] and lost with two pair, Aces and Eights


PokerStars Hand #148571847074:  Hold'em Limit ($3/$6 USD) - 2016/02/10 13:48:35 ET
Table 'Sasin' 2-max Seat #1 is the button
Seat 1: nrJitsu ($232.18 in chips)
Seat 2: jl45259071 ($133.01 in chips)
nrJitsu: posts small blind $1
jl45259071: posts big blind $3
*** HOLE CARDS ***
nrJitsu: raises $3 to $6
jl45259071: raises $3 to $9
nrJitsu: calls $3
*** FLOP *** [8s 8d Js]
jl45259071: bets $3
nrJitsu: calls $3
*** TURN *** [8s 8d Js] [Ts]
jl45259071: bets $6
nrJitsu: calls $6
*** RIVER *** [8s 8d Js Ts] [3d]
jl45259071: bets $6
nrJitsu: folds
Uncalled bet ($6) returned to jl45259071
jl45259071 collected $35.50 from pot
jl45259071: doesn't show hand
*** SUMMARY ***
Total pot $36 | Rake $0.50
Board [8s 8d Js Ts 3d]
Seat 1: nrJitsu (button) (small blind) folded on the River
Seat 2: jl45259071 (big blind) collected ($35.50)


PokerStars Hand #148571859930:  Hold'em Limit ($3/$6 USD) - 2016/02/10 13:48:47 ET
Table 'Sasin' 2-max Seat #2 is the button
Seat 1: nrJitsu ($214.18 in chips)
Seat 2: jl45259071 ($150.51 in chips)
jl45259071: posts small blind $1
nrJitsu: posts big blind $3
*** HOLE CARDS ***
jl45259071: raises $3 to $6
nrJitsu: calls $3
*** FLOP *** [9s 8c Jd]
nrJitsu: checks
jl45259071: bets $3
nrJitsu: calls $3
*** TURN *** [9s 8c Jd] [Qs]
nrJitsu: checks
jl45259071: checks
*** RIVER *** [9s 8c Jd Qs] [Kh]
nrJitsu: bets $6
jl45259071: folds
Uncalled bet ($6) returned to nrJitsu
nrJitsu collected $17.64 from pot
nrJitsu: doesn't show hand
*** SUMMARY ***
Total pot $18 | Rake $0.36
Board [9s 8c Jd Qs Kh]
Seat 1: nrJitsu (big blind) collected ($17.64)
Seat 2: jl45259071 (button) (small blind) folded on the River


PokerStars Hand #148571840168:  Hold'em Limit ($3/$6 USD) - 2016/02/10 13:48:29 ET
Table 'Sasin' 2-max Seat #2 is the button
Seat 1: nrJitsu ($235.18 in chips)
Seat 2: jl45259071 ($130.01 in chips)
jl45259071: posts small blind $1
nrJitsu: posts big blind $3
*** HOLE CARDS ***
jl45259071: raises $3 to $6
nrJitsu: folds
Uncalled bet ($3) returned to jl45259071
jl45259071 collected $6 from pot
jl45259071: doesn't show hand
*** SUMMARY ***
Total pot $6 | Rake $0
Seat 1: nrJitsu (big blind) folded before Flop
Seat 2: jl45259071 (button) (small blind) collected ($6)


PokerStars Hand #148571828915:  Hold'em Limit ($3/$6 USD) - 2016/02/10 13:48:18 ET
Table 'Sasin' 2-max Seat #1 is the button
Seat 1: nrJitsu ($244.18 in chips)
Seat 2: jl45259071 ($121.37 in chips)
nrJitsu: posts small blind $1
jl45259071: posts big blind $3
*** HOLE CARDS ***
nrJitsu: raises $3 to $6
jl45259071: raises $3 to $9
nrJitsu: calls $3
*** FLOP *** [2s 9h Js]
jl45259071: bets $3
nrJitsu: folds
Uncalled bet ($3) returned to jl45259071
jl45259071 collected $17.64 from pot
jl45259071: doesn't show hand
*** SUMMARY ***
Total pot $18 | Rake $0.36
Board [2s 9h Js]
Seat 1: nrJitsu (button) (small blind) folded on the Flop
Seat 2: jl45259071 (big blind) collected ($17.64)


PokerStars Hand #148571874173:  Hold'em Limit ($3/$6 USD) - 2016/02/10 13:49:00 ET
Table 'Sasin' 2-max Seat #1 is the button
Seat 1: nrJitsu ($222.82 in chips)
Seat 2: jl45259071 ($141.51 in chips)
nrJitsu: posts small blind $1
jl45259071: posts big blind $3
*** HOLE CARDS ***
nrJitsu: raises $3 to $6
jl45259071: raises $3 to $9
nrJitsu: raises $3 to $12
Betting is capped
jl45259071: calls $3
*** FLOP *** [2c 8c 9c]
jl45259071: checks
nrJitsu: bets $3
jl45259071: calls $3
*** TURN *** [2c 8c 9c] [Ad]
jl45259071: checks
nrJitsu: bets $6
jl45259071: calls $6
*** RIVER *** [2c 8c 9c Ad] [Ah]
jl45259071: checks
nrJitsu: bets $6
jl45259071: calls $6
*** SHOW DOWN ***
nrJitsu: shows [Kc Kh] (two pair, Aces and Kings)
jl45259071: mucks hand
nrJitsu collected $53.50 from pot
*** SUMMARY ***
Total pot $54 | Rake $0.50
Board [2c 8c 9c Ad Ah]
Seat 1: nrJitsu (button) (small blind) showed [Kc Kh] and won ($53.50) with two pair, Aces and Kings
Seat 2: jl45259071 (big blind) mucked


PokerStars Hand #148571893281:  Hold'em Limit ($3/$6 USD) - 2016/02/10 13:49:18 ET
Table 'Sasin' 2-max Seat #2 is the button
Seat 1: nrJitsu ($249.32 in chips)
Seat 2: jl45259071 ($114.51 in chips)
jl45259071: posts small blind $1
nrJitsu: posts big blind $3
*** HOLE CARDS ***
jl45259071: raises $3 to $6
nrJitsu: raises $3 to $9
jl45259071: raises $3 to $12
Betting is capped
nrJitsu: calls $3
*** FLOP *** [9h 9d 4s]
nrJitsu: checks
jl45259071: bets $3
nrJitsu: calls $3
*** TURN *** [9h 9d 4s] [Js]
nrJitsu: checks
jl45259071: bets $6
nrJitsu: calls $6
*** RIVER *** [9h 9d 4s Js] [8h]
nrJitsu: checks
jl45259071: bets $6
nrJitsu: calls $6
*** SHOW DOWN ***
jl45259071: shows [3s Jc] (two pair, Jacks and Nines)
nrJitsu: mucks hand
jl45259071 collected $53.50 from pot
*** SUMMARY ***
Total pot $54 | Rake $0.50
Board [9h 9d 4s Js 8h]
Seat 1: nrJitsu (big blind) mucked
Seat 2: jl45259071 (button) (small blind) showed [3s Jc] and won ($53.50) with two pair, Jacks and Nines


PokerStars Hand #148571909157:  Hold'em Limit ($3/$6 USD) - 2016/02/10 13:49:33 ET
Table 'Sasin' 2-max Seat #1 is the button
Seat 1: nrJitsu ($222.32 in chips)
Seat 2: jl45259071 ($141.01 in chips)
nrJitsu: posts small blind $1
jl45259071: posts big blind $3
*** HOLE CARDS ***
nrJitsu: raises $3 to $6
jl45259071: raises $3 to $9
nrJitsu: calls $3
*** FLOP *** [As 6s Ks]
jl45259071: bets $3
nrJitsu: calls $3
*** TURN *** [As 6s Ks] [Td]
jl45259071: bets $6
nrJitsu: calls $6
*** RIVER *** [As 6s Ks Td] [8h]
jl45259071: checks
nrJitsu: checks
*** SHOW DOWN ***
jl45259071: shows [4d Jd] (high card Ace)
nrJitsu: shows [2s 2h] (a pair of Deuces)
nrJitsu collected $35.50 from pot
*** SUMMARY ***
Total pot $36 | Rake $0.50
Board [As 6s Ks Td 8h]
Seat 1: nrJitsu (button) (small blind) showed [2s 2h] and won ($35.50) with a pair of Deuces
Seat 2: jl45259071 (big blind) showed [4d Jd] and lost with high card Ace


PokerStars Hand #148571924650:  Hold'em Limit ($3/$6 USD) - 2016/02/10 13:49:47 ET
Table 'Sasin' 2-max Seat #2 is the button
Seat 1: nrJitsu ($239.82 in chips)
Seat 2: jl45259071 ($123.01 in chips)
jl45259071: posts small blind $1
nrJitsu: posts big blind $3
*** HOLE CARDS ***
jl45259071: folds
Uncalled bet ($2) returned to nrJitsu
nrJitsu collected $2 from pot
nrJitsu: doesn't show hand
*** SUMMARY ***
Total pot $2 | Rake $0
Seat 1: nrJitsu (big blind) collected ($2)
Seat 2: jl45259071 (button) (small blind) folded before Flop


PokerStars Hand #148571930860:  Hold'em Limit ($3/$6 USD) - 2016/02/10 13:49:53 ET
Table 'Sasin' 2-max Seat #1 is the button
Seat 1: nrJitsu ($240.82 in chips)
Seat 2: jl45259071 ($122.01 in chips)
nrJitsu: posts small blind $1
jl45259071: posts big blind $3
*** HOLE CARDS ***
nrJitsu: folds
Uncalled bet ($2) returned to jl45259071
jl45259071 collected $2 from pot
jl45259071: doesn't show hand
*** SUMMARY ***
Total pot $2 | Rake $0
Seat 1: nrJitsu (button) (small blind) folded before Flop
Seat 2: jl45259071 (big blind) collected ($2)


PokerStars Hand #148571950778:  Hold'em Limit ($3/$6 USD) - 2016/02/10 13:50:12 ET
Table 'Sasin' 2-max Seat #1 is the button
Seat 1: nrJitsu ($257.32 in chips)
Seat 2: jl45259071 ($105.01 in chips)
nrJitsu: posts small blind $1
jl45259071: posts big blind $3
*** HOLE CARDS ***
nrJitsu: folds
Uncalled bet ($2) returned to jl45259071
jl45259071 collected $2 from pot
jl45259071: doesn't show hand
*** SUMMARY ***
Total pot $2 | Rake $0
Seat 1: nrJitsu (button) (small blind) folded before Flop
Seat 2: jl45259071 (big blind) collected ($2)


PokerStars Hand #148571935970:  Hold'em Limit ($3/$6 USD) - 2016/02/10 13:49:58 ET
Table 'Sasin' 2-max Seat #2 is the button
Seat 1: nrJitsu ($239.82 in chips)
Seat 2: jl45259071 ($123.01 in chips)
jl45259071: posts small blind $1
nrJitsu: posts big blind $3
*** HOLE CARDS ***
jl45259071: raises $3 to $6
nrJitsu: calls $3
*** FLOP *** [Jd Tc Qd]
nrJitsu: checks
jl45259071: bets $3
nrJitsu: raises $3 to $6
jl45259071: calls $3
*** TURN *** [Jd Tc Qd] [8c]
nrJitsu: bets $6
jl45259071: calls $6
*** RIVER *** [Jd Tc Qd 8c] [6h]
nrJitsu: checks
jl45259071: checks
*** SHOW DOWN ***
nrJitsu: shows [Kd 6c] (a pair of Sixes)
jl45259071: mucks hand
nrJitsu collected $35.50 from pot
*** SUMMARY ***
Total pot $36 | Rake $0.50
Board [Jd Tc Qd 8c 6h]
Seat 1: nrJitsu (big blind) showed [Kd 6c] and won ($35.50) with a pair of Sixes
Seat 2: jl45259071 (button) (small blind) mucked


PokerStars Hand #148571955479:  Hold'em Limit ($3/$6 USD) - 2016/02/10 13:50:16 ET
Table 'Sasin' 2-max Seat #2 is the button
Seat 1: nrJitsu ($256.32 in chips)
Seat 2: jl45259071 ($106.01 in chips)
jl45259071: posts small blind $1
nrJitsu: posts big blind $3
*** HOLE CARDS ***
jl45259071: raises $3 to $6
nrJitsu: folds
Uncalled bet ($3) returned to jl45259071
jl45259071 collected $6 from pot
jl45259071: doesn't show hand
*** SUMMARY ***
Total pot $6 | Rake $0
Seat 1: nrJitsu (big blind) folded before Flop
Seat 2: jl45259071 (button) (small blind) collected ($6)


PokerStars Hand #148571974597:  Hold'em Limit ($3/$6 USD) - 2016/02/10 13:50:34 ET
Table 'Sasin' 2-max Seat #2 is the button
Seat 1: nrJitsu ($247.32 in chips)
Seat 2: jl45259071 ($114.77 in chips)
jl45259071: posts small blind $1
nrJitsu: posts big blind $3
*** HOLE CARDS ***
jl45259071: raises $3 to $6
nrJitsu: calls $3
*** FLOP *** [6h 5d 8c]
nrJitsu: checks
jl45259071: bets $3
nrJitsu: raises $3 to $6
jl45259071: raises $3 to $9
nrJitsu: calls $3
*** TURN *** [6h 5d 8c] [3s]
nrJitsu: checks
jl45259071: checks
*** RIVER *** [6h 5d 8c 3s] [7h]
nrJitsu: bets $6
jl45259071: calls $6
*** SHOW DOWN ***
nrJitsu: shows [4h 6d] (a straight, Four to Eight)
jl45259071: mucks hand
nrJitsu collected $41.50 from pot
*** SUMMARY ***
Total pot $42 | Rake $0.50
Board [6h 5d 8c 3s 7h]
Seat 1: nrJitsu (big blind) showed [4h 6d] and won ($41.50) with a straight, Four to Eight
Seat 2: jl45259071 (button) (small blind) mucked


PokerStars Hand #148571991288:  Hold'em Limit ($3/$6 USD) - 2016/02/10 13:50:50 ET
Table 'Sasin' 2-max Seat #1 is the button
Seat 1: nrJitsu ($267.82 in chips)
Seat 2: jl45259071 ($93.77 in chips)
nrJitsu: posts small blind $1
jl45259071: posts big blind $3
*** HOLE CARDS ***
nrJitsu: raises $3 to $6
jl45259071: raises $3 to $9
nrJitsu: calls $3
*** FLOP *** [6d 2c 6h]
jl45259071: bets $3
nrJitsu: calls $3
*** TURN *** [6d 2c 6h] [9c]
jl45259071: bets $6
nrJitsu: calls $6
*** RIVER *** [6d 2c 6h 9c] [3h]
jl45259071: bets $6
nrJitsu: calls $6
*** SHOW DOWN ***
jl45259071: shows [8h Tc] (a pair of Sixes)
nrJitsu: shows [Ah 5c] (a pair of Sixes - Ace kicker)
nrJitsu collected $47.50 from pot
*** SUMMARY ***
Total pot $48 | Rake $0.50
Board [6d 2c 6h 9c 3h]
Seat 1: nrJitsu (button) (small blind) showed [Ah 5c] and won ($47.50) with a pair of Sixes
Seat 2: jl45259071 (big blind) showed [8h Tc] and lost with a pair of Sixes


PokerStars Hand #148571961951:  Hold'em Limit ($3/$6 USD) - 2016/02/10 13:50:22 ET
Table 'Sasin' 2-max Seat #1 is the button
Seat 1: nrJitsu ($253.32 in chips)
Seat 2: jl45259071 ($109.01 in chips)
nrJitsu: posts small blind $1
jl45259071: posts big blind $3
*** HOLE CARDS ***
nrJitsu: raises $3 to $6
jl45259071: calls $3
*** FLOP *** [Th Jh 6s]
jl45259071: checks
nrJitsu: checks
*** TURN *** [Th Jh 6s] [8c]
jl45259071: bets $6
nrJitsu: folds
Uncalled bet ($6) returned to jl45259071
jl45259071 collected $11.76 from pot
jl45259071: doesn't show hand
*** SUMMARY ***
Total pot $12 | Rake $0.24
Board [Th Jh 6s 8c]
Seat 1: nrJitsu (button) (small blind) folded on the Turn
Seat 2: jl45259071 (big blind) collected ($11.76)


PokerStars Hand #148572007669:  Hold'em Limit ($3/$6 USD) - 2016/02/10 13:51:05 ET
Table 'Sasin' 2-max Seat #2 is the button
Seat 1: nrJitsu ($291.32 in chips)
Seat 2: jl45259071 ($69.77 in chips)
jl45259071: posts small blind $1
nrJitsu: posts big blind $3
*** HOLE CARDS ***
jl45259071: raises $3 to $6
nrJitsu: calls $3
*** FLOP *** [Tc 6h 3h]
nrJitsu: checks
jl45259071: bets $3
nrJitsu: calls $3
*** TURN *** [Tc 6h 3h] [Jc]
nrJitsu: checks
jl45259071: bets $6
nrJitsu: calls $6
*** RIVER *** [Tc 6h 3h Jc] [2d]
nrJitsu: checks
jl45259071: bets $6
nrJitsu: folds
Uncalled bet ($6) returned to jl45259071
jl45259071 collected $29.50 from pot
jl45259071: doesn't show hand
*** SUMMARY ***
Total pot $30 | Rake $0.50
Board [Tc 6h 3h Jc 2d]
Seat 1: nrJitsu (big blind) folded on the River
Seat 2: jl45259071 (button) (small blind) collected ($29.50)


PokerStars Hand #148572041702:  Hold'em Limit ($3/$6 USD) - 2016/02/10 13:51:38 ET
Table 'Sasin' 2-max Seat #2 is the button
Seat 1: nrJitsu ($261.32 in chips)
Seat 2: jl45259071 ($98.77 in chips)
jl45259071: posts small blind $1
nrJitsu: posts big blind $3
*** HOLE CARDS ***
jl45259071: calls $2
nrJitsu: raises $3 to $6
jl45259071: calls $3
*** FLOP *** [4c 2c Jh]
nrJitsu: bets $3
jl45259071: calls $3
*** TURN *** [4c 2c Jh] [7c]
nrJitsu: bets $6
jl45259071: calls $6
*** RIVER *** [4c 2c Jh 7c] [Qd]
nrJitsu: bets $6
jl45259071: calls $6
*** SHOW DOWN ***
nrJitsu: shows [Ac Js] (a pair of Jacks)
jl45259071: mucks hand
nrJitsu collected $41.50 from pot
*** SUMMARY ***
Total pot $42 | Rake $0.50
Board [4c 2c Jh 7c Qd]
Seat 1: nrJitsu (big blind) showed [Ac Js] and won ($41.50) with a pair of Jacks
Seat 2: jl45259071 (button) (small blind) mucked


PokerStars Hand #148572025628:  Hold'em Limit ($3/$6 USD) - 2016/02/10 13:51:22 ET
Table 'Sasin' 2-max Seat #1 is the button
Seat 1: nrJitsu ($276.32 in chips)
Seat 2: jl45259071 ($84.27 in chips)
nrJitsu: posts small blind $1
jl45259071: posts big blind $3
*** HOLE CARDS ***
nrJitsu: raises $3 to $6
jl45259071: raises $3 to $9
nrJitsu: calls $3
*** FLOP *** [6c 8c 4c]
jl45259071: bets $3
nrJitsu: raises $3 to $6
jl45259071: calls $3
*** TURN *** [6c 8c 4c] [Td]
jl45259071: checks
nrJitsu: checks
*** RIVER *** [6c 8c 4c Td] [9s]
jl45259071: bets $6
nrJitsu: folds
Uncalled bet ($6) returned to jl45259071
jl45259071 collected $29.50 from pot
jl45259071: doesn't show hand
*** SUMMARY ***
Total pot $30 | Rake $0.50
Board [6c 8c 4c Td 9s]
Seat 1: nrJitsu (button) (small blind) folded on the River
Seat 2: jl45259071 (big blind) collected ($29.50)


PokerStars Hand #148572096927:  Hold'em Limit ($3/$6 USD) - 2016/02/10 13:52:29 ET
Table 'Sasin' 2-max Seat #1 is the button
Seat 1: nrJitsu ($272.32 in chips)
Seat 2: jl45259071 ($86.27 in chips)
nrJitsu: posts small blind $1
jl45259071: posts big blind $3
*** HOLE CARDS ***
nrJitsu: raises $3 to $6
jl45259071: calls $3
*** FLOP *** [Qh 2h Ac]
jl45259071: checks
nrJitsu: bets $3
jl45259071: folds
Uncalled bet ($3) returned to nrJitsu
nrJitsu collected $11.76 from pot
nrJitsu: doesn't show hand
*** SUMMARY ***
Total pot $12 | Rake $0.24
Board [Qh 2h Ac]
Seat 1: nrJitsu (button) (small blind) collected ($11.76)
Seat 2: jl45259071 (big blind) folded on the Flop


PokerStars Hand #148572077948:  Hold'em Limit ($3/$6 USD) - 2016/02/10 13:52:12 ET
Table 'Sasin' 2-max Seat #2 is the button
Seat 1: nrJitsu ($251.82 in chips)
Seat 2: jl45259071 ($107.27 in chips)
jl45259071: posts small blind $1
nrJitsu: posts big blind $3
*** HOLE CARDS ***
jl45259071: calls $2
nrJitsu: raises $3 to $6
jl45259071: calls $3
*** FLOP *** [Qh 4h 9c]
nrJitsu: bets $3
jl45259071: calls $3
*** TURN *** [Qh 4h 9c] [8d]
nrJitsu: bets $6
jl45259071: raises $6 to $12
nrJitsu: calls $6
*** RIVER *** [Qh 4h 9c 8d] [Jh]
nrJitsu: checks
jl45259071: checks
*** SHOW DOWN ***
nrJitsu: shows [Ks Th] (a straight, Nine to King)
jl45259071: mucks hand
nrJitsu collected $41.50 from pot
*** SUMMARY ***
Total pot $42 | Rake $0.50
Board [Qh 4h 9c 8d Jh]
Seat 1: nrJitsu (big blind) showed [Ks Th] and won ($41.50) with a straight, Nine to King
Seat 2: jl45259071 (button) (small blind) mucked


PokerStars Hand #148572118020:  Hold'em Limit ($3/$6 USD) - 2016/02/10 13:52:49 ET
Table 'Sasin' 2-max Seat #1 is the button
Seat 1: nrJitsu ($286.72 in chips)
Seat 2: jl45259071 ($71.27 in chips)
nrJitsu: posts small blind $1
jl45259071: posts big blind $3
*** HOLE CARDS ***
nrJitsu: raises $3 to $6
jl45259071: calls $3
*** FLOP *** [Qs 7d Td]
jl45259071: checks
nrJitsu: bets $3
jl45259071: folds
Uncalled bet ($3) returned to nrJitsu
nrJitsu collected $11.76 from pot
nrJitsu: doesn't show hand
*** SUMMARY ***
Total pot $12 | Rake $0.24
Board [Qs 7d Td]
Seat 1: nrJitsu (button) (small blind) collected ($11.76)
Seat 2: jl45259071 (big blind) folded on the Flop


PokerStars Hand #148572105014:  Hold'em Limit ($3/$6 USD) - 2016/02/10 13:52:37 ET
Table 'Sasin' 2-max Seat #2 is the button
Seat 1: nrJitsu ($278.08 in chips)
Seat 2: jl45259071 ($80.27 in chips)
jl45259071: posts small blind $1
nrJitsu: posts big blind $3
*** HOLE CARDS ***
jl45259071: calls $2
nrJitsu: raises $3 to $6
jl45259071: calls $3
*** FLOP *** [Tc 5d Jh]
nrJitsu: bets $3
jl45259071: calls $3
*** TURN *** [Tc 5d Jh] [2h]
nrJitsu: bets $6
jl45259071: folds
Uncalled bet ($6) returned to nrJitsu
nrJitsu collected $17.64 from pot
nrJitsu: doesn't show hand
*** SUMMARY ***
Total pot $18 | Rake $0.36
Board [Tc 5d Jh 2h]
Seat 1: nrJitsu (big blind) collected ($17.64)
Seat 2: jl45259071 (button) (small blind) folded on the Turn


PokerStars Hand #148572059379:  Hold'em Limit ($3/$6 USD) - 2016/02/10 13:51:54 ET
Table 'Sasin' 2-max Seat #1 is the button
Seat 1: nrJitsu ($281.82 in chips)
Seat 2: jl45259071 ($77.77 in chips)
nrJitsu: posts small blind $1
jl45259071: posts big blind $3
*** HOLE CARDS ***
nrJitsu: raises $3 to $6
jl45259071: calls $3
*** FLOP *** [3d Ts 2h]
jl45259071: checks
nrJitsu: bets $3
jl45259071: raises $3 to $6
nrJitsu: calls $3
*** TURN *** [3d Ts 2h] [5c]
jl45259071: bets $6
nrJitsu: raises $6 to $12
jl45259071: calls $6
*** RIVER *** [3d Ts 2h 5c] [9s]
jl45259071: checks
nrJitsu: bets $6
jl45259071: raises $6 to $12
nrJitsu: folds
Uncalled bet ($6) returned to jl45259071
jl45259071 collected $59.50 from pot
jl45259071: doesn't show hand
*** SUMMARY ***
Total pot $60 | Rake $0.50
Board [3d Ts 2h 5c 9s]
Seat 1: nrJitsu (button) (small blind) folded on the River
Seat 2: jl45259071 (big blind) collected ($59.50)


PokerStars Hand #148572142564:  Hold'em Limit ($3/$6 USD) - 2016/02/10 13:53:12 ET
Table 'Sasin' 2-max Seat #1 is the button
Seat 1: nrJitsu ($304 in chips)
Seat 2: jl45259071 ($53.27 in chips)
nrJitsu: posts small blind $1
jl45259071: posts big blind $3
*** HOLE CARDS ***
nrJitsu: raises $3 to $6
jl45259071: calls $3
*** FLOP *** [Ts Ah Ad]
jl45259071: checks
nrJitsu: bets $3
jl45259071: folds
Uncalled bet ($3) returned to nrJitsu
nrJitsu collected $11.76 from pot
nrJitsu: doesn't show hand
*** SUMMARY ***
Total pot $12 | Rake $0.24
Board [Ts Ah Ad]
Seat 1: nrJitsu (button) (small blind) collected ($11.76)
Seat 2: jl45259071 (big blind) folded on the Flop


PokerStars Hand #148572151062:  Hold'em Limit ($3/$6 USD) - 2016/02/10 13:53:20 ET
Table 'Sasin' 2-max Seat #2 is the button
Seat 1: nrJitsu ($309.76 in chips)
Seat 2: jl45259071 ($47.27 in chips)
jl45259071: posts small blind $1
nrJitsu: posts big blind $3
*** HOLE CARDS ***
jl45259071: calls $2
nrJitsu: checks
*** FLOP *** [Ac 3h 9d]
nrJitsu: checks
jl45259071: checks
*** TURN *** [Ac 3h 9d] [9h]
nrJitsu: checks
jl45259071: checks
*** RIVER *** [Ac 3h 9d 9h] [4d]
nrJitsu: checks
jl45259071: checks
*** SHOW DOWN ***
nrJitsu: shows [Kd 6c] (a pair of Nines)
jl45259071: mucks hand
nrJitsu collected $5.88 from pot
*** SUMMARY ***
Total pot $6 | Rake $0.12
Board [Ac 3h 9d 9h 4d]
Seat 1: nrJitsu (big blind) showed [Kd 6c] and won ($5.88) with a pair of Nines
Seat 2: jl45259071 (button) (small blind) mucked


PokerStars Hand #148572169473:  Hold'em Limit ($3/$6 USD) - 2016/02/10 13:53:38 ET
Table 'Sasin' 2-max Seat #1 is the button
Seat 1: nrJitsu ($312.64 in chips)
Seat 2: jl45259071 ($44.27 in chips)
nrJitsu: posts small blind $1
jl45259071: posts big blind $3
*** HOLE CARDS ***
nrJitsu: folds
Uncalled bet ($2) returned to jl45259071
jl45259071 collected $2 from pot
jl45259071: doesn't show hand
*** SUMMARY ***
Total pot $2 | Rake $0
Seat 1: nrJitsu (button) (small blind) folded before Flop
Seat 2: jl45259071 (big blind) collected ($2)


PokerStars Hand #148572189168:  Hold'em Limit ($3/$6 USD) - 2016/02/10 13:53:56 ET
Table 'Sasin' 2-max Seat #1 is the button
Seat 1: nrJitsu ($308.64 in chips)
Seat 2: jl45259071 ($48.15 in chips)
nrJitsu: posts small blind $1
jl45259071: posts big blind $3
*** HOLE CARDS ***
nrJitsu: raises $3 to $6
jl45259071: raises $3 to $9
nrJitsu: calls $3
*** FLOP *** [2s Kd 6h]
jl45259071: bets $3
nrJitsu: calls $3
*** TURN *** [2s Kd 6h] [7h]
jl45259071: bets $6
nrJitsu: calls $6
*** RIVER *** [2s Kd 6h 7h] [Qs]
jl45259071: bets $6
nrJitsu: folds
Uncalled bet ($6) returned to jl45259071
jl45259071 collected $35.50 from pot
jl45259071: doesn't show hand
*** SUMMARY ***
Total pot $36 | Rake $0.50
Board [2s Kd 6h 7h Qs]
Seat 1: nrJitsu (button) (small blind) folded on the River
Seat 2: jl45259071 (big blind) collected ($35.50)


PokerStars Hand #148572175617:  Hold'em Limit ($3/$6 USD) - 2016/02/10 13:53:43 ET
Table 'Sasin' 2-max Seat #2 is the button
Seat 1: nrJitsu ($311.64 in chips)
Seat 2: jl45259071 ($45.27 in chips)
jl45259071: posts small blind $1
nrJitsu: posts big blind $3
*** HOLE CARDS ***
jl45259071: calls $2
nrJitsu: checks
*** FLOP *** [Jh 2d Ts]
nrJitsu: checks
jl45259071: checks
*** TURN *** [Jh 2d Ts] [6d]
nrJitsu: checks
jl45259071: bets $6
nrJitsu: folds
Uncalled bet ($6) returned to jl45259071
jl45259071 collected $5.88 from pot
jl45259071: doesn't show hand
*** SUMMARY ***
Total pot $6 | Rake $0.12
Board [Jh 2d Ts 6d]
Seat 1: nrJitsu (big blind) folded on the Turn
Seat 2: jl45259071 (button) (small blind) collected ($5.88)


PokerStars Hand #148572129027:  Hold'em Limit ($3/$6 USD) - 2016/02/10 13:52:59 ET
Table 'Sasin' 2-max Seat #2 is the button
Seat 1: nrJitsu ($292.48 in chips)
Seat 2: jl45259071 ($65.27 in chips)
jl45259071: posts small blind $1
nrJitsu: posts big blind $3
*** HOLE CARDS ***
jl45259071: raises $3 to $6
nrJitsu: calls $3
*** FLOP *** [As 7d 5d]
nrJitsu: checks
jl45259071: bets $3
nrJitsu: raises $3 to $6
jl45259071: calls $3
*** TURN *** [As 7d 5d] [Kh]
nrJitsu: bets $6
jl45259071: folds
Uncalled bet ($6) returned to nrJitsu
nrJitsu collected $23.52 from pot
nrJitsu: doesn't show hand
*** SUMMARY ***
Total pot $24 | Rake $0.48
Board [As 7d 5d Kh]
Seat 1: nrJitsu (big blind) collected ($23.52)
Seat 2: jl45259071 (button) (small blind) folded on the Turn


PokerStars Hand #148572211297:  Hold'em Limit ($3/$6 USD) - 2016/02/10 13:54:17 ET
Table 'Sasin' 2-max Seat #1 is the button
Seat 1: nrJitsu ($284.64 in chips)
Seat 2: jl45259071 ($71.41 in chips)
nrJitsu: posts small blind $1
jl45259071: posts big blind $3
*** HOLE CARDS ***
nrJitsu: raises $3 to $6
jl45259071: raises $3 to $9
nrJitsu: calls $3
*** FLOP *** [4d 8d Js]
jl45259071: bets $3
nrJitsu: calls $3
*** TURN *** [4d 8d Js] [Ac]
jl45259071: bets $6
nrJitsu: folds
Uncalled bet ($6) returned to jl45259071
jl45259071 collected $23.52 from pot
jl45259071: doesn't show hand
*** SUMMARY ***
Total pot $24 | Rake $0.48
Board [4d 8d Js Ac]
Seat 1: nrJitsu (button) (small blind) folded on the Turn
Seat 2: jl45259071 (big blind) collected ($23.52)


PokerStars Hand #148572222650:  Hold'em Limit ($3/$6 USD) - 2016/02/10 13:54:28 ET
Table 'Sasin' 2-max Seat #2 is the button
Seat 1: nrJitsu ($272.64 in chips)
Seat 2: jl45259071 ($82.93 in chips)
jl45259071: posts small blind $1
nrJitsu: posts big blind $3
*** HOLE CARDS ***
jl45259071: raises $3 to $6
nrJitsu: calls $3
*** FLOP *** [Th Js 6d]
nrJitsu: checks
jl45259071: bets $3
nrJitsu: calls $3
*** TURN *** [Th Js 6d] [2s]
nrJitsu: checks
jl45259071: bets $6
nrJitsu: calls $6
*** RIVER *** [Th Js 6d 2s] [Kc]
nrJitsu: checks
jl45259071: bets $6
nrJitsu: calls $6
*** SHOW DOWN ***
jl45259071: shows [Qd Jc] (a pair of Jacks)
nrJitsu: mucks hand
jl45259071 collected $41.50 from pot
*** SUMMARY ***
Total pot $42 | Rake $0.50
Board [Th Js 6d 2s Kc]
Seat 1: nrJitsu (big blind) mucked
Seat 2: jl45259071 (button) (small blind) showed [Qd Jc] and won ($41.50) with a pair of Jacks


PokerStars Hand #148572234488:  Hold'em Limit ($3/$6 USD) - 2016/02/10 13:54:39 ET
Table 'Sasin' 2-max Seat #1 is the button
Seat 1: nrJitsu ($251.64 in chips)
Seat 2: jl45259071 ($103.43 in chips)
nrJitsu: posts small blind $1
jl45259071: posts big blind $3
*** HOLE CARDS ***
nrJitsu: raises $3 to $6
jl45259071: raises $3 to $9
nrJitsu: calls $3
*** FLOP *** [Ah 4s 6c]
jl45259071: bets $3
nrJitsu: calls $3
*** TURN *** [Ah 4s 6c] [9c]
jl45259071: bets $6
nrJitsu: calls $6
*** RIVER *** [Ah 4s 6c 9c] [Ad]
jl45259071: bets $6
nrJitsu: calls $6
*** SHOW DOWN ***
jl45259071: shows [6s 9h] (two pair, Aces and Nines)
nrJitsu: shows [Th Tc] (two pair, Aces and Tens)
nrJitsu collected $47.50 from pot
*** SUMMARY ***
Total pot $48 | Rake $0.50
Board [Ah 4s 6c 9c Ad]
Seat 1: nrJitsu (button) (small blind) showed [Th Tc] and won ($47.50) with two pair, Aces and Tens
Seat 2: jl45259071 (big blind) showed [6s 9h] and lost with two pair, Aces and Nines


PokerStars Hand #148572203648:  Hold'em Limit ($3/$6 USD) - 2016/02/10 13:54:10 ET
Table 'Sasin' 2-max Seat #2 is the button
Seat 1: nrJitsu ($290.64 in chips)
Seat 2: jl45259071 ($65.65 in chips)
jl45259071: posts small blind $1
nrJitsu: posts big blind $3
*** HOLE CARDS ***
jl45259071: raises $3 to $6
nrJitsu: calls $3
*** FLOP *** [6c Qc Td]
nrJitsu: checks
jl45259071: bets $3
nrJitsu: folds
Uncalled bet ($3) returned to jl45259071
jl45259071 collected $11.76 from pot
jl45259071: doesn't show hand
*** SUMMARY ***
Total pot $12 | Rake $0.24
Board [6c Qc Td]
Seat 1: nrJitsu (big blind) folded on the Flop
Seat 2: jl45259071 (button) (small blind) collected ($11.76)


PokerStars Hand #148572247895:  Hold'em Limit ($3/$6 USD) - 2016/02/10 13:54:51 ET
Table 'Sasin' 2-max Seat #2 is the button
Seat 1: nrJitsu ($275.14 in chips)
Seat 2: jl45259071 ($79.43 in chips)
jl45259071: posts small blind $1
nrJitsu: posts big blind $3
*** HOLE CARDS ***
jl45259071: raises $3 to $6
nrJitsu: raises $3 to $9
jl45259071: calls $3
*** FLOP *** [2h 6h 5s]
nrJitsu: bets $3
jl45259071: raises $3 to $6
nrJitsu: calls $3
*** TURN *** [2h 6h 5s] [As]
nrJitsu: checks
jl45259071: checks
*** RIVER *** [2h 6h 5s As] [Ks]
nrJitsu: bets $6
jl45259071: calls $6
*** SHOW DOWN ***
nrJitsu: shows [Kh Js] (a pair of Kings)
jl45259071: mucks hand
nrJitsu collected $41.50 from pot
*** SUMMARY ***
Total pot $42 | Rake $0.50
Board [2h 6h 5s As Ks]
Seat 1: nrJitsu (big blind) showed [Kh Js] and won ($41.50) with a pair of Kings
Seat 2: jl45259071 (button) (small blind) mucked


PokerStars Hand #148572264898:  Hold'em Limit ($3/$6 USD) - 2016/02/10 13:55:07 ET
Table 'Sasin' 2-max Seat #1 is the button
Seat 1: nrJitsu ($295.64 in chips)
Seat 2: jl45259071 ($58.43 in chips)
nrJitsu: posts small blind $1
jl45259071: posts big blind $3
*** HOLE CARDS ***
nrJitsu: raises $3 to $6
jl45259071: calls $3
*** FLOP *** [Kc Qc 8s]
jl45259071: checks
nrJitsu: checks
*** TURN *** [Kc Qc 8s] [5h]
jl45259071: checks
nrJitsu: bets $6
jl45259071: folds
Uncalled bet ($6) returned to nrJitsu
nrJitsu collected $11.76 from pot
nrJitsu: doesn't show hand
*** SUMMARY ***
Total pot $12 | Rake $0.24
Board [Kc Qc 8s 5h]
Seat 1: nrJitsu (button) (small blind) collected ($11.76)
Seat 2: jl45259071 (big blind) folded on the Turn


PokerStars Hand #148572279151:  Hold'em Limit ($3/$6 USD) - 2016/02/10 13:55:24 ET
Table 'Sasin' 2-max Seat #2 is the button
Seat 1: nrJitsu ($301.40 in chips)
Seat 2: jl45259071 ($112.43 in chips)
jl45259071: posts small blind $1
nrJitsu: posts big blind $3
*** HOLE CARDS ***
jl45259071: raises $3 to $6
nrJitsu: calls $3
*** FLOP *** [2c Kd 3h]
nrJitsu: checks
jl45259071: bets $3
nrJitsu: calls $3
*** TURN *** [2c Kd 3h] [3d]
nrJitsu: checks
jl45259071: checks
*** RIVER *** [2c Kd 3h 3d] [8h]
nrJitsu: bets $6
jl45259071: calls $6
*** SHOW DOWN ***
nrJitsu: shows [Qd 7d] (a pair of Threes)
jl45259071: shows [Jd 8c] (two pair, Eights and Threes)
jl45259071 collected $29.50 from pot
*** SUMMARY ***
Total pot $30 | Rake $0.50
Board [2c Kd 3h 3d 8h]
Seat 1: nrJitsu (big blind) showed [Qd 7d] and lost with a pair of Threes
Seat 2: jl45259071 (button) (small blind) showed [Jd 8c] and won ($29.50) with two pair, Eights and Threes


PokerStars Hand #148572289756:  Hold'em Limit ($3/$6 USD) - 2016/02/10 13:55:37 ET
Table 'Sasin' 2-max Seat #1 is the button
Seat 1: nrJitsu ($286.40 in chips)
Seat 2: jl45259071 ($126.93 in chips)
nrJitsu: posts small blind $1
jl45259071: posts big blind $3
*** HOLE CARDS ***
nrJitsu: folds
Uncalled bet ($2) returned to jl45259071
jl45259071 collected $2 from pot
jl45259071: doesn't show hand
*** SUMMARY ***
Total pot $2 | Rake $0
Seat 1: nrJitsu (button) (small blind) folded before Flop
Seat 2: jl45259071 (big blind) collected ($2)


PokerStars Hand #148572349131:  Hold'em Limit ($3/$6 USD) - 2016/02/10 13:56:50 ET
Table 'Sasin' 2-max Seat #2 is the button
Seat 1: nrJitsu ($286.66 in chips)
Seat 2: jl45259071 ($125.43 in chips)
jl45259071: posts small blind $1
nrJitsu: posts big blind $3
*** HOLE CARDS ***
jl45259071: calls $2
nrJitsu: checks
*** FLOP *** [Ks Kd 9c]
nrJitsu: checks
jl45259071: checks
*** TURN *** [Ks Kd 9c] [Th]
nrJitsu: bets $6
jl45259071: folds
Uncalled bet ($6) returned to nrJitsu
nrJitsu collected $5.88 from pot
nrJitsu: doesn't show hand
*** SUMMARY ***
Total pot $6 | Rake $0.12
Board [Ks Kd 9c Th]
Seat 1: nrJitsu (big blind) collected ($5.88)
Seat 2: jl45259071 (button) (small blind) folded on the Turn


PokerStars Hand #148572322205:  Hold'em Limit ($3/$6 USD) - 2016/02/10 13:56:17 ET
Table 'Sasin' 2-max Seat #1 is the button
Seat 1: nrJitsu ($291.16 in chips)
Seat 2: jl45259071 ($121.93 in chips)
nrJitsu: posts small blind $1
jl45259071: posts big blind $3
*** HOLE CARDS ***
nrJitsu: folds
Uncalled bet ($2) returned to jl45259071
jl45259071 collected $2 from pot
jl45259071: doesn't show hand
*** SUMMARY ***
Total pot $2 | Rake $0
Seat 1: nrJitsu (button) (small blind) folded before Flop
Seat 2: jl45259071 (big blind) collected ($2)


PokerStars Hand #148572306309:  Hold'em Limit ($3/$6 USD) - 2016/02/10 13:55:57 ET
Table 'Sasin' 2-max Seat #2 is the button
Seat 1: nrJitsu ($285.40 in chips)
Seat 2: jl45259071 ($127.93 in chips)
jl45259071: posts small blind $1
nrJitsu: posts big blind $3
*** HOLE CARDS ***
jl45259071: calls $2
nrJitsu: checks
*** FLOP *** [Jh 2c Ks]
nrJitsu: checks
jl45259071: bets $3
nrJitsu: calls $3
*** TURN *** [Jh 2c Ks] [8h]
nrJitsu: checks
jl45259071: checks
*** RIVER *** [Jh 2c Ks 8h] [Jd]
nrJitsu: bets $6
jl45259071: folds
Uncalled bet ($6) returned to nrJitsu
nrJitsu collected $11.76 from pot
nrJitsu: doesn't show hand
*** SUMMARY ***
Total pot $12 | Rake $0.24
Board [Jh 2c Ks 8h Jd]
Seat 1: nrJitsu (big blind) collected ($11.76)
Seat 2: jl45259071 (button) (small blind) folded on the River


PokerStars Hand #148572326321:  Hold'em Limit ($3/$6 USD) - 2016/02/10 13:56:22 ET
Table 'Sasin' 2-max Seat #2 is the button
Seat 1: nrJitsu ($290.16 in chips)
Seat 2: jl45259071 ($122.93 in chips)
jl45259071: posts small blind $1
nrJitsu: posts big blind $3
*** HOLE CARDS ***
jl45259071: calls $2
nrJitsu: raises $3 to $6
jl45259071: calls $3
*** FLOP *** [3d As 5s]
nrJitsu: bets $3
jl45259071: calls $3
*** TURN *** [3d As 5s] [Qd]
nrJitsu: bets $6
jl45259071: calls $6
*** RIVER *** [3d As 5s Qd] [Qc]
nrJitsu: bets $6
jl45259071: folds
Uncalled bet ($6) returned to nrJitsu
nrJitsu collected $29.50 from pot
nrJitsu: doesn't show hand
*** SUMMARY ***
Total pot $30 | Rake $0.50
Board [3d As 5s Qd Qc]
Seat 1: nrJitsu (big blind) collected ($29.50)
Seat 2: jl45259071 (button) (small blind) folded on the River


PokerStars Hand #148572337904:  Hold'em Limit ($3/$6 USD) - 2016/02/10 13:56:36 ET
Table 'Sasin' 2-max Seat #1 is the button
Seat 1: nrJitsu ($304.66 in chips)
Seat 2: jl45259071 ($107.93 in chips)
nrJitsu: posts small blind $1
jl45259071: posts big blind $3
*** HOLE CARDS ***
nrJitsu: raises $3 to $6
jl45259071: calls $3
*** FLOP *** [7d Ts Td]
jl45259071: checks
nrJitsu: bets $3
jl45259071: raises $3 to $6
nrJitsu: calls $3
*** TURN *** [7d Ts Td] [5h]
jl45259071: checks
nrJitsu: checks
*** RIVER *** [7d Ts Td 5h] [3c]
jl45259071: bets $6
nrJitsu: calls $6
*** SHOW DOWN ***
jl45259071: shows [9c 9s] (two pair, Tens and Nines)
nrJitsu: mucks hand
jl45259071 collected $35.50 from pot
*** SUMMARY ***
Total pot $36 | Rake $0.50
Board [7d Ts Td 5h 3c]
Seat 1: nrJitsu (button) (small blind) mucked
Seat 2: jl45259071 (big blind) showed [9c 9s] and won ($35.50) with two pair, Tens and Nines


PokerStars Hand #148572385373:  Hold'em Limit ($3/$6 USD) - 2016/02/10 13:57:34 ET
Table 'Sasin' 2-max Seat #2 is the button
Seat 1: nrJitsu ($311.80 in chips)
Seat 2: jl45259071 ($99.43 in chips)
jl45259071: posts small blind $1
nrJitsu: posts big blind $3
*** HOLE CARDS ***
jl45259071: calls $2
nrJitsu: checks
*** FLOP *** [2h 4d Qd]
nrJitsu: checks
jl45259071: checks
*** TURN *** [2h 4d Qd] [Ts]
nrJitsu: bets $6
jl45259071: folds
Uncalled bet ($6) returned to nrJitsu
nrJitsu collected $5.88 from pot
nrJitsu: doesn't show hand
*** SUMMARY ***
Total pot $6 | Rake $0.12
Board [2h 4d Qd Ts]
Seat 1: nrJitsu (big blind) collected ($5.88)
Seat 2: jl45259071 (button) (small blind) folded on the Turn


PokerStars Hand #148572393137:  Hold'em Limit ($3/$6 USD) - 2016/02/10 13:57:44 ET
Table 'Sasin' 2-max Seat #1 is the button
Seat 1: nrJitsu ($314.68 in chips)
Seat 2: jl45259071 ($96.43 in chips)
nrJitsu: posts small blind $1
jl45259071: posts big blind $3
*** HOLE CARDS ***
nrJitsu: raises $3 to $6
jl45259071: calls $3
*** FLOP *** [8s 8c 2s]
jl45259071: checks
nrJitsu: bets $3
jl45259071: calls $3
*** TURN *** [8s 8c 2s] [7d]
jl45259071: checks
nrJitsu: checks
*** RIVER *** [8s 8c 2s 7d] [Jh]
jl45259071: checks
nrJitsu: bets $6
jl45259071: folds
Uncalled bet ($6) returned to nrJitsu
nrJitsu collected $17.64 from pot
nrJitsu: doesn't show hand
*** SUMMARY ***
Total pot $18 | Rake $0.36
Board [8s 8c 2s 7d Jh]
Seat 1: nrJitsu (button) (small blind) collected ($17.64)
Seat 2: jl45259071 (big blind) folded on the River


PokerStars Hand #148572362440:  Hold'em Limit ($3/$6 USD) - 2016/02/10 13:57:06 ET
Table 'Sasin' 2-max Seat #1 is the button
Seat 1: nrJitsu ($289.54 in chips)
Seat 2: jl45259071 ($122.43 in chips)
nrJitsu: posts small blind $1
jl45259071: posts big blind $3
*** HOLE CARDS ***
nrJitsu: raises $3 to $6
jl45259071: calls $3
*** FLOP *** [Kc 8h 7c]
jl45259071: checks
nrJitsu: bets $3
jl45259071: folds
Uncalled bet ($3) returned to nrJitsu
nrJitsu collected $11.76 from pot
nrJitsu: doesn't show hand
*** SUMMARY ***
Total pot $12 | Rake $0.24
Board [Kc 8h 7c]
Seat 1: nrJitsu (button) (small blind) collected ($11.76)
Seat 2: jl45259071 (big blind) folded on the Flop


PokerStars Hand #148572370221:  Hold'em Limit ($3/$6 USD) - 2016/02/10 13:57:16 ET
Table 'Sasin' 2-max Seat #2 is the button
Seat 1: nrJitsu ($295.30 in chips)
Seat 2: jl45259071 ($116.43 in chips)
jl45259071: posts small blind $1
nrJitsu: posts big blind $3
*** HOLE CARDS ***
jl45259071: raises $3 to $6
nrJitsu: calls $3
*** FLOP *** [Jd 5s 2d]
nrJitsu: checks
jl45259071: bets $3
nrJitsu: raises $3 to $6
jl45259071: calls $3
*** TURN *** [Jd 5s 2d] [7h]
nrJitsu: bets $6
jl45259071: calls $6
*** RIVER *** [Jd 5s 2d 7h] [Th]
nrJitsu: bets $6
jl45259071: folds
Uncalled bet ($6) returned to nrJitsu
nrJitsu collected $35.50 from pot
nrJitsu: doesn't show hand
*** SUMMARY ***
Total pot $36 | Rake $0.50
Board [Jd 5s 2d 7h Th]
Seat 1: nrJitsu (big blind) collected ($35.50)
Seat 2: jl45259071 (button) (small blind) folded on the River


PokerStars Hand #148572381773:  Hold'em Limit ($3/$6 USD) - 2016/02/10 13:57:30 ET
Table 'Sasin' 2-max Seat #1 is the button
Seat 1: nrJitsu ($312.80 in chips)
Seat 2: jl45259071 ($98.43 in chips)
nrJitsu: posts small blind $1
jl45259071: posts big blind $3
*** HOLE CARDS ***
nrJitsu: folds
Uncalled bet ($2) returned to jl45259071
jl45259071 collected $2 from pot
jl45259071: doesn't show hand
*** SUMMARY ***
Total pot $2 | Rake $0
Seat 1: nrJitsu (button) (small blind) folded before Flop
Seat 2: jl45259071 (big blind) collected ($2)


PokerStars Hand #148572408078:  Hold'em Limit ($3/$6 USD) - 2016/02/10 13:58:02 ET
Table 'Sasin' 2-max Seat #2 is the button
Seat 1: nrJitsu ($323.32 in chips)
Seat 2: jl45259071 ($87.43 in chips)
jl45259071: posts small blind $1
nrJitsu: posts big blind $3
*** HOLE CARDS ***
jl45259071: calls $2
nrJitsu: checks
*** FLOP *** [3d 9d 7c]
nrJitsu: checks
jl45259071: bets $3
nrJitsu: folds
Uncalled bet ($3) returned to jl45259071
jl45259071 collected $5.88 from pot
jl45259071: doesn't show hand
*** SUMMARY ***
Total pot $6 | Rake $0.12
Board [3d 9d 7c]
Seat 1: nrJitsu (big blind) folded on the Flop
Seat 2: jl45259071 (button) (small blind) collected ($5.88)


PokerStars Hand #148572419624:  Hold'em Limit ($3/$6 USD) - 2016/02/10 13:58:11 ET
Table 'Sasin' 2-max Seat #1 is the button
Seat 1: nrJitsu ($320.32 in chips)
Seat 2: jl45259071 ($90.31 in chips)
nrJitsu: posts small blind $1
jl45259071: posts big blind $3
*** HOLE CARDS ***
nrJitsu: raises $3 to $6
jl45259071: calls $3
*** FLOP *** [4h Ac Kc]
jl45259071: checks
nrJitsu: bets $3
jl45259071: folds
Uncalled bet ($3) returned to nrJitsu
nrJitsu collected $11.76 from pot
nrJitsu: doesn't show hand
*** SUMMARY ***
Total pot $12 | Rake $0.24
Board [4h Ac Kc]
Seat 1: nrJitsu (button) (small blind) collected ($11.76)
Seat 2: jl45259071 (big blind) folded on the Flop


PokerStars Hand #148572433143:  Hold'em Limit ($3/$6 USD) - 2016/02/10 13:58:24 ET
Table 'Sasin' 2-max Seat #2 is the button
Seat 1: nrJitsu ($326.08 in chips)
Seat 2: jl45259071 ($84.31 in chips)
jl45259071: posts small blind $1
nrJitsu: posts big blind $3
*** HOLE CARDS ***
jl45259071: calls $2
nrJitsu: raises $3 to $6
jl45259071: raises $3 to $9
nrJitsu: raises $3 to $12
Betting is capped
jl45259071: calls $3
*** FLOP *** [Kh 7h As]
nrJitsu: bets $3
jl45259071: raises $3 to $6
nrJitsu: calls $3
*** TURN *** [Kh 7h As] [Jh]
nrJitsu: checks
jl45259071: bets $6
nrJitsu: calls $6
*** RIVER *** [Kh 7h As Jh] [5c]
nrJitsu: checks
jl45259071: bets $6
nrJitsu: calls $6
*** SHOW DOWN ***
jl45259071: shows [Ac Ad] (three of a kind, Aces)
nrJitsu: mucks hand
jl45259071 collected $59.50 from pot
*** SUMMARY ***
Total pot $60 | Rake $0.50
Board [Kh 7h As Jh 5c]
Seat 1: nrJitsu (big blind) mucked
Seat 2: jl45259071 (button) (small blind) showed [Ac Ad] and won ($59.50) with three of a kind, Aces


PokerStars Hand #148572469993:  Hold'em Limit ($3/$6 USD) - 2016/02/10 13:59:00 ET
Table 'Sasin' 2-max Seat #1 is the button
Seat 1: nrJitsu ($296.08 in chips)
Seat 2: jl45259071 ($113.81 in chips)
nrJitsu: posts small blind $1
jl45259071: posts big blind $3
*** HOLE CARDS ***
nrJitsu: raises $3 to $6
jl45259071: calls $3
*** FLOP *** [5d 9d Js]
jl45259071: checks
nrJitsu: bets $3
jl45259071: folds
Uncalled bet ($3) returned to nrJitsu
nrJitsu collected $11.76 from pot
nrJitsu: doesn't show hand
*** SUMMARY ***
Total pot $12 | Rake $0.24
Board [5d 9d Js]
Seat 1: nrJitsu (button) (small blind) collected ($11.76)
Seat 2: jl45259071 (big blind) folded on the Flop


PokerStars Hand #148572479655:  Hold'em Limit ($3/$6 USD) - 2016/02/10 13:59:11 ET
Table 'Sasin' 2-max Seat #2 is the button
Seat 1: nrJitsu ($301.84 in chips)
Seat 2: jl45259071 ($107.81 in chips)
jl45259071: posts small blind $1
nrJitsu: posts big blind $3
*** HOLE CARDS ***
jl45259071: calls $2
nrJitsu: raises $3 to $6
jl45259071: calls $3
*** FLOP *** [Jd 5h 7d]
nrJitsu: bets $3
jl45259071: calls $3
*** TURN *** [Jd 5h 7d] [Ac]
nrJitsu: checks
jl45259071: checks
*** RIVER *** [Jd 5h 7d Ac] [5s]
nrJitsu: checks
jl45259071: checks
*** SHOW DOWN ***
nrJitsu: shows [Ts Qs] (a pair of Fives)
jl45259071: shows [4h Kc] (a pair of Fives - Ace+King kicker)
jl45259071 collected $17.64 from pot
*** SUMMARY ***
Total pot $18 | Rake $0.36
Board [Jd 5h 7d Ac 5s]
Seat 1: nrJitsu (big blind) showed [Ts Qs] and lost with a pair of Fives
Seat 2: jl45259071 (button) (small blind) showed [4h Kc] and won ($17.64) with a pair of Fives


PokerStars Hand #148572552928:  Hold'em Limit ($3/$6 USD) - 2016/02/10 14:00:39 ET
Table 'Sasin' 2-max Seat #2 is the button
Seat 1: nrJitsu ($283.84 in chips)
Seat 2: jl45259071 ($125.09 in chips)
jl45259071: posts small blind $1
nrJitsu: posts big blind $3
*** HOLE CARDS ***
jl45259071: calls $2
nrJitsu: raises $3 to $6
jl45259071: calls $3
*** FLOP *** [Js 2h Ac]
nrJitsu: bets $3
jl45259071: calls $3
*** TURN *** [Js 2h Ac] [7d]
nrJitsu: bets $6
jl45259071: calls $6
*** RIVER *** [Js 2h Ac 7d] [4c]
nrJitsu: bets $6
jl45259071: calls $6
*** SHOW DOWN ***
nrJitsu: shows [Kc Ah] (a pair of Aces)
jl45259071: mucks hand
nrJitsu collected $41.50 from pot
*** SUMMARY ***
Total pot $42 | Rake $0.50
Board [Js 2h Ac 7d 4c]
Seat 1: nrJitsu (big blind) showed [Kc Ah] and won ($41.50) with a pair of Aces
Seat 2: jl45259071 (button) (small blind) mucked


PokerStars Hand #148572510047:  Hold'em Limit ($3/$6 USD) - 2016/02/10 13:59:48 ET
Table 'Sasin' 2-max Seat #1 is the button
Seat 1: nrJitsu ($292.84 in chips)
Seat 2: jl45259071 ($116.45 in chips)
nrJitsu: posts small blind $1
jl45259071: posts big blind $3
*** HOLE CARDS ***
nrJitsu: raises $3 to $6
jl45259071: calls $3
*** FLOP *** [7d 2c 7h]
jl45259071: checks
nrJitsu: bets $3
jl45259071: calls $3
*** TURN *** [7d 2c 7h] [9c]
jl45259071: checks
jl45259071 said, "?"
nrJitsu: checks
*** RIVER *** [7d 2c 7h 9c] [9d]
jl45259071: bets $6
nrJitsu: folds
Uncalled bet ($6) returned to jl45259071
jl45259071 collected $17.64 from pot
jl45259071: doesn't show hand
*** SUMMARY ***
Total pot $18 | Rake $0.36
Board [7d 2c 7h 9c 9d]
Seat 1: nrJitsu (button) (small blind) folded on the River
Seat 2: jl45259071 (big blind) collected ($17.64)


PokerStars Hand #148572573232:  Hold'em Limit ($3/$6 USD) - 2016/02/10 14:01:01 ET
Table 'Sasin' 2-max Seat #1 is the button
Seat 1: nrJitsu ($304.34 in chips)
Seat 2: jl45259071 ($104.09 in chips)
nrJitsu: posts small blind $1
jl45259071: posts big blind $3
*** HOLE CARDS ***
nrJitsu: raises $3 to $6
jl45259071: calls $3
*** FLOP *** [Ah 5s 7s]
jl45259071: checks
nrJitsu: bets $3
jl45259071: folds
Uncalled bet ($3) returned to nrJitsu
nrJitsu collected $11.76 from pot
nrJitsu: doesn't show hand
*** SUMMARY ***
Total pot $12 | Rake $0.24
Board [Ah 5s 7s]
Seat 1: nrJitsu (button) (small blind) collected ($11.76)
Seat 2: jl45259071 (big blind) folded on the Flop


