PokerStars Hand #168868233709:  Hold'em Limit ($3/$6 USD) - 2017/04/10 20:12:13 ET
Table 'Saskia' 10-max Seat #2 is the button
Seat 1: Zubasa07 ($323.50 in chips)
Seat 2: leungting684 ($53.34 in chips)
leungting684: posts small blind $1
Zubasa07: posts big blind $3
*** HOLE CARDS ***
leungting684: raises $3 to $6
Zubasa07: calls $3
*** FLOP *** [9s Kc 9d]
Zubasa07: checks
leungting684: checks
*** TURN *** [9s Kc 9d] [Ts]
Zubasa07: checks
leungting684: checks
*** RIVER *** [9s Kc 9d Ts] [Qs]
Zubasa07: checks
leungting684: bets $6
Zubasa07: folds
Uncalled bet ($6) returned to leungting684
leungting684 collected $11.76 from pot
leungting684: doesn't show hand
*** SUMMARY ***
Total pot $12 | Rake $0.24
Board [9s Kc 9d Ts Qs]
Seat 1: Zubasa07 (big blind) folded on the River
Seat 2: leungting684 (button) (small blind) collected ($11.76)


PokerStars Hand #168868221245:  Hold'em Limit ($3/$6 USD) - 2017/04/10 20:11:49 ET
Table 'Saskia' 10-max Seat #1 is the button
Seat 1: Zubasa07 ($300 in chips)
Seat 2: leungting684 ($77.34 in chips)
Zubasa07: posts small blind $1
leungting684: posts big blind $3
*** HOLE CARDS ***
Zubasa07: raises $3 to $6
leungting684: raises $3 to $9
Zubasa07: calls $3
*** FLOP *** [9c Qs 5s]
leungting684: bets $3
Zubasa07: calls $3
*** TURN *** [9c Qs 5s] [3d]
leungting684: bets $6
Zubasa07: calls $6
*** RIVER *** [9c Qs 5s 3d] [7c]
leungting684: bets $6
Zubasa07: calls $6
*** SHOW DOWN ***
leungting684: shows [Ac Kc] (high card Ace)
Zubasa07: shows [4h 5h] (a pair of Fives)
Zubasa07 collected $47.50 from pot
*** SUMMARY ***
Total pot $48 | Rake $0.50
Board [9c Qs 5s 3d 7c]
Seat 1: Zubasa07 (button) (small blind) showed [4h 5h] and won ($47.50) with a pair of Fives
Seat 2: leungting684 (big blind) showed [Ac Kc] and lost with high card Ace


PokerStars Hand #168868272043:  Hold'em Limit ($3/$6 USD) - 2017/04/10 20:13:28 ET
Table 'Saskia' 10-max Seat #1 is the button
Seat 1: Zubasa07 ($303.26 in chips)
Seat 2: leungting684 ($72.36 in chips)
Zubasa07: posts small blind $1
leungting684: posts big blind $3
*** HOLE CARDS ***
Zubasa07: raises $3 to $6
leungting684: folds
Uncalled bet ($3) returned to Zubasa07
Zubasa07 collected $6 from pot
Zubasa07: doesn't show hand
*** SUMMARY ***
Total pot $6 | Rake $0
Seat 1: Zubasa07 (button) (small blind) collected ($6)
Seat 2: leungting684 (big blind) folded before Flop


PokerStars Hand #168868269088:  Hold'em Limit ($3/$6 USD) - 2017/04/10 20:13:22 ET
Table 'Saskia' 10-max Seat #2 is the button
Seat 1: Zubasa07 ($302.26 in chips)
Seat 2: leungting684 ($73.36 in chips)
leungting684: posts small blind $1
Zubasa07: posts big blind $3
*** HOLE CARDS ***
leungting684: folds
Uncalled bet ($2) returned to Zubasa07
Zubasa07 collected $2 from pot
Zubasa07: doesn't show hand
*** SUMMARY ***
Total pot $2 | Rake $0
Seat 1: Zubasa07 (big blind) collected ($2)
Seat 2: leungting684 (button) (small blind) folded before Flop


PokerStars Hand #168868262671:  Hold'em Limit ($3/$6 USD) - 2017/04/10 20:13:10 ET
Table 'Saskia' 10-max Seat #1 is the button
Seat 1: Zubasa07 ($308.26 in chips)
Seat 2: leungting684 ($67.60 in chips)
Zubasa07: posts small blind $1
leungting684: posts big blind $3
*** HOLE CARDS ***
Zubasa07: raises $3 to $6
leungting684: calls $3
*** FLOP *** [Jh Ks 2d]
leungting684: checks
Zubasa07: checks
*** TURN *** [Jh Ks 2d] [9d]
leungting684: bets $6
Zubasa07: folds
Uncalled bet ($6) returned to leungting684
leungting684 collected $11.76 from pot
leungting684: doesn't show hand
*** SUMMARY ***
Total pot $12 | Rake $0.24
Board [Jh Ks 2d 9d]
Seat 1: Zubasa07 (button) (small blind) folded on the Turn
Seat 2: leungting684 (big blind) collected ($11.76)


PokerStars Hand #168868257099:  Hold'em Limit ($3/$6 USD) - 2017/04/10 20:12:59 ET
Table 'Saskia' 10-max Seat #2 is the button
Seat 1: Zubasa07 ($302.50 in chips)
Seat 2: leungting684 ($73.60 in chips)
leungting684: posts small blind $1
Zubasa07: posts big blind $3
*** HOLE CARDS ***
leungting684: calls $2
Zubasa07: raises $3 to $6
leungting684: calls $3
*** FLOP *** [8c 2h 4c]
Zubasa07: bets $3
leungting684: folds
Uncalled bet ($3) returned to Zubasa07
Zubasa07 collected $11.76 from pot
Zubasa07: doesn't show hand
*** SUMMARY ***
Total pot $12 | Rake $0.24
Board [8c 2h 4c]
Seat 1: Zubasa07 (big blind) collected ($11.76)
Seat 2: leungting684 (button) (small blind) folded on the Flop


PokerStars Hand #168868244704:  Hold'em Limit ($3/$6 USD) - 2017/04/10 20:12:35 ET
Table 'Saskia' 10-max Seat #1 is the button
Seat 1: Zubasa07 ($317.50 in chips)
Seat 2: leungting684 ($59.10 in chips)
Zubasa07: posts small blind $1
leungting684: posts big blind $3
*** HOLE CARDS ***
Zubasa07: raises $3 to $6
leungting684: calls $3
*** FLOP *** [Kc Qc 6d]
leungting684: checks
Zubasa07: bets $3
leungting684: calls $3
*** TURN *** [Kc Qc 6d] [4c]
leungting684: checks
Zubasa07: checks
*** RIVER *** [Kc Qc 6d 4c] [6c]
leungting684: checks
Zubasa07: bets $6
leungting684: raises $6 to $12
Zubasa07: folds
Uncalled bet ($6) returned to leungting684
leungting684 collected $29.50 from pot
leungting684: doesn't show hand
*** SUMMARY ***
Total pot $30 | Rake $0.50
Board [Kc Qc 6d 4c 6c]
Seat 1: Zubasa07 (button) (small blind) folded on the River
Seat 2: leungting684 (big blind) collected ($29.50)


PokerStars Hand #168868296919:  Hold'em Limit ($3/$6 USD) - 2017/04/10 20:14:17 ET
Table 'Saskia' 10-max Seat #1 is the button
Seat 1: Zubasa07 ($282.26 in chips)
Seat 2: leungting684 ($92.86 in chips)
Zubasa07: posts small blind $1
leungting684: posts big blind $3
*** HOLE CARDS ***
Zubasa07: raises $3 to $6
leungting684: calls $3
*** FLOP *** [3d 2c 7c]
leungting684: checks
Zubasa07: checks
*** TURN *** [3d 2c 7c] [Ts]
leungting684: checks
Zubasa07: checks
*** RIVER *** [3d 2c 7c Ts] [Tc]
leungting684: bets $6
Zubasa07: calls $6
*** SHOW DOWN ***
leungting684: shows [Qs Jc] (a pair of Tens)
Zubasa07: shows [5s 2s] (two pair, Tens and Deuces)
Zubasa07 collected $23.52 from pot
*** SUMMARY ***
Total pot $24 | Rake $0.48
Board [3d 2c 7c Ts Tc]
Seat 1: Zubasa07 (button) (small blind) showed [5s 2s] and won ($23.52) with two pair, Tens and Deuces
Seat 2: leungting684 (big blind) showed [Qs Jc] and lost with a pair of Tens


PokerStars Hand #168868276181:  Hold'em Limit ($3/$6 USD) - 2017/04/10 20:13:36 ET
Table 'Saskia' 10-max Seat #2 is the button
Seat 1: Zubasa07 ($306.26 in chips)
Seat 2: leungting684 ($69.36 in chips)
leungting684: posts small blind $1
Zubasa07: posts big blind $3
*** HOLE CARDS ***
leungting684: raises $3 to $6
Zubasa07: raises $3 to $9
leungting684: calls $3
*** FLOP *** [9d 6d Th]
Zubasa07: bets $3
leungting684: calls $3
*** TURN *** [9d 6d Th] [Js]
Zubasa07: bets $6
leungting684: raises $6 to $12
Zubasa07: calls $6
*** RIVER *** [9d 6d Th Js] [3s]
Zubasa07: checks
leungting684: bets $6
Zubasa07: folds
Uncalled bet ($6) returned to leungting684
leungting684 collected $47.50 from pot
leungting684: doesn't show hand
*** SUMMARY ***
Total pot $48 | Rake $0.50
Board [9d 6d Th Js 3s]
Seat 1: Zubasa07 (big blind) folded on the River
Seat 2: leungting684 (button) (small blind) collected ($47.50)


PokerStars Hand #168868339586:  Hold'em Limit ($3/$6 USD) - 2017/04/10 20:15:42 ET
Table 'Saskia' 10-max Seat #2 is the button
Seat 1: Zubasa07 ($251.78 in chips)
Seat 2: leungting684 ($122.12 in chips)
leungting684: posts small blind $1
Zubasa07: posts big blind $3
*** HOLE CARDS ***
leungting684: folds
Uncalled bet ($2) returned to Zubasa07
Zubasa07 collected $2 from pot
Zubasa07: doesn't show hand
*** SUMMARY ***
Total pot $2 | Rake $0
Seat 1: Zubasa07 (big blind) collected ($2)
Seat 2: leungting684 (button) (small blind) folded before Flop


PokerStars Hand #168868327092:  Hold'em Limit ($3/$6 USD) - 2017/04/10 20:15:17 ET
Table 'Saskia' 10-max Seat #1 is the button
Seat 1: Zubasa07 ($257.78 in chips)
Seat 2: leungting684 ($116.36 in chips)
Zubasa07: posts small blind $1
leungting684: posts big blind $3
*** HOLE CARDS ***
Zubasa07: raises $3 to $6
leungting684: calls $3
*** FLOP *** [Th Qs 7s]
leungting684: checks
Zubasa07: checks
*** TURN *** [Th Qs 7s] [Tc]
leungting684: checks
Zubasa07: checks
*** RIVER *** [Th Qs 7s Tc] [Td]
leungting684: bets $6
Zubasa07: folds
Uncalled bet ($6) returned to leungting684
leungting684 collected $11.76 from pot
leungting684: doesn't show hand
*** SUMMARY ***
Total pot $12 | Rake $0.24
Board [Th Qs 7s Tc Td]
Seat 1: Zubasa07 (button) (small blind) folded on the River
Seat 2: leungting684 (big blind) collected ($11.76)


PokerStars Hand #168868310063:  Hold'em Limit ($3/$6 USD) - 2017/04/10 20:14:43 ET
Table 'Saskia' 10-max Seat #2 is the button
Seat 1: Zubasa07 ($293.78 in chips)
Seat 2: leungting684 ($80.86 in chips)
leungting684: posts small blind $1
Zubasa07: posts big blind $3
*** HOLE CARDS ***
leungting684: raises $3 to $6
Zubasa07: raises $3 to $9
leungting684: calls $3
*** FLOP *** [Jh Ks 7d]
Zubasa07: bets $3
leungting684: raises $3 to $6
Zubasa07: raises $3 to $9
leungting684: calls $3
*** TURN *** [Jh Ks 7d] [Qc]
Zubasa07: bets $6
leungting684: raises $6 to $12
Zubasa07: calls $6
*** RIVER *** [Jh Ks 7d Qc] [Jd]
Zubasa07: checks
leungting684: bets $6
Zubasa07: calls $6
*** SHOW DOWN ***
leungting684: shows [Kc Qh] (two pair, Kings and Queens)
Zubasa07: mucks hand
leungting684 collected $71.50 from pot
*** SUMMARY ***
Total pot $72 | Rake $0.50
Board [Jh Ks 7d Qc Jd]
Seat 1: Zubasa07 (big blind) mucked
Seat 2: leungting684 (button) (small blind) showed [Kc Qh] and won ($71.50) with two pair, Kings and Queens


PokerStars Hand #168868354535:  Hold'em Limit ($3/$6 USD) - 2017/04/10 20:16:12 ET
Table 'Saskia' 10-max Seat #2 is the button
Seat 1: Zubasa07 ($243.78 in chips)
Seat 2: leungting684 ($129.76 in chips)
leungting684: posts small blind $1
Zubasa07: posts big blind $3
*** HOLE CARDS ***
leungting684: calls $2
Zubasa07: raises $3 to $6
leungting684: calls $3
*** FLOP *** [4s 9s Ad]
ZOGI joins the table at seat #4
Zubasa07: bets $3
leungting684: calls $3
*** TURN *** [4s 9s Ad] [2c]
Zubasa07: bets $6
leungting684: calls $6
*** RIVER *** [4s 9s Ad 2c] [8c]
Zubasa07: bets $6
leungting684: calls $6
*** SHOW DOWN ***
Zubasa07: shows [3d Ah] (a pair of Aces)
leungting684: mucks hand
Zubasa07 collected $41.50 from pot
*** SUMMARY ***
Total pot $42 | Rake $0.50
Board [4s 9s Ad 2c 8c]
Seat 1: Zubasa07 (big blind) showed [3d Ah] and won ($41.50) with a pair of Aces
Seat 2: leungting684 (button) (small blind) mucked


PokerStars Hand #168868343306:  Hold'em Limit ($3/$6 USD) - 2017/04/10 20:15:49 ET
Table 'Saskia' 10-max Seat #1 is the button
Seat 1: Zubasa07 ($252.78 in chips)
Seat 2: leungting684 ($121.12 in chips)
Zubasa07: posts small blind $1
leungting684: posts big blind $3
*** HOLE CARDS ***
Zubasa07: raises $3 to $6
leungting684: calls $3
*** FLOP *** [7c Kd Td]
leungting684: checks
Zubasa07: bets $3
leungting684: calls $3
*** TURN *** [7c Kd Td] [6d]
leungting684: checks
Zubasa07: checks
*** RIVER *** [7c Kd Td 6d] [3d]
leungting684: bets $6
Zubasa07: folds
Uncalled bet ($6) returned to leungting684
leungting684 collected $17.64 from pot
leungting684: doesn't show hand
*** SUMMARY ***
Total pot $18 | Rake $0.36
Board [7c Kd Td 6d 3d]
Seat 1: Zubasa07 (button) (small blind) folded on the River
Seat 2: leungting684 (big blind) collected ($17.64)


PokerStars Hand #168868366449:  Hold'em Limit ($3/$6 USD) - 2017/04/10 20:16:35 ET
Table 'Saskia' 10-max Seat #1 is the button
Seat 1: Zubasa07 ($264.28 in chips)
Seat 2: leungting684 ($108.76 in chips)
Zubasa07: posts small blind $1
leungting684: posts big blind $3
*** HOLE CARDS ***
Zubasa07: raises $3 to $6
leungting684: calls $3
*** FLOP *** [Jd Ad 5c]
leungting684: bets $3
Zubasa07: folds
Uncalled bet ($3) returned to leungting684
leungting684 collected $11.76 from pot
leungting684: doesn't show hand
*** SUMMARY ***
Total pot $12 | Rake $0.24
Board [Jd Ad 5c]
Seat 1: Zubasa07 (button) (small blind) folded on the Flop
Seat 2: leungting684 (big blind) collected ($11.76)


PokerStars Hand #168869451874:  Hold'em Limit ($3/$6 USD) - 2017/04/10 20:53:45 ET
Table 'Saskia' 10-max Seat #8 is the button
Seat 5: Psynto ($104.01 in chips)
Seat 8: Donald ($44.29 in chips)
Donald: posts small blind $1
Psynto: posts big blind $3
*** HOLE CARDS ***
Donald: folds
Uncalled bet ($2) returned to Psynto
Psynto collected $2 from pot
Psynto: doesn't show hand
*** SUMMARY ***
Total pot $2 | Rake $0
Seat 5: Psynto (big blind) collected ($2)
Seat 8: Donald (button) (small blind) folded before Flop


PokerStars Hand #168869445834:  Hold'em Limit ($3/$6 USD) - 2017/04/10 20:53:32 ET
Table 'Saskia' 10-max Seat #5 is the button
Seat 5: Psynto ($98.25 in chips)
Seat 8: Donald ($50.29 in chips)
Psynto: posts small blind $1
Donald: posts big blind $3
*** HOLE CARDS ***
Psynto: raises $3 to $6
Donald: calls $3
*** FLOP *** [4d 3s Ac]
Donald: checks
Psynto: bets $3
Donald: folds
Uncalled bet ($3) returned to Psynto
Psynto collected $11.76 from pot
Psynto: doesn't show hand
*** SUMMARY ***
Total pot $12 | Rake $0.24
Board [4d 3s Ac]
Seat 5: Psynto (button) (small blind) collected ($11.76)
Seat 8: Donald (big blind) folded on the Flop


PokerStars Hand #168869438974:  Hold'em Limit ($3/$6 USD) - 2017/04/10 20:53:17 ET
Table 'Saskia' 10-max Seat #8 is the button
Seat 5: Psynto ($89.61 in chips)
Seat 8: Donald ($59.29 in chips)
Donald: posts small blind $1
Larooo: is sitting out
Psynto: posts big blind $3
*** HOLE CARDS ***
Donald: raises $3 to $6
Psynto: calls $3
*** FLOP *** [Ks 6h 3d]
Psynto: checks
Donald: bets $3
Psynto: raises $3 to $6
Donald: folds
Uncalled bet ($3) returned to Psynto
Psynto collected $17.64 from pot
Psynto: doesn't show hand
*** SUMMARY ***
Total pot $18 | Rake $0.36
Board [Ks 6h 3d]
Seat 5: Psynto (big blind) collected ($17.64)
Seat 8: Donald (button) (small blind) folded on the Flop


PokerStars Hand #168891919343:  Hold'em Limit ($3/$6 USD) - 2017/04/11 12:00:57 ET
Table 'Saskia' 10-max Seat #10 is the button
Seat 6: Kristine222 ($83.30 in chips)
Seat 10: MTails ($121 in chips)
MTails: posts small blind $1
Kristine222: posts big blind $3
*** HOLE CARDS ***
MTails: raises $3 to $6
Kristine222: calls $3
*** FLOP *** [2c 9s 4h]
Kristine222: checks
MTails: bets $3
Kristine222: calls $3
*** TURN *** [2c 9s 4h] [Ah]
Kristine222: checks
MTails: checks
*** RIVER *** [2c 9s 4h Ah] [8c]
Kristine222: bets $6
MTails: calls $6
*** SHOW DOWN ***
Kristine222: shows [Qs 4c] (a pair of Fours)
MTails: shows [9d Kd] (a pair of Nines)
vestimokrec joins the table at seat #8
MTails collected $29.50 from pot
*** SUMMARY ***
Total pot $30 | Rake $0.50
Board [2c 9s 4h Ah 8c]
Seat 6: Kristine222 (big blind) showed [Qs 4c] and lost with a pair of Fours
Seat 10: MTails (button) (small blind) showed [9d Kd] and won ($29.50) with a pair of Nines


PokerStars Hand #168892032749:  Hold'em Limit ($3/$6 USD) - 2017/04/11 12:03:35 ET
Table 'Saskia' 10-max Seat #8 is the button
Seat 7: GoliafUa ($116 in chips)
Seat 8: vestimokrec ($75 in chips)
vestimokrec: posts small blind $1
GoliafUa: posts big blind $3
*** HOLE CARDS ***
vestimokrec: raises $3 to $6
Kristine222 leaves the table
GoliafUa: calls $3
*** FLOP *** [4d 2h Qs]
GoliafUa: checks
vestimokrec: checks
*** TURN *** [4d 2h Qs] [7s]
GoliafUa: bets $6
vestimokrec: calls $6
*** RIVER *** [4d 2h Qs 7s] [4h]
GoliafUa: bets $6
vestimokrec: calls $6
*** SHOW DOWN ***
GoliafUa: shows [Qd Tc] (two pair, Queens and Fours)
vestimokrec: shows [Qh Js] (two pair, Queens and Fours - Jack kicker)
vestimokrec collected $35.50 from pot
*** SUMMARY ***
Total pot $36 | Rake $0.50
Board [4d 2h Qs 7s 4h]
Seat 7: GoliafUa (big blind) showed [Qd Tc] and lost with two pair, Queens and Fours
Seat 8: vestimokrec (button) (small blind) showed [Qh Js] and won ($35.50) with two pair, Queens and Fours


