PokerStars Hand #146592178910:  Hold'em Limit ($3/$6 USD) - 2016/01/06 17:34:17 ET
Table 'Saskia' 2-max Seat #1 is the button
Seat 1: BigYelloFish ($171.84 in chips)
Seat 2: HARDGURU ($141.78 in chips)
BigYelloFish: posts small blind $1
HARDGURU: posts big blind $3
*** HOLE CARDS ***
BigYelloFish: raises $3 to $6
HARDGURU: calls $3
*** FLOP *** [6h 4c As]
HARDGURU: checks
BigYelloFish: bets $3
HARDGURU: folds
Uncalled bet ($3) returned to BigYelloFish
BigYelloFish collected $11.76 from pot
BigYelloFish: doesn't show hand
*** SUMMARY ***
Total pot $12 | Rake $0.24
Board [6h 4c As]
Seat 1: BigYelloFish (button) (small blind) collected ($11.76)
Seat 2: HARDGURU (big blind) folded on the Flop


PokerStars Hand #146592189151:  Hold'em Limit ($3/$6 USD) - 2016/01/06 17:34:27 ET
Table 'Saskia' 2-max Seat #2 is the button
Seat 1: BigYelloFish ($177.60 in chips)
Seat 2: HARDGURU ($135.78 in chips)
HARDGURU: posts small blind $1
BigYelloFish: posts big blind $3
*** HOLE CARDS ***
HARDGURU: folds
Uncalled bet ($2) returned to BigYelloFish
BigYelloFish collected $2 from pot
BigYelloFish: doesn't show hand
*** SUMMARY ***
Total pot $2 | Rake $0
Seat 1: BigYelloFish (big blind) collected ($2)
Seat 2: HARDGURU (button) (small blind) folded before Flop


PokerStars Hand #146592194458:  Hold'em Limit ($3/$6 USD) - 2016/01/06 17:34:32 ET
Table 'Saskia' 2-max Seat #1 is the button
Seat 1: BigYelloFish ($178.60 in chips)
Seat 2: HARDGURU ($134.78 in chips)
BigYelloFish: posts small blind $1
HARDGURU: posts big blind $3
*** HOLE CARDS ***
BigYelloFish: raises $3 to $6
HARDGURU: folds
Uncalled bet ($3) returned to BigYelloFish
BigYelloFish collected $6 from pot
BigYelloFish: doesn't show hand
*** SUMMARY ***
Total pot $6 | Rake $0
Seat 1: BigYelloFish (button) (small blind) collected ($6)
Seat 2: HARDGURU (big blind) folded before Flop


PokerStars Hand #146592202384:  Hold'em Limit ($3/$6 USD) - 2016/01/06 17:34:40 ET
Table 'Saskia' 2-max Seat #2 is the button
Seat 1: BigYelloFish ($181.60 in chips)
Seat 2: HARDGURU ($131.78 in chips)
HARDGURU: posts small blind $1
BigYelloFish: posts big blind $3
*** HOLE CARDS ***
HARDGURU: calls $2
BigYelloFish: raises $3 to $6
HARDGURU: calls $3
*** FLOP *** [6h 4s 7h]
BigYelloFish: bets $3
HARDGURU: calls $3
*** TURN *** [6h 4s 7h] [5s]
BigYelloFish: bets $6
HARDGURU: calls $6
*** RIVER *** [6h 4s 7h 5s] [Qd]
BigYelloFish: bets $6
HARDGURU: calls $6
*** SHOW DOWN ***
BigYelloFish: shows [9c 8d] (a straight, Five to Nine)
HARDGURU: mucks hand
BigYelloFish collected $41.50 from pot
*** SUMMARY ***
Total pot $42 | Rake $0.50
Board [6h 4s 7h 5s Qd]
Seat 1: BigYelloFish (big blind) showed [9c 8d] and won ($41.50) with a straight, Five to Nine
Seat 2: HARDGURU (button) (small blind) mucked


PokerStars Hand #146592237211:  Hold'em Limit ($3/$6 USD) - 2016/01/06 17:35:15 ET
Table 'Saskia' 2-max Seat #2 is the button
Seat 1: BigYelloFish ($193.10 in chips)
Seat 2: HARDGURU ($119.42 in chips)
HARDGURU: posts small blind $1
BigYelloFish: posts big blind $3
*** HOLE CARDS ***
HARDGURU: folds
Uncalled bet ($2) returned to BigYelloFish
BigYelloFish collected $2 from pot
BigYelloFish: doesn't show hand
*** SUMMARY ***
Total pot $2 | Rake $0
Seat 1: BigYelloFish (big blind) collected ($2)
Seat 2: HARDGURU (button) (small blind) folded before Flop


PokerStars Hand #146592224589:  Hold'em Limit ($3/$6 USD) - 2016/01/06 17:35:02 ET
Table 'Saskia' 2-max Seat #1 is the button
Seat 1: BigYelloFish ($202.10 in chips)
Seat 2: HARDGURU ($110.78 in chips)
BigYelloFish: posts small blind $1
HARDGURU: posts big blind $3
*** HOLE CARDS ***
BigYelloFish: raises $3 to $6
HARDGURU: calls $3
*** FLOP *** [9d Ad 3d]
HARDGURU: checks
BigYelloFish: bets $3
HARDGURU: raises $3 to $6
BigYelloFish: folds
Uncalled bet ($3) returned to HARDGURU
HARDGURU collected $17.64 from pot
HARDGURU: doesn't show hand
*** SUMMARY ***
Total pot $18 | Rake $0.36
Board [9d Ad 3d]
Seat 1: BigYelloFish (button) (small blind) folded on the Flop
Seat 2: HARDGURU (big blind) collected ($17.64)


PokerStars Hand #146592242583:  Hold'em Limit ($3/$6 USD) - 2016/01/06 17:35:20 ET
Table 'Saskia' 2-max Seat #1 is the button
Seat 1: BigYelloFish ($194.10 in chips)
Seat 2: HARDGURU ($118.42 in chips)
BigYelloFish: posts small blind $1
HARDGURU: posts big blind $3
*** HOLE CARDS ***
BigYelloFish: calls $2
HARDGURU: raises $3 to $6
BigYelloFish: calls $3
*** FLOP *** [8s Ad 4c]
HARDGURU: checks
BigYelloFish: checks
*** TURN *** [8s Ad 4c] [Jc]
HARDGURU: bets $6
BigYelloFish: calls $6
*** RIVER *** [8s Ad 4c Jc] [7c]
HARDGURU: bets $6
BigYelloFish: folds
Uncalled bet ($6) returned to HARDGURU
HARDGURU collected $23.52 from pot
HARDGURU: doesn't show hand
*** SUMMARY ***
Total pot $24 | Rake $0.48
Board [8s Ad 4c Jc 7c]
Seat 1: BigYelloFish (button) (small blind) folded on the River
Seat 2: HARDGURU (big blind) collected ($23.52)


PokerStars Hand #146592258298:  Hold'em Limit ($3/$6 USD) - 2016/01/06 17:35:36 ET
Table 'Saskia' 2-max Seat #2 is the button
Seat 1: BigYelloFish ($182.10 in chips)
Seat 2: HARDGURU ($129.94 in chips)
HARDGURU: posts small blind $1
BigYelloFish: posts big blind $3
*** HOLE CARDS ***
HARDGURU: calls $2
BigYelloFish: raises $3 to $6
HARDGURU: calls $3
*** FLOP *** [4c Jd 4d]
BigYelloFish: bets $3
HARDGURU: calls $3
*** TURN *** [4c Jd 4d] [Jc]
BigYelloFish: checks
HARDGURU: checks
*** RIVER *** [4c Jd 4d Jc] [4h]
BigYelloFish: bets $6
HARDGURU: calls $6
*** SHOW DOWN ***
BigYelloFish: shows [Js 9d] (a full house, Jacks full of Fours)
HARDGURU: mucks hand
BigYelloFish collected $29.50 from pot
*** SUMMARY ***
Total pot $30 | Rake $0.50
Board [4c Jd 4d Jc 4h]
Seat 1: BigYelloFish (big blind) showed [Js 9d] and won ($29.50) with a full house, Jacks full of Fours
Seat 2: HARDGURU (button) (small blind) mucked


PokerStars Hand #146592278245:  Hold'em Limit ($3/$6 USD) - 2016/01/06 17:35:55 ET
Table 'Saskia' 2-max Seat #1 is the button
Seat 1: BigYelloFish ($196.60 in chips)
Seat 2: HARDGURU ($114.94 in chips)
BigYelloFish: posts small blind $1
HARDGURU: posts big blind $3
*** HOLE CARDS ***
BigYelloFish: calls $2
HARDGURU: checks
*** FLOP *** [Ks 6s Kc]
HARDGURU: bets $3
BigYelloFish: folds
Uncalled bet ($3) returned to HARDGURU
HARDGURU collected $5.88 from pot
HARDGURU: doesn't show hand
*** SUMMARY ***
Total pot $6 | Rake $0.12
Board [Ks 6s Kc]
Seat 1: BigYelloFish (button) (small blind) folded on the Flop
Seat 2: HARDGURU (big blind) collected ($5.88)


PokerStars Hand #146592287415:  Hold'em Limit ($3/$6 USD) - 2016/01/06 17:36:05 ET
Table 'Saskia' 2-max Seat #2 is the button
Seat 1: BigYelloFish ($193.60 in chips)
Seat 2: HARDGURU ($117.82 in chips)
HARDGURU: posts small blind $1
BigYelloFish: posts big blind $3
*** HOLE CARDS ***
HARDGURU: raises $3 to $6
BigYelloFish: raises $3 to $9
HARDGURU: calls $3
*** FLOP *** [Tc 5h 2h]
BigYelloFish: bets $3
HARDGURU: calls $3
*** TURN *** [Tc 5h 2h] [Ks]
BigYelloFish: bets $6
HARDGURU: calls $6
*** RIVER *** [Tc 5h 2h Ks] [8c]
BigYelloFish: bets $6
HARDGURU: folds
Uncalled bet ($6) returned to BigYelloFish
BigYelloFish collected $35.50 from pot
BigYelloFish: doesn't show hand
*** SUMMARY ***
Total pot $36 | Rake $0.50
Board [Tc 5h 2h Ks 8c]
Seat 1: BigYelloFish (big blind) collected ($35.50)
Seat 2: HARDGURU (button) (small blind) folded on the River


PokerStars Hand #146592302548:  Hold'em Limit ($3/$6 USD) - 2016/01/06 17:36:20 ET
Table 'Saskia' 2-max Seat #1 is the button
Seat 1: BigYelloFish ($211.10 in chips)
Seat 2: HARDGURU ($99.82 in chips)
BigYelloFish: posts small blind $1
HARDGURU: posts big blind $3
*** HOLE CARDS ***
BigYelloFish: raises $3 to $6
HARDGURU: calls $3
*** FLOP *** [Tc 5s 5d]
HARDGURU: checks
BigYelloFish: bets $3
HARDGURU: folds
Uncalled bet ($3) returned to BigYelloFish
BigYelloFish collected $11.76 from pot
BigYelloFish: doesn't show hand
*** SUMMARY ***
Total pot $12 | Rake $0.24
Board [Tc 5s 5d]
Seat 1: BigYelloFish (button) (small blind) collected ($11.76)
Seat 2: HARDGURU (big blind) folded on the Flop


PokerStars Hand #146592311820:  Hold'em Limit ($3/$6 USD) - 2016/01/06 17:36:29 ET
Table 'Saskia' 2-max Seat #2 is the button
Seat 1: BigYelloFish ($216.86 in chips)
Seat 2: HARDGURU ($93.82 in chips)
HARDGURU: posts small blind $1
BigYelloFish: posts big blind $3
*** HOLE CARDS ***
HARDGURU: raises $3 to $6
BigYelloFish: raises $3 to $9
HARDGURU: calls $3
*** FLOP *** [2h Kh Td]
BigYelloFish: bets $3
HARDGURU: calls $3
*** TURN *** [2h Kh Td] [4h]
BigYelloFish: bets $6
HARDGURU: raises $6 to $12
BigYelloFish: calls $6
*** RIVER *** [2h Kh Td 4h] [Qs]
BigYelloFish: checks
HARDGURU: checks
*** SHOW DOWN ***
BigYelloFish: shows [6h 6c] (a pair of Sixes)
HARDGURU: shows [Qh 7s] (a pair of Queens)
HARDGURU collected $47.50 from pot
*** SUMMARY ***
Total pot $48 | Rake $0.50
Board [2h Kh Td 4h Qs]
Seat 1: BigYelloFish (big blind) showed [6h 6c] and lost with a pair of Sixes
Seat 2: HARDGURU (button) (small blind) showed [Qh 7s] and won ($47.50) with a pair of Queens


PokerStars Hand #146592332115:  Hold'em Limit ($3/$6 USD) - 2016/01/06 17:36:49 ET
Table 'Saskia' 2-max Seat #1 is the button
Seat 1: BigYelloFish ($192.86 in chips)
Seat 2: HARDGURU ($117.32 in chips)
BigYelloFish: posts small blind $1
HARDGURU: posts big blind $3
*** HOLE CARDS ***
BigYelloFish: calls $2
HARDGURU: checks
*** FLOP *** [7d 2d 9h]
HARDGURU: checks
BigYelloFish: bets $3
HARDGURU: folds
Uncalled bet ($3) returned to BigYelloFish
BigYelloFish collected $5.88 from pot
BigYelloFish: doesn't show hand
*** SUMMARY ***
Total pot $6 | Rake $0.12
Board [7d 2d 9h]
Seat 1: BigYelloFish (button) (small blind) collected ($5.88)
Seat 2: HARDGURU (big blind) folded on the Flop


PokerStars Hand #146592344906:  Hold'em Limit ($3/$6 USD) - 2016/01/06 17:37:02 ET
Table 'Saskia' 2-max Seat #2 is the button
Seat 1: BigYelloFish ($195.74 in chips)
Seat 2: HARDGURU ($114.32 in chips)
HARDGURU: posts small blind $1
BigYelloFish: posts big blind $3
*** HOLE CARDS ***
HARDGURU: raises $3 to $6
BigYelloFish: raises $3 to $9
HARDGURU: calls $3
*** FLOP *** [Jc 6c 6s]
BigYelloFish: bets $3
HARDGURU: calls $3
*** TURN *** [Jc 6c 6s] [Qs]
BigYelloFish: bets $6
HARDGURU: calls $6
*** RIVER *** [Jc 6c 6s Qs] [7s]
BigYelloFish: checks
HARDGURU: checks
*** SHOW DOWN ***
BigYelloFish: shows [Ts Kd] (a pair of Sixes)
HARDGURU: shows [Ah 5d] (a pair of Sixes - Ace kicker)
HARDGURU collected $35.50 from pot
*** SUMMARY ***
Total pot $36 | Rake $0.50
Board [Jc 6c 6s Qs 7s]
Seat 1: BigYelloFish (big blind) showed [Ts Kd] and lost with a pair of Sixes
Seat 2: HARDGURU (button) (small blind) showed [Ah 5d] and won ($35.50) with a pair of Sixes


PokerStars Hand #146592360385:  Hold'em Limit ($3/$6 USD) - 2016/01/06 17:37:17 ET
Table 'Saskia' 2-max Seat #1 is the button
Seat 1: BigYelloFish ($177.74 in chips)
Seat 2: HARDGURU ($131.82 in chips)
BigYelloFish: posts small blind $1
HARDGURU: posts big blind $3
*** HOLE CARDS ***
BigYelloFish: raises $3 to $6
HARDGURU: calls $3
*** FLOP *** [8d 9s 8c]
HARDGURU: checks
BigYelloFish: bets $3
HARDGURU: calls $3
*** TURN *** [8d 9s 8c] [7d]
HARDGURU: checks
BigYelloFish: bets $6
HARDGURU: calls $6
*** RIVER *** [8d 9s 8c 7d] [3h]
HARDGURU: checks
BigYelloFish: bets $6
HARDGURU: calls $6
*** SHOW DOWN ***
BigYelloFish: shows [9c 5c] (two pair, Nines and Eights)
HARDGURU: mucks hand
BigYelloFish collected $41.50 from pot
*** SUMMARY ***
Total pot $42 | Rake $0.50
Board [8d 9s 8c 7d 3h]
Seat 1: BigYelloFish (button) (small blind) showed [9c 5c] and won ($41.50) with two pair, Nines and Eights
Seat 2: HARDGURU (big blind) mucked


PokerStars Hand #146592377903:  Hold'em Limit ($3/$6 USD) - 2016/01/06 17:37:34 ET
Table 'Saskia' 2-max Seat #2 is the button
Seat 1: BigYelloFish ($198.24 in chips)
Seat 2: HARDGURU ($110.82 in chips)
HARDGURU: posts small blind $1
BigYelloFish: posts big blind $3
*** HOLE CARDS ***
HARDGURU: raises $3 to $6
BigYelloFish: folds
Uncalled bet ($3) returned to HARDGURU
HARDGURU collected $6 from pot
HARDGURU: doesn't show hand
*** SUMMARY ***
Total pot $6 | Rake $0
Seat 1: BigYelloFish (big blind) folded before Flop
Seat 2: HARDGURU (button) (small blind) collected ($6)


PokerStars Hand #146592388138:  Hold'em Limit ($3/$6 USD) - 2016/01/06 17:37:45 ET
Table 'Saskia' 2-max Seat #1 is the button
Seat 1: BigYelloFish ($195.24 in chips)
Seat 2: HARDGURU ($113.82 in chips)
BigYelloFish: posts small blind $1
HARDGURU: posts big blind $3
*** HOLE CARDS ***
BigYelloFish: raises $3 to $6
HARDGURU: calls $3
*** FLOP *** [Ts 3h Jh]
HARDGURU: checks
BigYelloFish: bets $3
HARDGURU: calls $3
*** TURN *** [Ts 3h Jh] [Ks]
HARDGURU: checks
BigYelloFish: checks
*** RIVER *** [Ts 3h Jh Ks] [Tc]
HARDGURU: bets $6
BigYelloFish: folds
Uncalled bet ($6) returned to HARDGURU
HARDGURU collected $17.64 from pot
HARDGURU: doesn't show hand
*** SUMMARY ***
Total pot $18 | Rake $0.36
Board [Ts 3h Jh Ks Tc]
Seat 1: BigYelloFish (button) (small blind) folded on the River
Seat 2: HARDGURU (big blind) collected ($17.64)


PokerStars Hand #146592411862:  Hold'em Limit ($3/$6 USD) - 2016/01/06 17:38:08 ET
Table 'Saskia' 2-max Seat #2 is the button
Seat 1: BigYelloFish ($186.24 in chips)
Seat 2: HARDGURU ($122.46 in chips)
HARDGURU: posts small blind $1
BigYelloFish: posts big blind $3
*** HOLE CARDS ***
HARDGURU: calls $2
BigYelloFish: checks
*** FLOP *** [Ah 5h 6h]
BigYelloFish: checks
HARDGURU: bets $3
BigYelloFish: calls $3
*** TURN *** [Ah 5h 6h] [4d]
BigYelloFish: checks
HARDGURU: bets $6
BigYelloFish: calls $6
*** RIVER *** [Ah 5h 6h 4d] [8h]
BigYelloFish: checks
HARDGURU: checks
*** SHOW DOWN ***
BigYelloFish: shows [6d Tc] (a pair of Sixes)
HARDGURU: shows [As Ac] (three of a kind, Aces)
HARDGURU collected $23.52 from pot
*** SUMMARY ***
Total pot $24 | Rake $0.48
Board [Ah 5h 6h 4d 8h]
Seat 1: BigYelloFish (big blind) showed [6d Tc] and lost with a pair of Sixes
Seat 2: HARDGURU (button) (small blind) showed [As Ac] and won ($23.52) with three of a kind, Aces


PokerStars Hand #146592427985:  Hold'em Limit ($3/$6 USD) - 2016/01/06 17:38:24 ET
Table 'Saskia' 2-max Seat #1 is the button
Seat 1: BigYelloFish ($174.24 in chips)
Seat 2: HARDGURU ($133.98 in chips)
BigYelloFish: posts small blind $1
HARDGURU: posts big blind $3
*** HOLE CARDS ***
BigYelloFish: raises $3 to $6
HARDGURU: calls $3
*** FLOP *** [6s 9d 4s]
HARDGURU: checks
BigYelloFish: checks
*** TURN *** [6s 9d 4s] [Qs]
HARDGURU: bets $6
BigYelloFish: folds
Uncalled bet ($6) returned to HARDGURU
HARDGURU collected $11.76 from pot
HARDGURU: doesn't show hand
*** SUMMARY ***
Total pot $12 | Rake $0.24
Board [6s 9d 4s Qs]
Seat 1: BigYelloFish (button) (small blind) folded on the Turn
Seat 2: HARDGURU (big blind) collected ($11.76)


PokerStars Hand #146592673805:  Hold'em Limit ($3/$6 USD) - 2016/01/06 17:42:33 ET
Table 'Saskia' 2-max Seat #2 is the button
Seat 1: BigYelloFish ($176.06 in chips)
Seat 2: HARDGURU ($127.92 in chips)
HARDGURU: posts small blind $1
BigYelloFish: posts big blind $3
*** HOLE CARDS ***
HARDGURU: folds
Uncalled bet ($2) returned to BigYelloFish
BigYelloFish collected $2 from pot
BigYelloFish: doesn't show hand
*** SUMMARY ***
Total pot $2 | Rake $0
Seat 1: BigYelloFish (big blind) collected ($2)
Seat 2: HARDGURU (button) (small blind) folded before Flop


PokerStars Hand #146592650643:  Hold'em Limit ($3/$6 USD) - 2016/01/06 17:42:09 ET
Table 'Saskia' 2-max Seat #1 is the button
Seat 1: BigYelloFish ($194.06 in chips)
Seat 2: HARDGURU ($110.42 in chips)
BigYelloFish: posts small blind $1
HARDGURU: posts big blind $3
*** HOLE CARDS ***
BigYelloFish: raises $3 to $6
HARDGURU: calls $3
*** FLOP *** [6d Ac 8d]
HARDGURU: checks
BigYelloFish: bets $3
HARDGURU: raises $3 to $6
BigYelloFish: calls $3
*** TURN *** [6d Ac 8d] [7h]
HARDGURU: checks
BigYelloFish: bets $6
HARDGURU: calls $6
*** RIVER *** [6d Ac 8d 7h] [Ad]
HARDGURU: checks
BigYelloFish: checks
*** SHOW DOWN ***
HARDGURU: shows [Jc 7s] (two pair, Aces and Sevens)
BigYelloFish: mucks hand
HARDGURU collected $35.50 from pot
*** SUMMARY ***
Total pot $36 | Rake $0.50
Board [6d Ac 8d 7h Ad]
Seat 1: BigYelloFish (button) (small blind) mucked
Seat 2: HARDGURU (big blind) showed [Jc 7s] and won ($35.50) with two pair, Aces and Sevens


PokerStars Hand #146592636694:  Hold'em Limit ($3/$6 USD) - 2016/01/06 17:41:56 ET
Table 'Saskia' 2-max Seat #2 is the button
Seat 1: BigYelloFish ($188.30 in chips)
Seat 2: HARDGURU ($116.42 in chips)
HARDGURU: posts small blind $1
BigYelloFish: posts big blind $3
*** HOLE CARDS ***
HARDGURU: calls $2
BigYelloFish: raises $3 to $6
HARDGURU: calls $3
*** FLOP *** [Kd Kc 9d]
BigYelloFish: bets $3
HARDGURU: folds
Uncalled bet ($3) returned to BigYelloFish
BigYelloFish collected $11.76 from pot
BigYelloFish: doesn't show hand
*** SUMMARY ***
Total pot $12 | Rake $0.24
Board [Kd Kc 9d]
Seat 1: BigYelloFish (big blind) collected ($11.76)
Seat 2: HARDGURU (button) (small blind) folded on the Flop


PokerStars Hand #146592611285:  Hold'em Limit ($3/$6 USD) - 2016/01/06 17:41:30 ET
Table 'Saskia' 2-max Seat #1 is the button
Seat 1: BigYelloFish ($197.30 in chips)
Seat 2: HARDGURU ($107.78 in chips)
BigYelloFish: posts small blind $1
HARDGURU: posts big blind $3
*** HOLE CARDS ***
BigYelloFish: raises $3 to $6
HARDGURU: calls $3
*** FLOP *** [8c Kd 4s]
HARDGURU: checks
BigYelloFish: bets $3
HARDGURU: calls $3
*** TURN *** [8c Kd 4s] [2c]
HARDGURU: checks
BigYelloFish: checks
*** RIVER *** [8c Kd 4s 2c] [Kc]
HARDGURU: bets $6
BigYelloFish: folds
Uncalled bet ($6) returned to HARDGURU
HARDGURU collected $17.64 from pot
HARDGURU: doesn't show hand
*** SUMMARY ***
Total pot $18 | Rake $0.36
Board [8c Kd 4s 2c Kc]
Seat 1: BigYelloFish (button) (small blind) folded on the River
Seat 2: HARDGURU (big blind) collected ($17.64)


PokerStars Hand #146592733661:  Hold'em Limit ($3/$6 USD) - 2016/01/06 17:43:34 ET
Table 'Saskia' 2-max Seat #1 is the button
Seat 1: BigYelloFish ($189.32 in chips)
Seat 2: HARDGURU ($113.56 in chips)
BigYelloFish: posts small blind $1
HARDGURU: posts big blind $3
*** HOLE CARDS ***
BigYelloFish: raises $3 to $6
HARDGURU: calls $3
*** FLOP *** [Qd Ad Kd]
HARDGURU: checks
BigYelloFish: bets $3
HARDGURU: raises $3 to $6
BigYelloFish: folds
Uncalled bet ($3) returned to HARDGURU
HARDGURU collected $17.64 from pot
HARDGURU: doesn't show hand
*** SUMMARY ***
Total pot $18 | Rake $0.36
Board [Qd Ad Kd]
Seat 1: BigYelloFish (button) (small blind) folded on the Flop
Seat 2: HARDGURU (big blind) collected ($17.64)


PokerStars Hand #146592719487:  Hold'em Limit ($3/$6 USD) - 2016/01/06 17:43:19 ET
Table 'Saskia' 2-max Seat #2 is the button
Seat 1: BigYelloFish ($198.32 in chips)
Seat 2: HARDGURU ($104.92 in chips)
HARDGURU: posts small blind $1
BigYelloFish: posts big blind $3
*** HOLE CARDS ***
HARDGURU: raises $3 to $6
BigYelloFish: calls $3
*** FLOP *** [Jd Ks 8s]
BigYelloFish: checks
HARDGURU: bets $3
BigYelloFish: calls $3
*** TURN *** [Jd Ks 8s] [Jc]
BigYelloFish: checks
HARDGURU: checks
*** RIVER *** [Jd Ks 8s Jc] [Ah]
BigYelloFish: checks
HARDGURU: checks
*** SHOW DOWN ***
BigYelloFish: shows [2s 7s] (a pair of Jacks)
HARDGURU: shows [5c Th] (a pair of Jacks - Ace+King+Ten kicker)
HARDGURU collected $17.64 from pot
*** SUMMARY ***
Total pot $18 | Rake $0.36
Board [Jd Ks 8s Jc Ah]
Seat 1: BigYelloFish (big blind) showed [2s 7s] and lost with a pair of Jacks
Seat 2: HARDGURU (button) (small blind) showed [5c Th] and won ($17.64) with a pair of Jacks


PokerStars Hand #146592709634:  Hold'em Limit ($3/$6 USD) - 2016/01/06 17:43:09 ET
Table 'Saskia' 2-max Seat #1 is the button
Seat 1: BigYelloFish ($192.56 in chips)
Seat 2: HARDGURU ($110.92 in chips)
BigYelloFish: posts small blind $1
HARDGURU: posts big blind $3
*** HOLE CARDS ***
BigYelloFish: raises $3 to $6
HARDGURU: calls $3
*** FLOP *** [Kc Jh 8c]
HARDGURU: checks
BigYelloFish: bets $3
HARDGURU: folds
Uncalled bet ($3) returned to BigYelloFish
BigYelloFish collected $11.76 from pot
BigYelloFish: doesn't show hand
*** SUMMARY ***
Total pot $12 | Rake $0.24
Board [Kc Jh 8c]
Seat 1: BigYelloFish (button) (small blind) collected ($11.76)
Seat 2: HARDGURU (big blind) folded on the Flop


PokerStars Hand #146592704583:  Hold'em Limit ($3/$6 USD) - 2016/01/06 17:43:04 ET
Table 'Saskia' 2-max Seat #2 is the button
Seat 1: BigYelloFish ($191.56 in chips)
Seat 2: HARDGURU ($111.92 in chips)
HARDGURU: posts small blind $1
BigYelloFish: posts big blind $3
*** HOLE CARDS ***
HARDGURU: folds
Uncalled bet ($2) returned to BigYelloFish
BigYelloFish collected $2 from pot
BigYelloFish: doesn't show hand
*** SUMMARY ***
Total pot $2 | Rake $0
Seat 1: BigYelloFish (big blind) collected ($2)
Seat 2: HARDGURU (button) (small blind) folded before Flop


PokerStars Hand #146592679331:  Hold'em Limit ($3/$6 USD) - 2016/01/06 17:42:39 ET
Table 'Saskia' 2-max Seat #1 is the button
Seat 1: BigYelloFish ($177.06 in chips)
Seat 2: HARDGURU ($126.92 in chips)
BigYelloFish: posts small blind $1
HARDGURU: posts big blind $3
*** HOLE CARDS ***
BigYelloFish: raises $3 to $6
HARDGURU: calls $3
*** FLOP *** [7d 8h 7c]
HARDGURU: checks
BigYelloFish: bets $3
HARDGURU: calls $3
*** TURN *** [7d 8h 7c] [9s]
HARDGURU: checks
BigYelloFish: bets $6
HARDGURU: calls $6
*** RIVER *** [7d 8h 7c 9s] [Td]
HARDGURU: checks
BigYelloFish: bets $6
HARDGURU: folds
Uncalled bet ($6) returned to BigYelloFish
BigYelloFish collected $29.50 from pot
BigYelloFish: doesn't show hand
*** SUMMARY ***
Total pot $30 | Rake $0.50
Board [7d 8h 7c 9s Td]
Seat 1: BigYelloFish (button) (small blind) collected ($29.50)
Seat 2: HARDGURU (big blind) folded on the River


PokerStars Hand #146592791102:  Hold'em Limit ($3/$6 USD) - 2016/01/06 17:44:32 ET
Table 'Saskia' 2-max Seat #2 is the button
Seat 1: BigYelloFish ($186.72 in chips)
Seat 2: HARDGURU ($114.84 in chips)
HARDGURU: posts small blind $1
BigYelloFish: posts big blind $3
*** HOLE CARDS ***
HARDGURU: raises $3 to $6
BigYelloFish: calls $3
*** FLOP *** [Ac Qd 8s]
BigYelloFish: checks
HARDGURU: bets $3
BigYelloFish: folds
Uncalled bet ($3) returned to HARDGURU
HARDGURU collected $11.76 from pot
HARDGURU: doesn't show hand
*** SUMMARY ***
Total pot $12 | Rake $0.24
Board [Ac Qd 8s]
Seat 1: BigYelloFish (big blind) folded on the Flop
Seat 2: HARDGURU (button) (small blind) collected ($11.76)


PokerStars Hand #146592775664:  Hold'em Limit ($3/$6 USD) - 2016/01/06 17:44:17 ET
Table 'Saskia' 2-max Seat #1 is the button
Seat 1: BigYelloFish ($195.72 in chips)
Seat 2: HARDGURU ($106.20 in chips)
BigYelloFish: posts small blind $1
HARDGURU: posts big blind $3
*** HOLE CARDS ***
BigYelloFish: raises $3 to $6
HARDGURU: calls $3
*** FLOP *** [7d 2d 2s]
HARDGURU: checks
BigYelloFish: bets $3
HARDGURU: calls $3
*** TURN *** [7d 2d 2s] [5h]
HARDGURU: checks
BigYelloFish: checks
*** RIVER *** [7d 2d 2s 5h] [6d]
HARDGURU: bets $6
BigYelloFish: folds
Uncalled bet ($6) returned to HARDGURU
HARDGURU collected $17.64 from pot
HARDGURU: doesn't show hand
*** SUMMARY ***
Total pot $18 | Rake $0.36
Board [7d 2d 2s 5h 6d]
Seat 1: BigYelloFish (button) (small blind) folded on the River
Seat 2: HARDGURU (big blind) collected ($17.64)


PokerStars Hand #146592770226:  Hold'em Limit ($3/$6 USD) - 2016/01/06 17:44:11 ET
Table 'Saskia' 2-max Seat #2 is the button
Seat 1: BigYelloFish ($194.72 in chips)
Seat 2: HARDGURU ($107.20 in chips)
HARDGURU: posts small blind $1
BigYelloFish: posts big blind $3
*** HOLE CARDS ***
HARDGURU: folds
Uncalled bet ($2) returned to BigYelloFish
BigYelloFish collected $2 from pot
BigYelloFish: doesn't show hand
*** SUMMARY ***
Total pot $2 | Rake $0
Seat 1: BigYelloFish (big blind) collected ($2)
Seat 2: HARDGURU (button) (small blind) folded before Flop


PokerStars Hand #146592755087:  Hold'em Limit ($3/$6 USD) - 2016/01/06 17:43:56 ET
Table 'Saskia' 2-max Seat #1 is the button
Seat 1: BigYelloFish ($186.08 in chips)
Seat 2: HARDGURU ($116.20 in chips)
BigYelloFish: posts small blind $1
HARDGURU: posts big blind $3
*** HOLE CARDS ***
BigYelloFish: raises $3 to $6
HARDGURU: calls $3
*** FLOP *** [3h Ts 5c]
HARDGURU: checks
BigYelloFish: bets $3
HARDGURU: calls $3
*** TURN *** [3h Ts 5c] [5h]
HARDGURU: checks
BigYelloFish: bets $6
HARDGURU: folds
Uncalled bet ($6) returned to BigYelloFish
BigYelloFish collected $17.64 from pot
BigYelloFish: doesn't show hand
*** SUMMARY ***
Total pot $18 | Rake $0.36
Board [3h Ts 5c 5h]
Seat 1: BigYelloFish (button) (small blind) collected ($17.64)
Seat 2: HARDGURU (big blind) folded on the Turn


PokerStars Hand #146592744436:  Hold'em Limit ($3/$6 USD) - 2016/01/06 17:43:45 ET
Table 'Saskia' 2-max Seat #2 is the button
Seat 1: BigYelloFish ($180.32 in chips)
Seat 2: HARDGURU ($122.20 in chips)
HARDGURU: posts small blind $1
BigYelloFish: posts big blind $3
*** HOLE CARDS ***
HARDGURU: calls $2
BigYelloFish: raises $3 to $6
HARDGURU: calls $3
*** FLOP *** [8s 6s Qh]
BigYelloFish: bets $3
HARDGURU: folds
Uncalled bet ($3) returned to BigYelloFish
BigYelloFish collected $11.76 from pot
BigYelloFish: doesn't show hand
*** SUMMARY ***
Total pot $12 | Rake $0.24
Board [8s 6s Qh]
Seat 1: BigYelloFish (big blind) collected ($11.76)
Seat 2: HARDGURU (button) (small blind) folded on the Flop


PokerStars Hand #146592849682:  Hold'em Limit ($3/$6 USD) - 2016/01/06 17:45:32 ET
Table 'Saskia' 2-max Seat #1 is the button
Seat 1: BigYelloFish ($165.48 in chips)
Seat 2: HARDGURU ($134.76 in chips)
BigYelloFish: posts small blind $1
HARDGURU: posts big blind $3
*** HOLE CARDS ***
BigYelloFish: raises $3 to $6
HARDGURU: calls $3
*** FLOP *** [5c Ks 5s]
HARDGURU: checks
BigYelloFish: bets $3
HARDGURU: raises $3 to $6
BigYelloFish: calls $3
*** TURN *** [5c Ks 5s] [Tc]
HARDGURU: checks
BigYelloFish: bets $6
HARDGURU: raises $6 to $12
BigYelloFish: calls $6
*** RIVER *** [5c Ks 5s Tc] [6d]
HARDGURU: bets $6
BigYelloFish: calls $6
*** SHOW DOWN ***
HARDGURU: shows [6s Js] (two pair, Sixes and Fives)
BigYelloFish: mucks hand
HARDGURU collected $59.50 from pot
*** SUMMARY ***
Total pot $60 | Rake $0.50
Board [5c Ks 5s Tc 6d]
Seat 1: BigYelloFish (button) (small blind) mucked
Seat 2: HARDGURU (big blind) showed [6s Js] and won ($59.50) with two pair, Sixes and Fives


PokerStars Hand #146592841624:  Hold'em Limit ($3/$6 USD) - 2016/01/06 17:45:24 ET
Table 'Saskia' 2-max Seat #2 is the button
Seat 1: BigYelloFish ($171.48 in chips)
Seat 2: HARDGURU ($129 in chips)
HARDGURU: posts small blind $1
BigYelloFish: posts big blind $3
*** HOLE CARDS ***
HARDGURU: raises $3 to $6
BigYelloFish: calls $3
*** FLOP *** [2d Jh Kd]
BigYelloFish: checks
HARDGURU: bets $3
BigYelloFish: folds
Uncalled bet ($3) returned to HARDGURU
HARDGURU collected $11.76 from pot
HARDGURU: doesn't show hand
*** SUMMARY ***
Total pot $12 | Rake $0.24
Board [2d Jh Kd]
Seat 1: BigYelloFish (big blind) folded on the Flop
Seat 2: HARDGURU (button) (small blind) collected ($11.76)


PokerStars Hand #146592827838:  Hold'em Limit ($3/$6 USD) - 2016/01/06 17:45:10 ET
Table 'Saskia' 2-max Seat #1 is the button
Seat 1: BigYelloFish ($177.48 in chips)
Seat 2: HARDGURU ($123.24 in chips)
BigYelloFish: posts small blind $1
HARDGURU: posts big blind $3
*** HOLE CARDS ***
BigYelloFish: calls $2
HARDGURU: raises $3 to $6
BigYelloFish: calls $3
*** FLOP *** [6s 6c Qs]
HARDGURU: checks
BigYelloFish: checks
*** TURN *** [6s 6c Qs] [7c]
HARDGURU: bets $6
BigYelloFish: folds
Uncalled bet ($6) returned to HARDGURU
HARDGURU collected $11.76 from pot
HARDGURU: doesn't show hand
*** SUMMARY ***
Total pot $12 | Rake $0.24
Board [6s 6c Qs 7c]
Seat 1: BigYelloFish (button) (small blind) folded on the Turn
Seat 2: HARDGURU (big blind) collected ($11.76)


PokerStars Hand #146592815226:  Hold'em Limit ($3/$6 USD) - 2016/01/06 17:44:57 ET
Table 'Saskia' 2-max Seat #2 is the button
Seat 1: BigYelloFish ($171.72 in chips)
Seat 2: HARDGURU ($129.24 in chips)
HARDGURU: posts small blind $1
BigYelloFish: posts big blind $3
*** HOLE CARDS ***
HARDGURU: raises $3 to $6
BigYelloFish: calls $3
*** FLOP *** [Qd 5d Jh]
BigYelloFish: checks
HARDGURU: checks
*** TURN *** [Qd 5d Jh] [Ac]
BigYelloFish: bets $6
HARDGURU: folds
Uncalled bet ($6) returned to BigYelloFish
BigYelloFish collected $11.76 from pot
BigYelloFish: doesn't show hand
*** SUMMARY ***
Total pot $12 | Rake $0.24
Board [Qd 5d Jh Ac]
Seat 1: BigYelloFish (big blind) collected ($11.76)
Seat 2: HARDGURU (button) (small blind) folded on the Turn


PokerStars Hand #146592799784:  Hold'em Limit ($3/$6 USD) - 2016/01/06 17:44:41 ET
Table 'Saskia' 2-max Seat #1 is the button
Seat 1: BigYelloFish ($180.72 in chips)
Seat 2: HARDGURU ($120.60 in chips)
BigYelloFish: posts small blind $1
HARDGURU: posts big blind $3
*** HOLE CARDS ***
BigYelloFish: raises $3 to $6
HARDGURU: calls $3
*** FLOP *** [Th Jd Ad]
HARDGURU: checks
BigYelloFish: bets $3
HARDGURU: calls $3
*** TURN *** [Th Jd Ad] [3s]
HARDGURU: checks
BigYelloFish: checks
*** RIVER *** [Th Jd Ad 3s] [5c]
HARDGURU: bets $6
BigYelloFish: folds
Uncalled bet ($6) returned to HARDGURU
HARDGURU collected $17.64 from pot
HARDGURU: doesn't show hand
*** SUMMARY ***
Total pot $18 | Rake $0.36
Board [Th Jd Ad 3s 5c]
Seat 1: BigYelloFish (button) (small blind) folded on the River
Seat 2: HARDGURU (big blind) collected ($17.64)


PokerStars Hand #146592903050:  Hold'em Limit ($3/$6 USD) - 2016/01/06 17:46:27 ET
Table 'Saskia' 2-max Seat #2 is the button
Seat 1: BigYelloFish ($108.48 in chips)
Seat 2: HARDGURU ($190.28 in chips)
HARDGURU: posts small blind $1
BigYelloFish: posts big blind $3
*** HOLE CARDS ***
HARDGURU: raises $3 to $6
BigYelloFish: raises $3 to $9
HARDGURU: calls $3
*** FLOP *** [7c Jh 8h]
BigYelloFish: bets $3
HARDGURU: calls $3
*** TURN *** [7c Jh 8h] [Js]
BigYelloFish: bets $6
HARDGURU: calls $6
*** RIVER *** [7c Jh 8h Js] [5d]
BigYelloFish: checks
HARDGURU: checks
*** SHOW DOWN ***
BigYelloFish: shows [Ah Qd] (a pair of Jacks)
HARDGURU: shows [8c 6h] (two pair, Jacks and Eights)
HARDGURU collected $35.50 from pot
*** SUMMARY ***
Total pot $36 | Rake $0.50
Board [7c Jh 8h Js 5d]
Seat 1: BigYelloFish (big blind) showed [Ah Qd] and lost with a pair of Jacks
Seat 2: HARDGURU (button) (small blind) showed [8c 6h] and won ($35.50) with two pair, Jacks and Eights


PokerStars Hand #146592883517:  Hold'em Limit ($3/$6 USD) - 2016/01/06 17:46:07 ET
Table 'Saskia' 2-max Seat #1 is the button
Seat 1: BigYelloFish ($120.48 in chips)
Seat 2: HARDGURU ($178.76 in chips)
BigYelloFish: posts small blind $1
HARDGURU: posts big blind $3
*** HOLE CARDS ***
BigYelloFish: raises $3 to $6
HARDGURU: calls $3
*** FLOP *** [Qc 6d 3s]
HARDGURU: checks
BigYelloFish: bets $3
HARDGURU: raises $3 to $6
BigYelloFish: calls $3
*** TURN *** [Qc 6d 3s] [Ac]
HARDGURU: checks
BigYelloFish: checks
*** RIVER *** [Qc 6d 3s Ac] [5s]
HARDGURU: bets $6
BigYelloFish: folds
Uncalled bet ($6) returned to HARDGURU
HARDGURU collected $23.52 from pot
HARDGURU: doesn't show hand
*** SUMMARY ***
Total pot $24 | Rake $0.48
Board [Qc 6d 3s Ac 5s]
Seat 1: BigYelloFish (button) (small blind) folded on the River
Seat 2: HARDGURU (big blind) collected ($23.52)


PokerStars Hand #146592869175:  Hold'em Limit ($3/$6 USD) - 2016/01/06 17:45:52 ET
Table 'Saskia' 2-max Seat #2 is the button
Seat 1: BigYelloFish ($135.48 in chips)
Seat 2: HARDGURU ($164.26 in chips)
HARDGURU: posts small blind $1
BigYelloFish: posts big blind $3
*** HOLE CARDS ***
HARDGURU: raises $3 to $6
BigYelloFish: calls $3
*** FLOP *** [5d Jh 6d]
BigYelloFish: checks
HARDGURU: bets $3
BigYelloFish: calls $3
*** TURN *** [5d Jh 6d] [5s]
BigYelloFish: checks
HARDGURU: bets $6
BigYelloFish: calls $6
*** RIVER *** [5d Jh 6d 5s] [Jd]
BigYelloFish: checks
HARDGURU: bets $6
BigYelloFish: folds
Uncalled bet ($6) returned to HARDGURU
HARDGURU collected $29.50 from pot
HARDGURU: doesn't show hand
*** SUMMARY ***
Total pot $30 | Rake $0.50
Board [5d Jh 6d 5s Jd]
Seat 1: BigYelloFish (big blind) folded on the River
Seat 2: HARDGURU (button) (small blind) collected ($29.50)


PokerStars Hand #146592918530:  Hold'em Limit ($3/$6 USD) - 2016/01/06 17:46:43 ET
Table 'Saskia' 2-max Seat #1 is the button
Seat 1: BigYelloFish ($90.48 in chips)
Seat 2: HARDGURU ($207.78 in chips)
BigYelloFish: posts small blind $1
HARDGURU: posts big blind $3
*** HOLE CARDS ***
BigYelloFish: calls $2
HARDGURU: checks
*** FLOP *** [Kh Jd 4c]
HARDGURU: checks
BigYelloFish: checks
*** TURN *** [Kh Jd 4c] [2c]
HARDGURU: bets $6
BigYelloFish: folds
Uncalled bet ($6) returned to HARDGURU
HARDGURU collected $5.88 from pot
HARDGURU: doesn't show hand
*** SUMMARY ***
Total pot $6 | Rake $0.12
Board [Kh Jd 4c 2c]
Seat 1: BigYelloFish (button) (small blind) folded on the Turn
Seat 2: HARDGURU (big blind) collected ($5.88)


PokerStars Hand #146592973299:  Hold'em Limit ($3/$6 USD) - 2016/01/06 17:47:28 ET
Table 'Saskia' 2-max Seat #2 is the button
Seat 1: BigYelloFish ($95.98 in chips)
Seat 2: HARDGURU ($201.16 in chips)
HARDGURU: posts small blind $1
BigYelloFish: posts big blind $3
*** HOLE CARDS ***
HARDGURU: calls $2
BigYelloFish: raises $3 to $6
HARDGURU: calls $3
*** FLOP *** [Tc 4d 4s]
BigYelloFish: bets $3
HARDGURU: folds
Uncalled bet ($3) returned to BigYelloFish
BigYelloFish collected $11.76 from pot
BigYelloFish: doesn't show hand
*** SUMMARY ***
Total pot $12 | Rake $0.24
Board [Tc 4d 4s]
Seat 1: BigYelloFish (big blind) collected ($11.76)
Seat 2: HARDGURU (button) (small blind) folded on the Flop


PokerStars Hand #146592993853:  Hold'em Limit ($3/$6 USD) - 2016/01/06 17:47:48 ET
Table 'Saskia' 2-max Seat #2 is the button
Seat 1: BigYelloFish ($107.50 in chips)
Seat 2: HARDGURU ($189.16 in chips)
HARDGURU: posts small blind $1
BigYelloFish: posts big blind $3
*** HOLE CARDS ***
HARDGURU: raises $3 to $6
BigYelloFish: calls $3
*** FLOP *** [7s 8d Ts]
BigYelloFish: checks
HARDGURU: bets $3
BigYelloFish: calls $3
*** TURN *** [7s 8d Ts] [5h]
BigYelloFish: checks
HARDGURU: checks
*** RIVER *** [7s 8d Ts 5h] [9c]
BigYelloFish: checks
HARDGURU: bets $6
BigYelloFish: folds
Uncalled bet ($6) returned to HARDGURU
HARDGURU collected $17.64 from pot
HARDGURU: doesn't show hand
*** SUMMARY ***
Total pot $18 | Rake $0.36
Board [7s 8d Ts 5h 9c]
Seat 1: BigYelloFish (big blind) folded on the River
Seat 2: HARDGURU (button) (small blind) collected ($17.64)


PokerStars Hand #146592984097:  Hold'em Limit ($3/$6 USD) - 2016/01/06 17:47:39 ET
Table 'Saskia' 2-max Seat #1 is the button
Seat 1: BigYelloFish ($101.74 in chips)
Seat 2: HARDGURU ($195.16 in chips)
BigYelloFish: posts small blind $1
HARDGURU: posts big blind $3
*** HOLE CARDS ***
BigYelloFish: raises $3 to $6
HARDGURU: calls $3
*** FLOP *** [Tc Th Ah]
HARDGURU: checks
BigYelloFish: bets $3
HARDGURU: folds
Uncalled bet ($3) returned to BigYelloFish
BigYelloFish collected $11.76 from pot
BigYelloFish: doesn't show hand
*** SUMMARY ***
Total pot $12 | Rake $0.24
Board [Tc Th Ah]
Seat 1: BigYelloFish (button) (small blind) collected ($11.76)
Seat 2: HARDGURU (big blind) folded on the Flop


PokerStars Hand #146593007796:  Hold'em Limit ($3/$6 USD) - 2016/01/06 17:48:02 ET
Table 'Saskia' 2-max Seat #1 is the button
Seat 1: BigYelloFish ($98.50 in chips)
Seat 2: HARDGURU ($197.80 in chips)
BigYelloFish: posts small blind $1
HARDGURU: posts big blind $3
*** HOLE CARDS ***
BigYelloFish: raises $3 to $6
HARDGURU: calls $3
*** FLOP *** [3h 3c 8s]
HARDGURU: checks
BigYelloFish: bets $3
HARDGURU: calls $3
*** TURN *** [3h 3c 8s] [Td]
HARDGURU: checks
BigYelloFish: bets $6
HARDGURU: calls $6
*** RIVER *** [3h 3c 8s Td] [6d]
HARDGURU: checks
BigYelloFish: bets $6
HARDGURU: folds
Uncalled bet ($6) returned to BigYelloFish
BigYelloFish collected $29.50 from pot
BigYelloFish: doesn't show hand
*** SUMMARY ***
Total pot $30 | Rake $0.50
Board [3h 3c 8s Td 6d]
Seat 1: BigYelloFish (button) (small blind) collected ($29.50)
Seat 2: HARDGURU (big blind) folded on the River


PokerStars Hand #146593031248:  Hold'em Limit ($3/$6 USD) - 2016/01/06 17:48:26 ET
Table 'Saskia' 2-max Seat #2 is the button
Seat 1: BigYelloFish ($113 in chips)
Seat 2: HARDGURU ($182.80 in chips)
HARDGURU: posts small blind $1
BigYelloFish: posts big blind $3
*** HOLE CARDS ***
HARDGURU: raises $3 to $6
BigYelloFish: calls $3
*** FLOP *** [Th Td 7h]
BigYelloFish: checks
HARDGURU: checks
*** TURN *** [Th Td 7h] [5s]
BigYelloFish: checks
HARDGURU: checks
*** RIVER *** [Th Td 7h 5s] [3c]
BigYelloFish: checks
HARDGURU: checks
*** SHOW DOWN ***
BigYelloFish: shows [4s 3d] (two pair, Tens and Threes)
HARDGURU: mucks hand
BigYelloFish collected $11.76 from pot
*** SUMMARY ***
Total pot $12 | Rake $0.24
Board [Th Td 7h 5s 3c]
Seat 1: BigYelloFish (big blind) showed [4s 3d] and won ($11.76) with two pair, Tens and Threes
Seat 2: HARDGURU (button) (small blind) mucked


PokerStars Hand #146593061604:  Hold'em Limit ($3/$6 USD) - 2016/01/06 17:48:57 ET
Table 'Saskia' 2-max Seat #1 is the button
Seat 1: BigYelloFish ($126.40 in chips)
Seat 2: HARDGURU ($168.80 in chips)
BigYelloFish: posts small blind $1
HARDGURU: posts big blind $3
*** HOLE CARDS ***
BigYelloFish: calls $2
HARDGURU: checks
*** FLOP *** [Ts Qd Ad]
HARDGURU: checks
BigYelloFish: checks
*** TURN *** [Ts Qd Ad] [Js]
HARDGURU: bets $6
BigYelloFish: folds
Uncalled bet ($6) returned to HARDGURU
HARDGURU collected $5.88 from pot
HARDGURU: doesn't show hand
*** SUMMARY ***
Total pot $6 | Rake $0.12
Board [Ts Qd Ad Js]
Seat 1: BigYelloFish (button) (small blind) folded on the Turn
Seat 2: HARDGURU (big blind) collected ($5.88)


PokerStars Hand #146593048875:  Hold'em Limit ($3/$6 USD) - 2016/01/06 17:48:44 ET
Table 'Saskia' 2-max Seat #2 is the button
Seat 1: BigYelloFish ($117.76 in chips)
Seat 2: HARDGURU ($177.80 in chips)
HARDGURU: posts small blind $1
BigYelloFish: posts big blind $3
*** HOLE CARDS ***
HARDGURU: calls $2
BigYelloFish: checks
*** FLOP *** [Td Js Ts]
BigYelloFish: checks
HARDGURU: checks
*** TURN *** [Td Js Ts] [Tc]
BigYelloFish: checks
HARDGURU: bets $6
BigYelloFish: calls $6
*** RIVER *** [Td Js Ts Tc] [Ah]
BigYelloFish: checks
HARDGURU: checks
*** SHOW DOWN ***
BigYelloFish: shows [Ks 6c] (three of a kind, Tens)
HARDGURU: mucks hand
BigYelloFish collected $17.64 from pot
*** SUMMARY ***
Total pot $18 | Rake $0.36
Board [Td Js Ts Tc Ah]
Seat 1: BigYelloFish (big blind) showed [Ks 6c] and won ($17.64) with three of a kind, Tens
Seat 2: HARDGURU (button) (small blind) mucked


PokerStars Hand #146593044038:  Hold'em Limit ($3/$6 USD) - 2016/01/06 17:48:39 ET
Table 'Saskia' 2-max Seat #1 is the button
Seat 1: BigYelloFish ($118.76 in chips)
Seat 2: HARDGURU ($176.80 in chips)
BigYelloFish: posts small blind $1
HARDGURU: posts big blind $3
*** HOLE CARDS ***
BigYelloFish: folds
Uncalled bet ($2) returned to HARDGURU
HARDGURU collected $2 from pot
HARDGURU: doesn't show hand
*** SUMMARY ***
Total pot $2 | Rake $0
Seat 1: BigYelloFish (button) (small blind) folded before Flop
Seat 2: HARDGURU (big blind) collected ($2)


PokerStars Hand #146593072979:  Hold'em Limit ($3/$6 USD) - 2016/01/06 17:49:09 ET
Table 'Saskia' 2-max Seat #2 is the button
Seat 1: BigYelloFish ($123.40 in chips)
Seat 2: HARDGURU ($171.68 in chips)
HARDGURU: posts small blind $1
BigYelloFish: posts big blind $3
*** HOLE CARDS ***
HARDGURU: calls $2
BigYelloFish: raises $3 to $6
HARDGURU: calls $3
*** FLOP *** [2s 5h 3c]
BigYelloFish: bets $3
HARDGURU: calls $3
*** TURN *** [2s 5h 3c] [Ts]
BigYelloFish: checks
HARDGURU: bets $6
BigYelloFish: calls $6
*** RIVER *** [2s 5h 3c Ts] [Ks]
BigYelloFish: checks
HARDGURU: checks
*** SHOW DOWN ***
BigYelloFish: shows [9h Jh] (high card King)
HARDGURU: shows [7h As] (high card Ace)
HARDGURU collected $29.50 from pot
*** SUMMARY ***
Total pot $30 | Rake $0.50
Board [2s 5h 3c Ts Ks]
Seat 1: BigYelloFish (big blind) showed [9h Jh] and lost with high card King
Seat 2: HARDGURU (button) (small blind) showed [7h As] and won ($29.50) with high card Ace


PokerStars Hand #146593089174:  Hold'em Limit ($3/$6 USD) - 2016/01/06 17:49:26 ET
Table 'Saskia' 2-max Seat #1 is the button
Seat 1: BigYelloFish ($108.40 in chips)
Seat 2: HARDGURU ($186.18 in chips)
BigYelloFish: posts small blind $1
HARDGURU: posts big blind $3
*** HOLE CARDS ***
BigYelloFish: calls $2
HARDGURU: raises $3 to $6
BigYelloFish: calls $3
*** FLOP *** [8d 2d Qc]
HARDGURU: bets $3
BigYelloFish: calls $3
*** TURN *** [8d 2d Qc] [8c]
HARDGURU: bets $6
BigYelloFish: calls $6
*** RIVER *** [8d 2d Qc 8c] [Qd]
HARDGURU: bets $6
BigYelloFish: folds
Uncalled bet ($6) returned to HARDGURU
HARDGURU collected $29.50 from pot
HARDGURU: doesn't show hand
*** SUMMARY ***
Total pot $30 | Rake $0.50
Board [8d 2d Qc 8c Qd]
Seat 1: BigYelloFish (button) (small blind) folded on the River
Seat 2: HARDGURU (big blind) collected ($29.50)


PokerStars Hand #146593135148:  Hold'em Limit ($3/$6 USD) - 2016/01/06 17:50:13 ET
Table 'Saskia' 2-max Seat #2 is the button
Seat 1: BigYelloFish ($107.80 in chips)
Seat 2: HARDGURU ($185.68 in chips)
HARDGURU: posts small blind $1
BigYelloFish: posts big blind $3
*** HOLE CARDS ***
HARDGURU: raises $3 to $6
BigYelloFish: calls $3
*** FLOP *** [3d 3c Js]
BigYelloFish: checks
HARDGURU: checks
*** TURN *** [3d 3c Js] [7d]
BigYelloFish: bets $6
HARDGURU: folds
Uncalled bet ($6) returned to BigYelloFish
BigYelloFish collected $11.76 from pot
BigYelloFish: doesn't show hand
*** SUMMARY ***
Total pot $12 | Rake $0.24
Board [3d 3c Js 7d]
Seat 1: BigYelloFish (big blind) collected ($11.76)
Seat 2: HARDGURU (button) (small blind) folded on the Turn


PokerStars Hand #146593118213:  Hold'em Limit ($3/$6 USD) - 2016/01/06 17:49:56 ET
Table 'Saskia' 2-max Seat #1 is the button
Seat 1: BigYelloFish ($99.16 in chips)
Seat 2: HARDGURU ($194.68 in chips)
BigYelloFish: posts small blind $1
HARDGURU: posts big blind $3
*** HOLE CARDS ***
BigYelloFish: raises $3 to $6
HARDGURU: calls $3
*** FLOP *** [Jc Qh 2c]
HARDGURU: bets $3
BigYelloFish: calls $3
*** TURN *** [Jc Qh 2c] [2s]
HARDGURU: checks
BigYelloFish: checks
*** RIVER *** [Jc Qh 2c 2s] [Ks]
HARDGURU: checks
BigYelloFish: bets $6
HARDGURU: folds
Uncalled bet ($6) returned to BigYelloFish
BigYelloFish collected $17.64 from pot
BigYelloFish: doesn't show hand
*** SUMMARY ***
Total pot $18 | Rake $0.36
Board [Jc Qh 2c 2s Ks]
Seat 1: BigYelloFish (button) (small blind) collected ($17.64)
Seat 2: HARDGURU (big blind) folded on the River


PokerStars Hand #146593104136:  Hold'em Limit ($3/$6 USD) - 2016/01/06 17:49:41 ET
Table 'Saskia' 2-max Seat #2 is the button
Seat 1: BigYelloFish ($93.40 in chips)
Seat 2: HARDGURU ($200.68 in chips)
HARDGURU: posts small blind $1
BigYelloFish: posts big blind $3
*** HOLE CARDS ***
HARDGURU: raises $3 to $6
BigYelloFish: calls $3
*** FLOP *** [Kh 6c 3c]
BigYelloFish: checks
HARDGURU: checks
*** TURN *** [Kh 6c 3c] [Tc]
BigYelloFish: checks
HARDGURU: checks
*** RIVER *** [Kh 6c 3c Tc] [Jc]
BigYelloFish: checks
HARDGURU: checks
*** SHOW DOWN ***
BigYelloFish: shows [5s Ah] (high card Ace)
HARDGURU: mucks hand
BigYelloFish collected $11.76 from pot
*** SUMMARY ***
Total pot $12 | Rake $0.24
Board [Kh 6c 3c Tc Jc]
Seat 1: BigYelloFish (big blind) showed [5s Ah] and won ($11.76) with high card Ace
Seat 2: HARDGURU (button) (small blind) mucked


PokerStars Hand #146593145085:  Hold'em Limit ($3/$6 USD) - 2016/01/06 17:50:24 ET
Table 'Saskia' 2-max Seat #1 is the button
Seat 1: BigYelloFish ($113.56 in chips)
Seat 2: HARDGURU ($179.68 in chips)
BigYelloFish: posts small blind $1
HARDGURU: posts big blind $3
*** HOLE CARDS ***
BigYelloFish: raises $3 to $6
HARDGURU: calls $3
*** FLOP *** [Qc 6c 3c]
HARDGURU: checks
BigYelloFish: bets $3
HARDGURU: calls $3
*** TURN *** [Qc 6c 3c] [7d]
HARDGURU: checks
BigYelloFish: checks
*** RIVER *** [Qc 6c 3c 7d] [Kh]
HARDGURU: bets $6
BigYelloFish: calls $6
*** SHOW DOWN ***
HARDGURU: shows [As Jh] (high card Ace)
BigYelloFish: shows [Ah 6d] (a pair of Sixes)
BigYelloFish collected $29.50 from pot
*** SUMMARY ***
Total pot $30 | Rake $0.50
Board [Qc 6c 3c 7d Kh]
Seat 1: BigYelloFish (button) (small blind) showed [Ah 6d] and won ($29.50) with a pair of Sixes
Seat 2: HARDGURU (big blind) showed [As Jh] and lost with high card Ace


PokerStars Hand #146593170623:  Hold'em Limit ($3/$6 USD) - 2016/01/06 17:50:50 ET
Table 'Saskia' 2-max Seat #1 is the button
Seat 1: BigYelloFish ($122.06 in chips)
Seat 2: HARDGURU ($170.44 in chips)
BigYelloFish: posts small blind $1
HARDGURU: posts big blind $3
*** HOLE CARDS ***
BigYelloFish: raises $3 to $6
HARDGURU: calls $3
*** FLOP *** [3c 9s 5c]
HARDGURU: checks
BigYelloFish: checks
*** TURN *** [3c 9s 5c] [9d]
HARDGURU: bets $6
BigYelloFish: folds
Uncalled bet ($6) returned to HARDGURU
HARDGURU collected $11.76 from pot
HARDGURU: doesn't show hand
*** SUMMARY ***
Total pot $12 | Rake $0.24
Board [3c 9s 5c 9d]
Seat 1: BigYelloFish (button) (small blind) folded on the Turn
Seat 2: HARDGURU (big blind) collected ($11.76)


PokerStars Hand #146593159119:  Hold'em Limit ($3/$6 USD) - 2016/01/06 17:50:38 ET
Table 'Saskia' 2-max Seat #2 is the button
Seat 1: BigYelloFish ($128.06 in chips)
Seat 2: HARDGURU ($164.68 in chips)
HARDGURU: posts small blind $1
BigYelloFish: posts big blind $3
*** HOLE CARDS ***
HARDGURU: calls $2
BigYelloFish: checks
*** FLOP *** [3d 7d Qd]
BigYelloFish: checks
HARDGURU: bets $3
BigYelloFish: calls $3
*** TURN *** [3d 7d Qd] [Qc]
BigYelloFish: checks
HARDGURU: bets $6
BigYelloFish: folds
Uncalled bet ($6) returned to HARDGURU
HARDGURU collected $11.76 from pot
HARDGURU: doesn't show hand
*** SUMMARY ***
Total pot $12 | Rake $0.24
Board [3d 7d Qd Qc]
Seat 1: BigYelloFish (big blind) folded on the Turn
Seat 2: HARDGURU (button) (small blind) collected ($11.76)


PokerStars Hand #146593193902:  Hold'em Limit ($3/$6 USD) - 2016/01/06 17:51:15 ET
Table 'Saskia' 2-max Seat #1 is the button
Seat 1: BigYelloFish ($104.06 in chips)
Seat 2: HARDGURU ($187.72 in chips)
BigYelloFish: posts small blind $1
HARDGURU: posts big blind $3
*** HOLE CARDS ***
BigYelloFish: raises $3 to $6
HARDGURU: calls $3
*** FLOP *** [6s Kc 8c]
HARDGURU: checks
BigYelloFish: bets $3
HARDGURU: raises $3 to $6
BigYelloFish: folds
Uncalled bet ($3) returned to HARDGURU
HARDGURU collected $17.64 from pot
HARDGURU: doesn't show hand
*** SUMMARY ***
Total pot $18 | Rake $0.36
Board [6s Kc 8c]
Seat 1: BigYelloFish (button) (small blind) folded on the Flop
Seat 2: HARDGURU (big blind) collected ($17.64)


PokerStars Hand #146593182068:  Hold'em Limit ($3/$6 USD) - 2016/01/06 17:51:02 ET
Table 'Saskia' 2-max Seat #2 is the button
Seat 1: BigYelloFish ($116.06 in chips)
Seat 2: HARDGURU ($176.20 in chips)
HARDGURU: posts small blind $1
BigYelloFish: posts big blind $3
*** HOLE CARDS ***
HARDGURU: raises $3 to $6
BigYelloFish: calls $3
*** FLOP *** [Ts 8c Qc]
BigYelloFish: checks
HARDGURU: checks
*** TURN *** [Ts 8c Qc] [7c]
BigYelloFish: bets $6
HARDGURU: calls $6
*** RIVER *** [Ts 8c Qc 7c] [3c]
BigYelloFish: checks
HARDGURU: checks
*** SHOW DOWN ***
BigYelloFish: shows [6h Qs] (a pair of Queens)
HARDGURU: shows [Tc As] (a flush, Queen high)
HARDGURU collected $23.52 from pot
*** SUMMARY ***
Total pot $24 | Rake $0.48
Board [Ts 8c Qc 7c 3c]
Seat 1: BigYelloFish (big blind) showed [6h Qs] and lost with a pair of Queens
Seat 2: HARDGURU (button) (small blind) showed [Tc As] and won ($23.52) with a flush, Queen high


PokerStars Hand #146593203783:  Hold'em Limit ($3/$6 USD) - 2016/01/06 17:51:25 ET
Table 'Saskia' 2-max Seat #2 is the button
Seat 1: BigYelloFish ($95.06 in chips)
Seat 2: HARDGURU ($196.36 in chips)
HARDGURU: posts small blind $1
BigYelloFish: posts big blind $3
*** HOLE CARDS ***
HARDGURU: raises $3 to $6
BigYelloFish: calls $3
*** FLOP *** [8s Kh Ts]
BigYelloFish: checks
HARDGURU: checks
*** TURN *** [8s Kh Ts] [Ad]
BigYelloFish: checks
HARDGURU: checks
*** RIVER *** [8s Kh Ts Ad] [3s]
BigYelloFish: checks
HARDGURU: checks
*** SHOW DOWN ***
BigYelloFish: shows [9c 6h] (high card Ace)
HARDGURU: shows [Jh 5d] (high card Ace - King+Jack kicker)
HARDGURU collected $11.76 from pot
*** SUMMARY ***
Total pot $12 | Rake $0.24
Board [8s Kh Ts Ad 3s]
Seat 1: BigYelloFish (big blind) showed [9c 6h] and lost with high card Ace
Seat 2: HARDGURU (button) (small blind) showed [Jh 5d] and won ($11.76) with high card Ace


PokerStars Hand #146593231662:  Hold'em Limit ($3/$6 USD) - 2016/01/06 17:51:54 ET
Table 'Saskia' 2-max Seat #2 is the button
Seat 1: BigYelloFish ($80.06 in chips)
Seat 2: HARDGURU ($210.76 in chips)
HARDGURU: posts small blind $1
BigYelloFish: posts big blind $3
*** HOLE CARDS ***
HARDGURU: raises $3 to $6
BigYelloFish: calls $3
*** FLOP *** [8h Kh 5d]
BigYelloFish: checks
HARDGURU: bets $3
BigYelloFish: raises $3 to $6
HARDGURU: calls $3
*** TURN *** [8h Kh 5d] [8s]
BigYelloFish: bets $6
HARDGURU: folds
Uncalled bet ($6) returned to BigYelloFish
BigYelloFish collected $23.52 from pot
BigYelloFish: doesn't show hand
*** SUMMARY ***
Total pot $24 | Rake $0.48
Board [8h Kh 5d 8s]
Seat 1: BigYelloFish (big blind) collected ($23.52)
Seat 2: HARDGURU (button) (small blind) folded on the Turn


PokerStars Hand #146593217278:  Hold'em Limit ($3/$6 USD) - 2016/01/06 17:51:39 ET
Table 'Saskia' 2-max Seat #1 is the button
Seat 1: BigYelloFish ($89.06 in chips)
Seat 2: HARDGURU ($202.12 in chips)
BigYelloFish: posts small blind $1
HARDGURU: posts big blind $3
*** HOLE CARDS ***
BigYelloFish: raises $3 to $6
HARDGURU: calls $3
*** FLOP *** [2d Jh 6c]
HARDGURU: checks
BigYelloFish: bets $3
HARDGURU: calls $3
*** TURN *** [2d Jh 6c] [6h]
HARDGURU: checks
BigYelloFish: checks
*** RIVER *** [2d Jh 6c 6h] [4c]
HARDGURU: bets $6
BigYelloFish: folds
Uncalled bet ($6) returned to HARDGURU
HARDGURU collected $17.64 from pot
HARDGURU: doesn't show hand
*** SUMMARY ***
Total pot $18 | Rake $0.36
Board [2d Jh 6c 6h 4c]
Seat 1: BigYelloFish (button) (small blind) folded on the River
Seat 2: HARDGURU (big blind) collected ($17.64)


PokerStars Hand #146593247091:  Hold'em Limit ($3/$6 USD) - 2016/01/06 17:52:10 ET
Table 'Saskia' 2-max Seat #1 is the button
Seat 1: BigYelloFish ($91.58 in chips)
Seat 2: HARDGURU ($198.76 in chips)
BigYelloFish: posts small blind $1
HARDGURU: posts big blind $3
*** HOLE CARDS ***
BigYelloFish: raises $3 to $6
HARDGURU: calls $3
*** FLOP *** [8d Qd Jd]
HARDGURU: checks
BigYelloFish: checks
*** TURN *** [8d Qd Jd] [2d]
HARDGURU: bets $6
BigYelloFish: folds
Uncalled bet ($6) returned to HARDGURU
HARDGURU collected $11.76 from pot
HARDGURU: doesn't show hand
*** SUMMARY ***
Total pot $12 | Rake $0.24
Board [8d Qd Jd 2d]
Seat 1: BigYelloFish (button) (small blind) folded on the Turn
Seat 2: HARDGURU (big blind) collected ($11.76)


PokerStars Hand #146593257815:  Hold'em Limit ($3/$6 USD) - 2016/01/06 17:52:21 ET
Table 'Saskia' 2-max Seat #2 is the button
Seat 1: BigYelloFish ($85.58 in chips)
Seat 2: HARDGURU ($204.52 in chips)
HARDGURU: posts small blind $1
BigYelloFish: posts big blind $3
*** HOLE CARDS ***
HARDGURU: calls $2
BigYelloFish: raises $3 to $6
HARDGURU: calls $3
*** FLOP *** [3s 4s 9c]
BigYelloFish: bets $3
HARDGURU: calls $3
*** TURN *** [3s 4s 9c] [7c]
BigYelloFish: checks
HARDGURU: bets $6
BigYelloFish: calls $6
*** RIVER *** [3s 4s 9c 7c] [Ks]
BigYelloFish: checks
HARDGURU: bets $6
BigYelloFish: folds
Uncalled bet ($6) returned to HARDGURU
HARDGURU collected $29.50 from pot
HARDGURU: doesn't show hand
*** SUMMARY ***
Total pot $30 | Rake $0.50
Board [3s 4s 9c 7c Ks]
Seat 1: BigYelloFish (big blind) folded on the River
Seat 2: HARDGURU (button) (small blind) collected ($29.50)


PokerStars Hand #146593291493:  Hold'em Limit ($3/$6 USD) - 2016/01/06 17:52:57 ET
Table 'Saskia' 2-max Seat #1 is the button
Seat 1: BigYelloFish ($70.34 in chips)
Seat 2: HARDGURU ($218.78 in chips)
BigYelloFish: posts small blind $1
HARDGURU: posts big blind $3
*** HOLE CARDS ***
BigYelloFish: raises $3 to $6
HARDGURU: calls $3
*** FLOP *** [6h Qc 8d]
HARDGURU: checks
BigYelloFish: checks
*** TURN *** [6h Qc 8d] [Js]
HARDGURU: bets $6
BigYelloFish: folds
Uncalled bet ($6) returned to HARDGURU
HARDGURU collected $11.76 from pot
HARDGURU: doesn't show hand
*** SUMMARY ***
Total pot $12 | Rake $0.24
Board [6h Qc 8d Js]
Seat 1: BigYelloFish (button) (small blind) folded on the Turn
Seat 2: HARDGURU (big blind) collected ($11.76)


PokerStars Hand #146593281978:  Hold'em Limit ($3/$6 USD) - 2016/01/06 17:52:47 ET
Table 'Saskia' 2-max Seat #2 is the button
Seat 1: BigYelloFish ($76.34 in chips)
Seat 2: HARDGURU ($213.02 in chips)
HARDGURU: posts small blind $1
BigYelloFish: posts big blind $3
*** HOLE CARDS ***
HARDGURU: raises $3 to $6
BigYelloFish: calls $3
*** FLOP *** [6s Kc 2c]
BigYelloFish: checks
HARDGURU: bets $3
BigYelloFish: folds
Uncalled bet ($3) returned to HARDGURU
HARDGURU collected $11.76 from pot
HARDGURU: doesn't show hand
*** SUMMARY ***
Total pot $12 | Rake $0.24
Board [6s Kc 2c]
Seat 1: BigYelloFish (big blind) folded on the Flop
Seat 2: HARDGURU (button) (small blind) collected ($11.76)


PokerStars Hand #146593271899:  Hold'em Limit ($3/$6 USD) - 2016/01/06 17:52:36 ET
Table 'Saskia' 2-max Seat #1 is the button
Seat 1: BigYelloFish ($70.58 in chips)
Seat 2: HARDGURU ($219.02 in chips)
BigYelloFish: posts small blind $1
HARDGURU: posts big blind $3
*** HOLE CARDS ***
BigYelloFish: raises $3 to $6
HARDGURU: calls $3
*** FLOP *** [Jd Kh Jh]
HARDGURU: checks
BigYelloFish: bets $3
HARDGURU: folds
Uncalled bet ($3) returned to BigYelloFish
BigYelloFish collected $11.76 from pot
BigYelloFish: doesn't show hand
*** SUMMARY ***
Total pot $12 | Rake $0.24
Board [Jd Kh Jh]
Seat 1: BigYelloFish (button) (small blind) collected ($11.76)
Seat 2: HARDGURU (big blind) folded on the Flop


PokerStars Hand #146593301872:  Hold'em Limit ($3/$6 USD) - 2016/01/06 17:53:08 ET
Table 'Saskia' 2-max Seat #2 is the button
Seat 1: BigYelloFish ($64.34 in chips)
Seat 2: HARDGURU ($224.54 in chips)
HARDGURU: posts small blind $1
BigYelloFish: posts big blind $3
*** HOLE CARDS ***
HARDGURU: raises $3 to $6
BigYelloFish: raises $3 to $9
HARDGURU: calls $3
*** FLOP *** [9d As Qh]
BigYelloFish: bets $3
HARDGURU: calls $3
*** TURN *** [9d As Qh] [5s]
BigYelloFish: checks
HARDGURU: checks
*** RIVER *** [9d As Qh 5s] [9h]
BigYelloFish: bets $6
HARDGURU: folds
Uncalled bet ($6) returned to BigYelloFish
BigYelloFish collected $23.52 from pot
BigYelloFish: doesn't show hand
*** SUMMARY ***
Total pot $24 | Rake $0.48
Board [9d As Qh 5s 9h]
Seat 1: BigYelloFish (big blind) collected ($23.52)
Seat 2: HARDGURU (button) (small blind) folded on the River


PokerStars Hand #146593318182:  Hold'em Limit ($3/$6 USD) - 2016/01/06 17:53:25 ET
Table 'Saskia' 2-max Seat #1 is the button
Seat 1: BigYelloFish ($75.86 in chips)
Seat 2: HARDGURU ($212.54 in chips)
BigYelloFish: posts small blind $1
HARDGURU: posts big blind $3
*** HOLE CARDS ***
BigYelloFish: raises $3 to $6
HARDGURU: calls $3
*** FLOP *** [9h Qd 7h]
HARDGURU: checks
BigYelloFish: bets $3
HARDGURU: folds
Uncalled bet ($3) returned to BigYelloFish
BigYelloFish collected $11.76 from pot
BigYelloFish: doesn't show hand
*** SUMMARY ***
Total pot $12 | Rake $0.24
Board [9h Qd 7h]
Seat 1: BigYelloFish (button) (small blind) collected ($11.76)
Seat 2: HARDGURU (big blind) folded on the Flop


PokerStars Hand #146593328690:  Hold'em Limit ($3/$6 USD) - 2016/01/06 17:53:36 ET
Table 'Saskia' 2-max Seat #2 is the button
Seat 1: BigYelloFish ($81.62 in chips)
Seat 2: HARDGURU ($206.54 in chips)
HARDGURU: posts small blind $1
BigYelloFish: posts big blind $3
*** HOLE CARDS ***
HARDGURU: raises $3 to $6
BigYelloFish: calls $3
*** FLOP *** [3h Qh 6s]
BigYelloFish: checks
HARDGURU: bets $3
BigYelloFish: calls $3
*** TURN *** [3h Qh 6s] [Qs]
BigYelloFish: checks
HARDGURU: bets $6
BigYelloFish: folds
Uncalled bet ($6) returned to HARDGURU
HARDGURU collected $17.64 from pot
HARDGURU: doesn't show hand
*** SUMMARY ***
Total pot $18 | Rake $0.36
Board [3h Qh 6s Qs]
Seat 1: BigYelloFish (big blind) folded on the Turn
Seat 2: HARDGURU (button) (small blind) collected ($17.64)


PokerStars Hand #146593341635:  Hold'em Limit ($3/$6 USD) - 2016/01/06 17:53:50 ET
Table 'Saskia' 2-max Seat #1 is the button
Seat 1: BigYelloFish ($72.62 in chips)
Seat 2: HARDGURU ($215.18 in chips)
BigYelloFish: posts small blind $1
HARDGURU: posts big blind $3
*** HOLE CARDS ***
BigYelloFish: raises $3 to $6
HARDGURU: calls $3
*** FLOP *** [Ts 5c 4s]
HARDGURU: checks
BigYelloFish: bets $3
HARDGURU: calls $3
*** TURN *** [Ts 5c 4s] [9h]
HARDGURU: checks
BigYelloFish: bets $6
HARDGURU: calls $6
*** RIVER *** [Ts 5c 4s 9h] [3d]
HARDGURU: checks
BigYelloFish: bets $6
HARDGURU: calls $6
*** SHOW DOWN ***
BigYelloFish: shows [5s 9d] (two pair, Nines and Fives)
HARDGURU: mucks hand
BigYelloFish collected $41.50 from pot
*** SUMMARY ***
Total pot $42 | Rake $0.50
Board [Ts 5c 4s 9h 3d]
Seat 1: BigYelloFish (button) (small blind) showed [5s 9d] and won ($41.50) with two pair, Nines and Fives
Seat 2: HARDGURU (big blind) mucked


PokerStars Hand #146593357879:  Hold'em Limit ($3/$6 USD) - 2016/01/06 17:54:06 ET
Table 'Saskia' 2-max Seat #2 is the button
Seat 1: BigYelloFish ($93.12 in chips)
Seat 2: HARDGURU ($194.18 in chips)
HARDGURU: posts small blind $1
BigYelloFish: posts big blind $3
*** HOLE CARDS ***
HARDGURU: raises $3 to $6
BigYelloFish: calls $3
*** FLOP *** [7h 7d Kc]
BigYelloFish: checks
HARDGURU: bets $3
BigYelloFish: calls $3
*** TURN *** [7h 7d Kc] [Jh]
BigYelloFish: checks
HARDGURU: checks
*** RIVER *** [7h 7d Kc Jh] [5c]
BigYelloFish: bets $6
HARDGURU: folds
Uncalled bet ($6) returned to BigYelloFish
BigYelloFish collected $17.64 from pot
BigYelloFish: doesn't show hand
*** SUMMARY ***
Total pot $18 | Rake $0.36
Board [7h 7d Kc Jh 5c]
Seat 1: BigYelloFish (big blind) collected ($17.64)
Seat 2: HARDGURU (button) (small blind) folded on the River


PokerStars Hand #146593370532:  Hold'em Limit ($3/$6 USD) - 2016/01/06 17:54:20 ET
Table 'Saskia' 2-max Seat #1 is the button
Seat 1: BigYelloFish ($101.76 in chips)
Seat 2: HARDGURU ($185.18 in chips)
BigYelloFish: posts small blind $1
HARDGURU: posts big blind $3
*** HOLE CARDS ***
BigYelloFish: raises $3 to $6
HARDGURU: calls $3
*** FLOP *** [3c 4d Js]
HARDGURU: checks
BigYelloFish: bets $3
HARDGURU: calls $3
*** TURN *** [3c 4d Js] [Kd]
HARDGURU: checks
BigYelloFish: bets $6
HARDGURU: calls $6
*** RIVER *** [3c 4d Js Kd] [Ah]
HARDGURU: checks
BigYelloFish: checks
*** SHOW DOWN ***
HARDGURU: shows [3h Ks] (two pair, Kings and Threes)
BigYelloFish: mucks hand
HARDGURU collected $29.50 from pot
*** SUMMARY ***
Total pot $30 | Rake $0.50
Board [3c 4d Js Kd Ah]
Seat 1: BigYelloFish (button) (small blind) mucked
Seat 2: HARDGURU (big blind) showed [3h Ks] and won ($29.50) with two pair, Kings and Threes


PokerStars Hand #146593399379:  Hold'em Limit ($3/$6 USD) - 2016/01/06 17:54:50 ET
Table 'Saskia' 2-max Seat #1 is the button
Seat 1: BigYelloFish ($110.26 in chips)
Seat 2: HARDGURU ($175.68 in chips)
BigYelloFish: posts small blind $1
HARDGURU: posts big blind $3
*** HOLE CARDS ***
BigYelloFish: folds
Uncalled bet ($2) returned to HARDGURU
HARDGURU collected $2 from pot
HARDGURU: doesn't show hand
*** SUMMARY ***
Total pot $2 | Rake $0
Seat 1: BigYelloFish (button) (small blind) folded before Flop
Seat 2: HARDGURU (big blind) collected ($2)


PokerStars Hand #146593385230:  Hold'em Limit ($3/$6 USD) - 2016/01/06 17:54:35 ET
Table 'Saskia' 2-max Seat #2 is the button
Seat 1: BigYelloFish ($86.76 in chips)
Seat 2: HARDGURU ($199.68 in chips)
HARDGURU: posts small blind $1
BigYelloFish: posts big blind $3
*** HOLE CARDS ***
HARDGURU: raises $3 to $6
BigYelloFish: calls $3
*** FLOP *** [8c Js 2d]
BigYelloFish: checks
HARDGURU: bets $3
BigYelloFish: raises $3 to $6
HARDGURU: calls $3
*** TURN *** [8c Js 2d] [6d]
BigYelloFish: bets $6
HARDGURU: calls $6
*** RIVER *** [8c Js 2d 6d] [8d]
BigYelloFish: bets $6
HARDGURU: calls $6
*** SHOW DOWN ***
BigYelloFish: shows [4h Jh] (two pair, Jacks and Eights)
HARDGURU: mucks hand
BigYelloFish collected $47.50 from pot
*** SUMMARY ***
Total pot $48 | Rake $0.50
Board [8c Js 2d 6d 8d]
Seat 1: BigYelloFish (big blind) showed [4h Jh] and won ($47.50) with two pair, Jacks and Eights
Seat 2: HARDGURU (button) (small blind) mucked


PokerStars Hand #146593403915:  Hold'em Limit ($3/$6 USD) - 2016/01/06 17:54:55 ET
Table 'Saskia' 2-max Seat #2 is the button
Seat 1: BigYelloFish ($109.26 in chips)
Seat 2: HARDGURU ($176.68 in chips)
HARDGURU: posts small blind $1
BigYelloFish: posts big blind $3
*** HOLE CARDS ***
HARDGURU: calls $2
BigYelloFish: checks
*** FLOP *** [8s As Qc]
BigYelloFish: checks
HARDGURU: bets $3
BigYelloFish: folds
Uncalled bet ($3) returned to HARDGURU
HARDGURU collected $5.88 from pot
HARDGURU: doesn't show hand
*** SUMMARY ***
Total pot $6 | Rake $0.12
Board [8s As Qc]
Seat 1: BigYelloFish (big blind) folded on the Flop
Seat 2: HARDGURU (button) (small blind) collected ($5.88)


PokerStars Hand #146593412214:  Hold'em Limit ($3/$6 USD) - 2016/01/06 17:55:04 ET
Table 'Saskia' 2-max Seat #1 is the button
Seat 1: BigYelloFish ($106.26 in chips)
Seat 2: HARDGURU ($179.56 in chips)
BigYelloFish: posts small blind $1
HARDGURU: posts big blind $3
*** HOLE CARDS ***
BigYelloFish: raises $3 to $6
HARDGURU: calls $3
*** FLOP *** [9h Ks 6h]
HARDGURU: checks
BigYelloFish: bets $3
HARDGURU: calls $3
*** TURN *** [9h Ks 6h] [Kd]
HARDGURU: checks
BigYelloFish: checks
*** RIVER *** [9h Ks 6h Kd] [Qc]
HARDGURU: bets $6
BigYelloFish: calls $6
*** SHOW DOWN ***
HARDGURU: shows [Ac Ad] (two pair, Aces and Kings)
BigYelloFish: mucks hand
HARDGURU collected $29.50 from pot
*** SUMMARY ***
Total pot $30 | Rake $0.50
Board [9h Ks 6h Kd Qc]
Seat 1: BigYelloFish (button) (small blind) mucked
Seat 2: HARDGURU (big blind) showed [Ac Ad] and won ($29.50) with two pair, Aces and Kings


PokerStars Hand #146593425632:  Hold'em Limit ($3/$6 USD) - 2016/01/06 17:55:18 ET
Table 'Saskia' 2-max Seat #2 is the button
Seat 1: BigYelloFish ($91.26 in chips)
Seat 2: HARDGURU ($194.06 in chips)
HARDGURU: posts small blind $1
BigYelloFish: posts big blind $3
*** HOLE CARDS ***
HARDGURU: raises $3 to $6
BigYelloFish: raises $3 to $9
HARDGURU: calls $3
*** FLOP *** [6h 9h 7h]
BigYelloFish: bets $3
HARDGURU: calls $3
*** TURN *** [6h 9h 7h] [Tc]
BigYelloFish: bets $6
HARDGURU: calls $6
*** RIVER *** [6h 9h 7h Tc] [7s]
BigYelloFish: bets $6
HARDGURU: folds
Uncalled bet ($6) returned to BigYelloFish
BigYelloFish collected $35.50 from pot
BigYelloFish: doesn't show hand
*** SUMMARY ***
Total pot $36 | Rake $0.50
Board [6h 9h 7h Tc 7s]
Seat 1: BigYelloFish (big blind) collected ($35.50)
Seat 2: HARDGURU (button) (small blind) folded on the River


PokerStars Hand #146593438084:  Hold'em Limit ($3/$6 USD) - 2016/01/06 17:55:35 ET
Table 'Saskia' 2-max Seat #1 is the button
Seat 1: BigYelloFish ($108.76 in chips)
Seat 2: HARDGURU ($176.06 in chips)
BigYelloFish: posts small blind $1
HARDGURU: posts big blind $3
*** HOLE CARDS ***
BigYelloFish: raises $3 to $6
HARDGURU: calls $3
*** FLOP *** [8c Ks 2s]
HARDGURU: checks
BigYelloFish: bets $3
HARDGURU: calls $3
*** TURN *** [8c Ks 2s] [6s]
HARDGURU: checks
BigYelloFish: checks
*** RIVER *** [8c Ks 2s 6s] [Kd]
HARDGURU: bets $6
BigYelloFish: folds
Uncalled bet ($6) returned to HARDGURU
HARDGURU collected $17.64 from pot
HARDGURU: doesn't show hand
*** SUMMARY ***
Total pot $18 | Rake $0.36
Board [8c Ks 2s 6s Kd]
Seat 1: BigYelloFish (button) (small blind) folded on the River
Seat 2: HARDGURU (big blind) collected ($17.64)


PokerStars Hand #146593450677:  Hold'em Limit ($3/$6 USD) - 2016/01/06 17:55:51 ET
Table 'Saskia' 2-max Seat #2 is the button
Seat 1: BigYelloFish ($99.76 in chips)
Seat 2: HARDGURU ($184.70 in chips)
HARDGURU: posts small blind $1
BigYelloFish: posts big blind $3
*** HOLE CARDS ***
HARDGURU: raises $3 to $6
BigYelloFish: calls $3
*** FLOP *** [3c 8d Jh]
BigYelloFish: checks
HARDGURU: bets $3
BigYelloFish: calls $3
*** TURN *** [3c 8d Jh] [Ts]
BigYelloFish: checks
HARDGURU: bets $6
BigYelloFish: calls $6
*** RIVER *** [3c 8d Jh Ts] [4s]
BigYelloFish: checks
HARDGURU: bets $6
BigYelloFish: calls $6
*** SHOW DOWN ***
HARDGURU: shows [9d Tc] (a pair of Tens)
BigYelloFish: mucks hand
HARDGURU collected $41.50 from pot
*** SUMMARY ***
Total pot $42 | Rake $0.50
Board [3c 8d Jh Ts 4s]
Seat 1: BigYelloFish (big blind) mucked
Seat 2: HARDGURU (button) (small blind) showed [9d Tc] and won ($41.50) with a pair of Tens


PokerStars Hand #146593461439:  Hold'em Limit ($3/$6 USD) - 2016/01/06 17:56:05 ET
Table 'Saskia' 2-max Seat #1 is the button
Seat 1: BigYelloFish ($78.76 in chips)
Seat 2: HARDGURU ($205.20 in chips)
BigYelloFish: posts small blind $1
HARDGURU: posts big blind $3
*** HOLE CARDS ***
BigYelloFish: raises $3 to $6
HARDGURU: calls $3
*** FLOP *** [4h 3d 4c]
HARDGURU: checks
BigYelloFish: bets $3
HARDGURU: raises $3 to $6
BigYelloFish: calls $3
*** TURN *** [4h 3d 4c] [6c]
HARDGURU: checks
BigYelloFish: checks
*** RIVER *** [4h 3d 4c 6c] [Tc]
HARDGURU: checks
BigYelloFish: bets $6
HARDGURU: folds
Uncalled bet ($6) returned to BigYelloFish
BigYelloFish collected $23.52 from pot
BigYelloFish: doesn't show hand
*** SUMMARY ***
Total pot $24 | Rake $0.48
Board [4h 3d 4c 6c Tc]
Seat 1: BigYelloFish (button) (small blind) collected ($23.52)
Seat 2: HARDGURU (big blind) folded on the River


PokerStars Hand #146593475581:  Hold'em Limit ($3/$6 USD) - 2016/01/06 17:56:23 ET
Table 'Saskia' 2-max Seat #2 is the button
Seat 1: BigYelloFish ($90.28 in chips)
Seat 2: HARDGURU ($193.20 in chips)
HARDGURU: posts small blind $1
BigYelloFish: posts big blind $3
*** HOLE CARDS ***
HARDGURU: calls $2
BigYelloFish: checks
*** FLOP *** [Js Ks 9c]
BigYelloFish: checks
HARDGURU: checks
*** TURN *** [Js Ks 9c] [Qh]
BigYelloFish: checks
HARDGURU: bets $6
BigYelloFish: folds
Uncalled bet ($6) returned to HARDGURU
HARDGURU collected $5.88 from pot
HARDGURU: doesn't show hand
*** SUMMARY ***
Total pot $6 | Rake $0.12
Board [Js Ks 9c Qh]
Seat 1: BigYelloFish (big blind) folded on the Turn
Seat 2: HARDGURU (button) (small blind) collected ($5.88)


PokerStars Hand #146593484429:  Hold'em Limit ($3/$6 USD) - 2016/01/06 17:56:34 ET
Table 'Saskia' 2-max Seat #1 is the button
Seat 1: BigYelloFish ($87.28 in chips)
Seat 2: HARDGURU ($196.08 in chips)
BigYelloFish: posts small blind $1
HARDGURU: posts big blind $3
*** HOLE CARDS ***
BigYelloFish: raises $3 to $6
HARDGURU: folds
Uncalled bet ($3) returned to BigYelloFish
BigYelloFish collected $6 from pot
BigYelloFish: doesn't show hand
*** SUMMARY ***
Total pot $6 | Rake $0
Seat 1: BigYelloFish (button) (small blind) collected ($6)
Seat 2: HARDGURU (big blind) folded before Flop


PokerStars Hand #146593489116:  Hold'em Limit ($3/$6 USD) - 2016/01/06 17:56:40 ET
Table 'Saskia' 2-max Seat #2 is the button
Seat 1: BigYelloFish ($90.28 in chips)
Seat 2: HARDGURU ($193.08 in chips)
HARDGURU: posts small blind $1
BigYelloFish: posts big blind $3
*** HOLE CARDS ***
HARDGURU: raises $3 to $6
BigYelloFish: calls $3
*** FLOP *** [Qc Ad 3s]
BigYelloFish: checks
HARDGURU: bets $3
BigYelloFish: folds
Uncalled bet ($3) returned to HARDGURU
HARDGURU collected $11.76 from pot
HARDGURU: doesn't show hand
*** SUMMARY ***
Total pot $12 | Rake $0.24
Board [Qc Ad 3s]
Seat 1: BigYelloFish (big blind) folded on the Flop
Seat 2: HARDGURU (button) (small blind) collected ($11.76)


PokerStars Hand #146593495613:  Hold'em Limit ($3/$6 USD) - 2016/01/06 17:56:49 ET
Table 'Saskia' 2-max Seat #1 is the button
Seat 1: BigYelloFish ($84.28 in chips)
Seat 2: HARDGURU ($198.84 in chips)
BigYelloFish: posts small blind $1
HARDGURU: posts big blind $3
*** HOLE CARDS ***
BigYelloFish: raises $3 to $6
HARDGURU: calls $3
*** FLOP *** [4s 8d 5s]
HARDGURU: checks
BigYelloFish: bets $3
HARDGURU: calls $3
*** TURN *** [4s 8d 5s] [4d]
HARDGURU: checks
BigYelloFish: bets $6
HARDGURU: folds
Uncalled bet ($6) returned to BigYelloFish
BigYelloFish collected $17.64 from pot
BigYelloFish: doesn't show hand
*** SUMMARY ***
Total pot $18 | Rake $0.36
Board [4s 8d 5s 4d]
Seat 1: BigYelloFish (button) (small blind) collected ($17.64)
Seat 2: HARDGURU (big blind) folded on the Turn


PokerStars Hand #146593506299:  Hold'em Limit ($3/$6 USD) - 2016/01/06 17:57:02 ET
Table 'Saskia' 2-max Seat #2 is the button
Seat 1: BigYelloFish ($92.92 in chips)
Seat 2: HARDGURU ($189.84 in chips)
HARDGURU: posts small blind $1
BigYelloFish: posts big blind $3
*** HOLE CARDS ***
HARDGURU: raises $3 to $6
BigYelloFish: folds
Uncalled bet ($3) returned to HARDGURU
HARDGURU collected $6 from pot
HARDGURU: doesn't show hand
*** SUMMARY ***
Total pot $6 | Rake $0
Seat 1: BigYelloFish (big blind) folded before Flop
Seat 2: HARDGURU (button) (small blind) collected ($6)


PokerStars Hand #146593510901:  Hold'em Limit ($3/$6 USD) - 2016/01/06 17:57:08 ET
Table 'Saskia' 2-max Seat #1 is the button
Seat 1: BigYelloFish ($89.92 in chips)
Seat 2: HARDGURU ($192.84 in chips)
BigYelloFish: posts small blind $1
HARDGURU: posts big blind $3
*** HOLE CARDS ***
BigYelloFish: raises $3 to $6
HARDGURU: calls $3
*** FLOP *** [8c Jc 5s]
HARDGURU: checks
BigYelloFish: bets $3
HARDGURU: calls $3
*** TURN *** [8c Jc 5s] [4s]
HARDGURU: checks
BigYelloFish: checks
*** RIVER *** [8c Jc 5s 4s] [6d]
HARDGURU: bets $6
BigYelloFish: calls $6
*** SHOW DOWN ***
HARDGURU: shows [8s 7d] (a straight, Four to Eight)
BigYelloFish: mucks hand
HARDGURU collected $29.50 from pot
*** SUMMARY ***
Total pot $30 | Rake $0.50
Board [8c Jc 5s 4s 6d]
Seat 1: BigYelloFish (button) (small blind) mucked
Seat 2: HARDGURU (big blind) showed [8s 7d] and won ($29.50) with a straight, Four to Eight


PokerStars Hand #146593522474:  Hold'em Limit ($3/$6 USD) - 2016/01/06 17:57:23 ET
Table 'Saskia' 2-max Seat #2 is the button
Seat 1: BigYelloFish ($74.92 in chips)
Seat 2: HARDGURU ($207.34 in chips)
HARDGURU: posts small blind $1
BigYelloFish: posts big blind $3
*** HOLE CARDS ***
HARDGURU: raises $3 to $6
BigYelloFish: calls $3
*** FLOP *** [3c 8h 5c]
BigYelloFish: checks
HARDGURU: bets $3
BigYelloFish: raises $3 to $6
HARDGURU: calls $3
*** TURN *** [3c 8h 5c] [Jd]
BigYelloFish: bets $6
HARDGURU: calls $6
*** RIVER *** [3c 8h 5c Jd] [4c]
BigYelloFish: bets $6
HARDGURU: calls $6
*** SHOW DOWN ***
BigYelloFish: shows [8d Qs] (a pair of Eights)
HARDGURU: mucks hand
BigYelloFish collected $47.50 from pot
*** SUMMARY ***
Total pot $48 | Rake $0.50
Board [3c 8h 5c Jd 4c]
Seat 1: BigYelloFish (big blind) showed [8d Qs] and won ($47.50) with a pair of Eights
Seat 2: HARDGURU (button) (small blind) mucked


PokerStars Hand #146593600341:  Hold'em Limit ($3/$6 USD) - 2016/01/06 17:59:01 ET
Table 'Saskia' 2-max Seat #2 is the button
Seat 1: BigYelloFish ($47.18 in chips)
Seat 2: HARDGURU ($232.50 in chips)
HARDGURU: posts small blind $1
BigYelloFish: posts big blind $3
*** HOLE CARDS ***
HARDGURU: calls $2
BigYelloFish: checks
*** FLOP *** [2d Qh Ks]
BigYelloFish: checks
HARDGURU: bets $3
BigYelloFish: calls $3
*** TURN *** [2d Qh Ks] [8c]
BigYelloFish: checks
HARDGURU: bets $6
BigYelloFish: raises $6 to $12
HARDGURU: calls $6
*** RIVER *** [2d Qh Ks 8c] [Qc]
BigYelloFish: bets $6
HARDGURU: raises $6 to $12
BigYelloFish: folds
Uncalled bet ($6) returned to HARDGURU
HARDGURU collected $47.50 from pot
HARDGURU: doesn't show hand
*** SUMMARY ***
Total pot $48 | Rake $0.50
Board [2d Qh Ks 8c Qc]
Seat 1: BigYelloFish (big blind) folded on the River
Seat 2: HARDGURU (button) (small blind) collected ($47.50)


PokerStars Hand #146593650554:  Hold'em Limit ($3/$6 USD) - 2016/01/06 18:00:05 ET
Table 'Saskia' 2-max Seat #2 is the button
Seat 1: BigYelloFish ($70.82 in chips)
Seat 2: HARDGURU ($267.16 in chips)
HARDGURU: posts small blind $1
BigYelloFish: posts big blind $3
*** HOLE CARDS ***
HARDGURU: calls $2
BigYelloFish: checks
*** FLOP *** [Jd Ac Qd]
BigYelloFish: checks
HARDGURU: checks
*** TURN *** [Jd Ac Qd] [2s]
BigYelloFish: checks
HARDGURU: bets $6
BigYelloFish: calls $6
*** RIVER *** [Jd Ac Qd 2s] [9d]
BigYelloFish: checks
HARDGURU: bets $6
BigYelloFish: calls $6
*** SHOW DOWN ***
HARDGURU: shows [4c 9h] (a pair of Nines)
BigYelloFish: shows [4s Qc] (a pair of Queens)
BigYelloFish collected $29.50 from pot
*** SUMMARY ***
Total pot $30 | Rake $0.50
Board [Jd Ac Qd 2s 9d]
Seat 1: BigYelloFish (big blind) showed [4s Qc] and won ($29.50) with a pair of Queens
Seat 2: HARDGURU (button) (small blind) showed [4c 9h] and lost with a pair of Nines


PokerStars Hand #146593639141:  Hold'em Limit ($3/$6 USD) - 2016/01/06 17:59:51 ET
Table 'Saskia' 2-max Seat #1 is the button
Seat 1: BigYelloFish ($82.82 in chips)
Seat 2: HARDGURU ($255.64 in chips)
BigYelloFish: posts small blind $1
HARDGURU: posts big blind $3
*** HOLE CARDS ***
BigYelloFish: raises $3 to $6
HARDGURU: calls $3
*** FLOP *** [2s 5d 3d]
HARDGURU: checks
BigYelloFish: checks
*** TURN *** [2s 5d 3d] [Ts]
HARDGURU: bets $6
BigYelloFish: calls $6
*** RIVER *** [2s 5d 3d Ts] [Ah]
HARDGURU: bets $6
BigYelloFish: folds
Uncalled bet ($6) returned to HARDGURU
HARDGURU collected $23.52 from pot
HARDGURU: doesn't show hand
*** SUMMARY ***
Total pot $24 | Rake $0.48
Board [2s 5d 3d Ts Ah]
Seat 1: BigYelloFish (button) (small blind) folded on the River
Seat 2: HARDGURU (big blind) collected ($23.52)


PokerStars Hand #146593627675:  Hold'em Limit ($3/$6 USD) - 2016/01/06 17:59:36 ET
Table 'Saskia' 2-max Seat #2 is the button
Seat 1: BigYelloFish ($91.82 in chips)
Seat 2: HARDGURU ($247 in chips)
HARDGURU: posts small blind $1
BigYelloFish: posts big blind $3
*** HOLE CARDS ***
HARDGURU: calls $2
BigYelloFish: checks
*** FLOP *** [9h 9s 3s]
BigYelloFish: checks
HARDGURU: checks
*** TURN *** [9h 9s 3s] [2d]
BigYelloFish: bets $6
HARDGURU: calls $6
*** RIVER *** [9h 9s 3s 2d] [7h]
BigYelloFish: checks
HARDGURU: checks
*** SHOW DOWN ***
BigYelloFish: shows [Jc 2h] (two pair, Nines and Deuces)
HARDGURU: shows [3d 5d] (two pair, Nines and Threes)
HARDGURU collected $17.64 from pot
*** SUMMARY ***
Total pot $18 | Rake $0.36
Board [9h 9s 3s 2d 7h]
Seat 1: BigYelloFish (big blind) showed [Jc 2h] and lost with two pair, Nines and Deuces
Seat 2: HARDGURU (button) (small blind) showed [3d 5d] and won ($17.64) with two pair, Nines and Threes


PokerStars Hand #146593616197:  Hold'em Limit ($3/$6 USD) - 2016/01/06 17:59:22 ET
Table 'Saskia' 2-max Seat #1 is the button
Seat 1: BigYelloFish ($23.18 in chips)
Seat 2: HARDGURU ($256 in chips)
BigYelloFish: posts small blind $1
HARDGURU: posts big blind $3
*** HOLE CARDS ***
BigYelloFish: raises $3 to $6
HARDGURU: calls $3
*** FLOP *** [4c 6h 7c]
HARDGURU: checks
BigYelloFish: bets $3
HARDGURU: calls $3
*** TURN *** [4c 6h 7c] [7h]
HARDGURU: checks
BigYelloFish: bets $6
HARDGURU: folds
Uncalled bet ($6) returned to BigYelloFish
BigYelloFish collected $17.64 from pot
BigYelloFish: doesn't show hand
*** SUMMARY ***
Total pot $18 | Rake $0.36
Board [4c 6h 7c 7h]
Seat 1: BigYelloFish (button) (small blind) collected ($17.64)
Seat 2: HARDGURU (big blind) folded on the Turn


PokerStars Hand #146593535133:  Hold'em Limit ($3/$6 USD) - 2016/01/06 17:57:39 ET
Table 'Saskia' 2-max Seat #1 is the button
Seat 1: BigYelloFish ($98.42 in chips)
Seat 2: HARDGURU ($183.34 in chips)
BigYelloFish: posts small blind $1
HARDGURU: posts big blind $3
*** HOLE CARDS ***
BigYelloFish: raises $3 to $6
HARDGURU: calls $3
*** FLOP *** [Jc 3d Qc]
HARDGURU: checks
BigYelloFish: bets $3
HARDGURU: calls $3
*** TURN *** [Jc 3d Qc] [4h]
HARDGURU: checks
BigYelloFish: checks
*** RIVER *** [Jc 3d Qc 4h] [Js]
HARDGURU: bets $6
BigYelloFish: folds
Uncalled bet ($6) returned to HARDGURU
HARDGURU collected $17.64 from pot
HARDGURU: doesn't show hand
*** SUMMARY ***
Total pot $18 | Rake $0.36
Board [Jc 3d Qc 4h Js]
Seat 1: BigYelloFish (button) (small blind) folded on the River
Seat 2: HARDGURU (big blind) collected ($17.64)


PokerStars Hand #146593549457:  Hold'em Limit ($3/$6 USD) - 2016/01/06 17:57:57 ET
Table 'Saskia' 2-max Seat #2 is the button
Seat 1: BigYelloFish ($89.42 in chips)
Seat 2: HARDGURU ($191.98 in chips)
HARDGURU: posts small blind $1
BigYelloFish: posts big blind $3
*** HOLE CARDS ***
HARDGURU: raises $3 to $6
BigYelloFish: calls $3
*** FLOP *** [Qd 9c 4h]
BigYelloFish: checks
HARDGURU: bets $3
BigYelloFish: calls $3
*** TURN *** [Qd 9c 4h] [6d]
BigYelloFish: checks
HARDGURU: bets $6
BigYelloFish: calls $6
*** RIVER *** [Qd 9c 4h 6d] [4c]
BigYelloFish: checks
HARDGURU: bets $6
BigYelloFish: calls $6
*** SHOW DOWN ***
HARDGURU: shows [6s 9s] (two pair, Nines and Sixes)
BigYelloFish: mucks hand
HARDGURU collected $41.50 from pot
*** SUMMARY ***
Total pot $42 | Rake $0.50
Board [Qd 9c 4h 6d 4c]
Seat 1: BigYelloFish (big blind) mucked
Seat 2: HARDGURU (button) (small blind) showed [6s 9s] and won ($41.50) with two pair, Nines and Sixes


PokerStars Hand #146593562253:  Hold'em Limit ($3/$6 USD) - 2016/01/06 17:58:13 ET
Table 'Saskia' 2-max Seat #1 is the button
Seat 1: BigYelloFish ($68.42 in chips)
Seat 2: HARDGURU ($212.48 in chips)
BigYelloFish: posts small blind $1
HARDGURU: posts big blind $3
*** HOLE CARDS ***
BigYelloFish: raises $3 to $6
HARDGURU: calls $3
*** FLOP *** [6c 4h 9h]
HARDGURU: checks
BigYelloFish: bets $3
HARDGURU: calls $3
*** TURN *** [6c 4h 9h] [2c]
HARDGURU: checks
BigYelloFish: checks
*** RIVER *** [6c 4h 9h 2c] [Qh]
HARDGURU: bets $6
BigYelloFish: calls $6
*** SHOW DOWN ***
HARDGURU: shows [Qc Kc] (a pair of Queens)
BigYelloFish: mucks hand
HARDGURU collected $29.50 from pot
*** SUMMARY ***
Total pot $30 | Rake $0.50
Board [6c 4h 9h 2c Qh]
Seat 1: BigYelloFish (button) (small blind) mucked
Seat 2: HARDGURU (big blind) showed [Qc Kc] and won ($29.50) with a pair of Queens


PokerStars Hand #146593690940:  Hold'em Limit ($3/$6 USD) - 2016/01/06 18:00:54 ET
Table 'Saskia' 2-max Seat #2 is the button
Seat 1: BigYelloFish ($73.08 in chips)
Seat 2: HARDGURU ($263.66 in chips)
HARDGURU: posts small blind $1
BigYelloFish: posts big blind $3
*** HOLE CARDS ***
HARDGURU: raises $3 to $6
BigYelloFish: raises $3 to $9
HARDGURU: calls $3
*** FLOP *** [Qc Ad 3d]
BigYelloFish: bets $3
HARDGURU: folds
Uncalled bet ($3) returned to BigYelloFish
BigYelloFish collected $17.64 from pot
BigYelloFish: doesn't show hand
*** SUMMARY ***
Total pot $18 | Rake $0.36
Board [Qc Ad 3d]
Seat 1: BigYelloFish (big blind) collected ($17.64)
Seat 2: HARDGURU (button) (small blind) folded on the Flop


PokerStars Hand #146593680431:  Hold'em Limit ($3/$6 USD) - 2016/01/06 18:00:42 ET
Table 'Saskia' 2-max Seat #1 is the button
Seat 1: BigYelloFish ($67.32 in chips)
Seat 2: HARDGURU ($269.66 in chips)
BigYelloFish: posts small blind $1
HARDGURU: posts big blind $3
*** HOLE CARDS ***
BigYelloFish: raises $3 to $6
HARDGURU: calls $3
*** FLOP *** [4h Ah As]
HARDGURU: checks
BigYelloFish: bets $3
HARDGURU: folds
Uncalled bet ($3) returned to BigYelloFish
BigYelloFish collected $11.76 from pot
BigYelloFish: doesn't show hand
*** SUMMARY ***
Total pot $12 | Rake $0.24
Board [4h Ah As]
Seat 1: BigYelloFish (button) (small blind) collected ($11.76)
Seat 2: HARDGURU (big blind) folded on the Flop


PokerStars Hand #146593675508:  Hold'em Limit ($3/$6 USD) - 2016/01/06 18:00:36 ET
Table 'Saskia' 2-max Seat #2 is the button
Seat 1: BigYelloFish ($70.32 in chips)
Seat 2: HARDGURU ($266.66 in chips)
HARDGURU: posts small blind $1
BigYelloFish: posts big blind $3
*** HOLE CARDS ***
HARDGURU: raises $3 to $6
BigYelloFish: folds
Uncalled bet ($3) returned to HARDGURU
HARDGURU collected $6 from pot
HARDGURU: doesn't show hand
*** SUMMARY ***
Total pot $6 | Rake $0
Seat 1: BigYelloFish (big blind) folded before Flop
Seat 2: HARDGURU (button) (small blind) collected ($6)


PokerStars Hand #146593663476:  Hold'em Limit ($3/$6 USD) - 2016/01/06 18:00:21 ET
Table 'Saskia' 2-max Seat #1 is the button
Seat 1: BigYelloFish ($85.32 in chips)
Seat 2: HARDGURU ($252.16 in chips)
BigYelloFish: posts small blind $1
HARDGURU: posts big blind $3
*** HOLE CARDS ***
BigYelloFish: raises $3 to $6
HARDGURU: calls $3
*** FLOP *** [2s Js 6s]
HARDGURU: checks
BigYelloFish: bets $3
HARDGURU: calls $3
*** TURN *** [2s Js 6s] [Ts]
HARDGURU: checks
BigYelloFish: checks
*** RIVER *** [2s Js 6s Ts] [5h]
HARDGURU: bets $6
BigYelloFish: calls $6
*** SHOW DOWN ***
HARDGURU: shows [As 3s] (a flush, Ace high)
BigYelloFish: mucks hand
HARDGURU collected $29.50 from pot
*** SUMMARY ***
Total pot $30 | Rake $0.50
Board [2s Js 6s Ts 5h]
Seat 1: BigYelloFish (button) (small blind) mucked
Seat 2: HARDGURU (big blind) showed [As 3s] and won ($29.50) with a flush, Ace high


