PokerStars Hand #157547328302:  Hold'em Limit ($3/$6 USD) - 2016/08/21 7:25:32 ET
Table 'Saskia II' 6-max Seat #3 is the button
Seat 3: simper11 ($137.50 in chips)
Seat 4: Koraseg ($103 in chips)
simper11: posts small blind $1
Koraseg: posts big blind $3
*** HOLE CARDS ***
simper11: folds
Uncalled bet ($2) returned to Koraseg
Koraseg collected $2 from pot
Koraseg: doesn't show hand
*** SUMMARY ***
Total pot $2 | Rake $0
Seat 3: simper11 (button) (small blind) folded before Flop
Seat 4: Koraseg (big blind) collected ($2)


PokerStars Hand #157547320547:  Hold'em Limit ($3/$6 USD) - 2016/08/21 7:25:15 ET
Table 'Saskia II' 6-max Seat #4 is the button
Seat 3: simper11 ($120 in chips)
Seat 4: Koraseg ($121 in chips)
Koraseg: posts small blind $1
simper11: posts big blind $3
*** HOLE CARDS ***
Koraseg: raises $3 to $6
simper11: raises $3 to $9
Koraseg: calls $3
*** FLOP *** [Ts 8d 9h]
simper11: bets $3
Koraseg: calls $3
*** TURN *** [Ts 8d 9h] [Kc]
simper11: bets $6
Koraseg: calls $6
*** RIVER *** [Ts 8d 9h Kc] [Ac]
simper11: bets $6
Koraseg: folds
Uncalled bet ($6) returned to simper11
simper11 collected $35.50 from pot
simper11: doesn't show hand
*** SUMMARY ***
Total pot $36 | Rake $0.50
Board [Ts 8d 9h Kc Ac]
Seat 3: simper11 (big blind) collected ($35.50)
Seat 4: Koraseg (button) (small blind) folded on the River


PokerStars Hand #157547330509:  Hold'em Limit ($3/$6 USD) - 2016/08/21 7:25:36 ET
Table 'Saskia II' 6-max Seat #4 is the button
Seat 3: simper11 ($136.50 in chips)
Seat 4: Koraseg ($104 in chips)
Koraseg: posts small blind $1
simper11: posts big blind $3
*** HOLE CARDS ***
Koraseg: raises $3 to $6
simper11: calls $3
*** FLOP *** [9c 2d 6h]
simper11: checks
vijinder joins the table at seat #6
Koraseg: bets $3
simper11: folds
Uncalled bet ($3) returned to Koraseg
Koraseg collected $11.76 from pot
Koraseg: doesn't show hand
*** SUMMARY ***
Total pot $12 | Rake $0.24
Board [9c 2d 6h]
Seat 3: simper11 (big blind) folded on the Flop
Seat 4: Koraseg (button) (small blind) collected ($11.76)


PokerStars Hand #157547335791:  Hold'em Limit ($3/$6 USD) - 2016/08/21 7:25:48 ET
Table 'Saskia II' 6-max Seat #3 is the button
Seat 3: simper11 ($130.50 in chips)
Seat 4: Koraseg ($109.76 in chips)
simper11: posts small blind $1
Koraseg: posts big blind $3
*** HOLE CARDS ***
simper11: raises $3 to $6
Koraseg: calls $3
*** FLOP *** [5s Js 8d]
Koraseg: checks
simper11: bets $3
Koraseg: calls $3
*** TURN *** [5s Js 8d] [Ks]
Koraseg: checks
simper11: bets $6
Koraseg: raises $6 to $12
simper11: folds
Uncalled bet ($6) returned to Koraseg
Koraseg collected $29.50 from pot
Koraseg: doesn't show hand
*** SUMMARY ***
Total pot $30 | Rake $0.50
Board [5s Js 8d Ks]
Seat 3: simper11 (button) (small blind) folded on the Turn
Seat 4: Koraseg (big blind) collected ($29.50)


