PokerStars Hand #165531098211:  Hold'em Limit ($3/$6 USD) - 2017/02/01 17:45:31 ET
Table 'Saskia' 6-max Seat #5 is the button
Seat 3: Merliz ($148 in chips)
Seat 5: B_loJkl ($152.61 in chips)
B_loJkl: posts small blind $1
Merliz: posts big blind $3
*** HOLE CARDS ***
B_loJkl: raises $3 to $6
Merliz: folds
Uncalled bet ($3) returned to B_loJkl
B_loJkl collected $6 from pot
B_loJkl: doesn't show hand
*** SUMMARY ***
Total pot $6 | Rake $0
Seat 3: Merliz (big blind) folded before Flop
Seat 5: B_loJkl (button) (small blind) collected ($6)


PokerStars Hand #165531091608:  Hold'em Limit ($3/$6 USD) - 2017/02/01 17:45:23 ET
Table 'Saskia' 6-max Seat #3 is the button
Seat 3: Merliz ($145 in chips)
Seat 5: B_loJkl ($155.61 in chips)
Merliz: posts small blind $1
Actionni13: is sitting out
B_loJkl: posts big blind $3
*** HOLE CARDS ***
Actionni13 leaves the table
GoliafUa joins the table at seat #6
Merliz: raises $3 to $6
B_loJkl: folds
Uncalled bet ($3) returned to Merliz
Merliz collected $6 from pot
Merliz: doesn't show hand
*** SUMMARY ***
Total pot $6 | Rake $0
Seat 3: Merliz (button) (small blind) collected ($6)
Seat 5: B_loJkl (big blind) folded before Flop


PokerStars Hand #165531155528:  Hold'em Limit ($3/$6 USD) - 2017/02/01 17:46:36 ET
Table 'Saskia' 6-max Seat #4 is the button
Seat 3: Merliz ($148 in chips)
Seat 4: B_loJkl ($147 in chips)
B_loJkl: posts small blind $1
Merliz: posts big blind $3
*** HOLE CARDS ***
B_loJkl: raises $3 to $6
Merliz: folds
Uncalled bet ($3) returned to B_loJkl
B_loJkl collected $6 from pot
B_loJkl: doesn't show hand
*** SUMMARY ***
Total pot $6 | Rake $0
Seat 3: Merliz (big blind) folded before Flop
Seat 4: B_loJkl (button) (small blind) collected ($6)


PokerStars Hand #165531122871:  Hold'em Limit ($3/$6 USD) - 2017/02/01 17:45:59 ET
Table 'Saskia' 6-max Seat #3 is the button
Seat 3: Merliz ($145 in chips)
Seat 4: B_loJkl ($150 in chips)
Merliz: posts small blind $1
B_loJkl: posts big blind $3
*** HOLE CARDS ***
Merliz: raises $3 to $6
B_loJkl: folds
Uncalled bet ($3) returned to Merliz
Merliz collected $6 from pot
Merliz: doesn't show hand
*** SUMMARY ***
Total pot $6 | Rake $0
Seat 3: Merliz (button) (small blind) collected ($6)
Seat 4: B_loJkl (big blind) folded before Flop


PokerStars Hand #165531161190:  Hold'em Limit ($3/$6 USD) - 2017/02/01 17:46:43 ET
Table 'Saskia' 6-max Seat #3 is the button
Seat 3: Merliz ($145 in chips)
Seat 4: B_loJkl ($150 in chips)
Merliz: posts small blind $1
B_loJkl: posts big blind $3
*** HOLE CARDS ***
Merliz: calls $2
B_loJkl: raises $3 to $6
Merliz: calls $3
*** FLOP *** [3s 6h Tc]
B_loJkl: checks
Merliz: checks
*** TURN *** [3s 6h Tc] [7c]
B_loJkl: bets $6
Merliz: folds
Uncalled bet ($6) returned to B_loJkl
B_loJkl collected $11.76 from pot
B_loJkl: doesn't show hand
*** SUMMARY ***
Total pot $12 | Rake $0.24
Board [3s 6h Tc 7c]
Seat 3: Merliz (button) (small blind) folded on the Turn
Seat 4: B_loJkl (big blind) collected ($11.76)


PokerStars Hand #165531242686:  Hold'em Limit ($3/$6 USD) - 2017/02/01 17:48:17 ET
Table 'Saskia' 6-max Seat #3 is the button
Seat 3: Merliz ($127 in chips)
Seat 4: B_loJkl ($167.28 in chips)
Merliz: posts small blind $1
B_loJkl: posts big blind $3
*** HOLE CARDS ***
Merliz: raises $3 to $6
@92gara42@ joins the table at seat #2
B_loJkl: folds
Uncalled bet ($3) returned to Merliz
Merliz collected $6 from pot
*** SUMMARY ***
Total pot $6 | Rake $0
Seat 3: Merliz (button) (small blind) collected ($6)
Seat 4: B_loJkl (big blind) folded before Flop


PokerStars Hand #165531194541:  Hold'em Limit ($3/$6 USD) - 2017/02/01 17:47:22 ET
Table 'Saskia' 6-max Seat #4 is the button
Seat 3: Merliz ($139 in chips)
Seat 4: B_loJkl ($155.76 in chips)
B_loJkl: posts small blind $1
Merliz: posts big blind $3
*** HOLE CARDS ***
B_loJkl: raises $3 to $6
Merliz: raises $3 to $9
B_loJkl: calls $3
*** FLOP *** [8c Kh 8s]
Merliz: checks
B_loJkl: bets $3
Merliz: calls $3
*** TURN *** [8c Kh 8s] [6s]
Merliz: checks
B_loJkl: bets $6
Merliz: folds
Uncalled bet ($6) returned to B_loJkl
B_loJkl collected $23.52 from pot
B_loJkl: doesn't show hand
*** SUMMARY ***
Total pot $24 | Rake $0.48
Board [8c Kh 8s 6s]
Seat 3: Merliz (big blind) folded on the Turn
Seat 4: B_loJkl (button) (small blind) collected ($23.52)


