PokerStars Hand #166731307104:  Hold'em Limit ($3/$6 USD) - 2017/02/24 22:42:06 ET
Table 'Saturn' 6-max Seat #1 is the button
Seat 1: LifeisagameX ($84 in chips)
Seat 2: kirste78 ($120 in chips)
MellivoraSto joins the table at seat #3
LifeisagameX: posts small blind $1
kirste78: posts big blind $3
*** HOLE CARDS ***
LifeisagameX: raises $3 to $6
kirste78: calls $3
*** FLOP *** [Qd 4h 4c]
kirste78: checks
LifeisagameX: bets $3
kirste78: folds
Uncalled bet ($3) returned to LifeisagameX
LifeisagameX collected $11.76 from pot
LifeisagameX: doesn't show hand
*** SUMMARY ***
Total pot $12 | Rake $0.24
Board [Qd 4h 4c]
Seat 1: LifeisagameX (button) (small blind) collected ($11.76)
Seat 2: kirste78 (big blind) folded on the Flop


PokerStars Hand #166731369116:  Hold'em Limit ($3/$6 USD) - 2017/02/24 22:44:31 ET
Table 'Saturn' 6-max Seat #2 is the button
Seat 2: kirste78 ($92.46 in chips)
Seat 3: MellivoraSto ($163 in chips)
kirste78: posts small blind $1
MellivoraSto: posts big blind $3
*** HOLE CARDS ***
kirste78: calls $2
LifeisagameX leaves the table
MellivoraSto: checks
*** FLOP *** [Qh Th Ac]
Chessnok joins the table at seat #4
MellivoraSto: bets $3
kirste78: raises $3 to $6
MellivoraSto: calls $3
*** TURN *** [Qh Th Ac] [Ks]
MellivoraSto: checks
kirste78: bets $6
MellivoraSto: folds
Uncalled bet ($6) returned to kirste78
kirste78 collected $17.64 from pot
*** SUMMARY ***
Total pot $18 | Rake $0.36
Board [Qh Th Ac Ks]
Seat 2: kirste78 (button) (small blind) collected ($17.64)
Seat 3: MellivoraSto (big blind) folded on the Turn


