PokerStars Hand #147515261850:  Hold'em Limit ($3/$6 USD) - 2016/01/22 22:09:14 ET
Table 'Saturn III' 6-max Seat #5 is the button
Seat 2: ioawnat ($150.45 in chips)
Seat 5: scorpio04 ($152.76 in chips)
scorpio04: posts small blind $1
ioawnat: posts big blind $3
*** HOLE CARDS ***
scorpio04: raises $3 to $6
ioawnat: folds
Uncalled bet ($3) returned to scorpio04
scorpio04 collected $6 from pot
scorpio04: doesn't show hand
*** SUMMARY ***
Total pot $6 | Rake $0
Seat 2: ioawnat (big blind) folded before Flop
Seat 5: scorpio04 (button) (small blind) collected ($6)


PokerStars Hand #147515265420:  Hold'em Limit ($3/$6 USD) - 2016/01/22 22:09:22 ET
Table 'Saturn III' 6-max Seat #2 is the button
Seat 2: ioawnat ($147.45 in chips)
Seat 5: scorpio04 ($155.76 in chips)
ioawnat: posts small blind $1
scorpio04: posts big blind $3
*** HOLE CARDS ***
ioawnat: raises $3 to $6
scorpio04: calls $3
*** FLOP *** [5d 2h 8c]
scorpio04: checks
birmancat44 joins the table at seat #3
ioawnat: bets $3
scorpio04: calls $3
*** TURN *** [5d 2h 8c] [5c]
scorpio04: checks
ioawnat: bets $6
scorpio04: calls $6
*** RIVER *** [5d 2h 8c 5c] [4c]
scorpio04: checks
ioawnat: bets $6
scorpio04: calls $6
*** SHOW DOWN ***
ioawnat: shows [9d 8s] (two pair, Eights and Fives)
scorpio04: mucks hand
ioawnat collected $41.50 from pot
*** SUMMARY ***
Total pot $42 | Rake $0.50
Board [5d 2h 8c 5c 4c]
Seat 2: ioawnat (button) (small blind) showed [9d 8s] and won ($41.50) with two pair, Eights and Fives
Seat 5: scorpio04 (big blind) mucked


PokerStars Hand #147517596758:  Hold'em Limit ($3/$6 USD) - 2016/01/22 23:55:01 ET
Table 'Saturn III' 6-max Seat #2 is the button
Seat 2: veterankwu ($80.99 in chips)
Seat 6: Valya98 ($319.15 in chips)
veterankwu: posts small blind $1
Valya98: posts big blind $3
*** HOLE CARDS ***
veterankwu: calls $2
Valya98: raises $3 to $6
veterankwu: calls $3
*** FLOP *** [3h Jh Jd]
Valya98: bets $3
veterankwu: calls $3
*** TURN *** [3h Jh Jd] [Tc]
Valya98: checks
veterankwu: checks
*** RIVER *** [3h Jh Jd Tc] [5d]
Valya98: bets $6
veterankwu: folds
Uncalled bet ($6) returned to Valya98
Valya98 collected $17.64 from pot
*** SUMMARY ***
Total pot $18 | Rake $0.36
Board [3h Jh Jd Tc 5d]
Seat 2: veterankwu (button) (small blind) folded on the River
Seat 6: Valya98 (big blind) collected ($17.64)


