PokerStars Hand #148061809837:  Hold'em Limit ($3/$6 USD) - 2016/02/01 13:19:16 ET
Table 'Savo' 6-max Seat #3 is the button
Seat 3: gertjan75 ($68 in chips)
Seat 4: Pandakey ($141.50 in chips)
gertjan75: posts small blind $1
Pandakey: posts big blind $3
*** HOLE CARDS ***
gertjan75: raises $3 to $6
Pete81 joins the table at seat #5
Pandakey: calls $3
*** FLOP *** [2h 5h 2c]
Pandakey: checks
gertjan75: bets $3
Pandakey: calls $3
*** TURN *** [2h 5h 2c] [Td]
Pandakey: checks
gertjan75: bets $6
Pandakey: folds
Uncalled bet ($6) returned to gertjan75
gertjan75 collected $17.64 from pot
gertjan75: doesn't show hand
*** SUMMARY ***
Total pot $18 | Rake $0.36
Board [2h 5h 2c Td]
Seat 3: gertjan75 (button) (small blind) collected ($17.64)
Seat 4: Pandakey (big blind) folded on the Turn


PokerStars Hand #148061789791:  Hold'em Limit ($3/$6 USD) - 2016/02/01 13:18:56 ET
Table 'Savo' 6-max Seat #4 is the button
Seat 3: gertjan75 ($89 in chips)
Seat 4: Pandakey ($121 in chips)
Pandakey: posts small blind $1
gertjan75: posts big blind $3
*** HOLE CARDS ***
Pandakey: raises $3 to $6
gertjan75: calls $3
*** FLOP *** [Tc Qc Td]
gertjan75: checks
Pandakey: bets $3
gertjan75: calls $3
*** TURN *** [Tc Qc Td] [3d]
gertjan75: checks
Pandakey: bets $6
gertjan75: calls $6
*** RIVER *** [Tc Qc Td 3d] [3c]
gertjan75: checks
Pandakey: bets $6
gertjan75: calls $6
*** SHOW DOWN ***
Pandakey: shows [9c Jc] (a flush, Queen high)
gertjan75: mucks hand
Pandakey collected $41.50 from pot
*** SUMMARY ***
Total pot $42 | Rake $0.50
Board [Tc Qc Td 3d 3c]
Seat 3: gertjan75 (big blind) mucked
Seat 4: Pandakey (button) (small blind) showed [9c Jc] and won ($41.50) with a flush, Queen high


PokerStars Hand #148061885823:  Hold'em Limit ($3/$6 USD) - 2016/02/01 13:20:30 ET
Table 'Savo' 6-max Seat #4 is the button
Seat 3: gertjan75 ($110.66 in chips)
Seat 4: Pandakey ($154.88 in chips)
Pandakey: posts small blind $1
gertjan75: posts big blind $3
*** HOLE CARDS ***
Pandakey: raises $3 to $6
gertjan75: calls $3
*** FLOP *** [Kd 7c 4s]
gertjan75: bets $3
Pandakey: folds
Uncalled bet ($3) returned to gertjan75
gertjan75 collected $11.76 from pot
gertjan75: doesn't show hand
*** SUMMARY ***
Total pot $12 | Rake $0.24
Board [Kd 7c 4s]
Seat 3: gertjan75 (big blind) collected ($11.76)
Seat 4: Pandakey (button) (small blind) folded on the Flop


PokerStars Hand #148061879764:  Hold'em Limit ($3/$6 USD) - 2016/02/01 13:20:24 ET
Table 'Savo' 6-max Seat #3 is the button
Seat 3: gertjan75 ($107.66 in chips)
Seat 4: Pandakey ($157.88 in chips)
gertjan75: posts small blind $1
Pandakey: posts big blind $3
*** HOLE CARDS ***
gertjan75: raises $3 to $6
Pandakey: folds
Uncalled bet ($3) returned to gertjan75
Pete81 leaves the table
gertjan75 collected $6 from pot
gertjan75: doesn't show hand
*** SUMMARY ***
Total pot $6 | Rake $0
Seat 3: gertjan75 (button) (small blind) collected ($6)
Seat 4: Pandakey (big blind) folded before Flop


PokerStars Hand #148063163789:  Hold'em Limit ($3/$6 USD) - 2016/02/01 13:41:16 ET
Table 'Savo' 6-max Seat #4 is the button
Seat 3: tweemeterzes ($145.50 in chips)
Seat 4: Pandakey ($122.64 in chips)
Pandakey: posts small blind $1
tweemeterzes: posts big blind $3
*** HOLE CARDS ***
Pandakey: raises $3 to $6
tweemeterzes: calls $3
*** FLOP *** [8c 4c 9s]
tweemeterzes: checks
Pandakey: bets $3
tweemeterzes: folds
Uncalled bet ($3) returned to Pandakey
Pandakey collected $11.76 from pot
*** SUMMARY ***
Total pot $12 | Rake $0.24
Board [8c 4c 9s]
Seat 3: tweemeterzes (big blind) folded on the Flop
Seat 4: Pandakey (button) (small blind) collected ($11.76)


PokerStars Hand #148063147707:  Hold'em Limit ($3/$6 USD) - 2016/02/01 13:41:01 ET
Table 'Savo' 6-max Seat #3 is the button
Seat 3: tweemeterzes ($151.50 in chips)
Seat 4: Pandakey ($116.88 in chips)
tweemeterzes: posts small blind $1
Pandakey: posts big blind $3
*** HOLE CARDS ***
tweemeterzes: calls $2
Pandakey: raises $3 to $6
tweemeterzes: calls $3
*** FLOP *** [As 8s 4h]
Pandakey: bets $3
tweemeterzes: folds
Uncalled bet ($3) returned to Pandakey
Pandakey collected $11.76 from pot
Pandakey: doesn't show hand
*** SUMMARY ***
Total pot $12 | Rake $0.24
Board [As 8s 4h]
Seat 3: tweemeterzes (button) (small blind) folded on the Flop
Seat 4: Pandakey (big blind) collected ($11.76)


PokerStars Hand #148063097431:  Hold'em Limit ($3/$6 USD) - 2016/02/01 13:40:11 ET
Table 'Savo' 6-max Seat #4 is the button
Seat 3: tweemeterzes ($119 in chips)
Seat 4: Pandakey ($149.88 in chips)
Pandakey: posts small blind $1
tweemeterzes: posts big blind $3
*** HOLE CARDS ***
Pandakey: raises $3 to $6
tweemeterzes: raises $3 to $9
Pandakey: calls $3
*** FLOP *** [Qh 3s Tc]
tweemeterzes: checks
Pandakey: bets $3
tweemeterzes: raises $3 to $6
Pandakey: calls $3
*** TURN *** [Qh 3s Tc] [3d]
tweemeterzes: checks
Pandakey: checks
*** RIVER *** [Qh 3s Tc 3d] [Jh]
tweemeterzes: bets $6
Pandakey: raises $6 to $12
tweemeterzes: raises $6 to $18
Pandakey: calls $6
*** SHOW DOWN ***
tweemeterzes: shows [Qc Qd] (a full house, Queens full of Threes)
Pandakey: mucks hand
tweemeterzes collected $65.50 from pot
*** SUMMARY ***
Total pot $66 | Rake $0.50
Board [Qh 3s Tc 3d Jh]
Seat 3: tweemeterzes (big blind) showed [Qc Qd] and won ($65.50) with a full house, Queens full of Threes
Seat 4: Pandakey (button) (small blind) mucked


PokerStars Hand #148063234269:  Hold'em Limit ($3/$6 USD) - 2016/02/01 13:42:23 ET
Table 'Savo' 6-max Seat #3 is the button
Seat 3: tweemeterzes ($118.38 in chips)
Seat 4: Pandakey ($148.90 in chips)
tweemeterzes: posts small blind $1
Pandakey: posts big blind $3
*** HOLE CARDS ***
tweemeterzes: calls $2
Pandakey: checks
*** FLOP *** [Ts Qs 6h]
Pandakey: bets $3
tweemeterzes: calls $3
*** TURN *** [Ts Qs 6h] [2s]
Pandakey: checks
tweemeterzes: bets $6
Pandakey: folds
Uncalled bet ($6) returned to tweemeterzes
tweemeterzes collected $11.76 from pot
tweemeterzes: doesn't show hand
*** SUMMARY ***
Total pot $12 | Rake $0.24
Board [Ts Qs 6h 2s]
Seat 3: tweemeterzes (button) (small blind) collected ($11.76)
Seat 4: Pandakey (big blind) folded on the Turn


PokerStars Hand #148063195151:  Hold'em Limit ($3/$6 USD) - 2016/02/01 13:41:47 ET
Table 'Savo' 6-max Seat #4 is the button
Seat 3: tweemeterzes ($142.38 in chips)
Seat 4: Pandakey ($125.40 in chips)
Pandakey: posts small blind $1
tweemeterzes: posts big blind $3
*** HOLE CARDS ***
Pandakey: raises $3 to $6
tweemeterzes: raises $3 to $9
gertjan75 joins the table at seat #2
Pandakey: calls $3
*** FLOP *** [Ts Js Tc]
tweemeterzes: bets $3
Pandakey: calls $3
*** TURN *** [Ts Js Tc] [9c]
tweemeterzes: bets $6
Pandakey: calls $6
*** RIVER *** [Ts Js Tc 9c] [9h]
tweemeterzes: checks
Pandakey: bets $6
tweemeterzes: calls $6
*** SHOW DOWN ***
Pandakey: shows [Jc 4c] (two pair, Jacks and Tens)
tweemeterzes: mucks hand
Pandakey collected $47.50 from pot
*** SUMMARY ***
Total pot $48 | Rake $0.50
Board [Ts Js Tc 9c 9h]
Seat 3: tweemeterzes (big blind) mucked
Seat 4: Pandakey (button) (small blind) showed [Jc 4c] and won ($47.50) with two pair, Jacks and Tens


PokerStars Hand #148063177988:  Hold'em Limit ($3/$6 USD) - 2016/02/01 13:41:30 ET
Table 'Savo' 6-max Seat #3 is the button
Seat 3: tweemeterzes ($139.50 in chips)
Seat 4: Pandakey ($128.40 in chips)
tweemeterzes: posts small blind $1
Pandakey: posts big blind $3
*** HOLE CARDS ***
tweemeterzes: calls $2
Pandakey: checks
*** FLOP *** [Jd 6h 6c]
Pandakey: checks
tweemeterzes: bets $3
Pandakey: folds
Uncalled bet ($3) returned to tweemeterzes
tweemeterzes collected $5.88 from pot
tweemeterzes: doesn't show hand
*** SUMMARY ***
Total pot $6 | Rake $0.12
Board [Jd 6h 6c]
Seat 3: tweemeterzes (button) (small blind) collected ($5.88)
Seat 4: Pandakey (big blind) folded on the Flop


PokerStars Hand #148070752357:  Hold'em Limit ($3/$6 USD) - 2016/02/01 15:36:29 ET
Table 'Savo' 6-max Seat #6 is the button
Seat 4: Chessnok ($143.11 in chips)
Seat 6: scorpio04 ($84.16 in chips)
scorpio04: posts small blind $1
ex-cali999: is sitting out
CatPuppy1999: is sitting out
Chessnok: posts big blind $3
*** HOLE CARDS ***
ex-cali999 leaves the table
scorpio04: raises $3 to $6
Chessnok: folds
Uncalled bet ($3) returned to scorpio04
scorpio04 collected $6 from pot
scorpio04: doesn't show hand
*** SUMMARY ***
Total pot $6 | Rake $0
Seat 4: Chessnok (big blind) folded before Flop
Seat 6: scorpio04 (button) (small blind) collected ($6)


PokerStars Hand #148079968456:  Hold'em Limit ($3/$6 USD) - 2016/02/01 17:57:18 ET
Table 'Savo' 2-max Seat #1 is the button
Seat 1: cepzorr ($71.46 in chips)
Seat 2: Necromadx ($120 in chips)
cepzorr: posts small blind $1
Necromadx: posts big blind $3
*** HOLE CARDS ***
cepzorr: raises $3 to $6
Necromadx: folds
Uncalled bet ($3) returned to cepzorr
cepzorr collected $6 from pot
cepzorr: doesn't show hand
*** SUMMARY ***
Total pot $6 | Rake $0
Seat 1: cepzorr (button) (small blind) collected ($6)
Seat 2: Necromadx (big blind) folded before Flop


PokerStars Hand #148079965320:  Hold'em Limit ($3/$6 USD) - 2016/02/01 17:57:14 ET
Table 'Savo' 2-max Seat #2 is the button
Seat 1: cepzorr ($70.46 in chips)
Seat 2: Necromadx ($121 in chips)
Necromadx: posts small blind $1
cepzorr: posts big blind $3
*** HOLE CARDS ***
Necromadx: folds
Uncalled bet ($2) returned to cepzorr
cepzorr collected $2 from pot
cepzorr: doesn't show hand
*** SUMMARY ***
Total pot $2 | Rake $0
Seat 1: cepzorr (big blind) collected ($2)
Seat 2: Necromadx (button) (small blind) folded before Flop


PokerStars Hand #148079961854:  Hold'em Limit ($3/$6 USD) - 2016/02/01 17:57:10 ET
Table 'Savo' 2-max Seat #1 is the button
Seat 1: cepzorr ($71.46 in chips)
Seat 2: Necromadx ($120 in chips)
cepzorr: posts small blind $1
Necromadx: posts big blind $3
*** HOLE CARDS ***
cepzorr: folds
Uncalled bet ($2) returned to Necromadx
Necromadx collected $2 from pot
Necromadx: doesn't show hand
*** SUMMARY ***
Total pot $2 | Rake $0
Seat 1: cepzorr (button) (small blind) folded before Flop
Seat 2: Necromadx (big blind) collected ($2)


PokerStars Hand #148079951794:  Hold'em Limit ($3/$6 USD) - 2016/02/01 17:56:57 ET
Table 'Savo' 2-max Seat #2 is the button
Seat 1: cepzorr ($50.96 in chips)
Seat 2: Necromadx ($121.77 in chips)
Necromadx: posts small blind $1
cepzorr: posts big blind $3
*** HOLE CARDS ***
Necromadx: raises $3 to $6
cepzorr: calls $3
*** FLOP *** [Ts 8h 8s]
cepzorr: bets $3
Necromadx: calls $3
*** TURN *** [Ts 8h 8s] [9d]
cepzorr: bets $6
Necromadx: calls $6
*** RIVER *** [Ts 8h 8s 9d] [6s]
cepzorr: bets $6
Necromadx: calls $6
*** SHOW DOWN ***
cepzorr: shows [Qd Th] (two pair, Tens and Eights)
Necromadx: mucks hand
cepzorr collected $41.50 from pot
*** SUMMARY ***
Total pot $42 | Rake $0.50
Board [Ts 8h 8s 9d 6s]
Seat 1: cepzorr (big blind) showed [Qd Th] and won ($41.50) with two pair, Tens and Eights
Seat 2: Necromadx (button) (small blind) mucked


