PokerStars Hand #173437319065:  Hold'em Limit ($3/$6 USD) - 2017/07/24 4:20:42 ET
Table 'Savo' 6-max Seat #3 is the button
Seat 1: nedo1414 ($125.76 in chips)
Seat 3: Rus29APX ($114 in chips)
Rus29APX: posts small blind $1
nedo1414: posts big blind $3
*** HOLE CARDS ***
Rus29APX: raises $3 to $6
nedo1414: folds
Uncalled bet ($3) returned to Rus29APX
Rus29APX collected $6 from pot
Rus29APX: doesn't show hand
*** SUMMARY ***
Total pot $6 | Rake $0
Seat 1: nedo1414 (big blind) folded before Flop
Seat 3: Rus29APX (button) (small blind) collected ($6)


PokerStars Hand #173437314169:  Hold'em Limit ($3/$6 USD) - 2017/07/24 4:20:25 ET
Table 'Savo' 6-max Seat #1 is the button
Seat 1: nedo1414 ($120 in chips)
Seat 3: Rus29APX ($120 in chips)
nedo1414: posts small blind $1
Rus29APX: posts big blind $3
*** HOLE CARDS ***
nedo1414: raises $3 to $6
Rus29APX: calls $3
*** FLOP *** [7s Qh 7d]
Rus29APX: checks
nedo1414: bets $3
Rus29APX: folds
Uncalled bet ($3) returned to nedo1414
nedo1414 collected $11.76 from pot
nedo1414: doesn't show hand
*** SUMMARY ***
Total pot $12 | Rake $0.24
Board [7s Qh 7d]
Seat 1: nedo1414 (button) (small blind) collected ($11.76)
Seat 3: Rus29APX (big blind) folded on the Flop


PokerStars Hand #173437320629:  Hold'em Limit ($3/$6 USD) - 2017/07/24 4:20:47 ET
Table 'Savo' 6-max Seat #1 is the button
Seat 1: nedo1414 ($122.76 in chips)
Seat 3: Rus29APX ($117 in chips)
nedo1414: posts small blind $1
Rus29APX: posts big blind $3
*** HOLE CARDS ***
nedo1414: raises $3 to $6
Rus29APX: calls $3
*** FLOP *** [Kh Kc 6d]
Rus29APX: checks
nedo1414: bets $3
Rus29APX: calls $3
*** TURN *** [Kh Kc 6d] [As]
Rus29APX: checks
zeelogic666 joins the table at seat #4
nedo1414: bets $6
Rus29APX: calls $6
*** RIVER *** [Kh Kc 6d As] [Ac]
Rus29APX: checks
nedo1414: checks
*** SHOW DOWN ***
Rus29APX: shows [5s Qd] (two pair, Aces and Kings)
nedo1414: mucks hand
Rus29APX collected $29.50 from pot
*** SUMMARY ***
Total pot $30 | Rake $0.50
Board [Kh Kc 6d As Ac]
Seat 1: nedo1414 (button) (small blind) mucked
Seat 3: Rus29APX (big blind) showed [5s Qd] and won ($29.50) with two pair, Aces and Kings


PokerStars Hand #173437400519:  Hold'em Limit ($3/$6 USD) - 2017/07/24 4:25:24 ET
Table 'Savo' 6-max Seat #1 is the button
Seat 1: nedo1414 ($96.47 in chips)
Seat 3: Rus29APX ($152.71 in chips)
nedo1414: posts small blind $1
Rus29APX: posts big blind $3
*** HOLE CARDS ***
nedo1414: raises $3 to $6
Rus29APX: calls $3
*** FLOP *** [Qh 9c 7d]
Rus29APX: checks
nedo1414: bets $3
Whatze Phuck joins the table at seat #2
Rus29APX: calls $3
*** TURN *** [Qh 9c 7d] [9h]
Rus29APX: checks
nedo1414: checks
*** RIVER *** [Qh 9c 7d 9h] [4h]
Rus29APX: bets $6
nedo1414: calls $6
*** SHOW DOWN ***
Rus29APX: shows [4c Ac] (two pair, Nines and Fours)
nedo1414: shows [8c 7s] (two pair, Nines and Sevens)
nedo1414 collected $29.50 from pot
*** SUMMARY ***
Total pot $30 | Rake $0.50
Board [Qh 9c 7d 9h 4h]
Seat 1: nedo1414 (button) (small blind) showed [8c 7s] and won ($29.50) with two pair, Nines and Sevens
Seat 3: Rus29APX (big blind) showed [4c Ac] and lost with two pair, Nines and Fours


PokerStars Hand #173437397541:  Hold'em Limit ($3/$6 USD) - 2017/07/24 4:25:13 ET
Table 'Savo' 6-max Seat #1 is the button
Seat 1: nedo1414 ($96.47 in chips)
Seat 3: Rus29APX ($152.71 in chips)
nedo1414: posts small blind $1
Rus29APX: posts big blind $3
*** HOLE CARDS ***
nedo1414: folds
Uncalled bet ($2) returned to Rus29APX
Rus29APX collected $2 from pot
Rus29APX: doesn't show hand
*** SUMMARY ***
Total pot $2 | Rake $0
Seat 1: nedo1414 (button) (small blind) folded before Flop
Seat 3: Rus29APX (big blind) collected ($2)


PokerStars Hand #173437394050:  Hold'em Limit ($3/$6 USD) - 2017/07/24 4:25:02 ET
Table 'Savo' 6-max Seat #3 is the button
Seat 1: nedo1414 ($102.47 in chips)
Seat 3: Rus29APX ($146.95 in chips)
Rus29APX: posts small blind $1
zeelogic666: is sitting out
nedo1414: posts big blind $3
*** HOLE CARDS ***
Rus29APX: raises $3 to $6
nedo1414: calls $3
*** FLOP *** [Jd 6d Qs]
nedo1414: checks
Rus29APX: bets $3
nedo1414: folds
Uncalled bet ($3) returned to Rus29APX
Rus29APX collected $11.76 from pot
Rus29APX: doesn't show hand
*** SUMMARY ***
Total pot $12 | Rake $0.24
Board [Jd 6d Qs]
Seat 1: nedo1414 (big blind) folded on the Flop
Seat 3: Rus29APX (button) (small blind) collected ($11.76)


PokerStars Hand #173437398932:  Hold'em Limit ($3/$6 USD) - 2017/07/24 4:25:18 ET
Table 'Savo' 6-max Seat #3 is the button
Seat 1: nedo1414 ($95.47 in chips)
Seat 3: Rus29APX ($153.71 in chips)
Rus29APX: posts small blind $1
nedo1414: posts big blind $3
*** HOLE CARDS ***
zeelogic666 leaves the table
Rus29APX: folds
Uncalled bet ($2) returned to nedo1414
nedo1414 collected $2 from pot
nedo1414: doesn't show hand
*** SUMMARY ***
Total pot $2 | Rake $0
Seat 1: nedo1414 (big blind) collected ($2)
Seat 3: Rus29APX (button) (small blind) folded before Flop


PokerStars Hand #173437462213:  Hold'em Limit ($3/$6 USD) - 2017/07/24 4:28:54 ET
Table 'Savo' 6-max Seat #1 is the button
Seat 1: nedo1414 ($120.20 in chips)
Seat 2: Whatze Phuck ($82 in chips)
nedo1414: posts small blind $1
Whatze Phuck: posts big blind $3
*** HOLE CARDS ***
nedo1414: folds
Uncalled bet ($2) returned to Whatze Phuck
Whatze Phuck collected $2 from pot
Whatze Phuck: doesn't show hand
*** SUMMARY ***
Total pot $2 | Rake $0
Seat 1: nedo1414 (button) (small blind) folded before Flop
Seat 2: Whatze Phuck (big blind) collected ($2)


PokerStars Hand #173437459410:  Hold'em Limit ($3/$6 USD) - 2017/07/24 4:28:44 ET
Table 'Savo' 6-max Seat #2 is the button
Seat 1: nedo1414 ($123.20 in chips)
Seat 2: Whatze Phuck ($79 in chips)
Whatze Phuck: posts small blind $1
Rus29APX: is sitting out
nedo1414: posts big blind $3
*** HOLE CARDS ***
Whatze Phuck: raises $3 to $6
nedo1414: folds
Uncalled bet ($3) returned to Whatze Phuck
Whatze Phuck collected $6 from pot
Whatze Phuck: doesn't show hand
*** SUMMARY ***
Total pot $6 | Rake $0
Seat 1: nedo1414 (big blind) folded before Flop
Seat 2: Whatze Phuck (button) (small blind) collected ($6)


PokerStars Hand #173437476350:  Hold'em Limit ($3/$6 USD) - 2017/07/24 4:29:42 ET
Table 'Savo' 6-max Seat #1 is the button
Seat 1: nedo1414 ($124.96 in chips)
Seat 2: Whatze Phuck ($79 in chips)
nedo1414: posts small blind $1
Whatze Phuck: posts big blind $3
*** HOLE CARDS ***
nedo1414: folds
Uncalled bet ($2) returned to Whatze Phuck
Whatze Phuck collected $2 from pot
Whatze Phuck: doesn't show hand
*** SUMMARY ***
Total pot $2 | Rake $0
Seat 1: nedo1414 (button) (small blind) folded before Flop
Seat 2: Whatze Phuck (big blind) collected ($2)


PokerStars Hand #173437467198:  Hold'em Limit ($3/$6 USD) - 2017/07/24 4:29:11 ET
Table 'Savo' 6-max Seat #2 is the button
Seat 1: nedo1414 ($119.20 in chips)
Seat 2: Whatze Phuck ($83 in chips)
Whatze Phuck: posts small blind $1
nedo1414: posts big blind $3
*** HOLE CARDS ***
Whatze Phuck: raises $3 to $6
nedo1414: calls $3
*** FLOP *** [2c Tc 8s]
nedo1414: bets $3
Whatze Phuck: folds
Uncalled bet ($3) returned to nedo1414
nedo1414 collected $11.76 from pot
nedo1414: doesn't show hand
*** SUMMARY ***
Total pot $12 | Rake $0.24
Board [2c Tc 8s]
Seat 1: nedo1414 (big blind) collected ($11.76)
Seat 2: Whatze Phuck (button) (small blind) folded on the Flop


PokerStars Hand #173437465233:  Hold'em Limit ($3/$6 USD) - 2017/07/24 4:29:04 ET
Table 'Savo' 6-max Seat #1 is the button
Seat 1: nedo1414 ($120.20 in chips)
Seat 2: Whatze Phuck ($82 in chips)
nedo1414: posts small blind $1
Whatze Phuck: posts big blind $3
*** HOLE CARDS ***
nedo1414: folds
Uncalled bet ($2) returned to Whatze Phuck
Whatze Phuck collected $2 from pot
Whatze Phuck: doesn't show hand
*** SUMMARY ***
Total pot $2 | Rake $0
Seat 1: nedo1414 (button) (small blind) folded before Flop
Seat 2: Whatze Phuck (big blind) collected ($2)


PokerStars Hand #173437463889:  Hold'em Limit ($3/$6 USD) - 2017/07/24 4:29:00 ET
Table 'Savo' 6-max Seat #2 is the button
Seat 1: nedo1414 ($119.20 in chips)
Seat 2: Whatze Phuck ($83 in chips)
Whatze Phuck: posts small blind $1
nedo1414: posts big blind $3
*** HOLE CARDS ***
Whatze Phuck: folds
Uncalled bet ($2) returned to nedo1414
nedo1414 collected $2 from pot
nedo1414: doesn't show hand
*** SUMMARY ***
Total pot $2 | Rake $0
Seat 1: nedo1414 (big blind) collected ($2)
Seat 2: Whatze Phuck (button) (small blind) folded before Flop


PokerStars Hand #173437501549:  Hold'em Limit ($3/$6 USD) - 2017/07/24 4:31:07 ET
Table 'Savo' 6-max Seat #1 is the button
Seat 1: nedo1414 ($111.96 in chips)
Seat 3: Rus29APX ($174.20 in chips)
nedo1414: posts small blind $1
Whatze Phuck: is sitting out
Rus29APX: posts big blind $3
*** HOLE CARDS ***
nedo1414: raises $3 to $6
Whatze Phuck leaves the table
Rus29APX: calls $3
*** FLOP *** [Qc 6c 5s]
Rus29APX: checks
nedo1414: bets $3
Rus29APX: raises $3 to $6
nedo1414: folds
Uncalled bet ($3) returned to Rus29APX
Rus29APX collected $17.64 from pot
Rus29APX: doesn't show hand
*** SUMMARY ***
Total pot $18 | Rake $0.36
Board [Qc 6c 5s]
Seat 1: nedo1414 (button) (small blind) folded on the Flop
Seat 3: Rus29APX (big blind) collected ($17.64)


PokerStars Hand #173437507784:  Hold'em Limit ($3/$6 USD) - 2017/07/24 4:31:28 ET
Table 'Savo' 6-max Seat #3 is the button
Seat 1: nedo1414 ($102.96 in chips)
Seat 3: Rus29APX ($182.84 in chips)
Rus29APX: posts small blind $1
nedo1414: posts big blind $3
*** HOLE CARDS ***
Rus29APX: raises $3 to $6
nedo1414: calls $3
*** FLOP *** [3c As 6c]
nedo1414: checks
Rus29APX: bets $3
nedo1414: calls $3
*** TURN *** [3c As 6c] [Qd]
nedo1414: checks
Rus29APX: checks
*** RIVER *** [3c As 6c Qd] [9c]
nedo1414: bets $6
Rus29APX: calls $6
*** SHOW DOWN ***
nedo1414: shows [Kd 9s] (a pair of Nines)
Rus29APX: mucks hand
nedo1414 collected $29.50 from pot
*** SUMMARY ***
Total pot $30 | Rake $0.50
Board [3c As 6c Qd 9c]
Seat 1: nedo1414 (big blind) showed [Kd 9s] and won ($29.50) with a pair of Nines
Seat 3: Rus29APX (button) (small blind) mucked


PokerStars Hand #173437534355:  Hold'em Limit ($3/$6 USD) - 2017/07/24 4:32:58 ET
Table 'Savo' 6-max Seat #1 is the button
Seat 1: nedo1414 ($114.10 in chips)
Seat 3: Rus29APX ($170.36 in chips)
nedo1414: posts small blind $1
Rus29APX: posts big blind $3
*** HOLE CARDS ***
nedo1414: folds
Uncalled bet ($2) returned to Rus29APX
Rus29APX collected $2 from pot
Rus29APX: doesn't show hand
*** SUMMARY ***
Total pot $2 | Rake $0
Seat 1: nedo1414 (button) (small blind) folded before Flop
Seat 3: Rus29APX (big blind) collected ($2)


PokerStars Hand #173437524885:  Hold'em Limit ($3/$6 USD) - 2017/07/24 4:32:26 ET
Table 'Savo' 6-max Seat #3 is the button
Seat 1: nedo1414 ($126.10 in chips)
Seat 3: Rus29APX ($158.84 in chips)
Rus29APX: posts small blind $1
nedo1414: posts big blind $3
*** HOLE CARDS ***
Rus29APX: raises $3 to $6
nedo1414: calls $3
*** FLOP *** [4h 5s 6s]
nedo1414: checks
Rus29APX: checks
*** TURN *** [4h 5s 6s] [Jc]
nedo1414: checks
Rus29APX: checks
*** RIVER *** [4h 5s 6s Jc] [7c]
nedo1414: checks
Rus29APX: bets $6
nedo1414: calls $6
*** SHOW DOWN ***
Rus29APX: shows [Kc 7h] (a pair of Sevens)
nedo1414: mucks hand
Rus29APX collected $23.52 from pot
*** SUMMARY ***
Total pot $24 | Rake $0.48
Board [4h 5s 6s Jc 7c]
Seat 1: nedo1414 (big blind) mucked
Seat 3: Rus29APX (button) (small blind) showed [Kc 7h] and won ($23.52) with a pair of Sevens


PokerStars Hand #173437516006:  Hold'em Limit ($3/$6 USD) - 2017/07/24 4:31:56 ET
Table 'Savo' 6-max Seat #1 is the button
Seat 1: nedo1414 ($117.46 in chips)
Seat 3: Rus29APX ($167.84 in chips)
nedo1414: posts small blind $1
Rus29APX: posts big blind $3
*** HOLE CARDS ***
nedo1414: raises $3 to $6
Rus29APX: calls $3
*** FLOP *** [6s 8s 8d]
Rus29APX: checks
nedo1414: bets $3
Rus29APX: calls $3
*** TURN *** [6s 8s 8d] [5c]
Rus29APX: checks
nedo1414: bets $6
Rus29APX: folds
Uncalled bet ($6) returned to nedo1414
nedo1414 collected $17.64 from pot
nedo1414: doesn't show hand
*** SUMMARY ***
Total pot $18 | Rake $0.36
Board [6s 8s 8d 5c]
Seat 1: nedo1414 (button) (small blind) collected ($17.64)
Seat 3: Rus29APX (big blind) folded on the Turn


PokerStars Hand #173437536023:  Hold'em Limit ($3/$6 USD) - 2017/07/24 4:33:03 ET
Table 'Savo' 6-max Seat #3 is the button
Seat 1: nedo1414 ($113.10 in chips)
Seat 3: Rus29APX ($171.36 in chips)
Rus29APX: posts small blind $1
nedo1414: posts big blind $3
*** HOLE CARDS ***
Rus29APX: raises $3 to $6
nedo1414: folds
Uncalled bet ($3) returned to Rus29APX
Rus29APX collected $6 from pot
Rus29APX: doesn't show hand
*** SUMMARY ***
Total pot $6 | Rake $0
Seat 1: nedo1414 (big blind) folded before Flop
Seat 3: Rus29APX (button) (small blind) collected ($6)


PokerStars Hand #173437537474:  Hold'em Limit ($3/$6 USD) - 2017/07/24 4:33:08 ET
Table 'Savo' 6-max Seat #1 is the button
Seat 1: nedo1414 ($110.10 in chips)
Seat 3: Rus29APX ($174.36 in chips)
nedo1414: posts small blind $1
Rus29APX: posts big blind $3
*** HOLE CARDS ***
nedo1414: folds
Uncalled bet ($2) returned to Rus29APX
Rus29APX collected $2 from pot
Rus29APX: doesn't show hand
*** SUMMARY ***
Total pot $2 | Rake $0
Seat 1: nedo1414 (button) (small blind) folded before Flop
Seat 3: Rus29APX (big blind) collected ($2)


PokerStars Hand #173437543819:  Hold'em Limit ($3/$6 USD) - 2017/07/24 4:33:30 ET
Table 'Savo' 6-max Seat #1 is the button
Seat 1: nedo1414 ($103.10 in chips)
Seat 3: Rus29APX ($181.12 in chips)
nedo1414: posts small blind $1
Rus29APX: posts big blind $3
*** HOLE CARDS ***
nedo1414: raises $3 to $6
Rus29APX: folds
Uncalled bet ($3) returned to nedo1414
nedo1414 collected $6 from pot
nedo1414: doesn't show hand
*** SUMMARY ***
Total pot $6 | Rake $0
Seat 1: nedo1414 (button) (small blind) collected ($6)
Seat 3: Rus29APX (big blind) folded before Flop


PokerStars Hand #173437539293:  Hold'em Limit ($3/$6 USD) - 2017/07/24 4:33:15 ET
Table 'Savo' 6-max Seat #3 is the button
Seat 1: nedo1414 ($109.10 in chips)
Seat 3: Rus29APX ($175.36 in chips)
Rus29APX: posts small blind $1
nedo1414: posts big blind $3
*** HOLE CARDS ***
Rus29APX: raises $3 to $6
nedo1414: calls $3
*** FLOP *** [6c Kd Ad]
nedo1414: checks
Rus29APX: bets $3
nedo1414: folds
Uncalled bet ($3) returned to Rus29APX
Rus29APX collected $11.76 from pot
Rus29APX: doesn't show hand
*** SUMMARY ***
Total pot $12 | Rake $0.24
Board [6c Kd Ad]
Seat 1: nedo1414 (big blind) folded on the Flop
Seat 3: Rus29APX (button) (small blind) collected ($11.76)


PokerStars Hand #173437556918:  Hold'em Limit ($3/$6 USD) - 2017/07/24 4:34:15 ET
Table 'Savo' 6-max Seat #1 is the button
Seat 1: nedo1414 ($105.85 in chips)
Seat 3: Rus29APX ($177.87 in chips)
nedo1414: posts small blind $1
Rus29APX: posts big blind $3
*** HOLE CARDS ***
nedo1414: raises $3 to $6
Rus29APX: raises $3 to $9
nedo1414: raises $3 to $12
Betting is capped
Rus29APX: calls $3
*** FLOP *** [3d 7s Kc]
Rus29APX: checks
nedo1414: bets $3
Rus29APX: calls $3
*** TURN *** [3d 7s Kc] [7d]
Rus29APX: checks
nedo1414: bets $6
Rus29APX: calls $6
*** RIVER *** [3d 7s Kc 7d] [Ad]
Rus29APX: checks
nedo1414: bets $6
Rus29APX: calls $6
*** SHOW DOWN ***
nedo1414: shows [Ks As] (two pair, Aces and Kings)
Rus29APX: mucks hand
nedo1414 collected $53.50 from pot
*** SUMMARY ***
Total pot $54 | Rake $0.50
Board [3d 7s Kc 7d Ad]
Seat 1: nedo1414 (button) (small blind) showed [Ks As] and won ($53.50) with two pair, Aces and Kings
Seat 3: Rus29APX (big blind) mucked


PokerStars Hand #173437546081:  Hold'em Limit ($3/$6 USD) - 2017/07/24 4:33:38 ET
Table 'Savo' 6-max Seat #3 is the button
Seat 1: nedo1414 ($106.10 in chips)
Seat 3: Rus29APX ($178.12 in chips)
Rus29APX: posts small blind $1
nedo1414: posts big blind $3
*** HOLE CARDS ***
Rus29APX: raises $3 to $6
nedo1414: calls $3
*** FLOP *** [8c 6d 6h]
nedo1414: checks
Rus29APX: bets $3
nedo1414: calls $3
*** TURN *** [8c 6d 6h] [8d]
nedo1414: checks
Rus29APX: bets $6
nedo1414: raises $6 to $12
Rus29APX: raises $6 to $18
nedo1414: raises $6 to $24
Betting is capped
Rus29APX: calls $6
*** RIVER *** [8c 6d 6h 8d] [2d]
nedo1414: bets $6
Rus29APX: raises $6 to $12
nedo1414: calls $6
*** SHOW DOWN ***
Rus29APX: shows [8s 5c] (a full house, Eights full of Sixes)
nedo1414: shows [Kc 8h] (a full house, Eights full of Sixes)
nedo1414 collected $44.75 from pot
Rus29APX collected $44.75 from pot
*** SUMMARY ***
Total pot $90 | Rake $0.50
Board [8c 6d 6h 8d 2d]
Seat 1: nedo1414 (big blind) showed [Kc 8h] and won ($44.75) with a full house, Eights full of Sixes
Seat 3: Rus29APX (button) (small blind) showed [8s 5c] and won ($44.75) with a full house, Eights full of Sixes


PokerStars Hand #173437574824:  Hold'em Limit ($3/$6 USD) - 2017/07/24 4:35:15 ET
Table 'Savo' 6-max Seat #1 is the button
Seat 1: nedo1414 ($126.35 in chips)
Seat 3: Rus29APX ($156.63 in chips)
nedo1414: posts small blind $1
Rus29APX: posts big blind $3
*** HOLE CARDS ***
nedo1414: raises $3 to $6
Rus29APX: calls $3
*** FLOP *** [2d Ts 6c]
Rus29APX: checks
nedo1414: bets $3
Rus29APX: folds
Uncalled bet ($3) returned to nedo1414
nedo1414 collected $11.76 from pot
nedo1414: doesn't show hand
*** SUMMARY ***
Total pot $12 | Rake $0.24
Board [2d Ts 6c]
Seat 1: nedo1414 (button) (small blind) collected ($11.76)
Seat 3: Rus29APX (big blind) folded on the Flop


PokerStars Hand #173437587427:  Hold'em Limit ($3/$6 USD) - 2017/07/24 4:35:57 ET
Table 'Savo' 6-max Seat #3 is the button
Seat 1: nedo1414 ($125.11 in chips)
Seat 3: Rus29APX ($157.39 in chips)
Rus29APX: posts small blind $1
nedo1414: posts big blind $3
*** HOLE CARDS ***
Rus29APX: folds
Uncalled bet ($2) returned to nedo1414
nedo1414 collected $2 from pot
nedo1414: doesn't show hand
*** SUMMARY ***
Total pot $2 | Rake $0
Seat 1: nedo1414 (big blind) collected ($2)
Seat 3: Rus29APX (button) (small blind) folded before Flop


PokerStars Hand #173437585556:  Hold'em Limit ($3/$6 USD) - 2017/07/24 4:35:51 ET
Table 'Savo' 6-max Seat #1 is the button
Seat 1: nedo1414 ($126.11 in chips)
Seat 3: Rus29APX ($156.39 in chips)
nedo1414: posts small blind $1
Rus29APX: posts big blind $3
*** HOLE CARDS ***
nedo1414: folds
Uncalled bet ($2) returned to Rus29APX
Rus29APX collected $2 from pot
Rus29APX: doesn't show hand
*** SUMMARY ***
Total pot $2 | Rake $0
Seat 1: nedo1414 (button) (small blind) folded before Flop
Seat 3: Rus29APX (big blind) collected ($2)


PokerStars Hand #173437581748:  Hold'em Limit ($3/$6 USD) - 2017/07/24 4:35:38 ET
Table 'Savo' 6-max Seat #3 is the button
Seat 1: nedo1414 ($132.11 in chips)
Seat 3: Rus29APX ($150.63 in chips)
Rus29APX: posts small blind $1
nedo1414: posts big blind $3
*** HOLE CARDS ***
Rus29APX: raises $3 to $6
nedo1414: calls $3
*** FLOP *** [Ac Jc 3c]
nedo1414: checks
Rus29APX: bets $3
nedo1414: folds
Uncalled bet ($3) returned to Rus29APX
Rus29APX collected $11.76 from pot
Rus29APX: doesn't show hand
*** SUMMARY ***
Total pot $12 | Rake $0.24
Board [Ac Jc 3c]
Seat 1: nedo1414 (big blind) folded on the Flop
Seat 3: Rus29APX (button) (small blind) collected ($11.76)


PokerStars Hand #173437569420:  Hold'em Limit ($3/$6 USD) - 2017/07/24 4:34:57 ET
Table 'Savo' 6-max Seat #3 is the button
Seat 1: nedo1414 ($132.35 in chips)
Seat 3: Rus29APX ($150.87 in chips)
Rus29APX: posts small blind $1
nedo1414: posts big blind $3
*** HOLE CARDS ***
Rus29APX: raises $3 to $6
nedo1414: calls $3
*** FLOP *** [Ad 9h 6c]
nedo1414: checks
Rus29APX: bets $3
nedo1414: folds
Uncalled bet ($3) returned to Rus29APX
Rus29APX collected $11.76 from pot
Rus29APX: doesn't show hand
*** SUMMARY ***
Total pot $12 | Rake $0.24
Board [Ad 9h 6c]
Seat 1: nedo1414 (big blind) folded on the Flop
Seat 3: Rus29APX (button) (small blind) collected ($11.76)


PokerStars Hand #173437600634:  Hold'em Limit ($3/$6 USD) - 2017/07/24 4:36:41 ET
Table 'Savo' 6-max Seat #1 is the button
Seat 1: nedo1414 ($112.11 in chips)
Seat 3: Rus29APX ($169.89 in chips)
nedo1414: posts small blind $1
Rus29APX: posts big blind $3
*** HOLE CARDS ***
nedo1414: folds
Uncalled bet ($2) returned to Rus29APX
Rus29APX collected $2 from pot
Rus29APX: doesn't show hand
*** SUMMARY ***
Total pot $2 | Rake $0
Seat 1: nedo1414 (button) (small blind) folded before Flop
Seat 3: Rus29APX (big blind) collected ($2)


PokerStars Hand #173437599110:  Hold'em Limit ($3/$6 USD) - 2017/07/24 4:36:36 ET
Table 'Savo' 6-max Seat #3 is the button
Seat 1: nedo1414 ($111.11 in chips)
Seat 3: Rus29APX ($170.89 in chips)
Rus29APX: posts small blind $1
nedo1414: posts big blind $3
*** HOLE CARDS ***
Rus29APX: folds
Uncalled bet ($2) returned to nedo1414
nedo1414 collected $2 from pot
nedo1414: doesn't show hand
*** SUMMARY ***
Total pot $2 | Rake $0
Seat 1: nedo1414 (big blind) collected ($2)
Seat 3: Rus29APX (button) (small blind) folded before Flop


PokerStars Hand #173437589483:  Hold'em Limit ($3/$6 USD) - 2017/07/24 4:36:04 ET
Table 'Savo' 6-max Seat #1 is the button
Seat 1: nedo1414 ($126.11 in chips)
Seat 3: Rus29APX ($156.39 in chips)
nedo1414: posts small blind $1
Rus29APX: posts big blind $3
*** HOLE CARDS ***
nedo1414: raises $3 to $6
Rus29APX: calls $3
*** FLOP *** [4c Jd 4d]
Rus29APX: checks
nedo1414: bets $3
Rus29APX: calls $3
*** TURN *** [4c Jd 4d] [Qs]
Rus29APX: checks
nedo1414: checks
*** RIVER *** [4c Jd 4d Qs] [8h]
Rus29APX: checks
nedo1414: bets $6
Rus29APX: calls $6
*** SHOW DOWN ***
nedo1414: shows [3s 7s] (a pair of Fours)
Rus29APX: shows [Kh 8d] (two pair, Eights and Fours)
Rus29APX collected $29.50 from pot
*** SUMMARY ***
Total pot $30 | Rake $0.50
Board [4c Jd 4d Qs 8h]
Seat 1: nedo1414 (button) (small blind) showed [3s 7s] and lost with a pair of Fours
Seat 3: Rus29APX (big blind) showed [Kh 8d] and won ($29.50) with two pair, Eights and Fours


PokerStars Hand #173437602463:  Hold'em Limit ($3/$6 USD) - 2017/07/24 4:36:47 ET
Table 'Savo' 6-max Seat #3 is the button
Seat 1: nedo1414 ($111.11 in chips)
Seat 3: Rus29APX ($170.89 in chips)
Rus29APX: posts small blind $1
nedo1414: posts big blind $3
*** HOLE CARDS ***
Rus29APX: raises $3 to $6
nedo1414: raises $3 to $9
Rus29APX: calls $3
*** FLOP *** [Jd 3d 7c]
nedo1414: bets $3
Rus29APX: folds
Uncalled bet ($3) returned to nedo1414
nedo1414 collected $17.64 from pot
nedo1414: doesn't show hand
*** SUMMARY ***
Total pot $18 | Rake $0.36
Board [Jd 3d 7c]
Seat 1: nedo1414 (big blind) collected ($17.64)
Seat 3: Rus29APX (button) (small blind) folded on the Flop


PokerStars Hand #173437617543:  Hold'em Limit ($3/$6 USD) - 2017/07/24 4:37:37 ET
Table 'Savo' 6-max Seat #1 is the button
Seat 1: nedo1414 ($119.51 in chips)
Seat 3: Rus29APX ($161.65 in chips)
nedo1414: posts small blind $1
Rus29APX: posts big blind $3
*** HOLE CARDS ***
nedo1414: folds
Uncalled bet ($2) returned to Rus29APX
Rus29APX collected $2 from pot
Rus29APX: doesn't show hand
*** SUMMARY ***
Total pot $2 | Rake $0
Seat 1: nedo1414 (button) (small blind) folded before Flop
Seat 3: Rus29APX (big blind) collected ($2)


PokerStars Hand #173437612025:  Hold'em Limit ($3/$6 USD) - 2017/07/24 4:37:19 ET
Table 'Savo' 6-max Seat #3 is the button
Seat 1: nedo1414 ($125.51 in chips)
Seat 3: Rus29APX ($155.89 in chips)
Rus29APX: posts small blind $1
nedo1414: posts big blind $3
*** HOLE CARDS ***
Rus29APX: raises $3 to $6
nedo1414: calls $3
*** FLOP *** [Ad 8h Th]
nedo1414: checks
Rus29APX: bets $3
nedo1414: folds
Uncalled bet ($3) returned to Rus29APX
Rus29APX collected $11.76 from pot
Rus29APX: doesn't show hand
*** SUMMARY ***
Total pot $12 | Rake $0.24
Board [Ad 8h Th]
Seat 1: nedo1414 (big blind) folded on the Flop
Seat 3: Rus29APX (button) (small blind) collected ($11.76)


PokerStars Hand #173437606697:  Hold'em Limit ($3/$6 USD) - 2017/07/24 4:37:01 ET
Table 'Savo' 6-max Seat #1 is the button
Seat 1: nedo1414 ($119.75 in chips)
Seat 3: Rus29APX ($161.89 in chips)
nedo1414: posts small blind $1
Rus29APX: posts big blind $3
*** HOLE CARDS ***
nedo1414: raises $3 to $6
Rus29APX: calls $3
*** FLOP *** [Ad 8h Th]
Rus29APX: checks
nedo1414: bets $3
Rus29APX: folds
Uncalled bet ($3) returned to nedo1414
nedo1414 collected $11.76 from pot
nedo1414: doesn't show hand
*** SUMMARY ***
Total pot $12 | Rake $0.24
Board [Ad 8h Th]
Seat 1: nedo1414 (button) (small blind) collected ($11.76)
Seat 3: Rus29APX (big blind) folded on the Flop


PokerStars Hand #173437618991:  Hold'em Limit ($3/$6 USD) - 2017/07/24 4:37:42 ET
Table 'Savo' 6-max Seat #3 is the button
Seat 1: nedo1414 ($118.51 in chips)
Seat 3: Rus29APX ($162.65 in chips)
Rus29APX: posts small blind $1
nedo1414: posts big blind $3
*** HOLE CARDS ***
Rus29APX: folds
Uncalled bet ($2) returned to nedo1414
nedo1414 collected $2 from pot
nedo1414: doesn't show hand
*** SUMMARY ***
Total pot $2 | Rake $0
Seat 1: nedo1414 (big blind) collected ($2)
Seat 3: Rus29APX (button) (small blind) folded before Flop


PokerStars Hand #173437636759:  Hold'em Limit ($3/$6 USD) - 2017/07/24 4:38:41 ET
Table 'Savo' 6-max Seat #3 is the button
Seat 1: nedo1414 ($88.51 in chips)
Seat 3: Rus29APX ($191.91 in chips)
Rus29APX: posts small blind $1
nedo1414: posts big blind $3
*** HOLE CARDS ***
Rus29APX: raises $3 to $6
nedo1414: folds
Uncalled bet ($3) returned to Rus29APX
Rus29APX collected $6 from pot
Rus29APX: doesn't show hand
*** SUMMARY ***
Total pot $6 | Rake $0
Seat 1: nedo1414 (big blind) folded before Flop
Seat 3: Rus29APX (button) (small blind) collected ($6)


PokerStars Hand #173437635222:  Hold'em Limit ($3/$6 USD) - 2017/07/24 4:38:36 ET
Table 'Savo' 6-max Seat #1 is the button
Seat 1: nedo1414 ($89.51 in chips)
Seat 3: Rus29APX ($190.91 in chips)
nedo1414: posts small blind $1
Rus29APX: posts big blind $3
*** HOLE CARDS ***
nedo1414: folds
Uncalled bet ($2) returned to Rus29APX
Rus29APX collected $2 from pot
Rus29APX: doesn't show hand
*** SUMMARY ***
Total pot $2 | Rake $0
Seat 1: nedo1414 (button) (small blind) folded before Flop
Seat 3: Rus29APX (big blind) collected ($2)


PokerStars Hand #173437630329:  Hold'em Limit ($3/$6 USD) - 2017/07/24 4:38:19 ET
Table 'Savo' 6-max Seat #3 is the button
Seat 1: nedo1414 ($95.51 in chips)
Seat 3: Rus29APX ($185.15 in chips)
Rus29APX: posts small blind $1
nedo1414: posts big blind $3
*** HOLE CARDS ***
Rus29APX: raises $3 to $6
nedo1414: calls $3
*** FLOP *** [Jc Ks 3d]
nedo1414: checks
Rus29APX: bets $3
nedo1414: folds
Uncalled bet ($3) returned to Rus29APX
Rus29APX collected $11.76 from pot
Rus29APX: doesn't show hand
*** SUMMARY ***
Total pot $12 | Rake $0.24
Board [Jc Ks 3d]
Seat 1: nedo1414 (big blind) folded on the Flop
Seat 3: Rus29APX (button) (small blind) collected ($11.76)


PokerStars Hand #173437621109:  Hold'em Limit ($3/$6 USD) - 2017/07/24 4:37:49 ET
Table 'Savo' 6-max Seat #1 is the button
Seat 1: nedo1414 ($119.51 in chips)
Seat 3: Rus29APX ($161.65 in chips)
nedo1414: posts small blind $1
Rus29APX: posts big blind $3
*** HOLE CARDS ***
nedo1414: raises $3 to $6
Rus29APX: calls $3
*** FLOP *** [5h 8c 8h]
Rus29APX: checks
nedo1414: bets $3
Rus29APX: raises $3 to $6
nedo1414: calls $3
*** TURN *** [5h 8c 8h] [Jc]
Rus29APX: bets $6
nedo1414: calls $6
*** RIVER *** [5h 8c 8h Jc] [2d]
Rus29APX: bets $6
nedo1414: calls $6
*** SHOW DOWN ***
Rus29APX: shows [4h 5c] (two pair, Eights and Fives)
nedo1414: mucks hand
Rus29APX collected $47.50 from pot
*** SUMMARY ***
Total pot $48 | Rake $0.50
Board [5h 8c 8h Jc 2d]
Seat 1: nedo1414 (button) (small blind) mucked
Seat 3: Rus29APX (big blind) showed [4h 5c] and won ($47.50) with two pair, Eights and Fives


PokerStars Hand #173437643960:  Hold'em Limit ($3/$6 USD) - 2017/07/24 4:39:05 ET
Table 'Savo' 6-max Seat #1 is the button
Seat 1: nedo1414 ($92.27 in chips)
Seat 3: Rus29APX ($187.91 in chips)
nedo1414: posts small blind $1
Rus29APX: posts big blind $3
*** HOLE CARDS ***
nedo1414: raises $3 to $6
Rus29APX: calls $3
*** FLOP *** [9s Qs 6h]
Rus29APX: checks
nedo1414: bets $3
Rus29APX: calls $3
*** TURN *** [9s Qs 6h] [8s]
Rus29APX: checks
nedo1414: checks
*** RIVER *** [9s Qs 6h 8s] [As]
Rus29APX: checks
nedo1414: checks
*** SHOW DOWN ***
Rus29APX: shows [Ac Th] (a pair of Aces)
nedo1414: mucks hand
Rus29APX collected $17.64 from pot
*** SUMMARY ***
Total pot $18 | Rake $0.36
Board [9s Qs 6h 8s As]
Seat 1: nedo1414 (button) (small blind) mucked
Seat 3: Rus29APX (big blind) showed [Ac Th] and won ($17.64) with a pair of Aces


PokerStars Hand #173437651083:  Hold'em Limit ($3/$6 USD) - 2017/07/24 4:39:28 ET
Table 'Savo' 6-max Seat #3 is the button
Seat 1: nedo1414 ($83.27 in chips)
Seat 3: Rus29APX ($196.55 in chips)
Rus29APX: posts small blind $1
nedo1414: posts big blind $3
*** HOLE CARDS ***
Rus29APX: raises $3 to $6
nedo1414: calls $3
*** FLOP *** [4c As 9h]
nedo1414: checks
Rus29APX: bets $3
nedo1414: calls $3
*** TURN *** [4c As 9h] [Qd]
nedo1414: checks
Rus29APX: bets $6
nedo1414: folds
Uncalled bet ($6) returned to Rus29APX
Rus29APX collected $17.64 from pot
Rus29APX: doesn't show hand
*** SUMMARY ***
Total pot $18 | Rake $0.36
Board [4c As 9h Qd]
Seat 1: nedo1414 (big blind) folded on the Turn
Seat 3: Rus29APX (button) (small blind) collected ($17.64)


PokerStars Hand #173437642622:  Hold'em Limit ($3/$6 USD) - 2017/07/24 4:39:00 ET
Table 'Savo' 6-max Seat #3 is the button
Seat 1: nedo1414 ($91.27 in chips)
Seat 3: Rus29APX ($188.91 in chips)
Rus29APX: posts small blind $1
nedo1414: posts big blind $3
*** HOLE CARDS ***
Rus29APX: folds
Uncalled bet ($2) returned to nedo1414
nedo1414 collected $2 from pot
nedo1414: doesn't show hand
*** SUMMARY ***
Total pot $2 | Rake $0
Seat 1: nedo1414 (big blind) collected ($2)
Seat 3: Rus29APX (button) (small blind) folded before Flop


PokerStars Hand #173437638600:  Hold'em Limit ($3/$6 USD) - 2017/07/24 4:38:47 ET
Table 'Savo' 6-max Seat #1 is the button
Seat 1: nedo1414 ($85.51 in chips)
Seat 3: Rus29APX ($194.91 in chips)
nedo1414: posts small blind $1
Rus29APX: posts big blind $3
*** HOLE CARDS ***
nedo1414: raises $3 to $6
Rus29APX: calls $3
*** FLOP *** [Kd 2d Ad]
Rus29APX: checks
nedo1414: bets $3
Rus29APX: folds
Uncalled bet ($3) returned to nedo1414
nedo1414 collected $11.76 from pot
nedo1414: doesn't show hand
*** SUMMARY ***
Total pot $12 | Rake $0.24
Board [Kd 2d Ad]
Seat 1: nedo1414 (button) (small blind) collected ($11.76)
Seat 3: Rus29APX (big blind) folded on the Flop


PokerStars Hand #173437660378:  Hold'em Limit ($3/$6 USD) - 2017/07/24 4:39:59 ET
Table 'Savo' 6-max Seat #3 is the button
Seat 1: nedo1414 ($73.27 in chips)
Seat 3: Rus29APX ($206.19 in chips)
Rus29APX: posts small blind $1
nedo1414: posts big blind $3
*** HOLE CARDS ***
Rus29APX: raises $3 to $6
nedo1414: folds
Uncalled bet ($3) returned to Rus29APX
Rus29APX collected $6 from pot
Rus29APX: doesn't show hand
*** SUMMARY ***
Total pot $6 | Rake $0
Seat 1: nedo1414 (big blind) folded before Flop
Seat 3: Rus29APX (button) (small blind) collected ($6)


PokerStars Hand #173437658782:  Hold'em Limit ($3/$6 USD) - 2017/07/24 4:39:54 ET
Table 'Savo' 6-max Seat #1 is the button
Seat 1: nedo1414 ($74.27 in chips)
Seat 3: Rus29APX ($205.19 in chips)
nedo1414: posts small blind $1
Rus29APX: posts big blind $3
*** HOLE CARDS ***
nedo1414: folds
Uncalled bet ($2) returned to Rus29APX
Rus29APX collected $2 from pot
Rus29APX: doesn't show hand
*** SUMMARY ***
Total pot $2 | Rake $0
Seat 1: nedo1414 (button) (small blind) folded before Flop
Seat 3: Rus29APX (big blind) collected ($2)


PokerStars Hand #173437663037:  Hold'em Limit ($3/$6 USD) - 2017/07/24 4:40:08 ET
Table 'Savo' 6-max Seat #1 is the button
Seat 1: nedo1414 ($70.27 in chips)
Seat 3: Rus29APX ($209.19 in chips)
nedo1414: posts small blind $1
Rus29APX: posts big blind $3
*** HOLE CARDS ***
nedo1414: raises $3 to $6
Rus29APX: calls $3
*** FLOP *** [Kc Ks 9d]
Rus29APX: checks
nedo1414: bets $3
Rus29APX: calls $3
*** TURN *** [Kc Ks 9d] [3h]
Rus29APX: checks
nedo1414: bets $6
Rus29APX: calls $6
*** RIVER *** [Kc Ks 9d 3h] [4h]
Rus29APX: checks
nedo1414: bets $6
Rus29APX: calls $6
*** SHOW DOWN ***
nedo1414: shows [7s Kh] (three of a kind, Kings)
Rus29APX: mucks hand
nedo1414 collected $41.50 from pot
*** SUMMARY ***
Total pot $42 | Rake $0.50
Board [Kc Ks 9d 3h 4h]
Seat 1: nedo1414 (button) (small blind) showed [7s Kh] and won ($41.50) with three of a kind, Kings
Seat 3: Rus29APX (big blind) mucked


PokerStars Hand #173437685607:  Hold'em Limit ($3/$6 USD) - 2017/07/24 4:41:23 ET
Table 'Savo' 6-max Seat #1 is the button
Seat 1: nedo1414 ($72.77 in chips)
Seat 3: Rus29APX ($205.69 in chips)
nedo1414: posts small blind $1
Rus29APX: posts big blind $3
*** HOLE CARDS ***
nedo1414: folds
Uncalled bet ($2) returned to Rus29APX
Rus29APX collected $2 from pot
Rus29APX: doesn't show hand
*** SUMMARY ***
Total pot $2 | Rake $0
Seat 1: nedo1414 (button) (small blind) folded before Flop
Seat 3: Rus29APX (big blind) collected ($2)


PokerStars Hand #173437687083:  Hold'em Limit ($3/$6 USD) - 2017/07/24 4:41:28 ET
Table 'Savo' 6-max Seat #3 is the button
Seat 1: nedo1414 ($71.77 in chips)
Seat 3: Rus29APX ($206.69 in chips)
Rus29APX: posts small blind $1
nedo1414: posts big blind $3
*** HOLE CARDS ***
Rus29APX: raises $3 to $6
nedo1414: raises $3 to $9
Rus29APX: calls $3
*** FLOP *** [Qd 4c Th]
nedo1414: bets $3
Rus29APX: folds
Uncalled bet ($3) returned to nedo1414
nedo1414 collected $17.64 from pot
nedo1414: doesn't show hand
*** SUMMARY ***
Total pot $18 | Rake $0.36
Board [Qd 4c Th]
Seat 1: nedo1414 (big blind) collected ($17.64)
Seat 3: Rus29APX (button) (small blind) folded on the Flop


PokerStars Hand #173437692055:  Hold'em Limit ($3/$6 USD) - 2017/07/24 4:41:45 ET
Table 'Savo' 6-max Seat #1 is the button
Seat 1: nedo1414 ($80.41 in chips)
Seat 3: Rus29APX ($197.69 in chips)
nedo1414: posts small blind $1
Rus29APX: posts big blind $3
*** HOLE CARDS ***
nedo1414: raises $3 to $6
Rus29APX: calls $3
*** FLOP *** [2h 9s Qh]
Rus29APX: checks
nedo1414: bets $3
Rus29APX: folds
Uncalled bet ($3) returned to nedo1414
nedo1414 collected $11.76 from pot
nedo1414: doesn't show hand
*** SUMMARY ***
Total pot $12 | Rake $0.24
Board [2h 9s Qh]
Seat 1: nedo1414 (button) (small blind) collected ($11.76)
Seat 3: Rus29APX (big blind) folded on the Flop


PokerStars Hand #173437701109:  Hold'em Limit ($3/$6 USD) - 2017/07/24 4:42:15 ET
Table 'Savo' 6-max Seat #3 is the button
Seat 1: nedo1414 ($86.17 in chips)
Seat 3: Rus29APX ($191.69 in chips)
Rus29APX: posts small blind $1
nedo1414: posts big blind $3
*** HOLE CARDS ***
Rus29APX: raises $3 to $6
nedo1414: calls $3
*** FLOP *** [6s 4h Kh]
nedo1414: checks
Rus29APX: bets $3
nedo1414: calls $3
*** TURN *** [6s 4h Kh] [3s]
nedo1414: checks
Rus29APX: bets $6
nedo1414: calls $6
*** RIVER *** [6s 4h Kh 3s] [4d]
nedo1414: checks
Rus29APX: checks
*** SHOW DOWN ***
nedo1414: shows [Ac 5d] (a pair of Fours)
Rus29APX: mucks hand
nedo1414 collected $29.50 from pot
*** SUMMARY ***
Total pot $30 | Rake $0.50
Board [6s 4h Kh 3s 4d]
Seat 1: nedo1414 (big blind) showed [Ac 5d] and won ($29.50) with a pair of Fours
Seat 3: Rus29APX (button) (small blind) mucked


PokerStars Hand #173437757767:  Hold'em Limit ($3/$6 USD) - 2017/07/24 4:45:22 ET
Table 'Savo' 6-max Seat #3 is the button
Seat 1: nedo1414 ($151.23 in chips)
Seat 3: Rus29APX ($157.61 in chips)
Rus29APX: posts small blind $1
nedo1414: posts big blind $3
*** HOLE CARDS ***
Rus29APX: raises $3 to $6
NewRocker joins the table at seat #2
nedo1414: folds
Uncalled bet ($3) returned to Rus29APX
Rus29APX collected $6 from pot
Rus29APX: doesn't show hand
*** SUMMARY ***
Total pot $6 | Rake $0
Seat 1: nedo1414 (big blind) folded before Flop
Seat 3: Rus29APX (button) (small blind) collected ($6)


PokerStars Hand #173444106570:  Hold'em Limit ($3/$6 USD) - 2017/07/24 9:10:32 ET
Table 'Savo' 6-max Seat #1 is the button
Seat 1: Iseethelight ($176.18 in chips)
Seat 5: 40 ft cliff ($26.28 in chips)
Iseethelight: posts small blind $1
SEQUOIA2012: is sitting out
40 ft cliff: posts big blind $3
*** HOLE CARDS ***
Iseethelight: folds
Uncalled bet ($2) returned to 40 ft cliff
40 ft cliff collected $2 from pot
40 ft cliff: doesn't show hand
*** SUMMARY ***
Total pot $2 | Rake $0
Seat 1: Iseethelight (button) (small blind) folded before Flop
Seat 5: 40 ft cliff (big blind) collected ($2)


PokerStars Hand #173444109255:  Hold'em Limit ($3/$6 USD) - 2017/07/24 9:10:37 ET
Table 'Savo' 6-max Seat #5 is the button
Seat 1: Iseethelight ($175.18 in chips)
Seat 5: 40 ft cliff ($27.28 in chips)
40 ft cliff: posts small blind $1
Iseethelight: posts big blind $3
*** HOLE CARDS ***
40 ft cliff: raises $3 to $6
Iseethelight: calls $3
*** FLOP *** [Th Ac 8h]
Iseethelight: bets $3
40 ft cliff: calls $3
*** TURN *** [Th Ac 8h] [Qd]
Iseethelight: bets $6
40 ft cliff: calls $6
*** RIVER *** [Th Ac 8h Qd] [2d]
SEQUOIA2012 leaves the table
Iseethelight: bets $6
40 ft cliff: calls $6
*** SHOW DOWN ***
Iseethelight: shows [Qc 8d] (two pair, Queens and Eights)
40 ft cliff: mucks hand
Iseethelight collected $41.50 from pot
*** SUMMARY ***
Total pot $42 | Rake $0.50
Board [Th Ac 8h Qd 2d]
Seat 1: Iseethelight (big blind) showed [Qc 8d] and won ($41.50) with two pair, Queens and Eights
Seat 5: 40 ft cliff (button) (small blind) mucked


PokerStars Hand #173444124064:  Hold'em Limit ($3/$6 USD) - 2017/07/24 9:11:05 ET
Table 'Savo' 6-max Seat #1 is the button
Seat 1: Iseethelight ($195.68 in chips)
Seat 5: 40 ft cliff ($6.28 in chips)
Iseethelight: posts small blind $1
40 ft cliff: posts big blind $3
*** HOLE CARDS ***
Iseethelight: raises $3 to $6
40 ft cliff: raises $0.28 to $6.28 and is all-in
Iseethelight: calls $0.28
*** FLOP *** [5s 2s Td]
*** TURN *** [5s 2s Td] [Ks]
*** RIVER *** [5s 2s Td Ks] [Jc]
*** SHOW DOWN ***
40 ft cliff: shows [6d 3d] (high card King)
Iseethelight: shows [Ac 8s] (high card Ace)
Iseethelight collected $12.31 from pot
*** SUMMARY ***
Total pot $12.56 | Rake $0.25
Board [5s 2s Td Ks Jc]
Seat 1: Iseethelight (button) (small blind) showed [Ac 8s] and won ($12.31) with high card Ace
Seat 5: 40 ft cliff (big blind) showed [6d 3d] and lost with high card King


