PokerStars Hand #152688813580:  Hold'em Limit ($3/$6 USD) - 2016/04/30 23:59:35 ET
Table 'Sazava' 10-max Seat #1 is the button
Seat 1: LifeisagameX ($60 in chips)
Seat 2: ZOGI ($120 in chips)
LifeisagameX: posts small blind $1
ZOGI: posts big blind $3
*** HOLE CARDS ***
LifeisagameX: folds
Uncalled bet ($2) returned to ZOGI
ZOGI collected $2 from pot
*** SUMMARY ***
Total pot $2 | Rake $0
Seat 1: LifeisagameX (button) (small blind) folded before Flop
Seat 2: ZOGI (big blind) collected ($2)


PokerStars Hand #152688816216:  Hold'em Limit ($3/$6 USD) - 2016/04/30 23:59:46 ET
Table 'Sazava' 10-max Seat #2 is the button
Seat 1: LifeisagameX ($59 in chips)
Seat 2: ZOGI ($121 in chips)
ZOGI: posts small blind $1
LifeisagameX: posts big blind $3
*** HOLE CARDS ***
ZOGI: calls $2
LifeisagameX: raises $3 to $6
ZOGI: calls $3
*** FLOP *** [3h Kc 5d]
LifeisagameX: bets $3
ZOGI: calls $3
*** TURN *** [3h Kc 5d] [Js]
LifeisagameX: checks
ZOGI: bets $6
LifeisagameX: calls $6
*** RIVER *** [3h Kc 5d Js] [9h]
LifeisagameX: checks
ZOGI: bets $6
LifeisagameX: calls $6
*** SHOW DOWN ***
ZOGI: shows [9s Jd] (two pair, Jacks and Nines)
LifeisagameX: mucks hand
ZOGI collected $41.50 from pot
*** SUMMARY ***
Total pot $42 | Rake $0.50
Board [3h Kc 5d Js 9h]
Seat 1: LifeisagameX (big blind) mucked
Seat 2: ZOGI (button) (small blind) showed [9s Jd] and won ($41.50) with two pair, Jacks and Nines


PokerStars Hand #152688845079:  Hold'em Limit ($3/$6 USD) - 2016/05/01 0:01:41 ET
Table 'Sazava' 10-max Seat #1 is the button
Seat 1: LifeisagameX ($18 in chips)
Seat 2: ZOGI ($161 in chips)
LifeisagameX: posts small blind $1
ZOGI: posts big blind $3
*** HOLE CARDS ***
LifeisagameX: folds
Uncalled bet ($2) returned to ZOGI
ZOGI collected $2 from pot
*** SUMMARY ***
Total pot $2 | Rake $0
Seat 1: LifeisagameX (button) (small blind) folded before Flop
Seat 2: ZOGI (big blind) collected ($2)


PokerStars Hand #152688843182:  Hold'em Limit ($3/$6 USD) - 2016/05/01 0:01:34 ET
Table 'Sazava' 10-max Seat #2 is the button
Seat 1: LifeisagameX ($17 in chips)
Seat 2: ZOGI ($162 in chips)
ZOGI: posts small blind $1
LifeisagameX: posts big blind $3
*** HOLE CARDS ***
ZOGI: folds
Uncalled bet ($2) returned to LifeisagameX
LifeisagameX collected $2 from pot
*** SUMMARY ***
Total pot $2 | Rake $0
Seat 1: LifeisagameX (big blind) collected ($2)
Seat 2: ZOGI (button) (small blind) folded before Flop


PokerStars Hand #152688847499:  Hold'em Limit ($3/$6 USD) - 2016/05/01 0:01:50 ET
Table 'Sazava' 10-max Seat #2 is the button
Seat 1: LifeisagameX ($77 in chips)
Seat 2: ZOGI ($162 in chips)
ZOGI: posts small blind $1
LifeisagameX: posts big blind $3
*** HOLE CARDS ***
ZOGI: raises $3 to $6
LifeisagameX: calls $3
*** FLOP *** [2d 7s 6s]
LifeisagameX: checks
ZOGI: checks
*** TURN *** [2d 7s 6s] [Qc]
LifeisagameX: checks
ZOGI: bets $6
LifeisagameX: folds
Uncalled bet ($6) returned to ZOGI
ZOGI collected $11.76 from pot
*** SUMMARY ***
Total pot $12 | Rake $0.24
Board [2d 7s 6s Qc]
Seat 1: LifeisagameX (big blind) folded on the Turn
Seat 2: ZOGI (button) (small blind) collected ($11.76)


PokerStars Hand #152688854706:  Hold'em Limit ($3/$6 USD) - 2016/05/01 0:02:17 ET
Table 'Sazava' 10-max Seat #1 is the button
Seat 1: LifeisagameX ($71 in chips)
Seat 2: ZOGI ($167.76 in chips)
LifeisagameX: posts small blind $1
ZOGI: posts big blind $3
*** HOLE CARDS ***
LifeisagameX: raises $3 to $6
ZOGI: calls $3
*** FLOP *** [3c 8c Kc]
ZOGI: checks
LifeisagameX: bets $3
ZOGI: calls $3
*** TURN *** [3c 8c Kc] [8s]
ZOGI: checks
LifeisagameX: checks
*** RIVER *** [3c 8c Kc 8s] [Td]
ZOGI: checks
LifeisagameX: bets $6
ZOGI: folds
Uncalled bet ($6) returned to LifeisagameX
LifeisagameX collected $17.64 from pot
LifeisagameX: doesn't show hand
*** SUMMARY ***
Total pot $18 | Rake $0.36
Board [3c 8c Kc 8s Td]
Seat 1: LifeisagameX (button) (small blind) collected ($17.64)
Seat 2: ZOGI (big blind) folded on the River


