PokerStars Hand #146442227732:  Hold'em Limit ($3/$6 USD) - 2016/01/04 6:53:04 ET
Table 'Sazava II' 2-max Seat #2 is the button
Seat 1: liza3008 ($106 in chips)
Seat 2: punkrott ($85.16 in chips)
punkrott: posts small blind $1
liza3008: posts big blind $3
*** HOLE CARDS ***
punkrott: folds
Uncalled bet ($2) returned to liza3008
liza3008 collected $2 from pot
liza3008: doesn't show hand
*** SUMMARY ***
Total pot $2 | Rake $0
Seat 1: liza3008 (big blind) collected ($2)
Seat 2: punkrott (button) (small blind) folded before Flop


PokerStars Hand #146442224689:  Hold'em Limit ($3/$6 USD) - 2016/01/04 6:52:59 ET
Table 'Sazava II' 2-max Seat #1 is the button
Seat 1: liza3008 ($103 in chips)
Seat 2: punkrott ($88.16 in chips)
liza3008: posts small blind $1
punkrott: posts big blind $3
*** HOLE CARDS ***
liza3008: raises $3 to $6
punkrott: folds
Uncalled bet ($3) returned to liza3008
liza3008 collected $6 from pot
liza3008: doesn't show hand
*** SUMMARY ***
Total pot $6 | Rake $0
Seat 1: liza3008 (button) (small blind) collected ($6)
Seat 2: punkrott (big blind) folded before Flop


PokerStars Hand #146442222189:  Hold'em Limit ($3/$6 USD) - 2016/01/04 6:52:55 ET
Table 'Sazava II' 2-max Seat #2 is the button
Seat 1: liza3008 ($102 in chips)
Seat 2: punkrott ($89.16 in chips)
punkrott: posts small blind $1
liza3008: posts big blind $3
*** HOLE CARDS ***
punkrott: folds
Uncalled bet ($2) returned to liza3008
liza3008 collected $2 from pot
liza3008: doesn't show hand
*** SUMMARY ***
Total pot $2 | Rake $0
Seat 1: liza3008 (big blind) collected ($2)
Seat 2: punkrott (button) (small blind) folded before Flop


PokerStars Hand #146442219213:  Hold'em Limit ($3/$6 USD) - 2016/01/04 6:52:50 ET
Table 'Sazava II' 2-max Seat #1 is the button
Seat 1: liza3008 ($99 in chips)
Seat 2: punkrott ($92.16 in chips)
liza3008: posts small blind $1
punkrott: posts big blind $3
*** HOLE CARDS ***
liza3008: raises $3 to $6
punkrott: folds
Uncalled bet ($3) returned to liza3008
liza3008 collected $6 from pot
liza3008: doesn't show hand
*** SUMMARY ***
Total pot $6 | Rake $0
Seat 1: liza3008 (button) (small blind) collected ($6)
Seat 2: punkrott (big blind) folded before Flop


PokerStars Hand #146442213160:  Hold'em Limit ($3/$6 USD) - 2016/01/04 6:52:39 ET
Table 'Sazava II' 2-max Seat #2 is the button
Seat 1: liza3008 ($105 in chips)
Seat 2: punkrott ($86.40 in chips)
punkrott: posts small blind $1
liza3008: posts big blind $3
*** HOLE CARDS ***
punkrott: raises $3 to $6
liza3008: calls $3
*** FLOP *** [9d Kd Qd]
liza3008: checks
punkrott: checks
*** TURN *** [9d Kd Qd] [9h]
liza3008: checks
punkrott: bets $6
liza3008: folds
Uncalled bet ($6) returned to punkrott
punkrott collected $11.76 from pot
punkrott: doesn't show hand
*** SUMMARY ***
Total pot $12 | Rake $0.24
Board [9d Kd Qd 9h]
Seat 1: liza3008 (big blind) folded on the Turn
Seat 2: punkrott (button) (small blind) collected ($11.76)


PokerStars Hand #146442206105:  Hold'em Limit ($3/$6 USD) - 2016/01/04 6:52:28 ET
Table 'Sazava II' 2-max Seat #1 is the button
Seat 1: liza3008 ($114 in chips)
Seat 2: punkrott ($77.76 in chips)
liza3008: posts small blind $1
punkrott: posts big blind $3
*** HOLE CARDS ***
liza3008: raises $3 to $6
punkrott: calls $3
*** FLOP *** [Ad 5d 5h]
punkrott: checks
liza3008: bets $3
punkrott: calls $3
*** TURN *** [Ad 5d 5h] [Td]
punkrott: checks
liza3008: checks
*** RIVER *** [Ad 5d 5h Td] [5c]
punkrott: checks
liza3008: checks
*** SHOW DOWN ***
punkrott: shows [8h Ks] (three of a kind, Fives)
liza3008: mucks hand
punkrott collected $17.64 from pot
*** SUMMARY ***
Total pot $18 | Rake $0.36
Board [Ad 5d 5h Td 5c]
Seat 1: liza3008 (button) (small blind) mucked
Seat 2: punkrott (big blind) showed [8h Ks] and won ($17.64) with three of a kind, Fives


PokerStars Hand #146442254512:  Hold'em Limit ($3/$6 USD) - 2016/01/04 6:53:50 ET
Table 'Sazava II' 2-max Seat #1 is the button
Seat 1: liza3008 ($106.26 in chips)
Seat 2: punkrott ($83.42 in chips)
liza3008: posts small blind $1
punkrott: posts big blind $3
*** HOLE CARDS ***
liza3008: raises $3 to $6
punkrott: calls $3
*** FLOP *** [4c 5s Ac]
punkrott: checks
liza3008: checks
*** TURN *** [4c 5s Ac] [2s]
punkrott: bets $6
liza3008: raises $6 to $12
punkrott: folds
Uncalled bet ($6) returned to liza3008
liza3008 collected $23.52 from pot
liza3008: doesn't show hand
*** SUMMARY ***
Total pot $24 | Rake $0.48
Board [4c 5s Ac 2s]
Seat 1: liza3008 (button) (small blind) collected ($23.52)
Seat 2: punkrott (big blind) folded on the Turn


PokerStars Hand #146442249839:  Hold'em Limit ($3/$6 USD) - 2016/01/04 6:53:42 ET
Table 'Sazava II' 2-max Seat #2 is the button
Seat 1: liza3008 ($100.50 in chips)
Seat 2: punkrott ($89.42 in chips)
punkrott: posts small blind $1
liza3008: posts big blind $3
*** HOLE CARDS ***
punkrott: raises $3 to $6
liza3008: calls $3
*** FLOP *** [Qc Qd Th]
liza3008: bets $3
punkrott: folds
Uncalled bet ($3) returned to liza3008
liza3008 collected $11.76 from pot
liza3008: doesn't show hand
*** SUMMARY ***
Total pot $12 | Rake $0.24
Board [Qc Qd Th]
Seat 1: liza3008 (big blind) collected ($11.76)
Seat 2: punkrott (button) (small blind) folded on the Flop


PokerStars Hand #146442242832:  Hold'em Limit ($3/$6 USD) - 2016/01/04 6:53:30 ET
Table 'Sazava II' 2-max Seat #1 is the button
Seat 1: liza3008 ($118.50 in chips)
Seat 2: punkrott ($71.92 in chips)
liza3008: posts small blind $1
punkrott: posts big blind $3
*** HOLE CARDS ***
liza3008: raises $3 to $6
punkrott: calls $3
*** FLOP *** [4h 5c 8c]
punkrott: checks
liza3008: checks
*** TURN *** [4h 5c 8c] [Ac]
punkrott: bets $6
liza3008: calls $6
*** RIVER *** [4h 5c 8c Ac] [Jc]
punkrott: bets $6
liza3008: calls $6
*** SHOW DOWN ***
punkrott: shows [Qc 5s] (a flush, Ace high)
liza3008: mucks hand
punkrott collected $35.50 from pot
*** SUMMARY ***
Total pot $36 | Rake $0.50
Board [4h 5c 8c Ac Jc]
Seat 1: liza3008 (button) (small blind) mucked
Seat 2: punkrott (big blind) showed [Qc 5s] and won ($35.50) with a flush, Ace high


PokerStars Hand #146442236818:  Hold'em Limit ($3/$6 USD) - 2016/01/04 6:53:20 ET
Table 'Sazava II' 2-max Seat #2 is the button
Seat 1: liza3008 ($124.50 in chips)
Seat 2: punkrott ($66.16 in chips)
punkrott: posts small blind $1
liza3008: posts big blind $3
*** HOLE CARDS ***
punkrott: raises $3 to $6
liza3008: calls $3
*** FLOP *** [4h 3c Tc]
liza3008: checks
punkrott: checks
*** TURN *** [4h 3c Tc] [3h]
liza3008: checks
punkrott: bets $6
liza3008: folds
Uncalled bet ($6) returned to punkrott
punkrott collected $11.76 from pot
punkrott: doesn't show hand
*** SUMMARY ***
Total pot $12 | Rake $0.24
Board [4h 3c Tc 3h]
Seat 1: liza3008 (big blind) folded on the Turn
Seat 2: punkrott (button) (small blind) collected ($11.76)


PokerStars Hand #146442230073:  Hold'em Limit ($3/$6 USD) - 2016/01/04 6:53:08 ET
Table 'Sazava II' 2-max Seat #1 is the button
Seat 1: liza3008 ($107 in chips)
Seat 2: punkrott ($84.16 in chips)
liza3008: posts small blind $1
punkrott: posts big blind $3
*** HOLE CARDS ***
liza3008: raises $3 to $6
punkrott: raises $3 to $9
liza3008: calls $3
*** FLOP *** [8h 2d 5h]
punkrott: bets $3
liza3008: calls $3
*** TURN *** [8h 2d 5h] [8c]
punkrott: bets $6
liza3008: calls $6
*** RIVER *** [8h 2d 5h 8c] [7d]
punkrott: checks
liza3008: checks
*** SHOW DOWN ***
punkrott: shows [As Kh] (a pair of Eights)
liza3008: shows [2h Qc] (two pair, Eights and Deuces)
liza3008 collected $35.50 from pot
*** SUMMARY ***
Total pot $36 | Rake $0.50
Board [8h 2d 5h 8c 7d]
Seat 1: liza3008 (button) (small blind) showed [2h Qc] and won ($35.50) with two pair, Eights and Deuces
Seat 2: punkrott (big blind) showed [As Kh] and lost with a pair of Eights


PokerStars Hand #146442293749:  Hold'em Limit ($3/$6 USD) - 2016/01/04 6:54:57 ET
Table 'Sazava II' 2-max Seat #1 is the button
Seat 1: liza3008 ($149.32 in chips)
Seat 2: punkrott ($98.18 in chips)
liza3008: posts small blind $1
punkrott: posts big blind $3
*** HOLE CARDS ***
liza3008: raises $3 to $6
punkrott: raises $3 to $9
liza3008: calls $3
*** FLOP *** [Jh 3s 4s]
punkrott: bets $3
liza3008: calls $3
*** TURN *** [Jh 3s 4s] [6h]
punkrott: bets $6
liza3008: folds
Uncalled bet ($6) returned to punkrott
punkrott collected $23.52 from pot
punkrott: doesn't show hand
*** SUMMARY ***
Total pot $24 | Rake $0.48
Board [Jh 3s 4s 6h]
Seat 1: liza3008 (button) (small blind) folded on the Turn
Seat 2: punkrott (big blind) collected ($23.52)


PokerStars Hand #146442287744:  Hold'em Limit ($3/$6 USD) - 2016/01/04 6:54:47 ET
Table 'Sazava II' 2-max Seat #2 is the button
Seat 1: liza3008 ($143.56 in chips)
Seat 2: punkrott ($104.18 in chips)
punkrott: posts small blind $1
liza3008: posts big blind $3
*** HOLE CARDS ***
punkrott: raises $3 to $6
liza3008: calls $3
*** FLOP *** [Qc 8s 4d]
liza3008: checks
punkrott: checks
*** TURN *** [Qc 8s 4d] [Tc]
liza3008: bets $6
punkrott: folds
Uncalled bet ($6) returned to liza3008
liza3008 collected $11.76 from pot
liza3008: doesn't show hand
*** SUMMARY ***
Total pot $12 | Rake $0.24
Board [Qc 8s 4d Tc]
Seat 1: liza3008 (big blind) collected ($11.76)
Seat 2: punkrott (button) (small blind) folded on the Turn


PokerStars Hand #146442282023:  Hold'em Limit ($3/$6 USD) - 2016/01/04 6:54:37 ET
Table 'Sazava II' 2-max Seat #1 is the button
Seat 1: liza3008 ($149.56 in chips)
Seat 2: punkrott ($98.42 in chips)
liza3008: posts small blind $1
punkrott: posts big blind $3
*** HOLE CARDS ***
liza3008: raises $3 to $6
punkrott: calls $3
*** FLOP *** [8h Th Qd]
punkrott: checks
liza3008: checks
*** TURN *** [8h Th Qd] [6c]
punkrott: bets $6
liza3008: folds
Uncalled bet ($6) returned to punkrott
punkrott collected $11.76 from pot
punkrott: doesn't show hand
*** SUMMARY ***
Total pot $12 | Rake $0.24
Board [8h Th Qd 6c]
Seat 1: liza3008 (button) (small blind) folded on the Turn
Seat 2: punkrott (big blind) collected ($11.76)


PokerStars Hand #146442274849:  Hold'em Limit ($3/$6 USD) - 2016/01/04 6:54:25 ET
Table 'Sazava II' 2-max Seat #2 is the button
Seat 1: liza3008 ($135.06 in chips)
Seat 2: punkrott ($53.42 in chips)
punkrott: posts small blind $1
liza3008: posts big blind $3
*** HOLE CARDS ***
punkrott: raises $3 to $6
liza3008: calls $3
*** FLOP *** [3s Qc 7c]
liza3008: checks
punkrott: bets $3
liza3008: calls $3
*** TURN *** [3s Qc 7c] [4c]
liza3008: checks
punkrott: checks
*** RIVER *** [3s Qc 7c 4c] [3d]
liza3008: bets $6
punkrott: calls $6
*** SHOW DOWN ***
liza3008: shows [Qd Kc] (two pair, Queens and Threes)
punkrott: mucks hand
liza3008 collected $29.50 from pot
*** SUMMARY ***
Total pot $30 | Rake $0.50
Board [3s Qc 7c 4c 3d]
Seat 1: liza3008 (big blind) showed [Qd Kc] and won ($29.50) with two pair, Queens and Threes
Seat 2: punkrott (button) (small blind) mucked


PokerStars Hand #146442270084:  Hold'em Limit ($3/$6 USD) - 2016/01/04 6:54:17 ET
Table 'Sazava II' 2-max Seat #1 is the button
Seat 1: liza3008 ($129.30 in chips)
Seat 2: punkrott ($59.42 in chips)
liza3008: posts small blind $1
punkrott: posts big blind $3
*** HOLE CARDS ***
liza3008: raises $3 to $6
punkrott: calls $3
*** FLOP *** [9d Qc Ts]
punkrott: checks
liza3008: bets $3
punkrott: folds
Uncalled bet ($3) returned to liza3008
liza3008 collected $11.76 from pot
liza3008: doesn't show hand
*** SUMMARY ***
Total pot $12 | Rake $0.24
Board [9d Qc Ts]
Seat 1: liza3008 (button) (small blind) collected ($11.76)
Seat 2: punkrott (big blind) folded on the Flop


PokerStars Hand #146442262797:  Hold'em Limit ($3/$6 USD) - 2016/01/04 6:54:04 ET
Table 'Sazava II' 2-max Seat #2 is the button
Seat 1: liza3008 ($117.78 in chips)
Seat 2: punkrott ($71.42 in chips)
punkrott: posts small blind $1
liza3008: posts big blind $3
*** HOLE CARDS ***
punkrott: raises $3 to $6
liza3008: calls $3
*** FLOP *** [6s 9c 3d]
liza3008: checks
punkrott: checks
*** TURN *** [6s 9c 3d] [Qh]
liza3008: checks
punkrott: bets $6
liza3008: calls $6
*** RIVER *** [6s 9c 3d Qh] [3s]
liza3008: checks
punkrott: checks
*** SHOW DOWN ***
liza3008: shows [4s Ad] (a pair of Threes)
punkrott: mucks hand
liza3008 collected $23.52 from pot
*** SUMMARY ***
Total pot $24 | Rake $0.48
Board [6s 9c 3d Qh 3s]
Seat 1: liza3008 (big blind) showed [4s Ad] and won ($23.52) with a pair of Threes
Seat 2: punkrott (button) (small blind) mucked


PokerStars Hand #146442322359:  Hold'em Limit ($3/$6 USD) - 2016/01/04 6:55:54 ET
Table 'Sazava II' 2-max Seat #2 is the button
Seat 1: liza3008 ($148.32 in chips)
Seat 2: punkrott ($96.96 in chips)
punkrott: posts small blind $1
liza3008: posts big blind $3
*** HOLE CARDS ***
punkrott: raises $3 to $6
liza3008: calls $3
*** FLOP *** [5s 7s 6s]
liza3008: bets $3
punkrott: calls $3
*** TURN *** [5s 7s 6s] [9c]
liza3008: bets $6
punkrott: calls $6
*** RIVER *** [5s 7s 6s 9c] [Td]
liza3008: bets $6
punkrott: folds
Uncalled bet ($6) returned to liza3008
liza3008 collected $29.50 from pot
liza3008: doesn't show hand
*** SUMMARY ***
Total pot $30 | Rake $0.50
Board [5s 7s 6s 9c Td]
Seat 1: liza3008 (big blind) collected ($29.50)
Seat 2: punkrott (button) (small blind) folded on the River


PokerStars Hand #146442317856:  Hold'em Limit ($3/$6 USD) - 2016/01/04 6:55:45 ET
Table 'Sazava II' 2-max Seat #1 is the button
Seat 1: liza3008 ($154.32 in chips)
Seat 2: punkrott ($91.20 in chips)
liza3008: posts small blind $1
punkrott: posts big blind $3
*** HOLE CARDS ***
liza3008: raises $3 to $6
punkrott: calls $3
*** FLOP *** [Jc 8d 3d]
punkrott: checks
liza3008: checks
*** TURN *** [Jc 8d 3d] [5h]
punkrott: bets $6
liza3008: folds
Uncalled bet ($6) returned to punkrott
punkrott collected $11.76 from pot
punkrott: doesn't show hand
*** SUMMARY ***
Total pot $12 | Rake $0.24
Board [Jc 8d 3d 5h]
Seat 1: liza3008 (button) (small blind) folded on the Turn
Seat 2: punkrott (big blind) collected ($11.76)


PokerStars Hand #146442311298:  Hold'em Limit ($3/$6 USD) - 2016/01/04 6:55:31 ET
Table 'Sazava II' 2-max Seat #2 is the button
Seat 1: liza3008 ($133.82 in chips)
Seat 2: punkrott ($112.20 in chips)
punkrott: posts small blind $1
liza3008: posts big blind $3
*** HOLE CARDS ***
punkrott: raises $3 to $6
liza3008: calls $3
*** FLOP *** [Jd Th 3s]
liza3008: checks
punkrott: bets $3
liza3008: calls $3
*** TURN *** [Jd Th 3s] [2d]
liza3008: checks
punkrott: bets $6
liza3008: calls $6
*** RIVER *** [Jd Th 3s 2d] [Qh]
liza3008: bets $6
punkrott: calls $6
*** SHOW DOWN ***
liza3008: shows [Kd 9c] (a straight, Nine to King)
punkrott: mucks hand
liza3008 collected $41.50 from pot
*** SUMMARY ***
Total pot $42 | Rake $0.50
Board [Jd Th 3s 2d Qh]
Seat 1: liza3008 (big blind) showed [Kd 9c] and won ($41.50) with a straight, Nine to King
Seat 2: punkrott (button) (small blind) mucked


PokerStars Hand #146442305433:  Hold'em Limit ($3/$6 USD) - 2016/01/04 6:55:19 ET
Table 'Sazava II' 2-max Seat #1 is the button
Seat 1: liza3008 ($151.82 in chips)
Seat 2: punkrott ($94.70 in chips)
liza3008: posts small blind $1
punkrott: posts big blind $3
*** HOLE CARDS ***
liza3008: raises $3 to $6
punkrott: raises $3 to $9
liza3008: calls $3
*** FLOP *** [Kd Ac Jd]
punkrott: bets $3
liza3008: calls $3
*** TURN *** [Kd Ac Jd] [2c]
punkrott: bets $6
liza3008: calls $6
*** RIVER *** [Kd Ac Jd 2c] [Kh]
punkrott: bets $6
liza3008: folds
Uncalled bet ($6) returned to punkrott
punkrott collected $35.50 from pot
punkrott: doesn't show hand
*** SUMMARY ***
Total pot $36 | Rake $0.50
Board [Kd Ac Jd 2c Kh]
Seat 1: liza3008 (button) (small blind) folded on the River
Seat 2: punkrott (big blind) collected ($35.50)


PokerStars Hand #146442299776:  Hold'em Limit ($3/$6 USD) - 2016/01/04 6:55:08 ET
Table 'Sazava II' 2-max Seat #2 is the button
Seat 1: liza3008 ($137.32 in chips)
Seat 2: punkrott ($109.70 in chips)
punkrott: posts small blind $1
liza3008: posts big blind $3
*** HOLE CARDS ***
punkrott: raises $3 to $6
liza3008: calls $3
*** FLOP *** [3c 3h Qs]
liza3008: checks
punkrott: bets $3
liza3008: calls $3
*** TURN *** [3c 3h Qs] [7h]
liza3008: checks
punkrott: checks
*** RIVER *** [3c 3h Qs 7h] [4c]
liza3008: bets $6
punkrott: calls $6
*** SHOW DOWN ***
liza3008: shows [7d Ac] (two pair, Sevens and Threes)
punkrott: mucks hand
liza3008 collected $29.50 from pot
*** SUMMARY ***
Total pot $30 | Rake $0.50
Board [3c 3h Qs 7h 4c]
Seat 1: liza3008 (big blind) showed [7d Ac] and won ($29.50) with two pair, Sevens and Threes
Seat 2: punkrott (button) (small blind) mucked


PokerStars Hand #146442355624:  Hold'em Limit ($3/$6 USD) - 2016/01/04 6:56:59 ET
Table 'Sazava II' 2-max Seat #2 is the button
Seat 1: liza3008 ($203.82 in chips)
Seat 2: punkrott ($39.48 in chips)
punkrott: posts small blind $1
liza3008: posts big blind $3
*** HOLE CARDS ***
punkrott: raises $3 to $6
liza3008: calls $3
*** FLOP *** [7s 5d 2c]
liza3008: bets $3
punkrott: calls $3
*** TURN *** [7s 5d 2c] [6d]
liza3008: bets $6
punkrott: folds
Uncalled bet ($6) returned to liza3008
liza3008 collected $17.64 from pot
liza3008: doesn't show hand
*** SUMMARY ***
Total pot $18 | Rake $0.36
Board [7s 5d 2c 6d]
Seat 1: liza3008 (big blind) collected ($17.64)
Seat 2: punkrott (button) (small blind) folded on the Turn


PokerStars Hand #146442347156:  Hold'em Limit ($3/$6 USD) - 2016/01/04 6:56:43 ET
Table 'Sazava II' 2-max Seat #1 is the button
Seat 1: liza3008 ($165.32 in chips)
Seat 2: punkrott ($78.48 in chips)
liza3008: posts small blind $1
punkrott: posts big blind $3
*** HOLE CARDS ***
liza3008: raises $3 to $6
punkrott: raises $3 to $9
liza3008: calls $3
*** FLOP *** [2h 3s 4d]
punkrott: bets $3
liza3008: raises $3 to $6
punkrott: calls $3
*** TURN *** [2h 3s 4d] [3h]
punkrott: bets $6
liza3008: raises $6 to $12
punkrott: calls $6
*** RIVER *** [2h 3s 4d 3h] [5s]
punkrott: bets $6
liza3008: raises $6 to $12
punkrott: calls $6
*** SHOW DOWN ***
liza3008: shows [6d 3d] (a straight, Deuce to Six)
punkrott: mucks hand
liza3008 collected $77.50 from pot
*** SUMMARY ***
Total pot $78 | Rake $0.50
Board [2h 3s 4d 3h 5s]
Seat 1: liza3008 (button) (small blind) showed [6d 3d] and won ($77.50) with a straight, Deuce to Six
Seat 2: punkrott (big blind) mucked


PokerStars Hand #146442343127:  Hold'em Limit ($3/$6 USD) - 2016/01/04 6:56:35 ET
Table 'Sazava II' 2-max Seat #2 is the button
Seat 1: liza3008 ($171.32 in chips)
Seat 2: punkrott ($72.72 in chips)
punkrott: posts small blind $1
liza3008: posts big blind $3
*** HOLE CARDS ***
punkrott: raises $3 to $6
liza3008: calls $3
*** FLOP *** [Tc Ts 2d]
liza3008: checks
punkrott: bets $3
liza3008: folds
Uncalled bet ($3) returned to punkrott
punkrott collected $11.76 from pot
punkrott: doesn't show hand
*** SUMMARY ***
Total pot $12 | Rake $0.24
Board [Tc Ts 2d]
Seat 1: liza3008 (big blind) folded on the Flop
Seat 2: punkrott (button) (small blind) collected ($11.76)


PokerStars Hand #146442338701:  Hold'em Limit ($3/$6 USD) - 2016/01/04 6:56:26 ET
Table 'Sazava II' 2-max Seat #1 is the button
Seat 1: liza3008 ($177.32 in chips)
Seat 2: punkrott ($66.96 in chips)
liza3008: posts small blind $1
punkrott: posts big blind $3
*** HOLE CARDS ***
liza3008: raises $3 to $6
punkrott: calls $3
*** FLOP *** [9c 3s 5h]
punkrott: checks
liza3008: checks
*** TURN *** [9c 3s 5h] [2h]
punkrott: bets $6
liza3008: folds
Uncalled bet ($6) returned to punkrott
punkrott collected $11.76 from pot
punkrott: doesn't show hand
*** SUMMARY ***
Total pot $12 | Rake $0.24
Board [9c 3s 5h 2h]
Seat 1: liza3008 (button) (small blind) folded on the Turn
Seat 2: punkrott (big blind) collected ($11.76)


PokerStars Hand #146442335898:  Hold'em Limit ($3/$6 USD) - 2016/01/04 6:56:21 ET
Table 'Sazava II' 2-max Seat #2 is the button
Seat 1: liza3008 ($180.32 in chips)
Seat 2: punkrott ($63.96 in chips)
punkrott: posts small blind $1
liza3008: posts big blind $3
*** HOLE CARDS ***
punkrott: raises $3 to $6
liza3008: folds
Uncalled bet ($3) returned to punkrott
punkrott collected $6 from pot
punkrott: doesn't show hand
*** SUMMARY ***
Total pot $6 | Rake $0
Seat 1: liza3008 (big blind) folded before Flop
Seat 2: punkrott (button) (small blind) collected ($6)


PokerStars Hand #146442329149:  Hold'em Limit ($3/$6 USD) - 2016/01/04 6:56:07 ET
Table 'Sazava II' 2-max Seat #1 is the button
Seat 1: liza3008 ($162.82 in chips)
Seat 2: punkrott ($81.96 in chips)
liza3008: posts small blind $1
punkrott: posts big blind $3
*** HOLE CARDS ***
liza3008: raises $3 to $6
punkrott: raises $3 to $9
liza3008: calls $3
*** FLOP *** [7d 5h Td]
punkrott: bets $3
liza3008: calls $3
*** TURN *** [7d 5h Td] [2h]
punkrott: bets $6
liza3008: calls $6
*** RIVER *** [7d 5h Td 2h] [Ah]
punkrott: checks
liza3008: checks
*** SHOW DOWN ***
punkrott: shows [8d Qd] (high card Ace)
liza3008: shows [9d Qh] (high card Ace - Queen+Ten+Nine kicker)
liza3008 collected $35.50 from pot
*** SUMMARY ***
Total pot $36 | Rake $0.50
Board [7d 5h Td 2h Ah]
Seat 1: liza3008 (button) (small blind) showed [9d Qh] and won ($35.50) with high card Ace
Seat 2: punkrott (big blind) showed [8d Qd] and lost with high card Ace


PokerStars Hand #146442386747:  Hold'em Limit ($3/$6 USD) - 2016/01/04 6:58:00 ET
Table 'Sazava II' 2-max Seat #2 is the button
Seat 1: liza3008 ($246.76 in chips)
Seat 2: punkrott ($54 in chips)
punkrott: posts small blind $1
liza3008: posts big blind $3
*** HOLE CARDS ***
punkrott: raises $3 to $6
liza3008: calls $3
*** FLOP *** [8h Tc 5d]
liza3008: checks
punkrott: checks
*** TURN *** [8h Tc 5d] [5h]
liza3008: checks
punkrott: bets $6
liza3008: folds
Uncalled bet ($6) returned to punkrott
punkrott collected $11.76 from pot
punkrott: doesn't show hand
*** SUMMARY ***
Total pot $12 | Rake $0.24
Board [8h Tc 5d 5h]
Seat 1: liza3008 (big blind) folded on the Turn
Seat 2: punkrott (button) (small blind) collected ($11.76)


PokerStars Hand #146442381448:  Hold'em Limit ($3/$6 USD) - 2016/01/04 6:57:50 ET
Table 'Sazava II' 2-max Seat #1 is the button
Seat 1: liza3008 ($229.26 in chips)
Seat 2: punkrott ($72 in chips)
liza3008: posts small blind $1
punkrott: posts big blind $3
*** HOLE CARDS ***
liza3008: raises $3 to $6
punkrott: calls $3
*** FLOP *** [4c Jc 5d]
punkrott: checks
liza3008: checks
*** TURN *** [4c Jc 5d] [7c]
punkrott: bets $6
liza3008: calls $6
*** RIVER *** [4c Jc 5d 7c] [Ks]
punkrott: bets $6
liza3008: calls $6
*** SHOW DOWN ***
punkrott: shows [Tc 9d] (high card King)
liza3008: shows [7h 6s] (a pair of Sevens)
liza3008 collected $35.50 from pot
*** SUMMARY ***
Total pot $36 | Rake $0.50
Board [4c Jc 5d 7c Ks]
Seat 1: liza3008 (button) (small blind) showed [7h 6s] and won ($35.50) with a pair of Sevens
Seat 2: punkrott (big blind) showed [Tc 9d] and lost with high card King


PokerStars Hand #146442375832:  Hold'em Limit ($3/$6 USD) - 2016/01/04 6:57:39 ET
Table 'Sazava II' 2-max Seat #2 is the button
Seat 1: liza3008 ($220.62 in chips)
Seat 2: punkrott ($81 in chips)
punkrott: posts small blind $1
liza3008: posts big blind $3
*** HOLE CARDS ***
punkrott: raises $3 to $6
liza3008: calls $3
*** FLOP *** [3c Kh Td]
liza3008: checks
punkrott: bets $3
liza3008: calls $3
*** TURN *** [3c Kh Td] [4d]
liza3008: checks
punkrott: checks
*** RIVER *** [3c Kh Td 4d] [2h]
liza3008: bets $6
punkrott: folds
Uncalled bet ($6) returned to liza3008
liza3008 collected $17.64 from pot
liza3008: doesn't show hand
*** SUMMARY ***
Total pot $18 | Rake $0.36
Board [3c Kh Td 4d 2h]
Seat 1: liza3008 (big blind) collected ($17.64)
Seat 2: punkrott (button) (small blind) folded on the River


PokerStars Hand #146442371114:  Hold'em Limit ($3/$6 USD) - 2016/01/04 6:57:30 ET
Table 'Sazava II' 2-max Seat #1 is the button
Seat 1: liza3008 ($209.10 in chips)
Seat 2: punkrott ($93 in chips)
liza3008: posts small blind $1
punkrott: posts big blind $3
*** HOLE CARDS ***
liza3008: raises $3 to $6
punkrott: calls $3
*** FLOP *** [Jd Ac Js]
punkrott: checks
liza3008: checks
*** TURN *** [Jd Ac Js] [Td]
punkrott: bets $6
liza3008: raises $6 to $12
punkrott: folds
Uncalled bet ($6) returned to liza3008
liza3008 collected $23.52 from pot
liza3008: doesn't show hand
*** SUMMARY ***
Total pot $24 | Rake $0.48
Board [Jd Ac Js Td]
Seat 1: liza3008 (button) (small blind) collected ($23.52)
Seat 2: punkrott (big blind) folded on the Turn


PokerStars Hand #146442365489:  Hold'em Limit ($3/$6 USD) - 2016/01/04 6:57:19 ET
Table 'Sazava II' 2-max Seat #2 is the button
Seat 1: liza3008 ($200.46 in chips)
Seat 2: punkrott ($102 in chips)
punkrott: posts small blind $1
liza3008: posts big blind $3
*** HOLE CARDS ***
punkrott: raises $3 to $6
liza3008: calls $3
*** FLOP *** [3h 3d Kh]
liza3008: checks
punkrott: bets $3
liza3008: calls $3
*** TURN *** [3h 3d Kh] [Ks]
liza3008: checks
punkrott: checks
*** RIVER *** [3h 3d Kh Ks] [Tc]
liza3008: bets $6
punkrott: folds
Uncalled bet ($6) returned to liza3008
liza3008 collected $17.64 from pot
liza3008: doesn't show hand
*** SUMMARY ***
Total pot $18 | Rake $0.36
Board [3h 3d Kh Ks Tc]
Seat 1: liza3008 (big blind) collected ($17.64)
Seat 2: punkrott (button) (small blind) folded on the River


PokerStars Hand #146442361003:  Hold'em Limit ($3/$6 USD) - 2016/01/04 6:57:10 ET
Table 'Sazava II' 2-max Seat #1 is the button
Seat 1: liza3008 ($212.46 in chips)
Seat 2: punkrott ($90.48 in chips)
liza3008: posts small blind $1
punkrott: posts big blind $3
*** HOLE CARDS ***
liza3008: raises $3 to $6
punkrott: raises $3 to $9
liza3008: calls $3
*** FLOP *** [5c 6s 2h]
punkrott: bets $3
liza3008: calls $3
*** TURN *** [5c 6s 2h] [Jc]
punkrott: bets $6
liza3008: folds
Uncalled bet ($6) returned to punkrott
punkrott collected $23.52 from pot
punkrott: doesn't show hand
*** SUMMARY ***
Total pot $24 | Rake $0.48
Board [5c 6s 2h Jc]
Seat 1: liza3008 (button) (small blind) folded on the Turn
Seat 2: punkrott (big blind) collected ($23.52)


PokerStars Hand #146442410848:  Hold'em Limit ($3/$6 USD) - 2016/01/04 6:58:48 ET
Table 'Sazava II' 2-max Seat #1 is the button
Seat 1: liza3008 ($242.90 in chips)
Seat 2: punkrott ($116.26 in chips)
liza3008: posts small blind $1
punkrott: posts big blind $3
*** HOLE CARDS ***
liza3008: raises $3 to $6
punkrott: calls $3
*** FLOP *** [Kd Kc 2c]
punkrott: checks
liza3008: bets $3
punkrott: calls $3
*** TURN *** [Kd Kc 2c] [8d]
punkrott: checks
liza3008: bets $6
punkrott: calls $6
*** RIVER *** [Kd Kc 2c 8d] [9c]
punkrott: checks
liza3008: bets $6
punkrott: folds
Uncalled bet ($6) returned to liza3008
liza3008 collected $29.50 from pot
liza3008: doesn't show hand
*** SUMMARY ***
Total pot $30 | Rake $0.50
Board [Kd Kc 2c 8d 9c]
Seat 1: liza3008 (button) (small blind) collected ($29.50)
Seat 2: punkrott (big blind) folded on the River


PokerStars Hand #146442404658:  Hold'em Limit ($3/$6 USD) - 2016/01/04 6:58:36 ET
Table 'Sazava II' 2-max Seat #2 is the button
Seat 1: liza3008 ($269.90 in chips)
Seat 2: punkrott ($89.76 in chips)
punkrott: posts small blind $1
liza3008: posts big blind $3
*** HOLE CARDS ***
punkrott: raises $3 to $6
liza3008: calls $3
*** FLOP *** [3d Js 5h]
liza3008: checks
punkrott: bets $3
liza3008: calls $3
*** TURN *** [3d Js 5h] [6s]
liza3008: checks
punkrott: bets $6
liza3008: calls $6
*** RIVER *** [3d Js 5h 6s] [8c]
liza3008: bets $6
punkrott: raises $6 to $12
liza3008: calls $6
*** SHOW DOWN ***
punkrott: shows [4h 7d] (a straight, Four to Eight)
liza3008: mucks hand
punkrott collected $53.50 from pot
*** SUMMARY ***
Total pot $54 | Rake $0.50
Board [3d Js 5h 6s 8c]
Seat 1: liza3008 (big blind) mucked
Seat 2: punkrott (button) (small blind) showed [4h 7d] and won ($53.50) with a straight, Four to Eight


PokerStars Hand #146442399415:  Hold'em Limit ($3/$6 USD) - 2016/01/04 6:58:25 ET
Table 'Sazava II' 2-max Seat #1 is the button
Seat 1: liza3008 ($252.40 in chips)
Seat 2: punkrott ($107.76 in chips)
liza3008: posts small blind $1
punkrott: posts big blind $3
*** HOLE CARDS ***
liza3008: raises $3 to $6
punkrott: calls $3
*** FLOP *** [Qc Jd 3d]
punkrott: checks
liza3008: checks
*** TURN *** [Qc Jd 3d] [Qd]
punkrott: bets $6
liza3008: calls $6
*** RIVER *** [Qc Jd 3d Qd] [Tc]
punkrott: bets $6
liza3008: calls $6
*** SHOW DOWN ***
punkrott: shows [9c 6s] (a pair of Queens)
liza3008: shows [Jc 6d] (two pair, Queens and Jacks)
liza3008 collected $35.50 from pot
*** SUMMARY ***
Total pot $36 | Rake $0.50
Board [Qc Jd 3d Qd Tc]
Seat 1: liza3008 (button) (small blind) showed [Jc 6d] and won ($35.50) with two pair, Queens and Jacks
Seat 2: punkrott (big blind) showed [9c 6s] and lost with a pair of Queens


PokerStars Hand #146442394083:  Hold'em Limit ($3/$6 USD) - 2016/01/04 6:58:15 ET
Table 'Sazava II' 2-max Seat #2 is the button
Seat 1: liza3008 ($243.76 in chips)
Seat 2: punkrott ($116.76 in chips)
punkrott: posts small blind $1
liza3008: posts big blind $3
*** HOLE CARDS ***
punkrott: raises $3 to $6
liza3008: calls $3
*** FLOP *** [Jh 2d 6s]
liza3008: checks
punkrott: bets $3
liza3008: calls $3
*** TURN *** [Jh 2d 6s] [5s]
liza3008: checks
punkrott: checks
*** RIVER *** [Jh 2d 6s 5s] [Ks]
liza3008: checks
punkrott: checks
*** SHOW DOWN ***
liza3008: shows [Qc 6d] (a pair of Sixes)
punkrott: mucks hand
liza3008 collected $17.64 from pot
*** SUMMARY ***
Total pot $18 | Rake $0.36
Board [Jh 2d 6s 5s Ks]
Seat 1: liza3008 (big blind) showed [Qc 6d] and won ($17.64) with a pair of Sixes
Seat 2: punkrott (button) (small blind) mucked


PokerStars Hand #146442391589:  Hold'em Limit ($3/$6 USD) - 2016/01/04 6:58:10 ET
Table 'Sazava II' 2-max Seat #1 is the button
Seat 1: liza3008 ($240.76 in chips)
Seat 2: punkrott ($119.76 in chips)
liza3008: posts small blind $1
punkrott: posts big blind $3
*** HOLE CARDS ***
liza3008: raises $3 to $6
punkrott: folds
Uncalled bet ($3) returned to liza3008
liza3008 collected $6 from pot
liza3008: doesn't show hand
*** SUMMARY ***
Total pot $6 | Rake $0
Seat 1: liza3008 (button) (small blind) collected ($6)
Seat 2: punkrott (big blind) folded before Flop


PokerStars Hand #146442448642:  Hold'em Limit ($3/$6 USD) - 2016/01/04 7:00:02 ET
Table 'Sazava II' 2-max Seat #2 is the button
Seat 1: liza3008 ($300.56 in chips)
Seat 2: punkrott ($115.40 in chips)
punkrott: posts small blind $1
liza3008: posts big blind $3
*** HOLE CARDS ***
punkrott: raises $3 to $6
liza3008: calls $3
*** FLOP *** [Ad Ac Tc]
liza3008: checks
punkrott: bets $3
liza3008: folds
Uncalled bet ($3) returned to punkrott
punkrott collected $11.76 from pot
punkrott: doesn't show hand
*** SUMMARY ***
Total pot $12 | Rake $0.24
Board [Ad Ac Tc]
Seat 1: liza3008 (big blind) folded on the Flop
Seat 2: punkrott (button) (small blind) collected ($11.76)


PokerStars Hand #146442442929:  Hold'em Limit ($3/$6 USD) - 2016/01/04 6:59:51 ET
Table 'Sazava II' 2-max Seat #1 is the button
Seat 1: liza3008 ($318.56 in chips)
Seat 2: punkrott ($97.90 in chips)
liza3008: posts small blind $1
punkrott: posts big blind $3
*** HOLE CARDS ***
liza3008: raises $3 to $6
punkrott: raises $3 to $9
liza3008: calls $3
*** FLOP *** [6s 5d Ah]
punkrott: bets $3
liza3008: calls $3
*** TURN *** [6s 5d Ah] [5s]
punkrott: bets $6
liza3008: calls $6
*** RIVER *** [6s 5d Ah 5s] [Kh]
punkrott: bets $6
liza3008: folds
Uncalled bet ($6) returned to punkrott
punkrott collected $35.50 from pot
punkrott: doesn't show hand
*** SUMMARY ***
Total pot $36 | Rake $0.50
Board [6s 5d Ah 5s Kh]
Seat 1: liza3008 (button) (small blind) folded on the River
Seat 2: punkrott (big blind) collected ($35.50)


PokerStars Hand #146442437774:  Hold'em Limit ($3/$6 USD) - 2016/01/04 6:59:41 ET
Table 'Sazava II' 2-max Seat #2 is the button
Seat 1: liza3008 ($309.92 in chips)
Seat 2: punkrott ($106.90 in chips)
punkrott: posts small blind $1
liza3008: posts big blind $3
*** HOLE CARDS ***
punkrott: raises $3 to $6
liza3008: calls $3
*** FLOP *** [8c Kh 6s]
liza3008: checks
punkrott: bets $3
liza3008: calls $3
*** TURN *** [8c Kh 6s] [8s]
liza3008: checks
punkrott: checks
*** RIVER *** [8c Kh 6s 8s] [Ad]
liza3008: bets $6
punkrott: folds
Uncalled bet ($6) returned to liza3008
liza3008 collected $17.64 from pot
liza3008: doesn't show hand
*** SUMMARY ***
Total pot $18 | Rake $0.36
Board [8c Kh 6s 8s Ad]
Seat 1: liza3008 (big blind) collected ($17.64)
Seat 2: punkrott (button) (small blind) folded on the River


PokerStars Hand #146442433954:  Hold'em Limit ($3/$6 USD) - 2016/01/04 6:59:33 ET
Table 'Sazava II' 2-max Seat #1 is the button
Seat 1: liza3008 ($318.92 in chips)
Seat 2: punkrott ($98.26 in chips)
liza3008: posts small blind $1
punkrott: posts big blind $3
*** HOLE CARDS ***
liza3008: raises $3 to $6
punkrott: raises $3 to $9
liza3008: calls $3
*** FLOP *** [9d 8s 9s]
punkrott: bets $3
liza3008: folds
Uncalled bet ($3) returned to punkrott
punkrott collected $17.64 from pot
punkrott: doesn't show hand
*** SUMMARY ***
Total pot $18 | Rake $0.36
Board [9d 8s 9s]
Seat 1: liza3008 (button) (small blind) folded on the Flop
Seat 2: punkrott (big blind) collected ($17.64)


PokerStars Hand #146442428690:  Hold'em Limit ($3/$6 USD) - 2016/01/04 6:59:23 ET
Table 'Sazava II' 2-max Seat #2 is the button
Seat 1: liza3008 ($307.40 in chips)
Seat 2: punkrott ($110.26 in chips)
punkrott: posts small blind $1
liza3008: posts big blind $3
*** HOLE CARDS ***
punkrott: raises $3 to $6
liza3008: raises $3 to $9
punkrott: calls $3
*** FLOP *** [Jh 2c 7c]
liza3008: bets $3
punkrott: calls $3
*** TURN *** [Jh 2c 7c] [Qs]
liza3008: bets $6
punkrott: folds
Uncalled bet ($6) returned to liza3008
liza3008 collected $23.52 from pot
liza3008: doesn't show hand
*** SUMMARY ***
Total pot $24 | Rake $0.48
Board [Jh 2c 7c Qs]
Seat 1: liza3008 (big blind) collected ($23.52)
Seat 2: punkrott (button) (small blind) folded on the Turn


PokerStars Hand #146442422352:  Hold'em Limit ($3/$6 USD) - 2016/01/04 6:59:11 ET
Table 'Sazava II' 2-max Seat #1 is the button
Seat 1: liza3008 ($274.90 in chips)
Seat 2: punkrott ($83.26 in chips)
liza3008: posts small blind $1
punkrott: posts big blind $3
*** HOLE CARDS ***
liza3008: raises $3 to $6
punkrott: calls $3
*** FLOP *** [9s Ts 5c]
punkrott: checks
liza3008: bets $3
punkrott: calls $3
*** TURN *** [9s Ts 5c] [Qc]
punkrott: checks
liza3008: bets $6
punkrott: raises $6 to $12
liza3008: raises $6 to $18
punkrott: calls $6
*** RIVER *** [9s Ts 5c Qc] [Th]
punkrott: checks
liza3008: bets $6
punkrott: calls $6
*** SHOW DOWN ***
liza3008: shows [As Ac] (two pair, Aces and Tens)
punkrott: mucks hand
liza3008 collected $65.50 from pot
*** SUMMARY ***
Total pot $66 | Rake $0.50
Board [9s Ts 5c Qc Th]
Seat 1: liza3008 (button) (small blind) showed [As Ac] and won ($65.50) with two pair, Aces and Tens
Seat 2: punkrott (big blind) mucked


PokerStars Hand #146442416667:  Hold'em Limit ($3/$6 USD) - 2016/01/04 6:59:00 ET
Table 'Sazava II' 2-max Seat #2 is the button
Seat 1: liza3008 ($257.40 in chips)
Seat 2: punkrott ($101.26 in chips)
punkrott: posts small blind $1
liza3008: posts big blind $3
*** HOLE CARDS ***
punkrott: raises $3 to $6
liza3008: calls $3
*** FLOP *** [6h 4c 9h]
liza3008: checks
punkrott: checks
*** TURN *** [6h 4c 9h] [5h]
liza3008: bets $6
punkrott: calls $6
*** RIVER *** [6h 4c 9h 5h] [2d]
liza3008: bets $6
punkrott: calls $6
*** SHOW DOWN ***
liza3008: shows [3c 7s] (a straight, Three to Seven)
punkrott: mucks hand
liza3008 collected $35.50 from pot
*** SUMMARY ***
Total pot $36 | Rake $0.50
Board [6h 4c 9h 5h 2d]
Seat 1: liza3008 (big blind) showed [3c 7s] and won ($35.50) with a straight, Three to Seven
Seat 2: punkrott (button) (small blind) mucked


PokerStars Hand #146442473289:  Hold'em Limit ($3/$6 USD) - 2016/01/04 7:00:49 ET
Table 'Sazava II' 2-max Seat #1 is the button
Seat 1: liza3008 ($308.81 in chips)
Seat 2: punkrott ($105.55 in chips)
liza3008: posts small blind $1
punkrott: posts big blind $3
*** HOLE CARDS ***
liza3008: raises $3 to $6
punkrott: calls $3
*** FLOP *** [6d 3c Jc]
punkrott: checks
liza3008: checks
*** TURN *** [6d 3c Jc] [Kh]
punkrott: bets $6
liza3008: raises $6 to $12
punkrott: folds
Uncalled bet ($6) returned to liza3008
liza3008 collected $23.52 from pot
liza3008: doesn't show hand
*** SUMMARY ***
Total pot $24 | Rake $0.48
Board [6d 3c Jc Kh]
Seat 1: liza3008 (button) (small blind) collected ($23.52)
Seat 2: punkrott (big blind) folded on the Turn


PokerStars Hand #146442466997:  Hold'em Limit ($3/$6 USD) - 2016/01/04 7:00:37 ET
Table 'Sazava II' 2-max Seat #2 is the button
Seat 1: liza3008 ($317.81 in chips)
Seat 2: punkrott ($96.91 in chips)
punkrott: posts small blind $1
liza3008: posts big blind $3
*** HOLE CARDS ***
punkrott: raises $3 to $6
liza3008: calls $3
*** FLOP *** [3h Kh 8c]
liza3008: checks
punkrott: bets $3
liza3008: calls $3
*** TURN *** [3h Kh 8c] [4c]
liza3008: checks
punkrott: checks
*** RIVER *** [3h Kh 8c 4c] [2c]
liza3008: checks
punkrott: bets $6
liza3008: folds
Uncalled bet ($6) returned to punkrott
punkrott collected $17.64 from pot
punkrott: doesn't show hand
*** SUMMARY ***
Total pot $18 | Rake $0.36
Board [3h Kh 8c 4c 2c]
Seat 1: liza3008 (big blind) folded on the River
Seat 2: punkrott (button) (small blind) collected ($17.64)


PokerStars Hand #146442460024:  Hold'em Limit ($3/$6 USD) - 2016/01/04 7:00:24 ET
Table 'Sazava II' 2-max Seat #1 is the button
Seat 1: liza3008 ($297.31 in chips)
Seat 2: punkrott ($117.91 in chips)
liza3008: posts small blind $1
punkrott: posts big blind $3
*** HOLE CARDS ***
liza3008: raises $3 to $6
punkrott: raises $3 to $9
liza3008: calls $3
*** FLOP *** [6h 5c 2c]
punkrott: bets $3
liza3008: raises $3 to $6
punkrott: calls $3
*** TURN *** [6h 5c 2c] [Tc]
punkrott: checks
liza3008: bets $6
punkrott: calls $6
*** RIVER *** [6h 5c 2c Tc] [Kd]
punkrott: checks
liza3008: checks
*** SHOW DOWN ***
punkrott: shows [5h Ad] (a pair of Fives)
liza3008: shows [8s 8c] (a pair of Eights)
liza3008 collected $41.50 from pot
*** SUMMARY ***
Total pot $42 | Rake $0.50
Board [6h 5c 2c Tc Kd]
Seat 1: liza3008 (button) (small blind) showed [8s 8c] and won ($41.50) with a pair of Eights
Seat 2: punkrott (big blind) showed [5h Ad] and lost with a pair of Fives


PokerStars Hand #146442454871:  Hold'em Limit ($3/$6 USD) - 2016/01/04 7:00:14 ET
Table 'Sazava II' 2-max Seat #2 is the button
Seat 1: liza3008 ($297.56 in chips)
Seat 2: punkrott ($118.16 in chips)
punkrott: posts small blind $1
liza3008: posts big blind $3
*** HOLE CARDS ***
punkrott: raises $3 to $6
liza3008: calls $3
*** FLOP *** [5s Tc Ad]
liza3008: checks
punkrott: bets $3
liza3008: calls $3
*** TURN *** [5s Tc Ad] [Qs]
liza3008: checks
punkrott: checks
*** RIVER *** [5s Tc Ad Qs] [9c]
liza3008: bets $6
punkrott: calls $6
*** SHOW DOWN ***
liza3008: shows [Th 2h] (a pair of Tens)
punkrott: shows [3d Ts] (a pair of Tens)
liza3008 collected $14.75 from pot
punkrott collected $14.75 from pot
*** SUMMARY ***
Total pot $30 | Rake $0.50
Board [5s Tc Ad Qs 9c]
Seat 1: liza3008 (big blind) showed [Th 2h] and won ($14.75) with a pair of Tens
Seat 2: punkrott (button) (small blind) showed [3d Ts] and won ($14.75) with a pair of Tens


PokerStars Hand #146442452721:  Hold'em Limit ($3/$6 USD) - 2016/01/04 7:00:10 ET
Table 'Sazava II' 2-max Seat #1 is the button
Seat 1: liza3008 ($294.56 in chips)
Seat 2: punkrott ($121.16 in chips)
liza3008: posts small blind $1
punkrott: posts big blind $3
*** HOLE CARDS ***
liza3008: raises $3 to $6
punkrott: folds
Uncalled bet ($3) returned to liza3008
liza3008 collected $6 from pot
liza3008: doesn't show hand
*** SUMMARY ***
Total pot $6 | Rake $0
Seat 1: liza3008 (button) (small blind) collected ($6)
Seat 2: punkrott (big blind) folded before Flop


PokerStars Hand #146442513221:  Hold'em Limit ($3/$6 USD) - 2016/01/04 7:02:01 ET
Table 'Sazava II' 2-max Seat #1 is the button
Seat 1: liza3008 ($317.37 in chips)
Seat 2: punkrott ($94.59 in chips)
liza3008: posts small blind $1
punkrott: posts big blind $3
*** HOLE CARDS ***
liza3008: raises $3 to $6
punkrott: raises $3 to $9
liza3008: calls $3
*** FLOP *** [Js Kd 2d]
punkrott: bets $3
liza3008: folds
Uncalled bet ($3) returned to punkrott
punkrott collected $17.64 from pot
punkrott: doesn't show hand
*** SUMMARY ***
Total pot $18 | Rake $0.36
Board [Js Kd 2d]
Seat 1: liza3008 (button) (small blind) folded on the Flop
Seat 2: punkrott (big blind) collected ($17.64)


PokerStars Hand #146442507907:  Hold'em Limit ($3/$6 USD) - 2016/01/04 7:01:52 ET
Table 'Sazava II' 2-max Seat #2 is the button
Seat 1: liza3008 ($311.61 in chips)
Seat 2: punkrott ($100.59 in chips)
punkrott: posts small blind $1
liza3008: posts big blind $3
*** HOLE CARDS ***
punkrott: raises $3 to $6
liza3008: calls $3
*** FLOP *** [9c Ts Kh]
liza3008: checks
punkrott: checks
*** TURN *** [9c Ts Kh] [6c]
liza3008: bets $6
punkrott: folds
Uncalled bet ($6) returned to liza3008
liza3008 collected $11.76 from pot
liza3008: doesn't show hand
*** SUMMARY ***
Total pot $12 | Rake $0.24
Board [9c Ts Kh 6c]
Seat 1: liza3008 (big blind) collected ($11.76)
Seat 2: punkrott (button) (small blind) folded on the Turn


PokerStars Hand #146442500462:  Hold'em Limit ($3/$6 USD) - 2016/01/04 7:01:39 ET
Table 'Sazava II' 2-max Seat #1 is the button
Seat 1: liza3008 ($300.09 in chips)
Seat 2: punkrott ($112.59 in chips)
liza3008: posts small blind $1
punkrott: posts big blind $3
*** HOLE CARDS ***
liza3008: raises $3 to $6
punkrott: calls $3
*** FLOP *** [Ah 2d 7d]
punkrott: checks
liza3008: checks
*** TURN *** [Ah 2d 7d] [6h]
punkrott: bets $6
liza3008: calls $6
*** RIVER *** [Ah 2d 7d 6h] [3c]
punkrott: checks
liza3008: checks
*** SHOW DOWN ***
punkrott: shows [Qs 8h] (high card Ace)
liza3008: shows [Kc Ts] (high card Ace - King kicker)
liza3008 collected $23.52 from pot
*** SUMMARY ***
Total pot $24 | Rake $0.48
Board [Ah 2d 7d 6h 3c]
Seat 1: liza3008 (button) (small blind) showed [Kc Ts] and won ($23.52) with high card Ace
Seat 2: punkrott (big blind) showed [Qs 8h] and lost with high card Ace


PokerStars Hand #146442498084:  Hold'em Limit ($3/$6 USD) - 2016/01/04 7:01:34 ET
Table 'Sazava II' 2-max Seat #2 is the button
Seat 1: liza3008 ($303.09 in chips)
Seat 2: punkrott ($109.59 in chips)
punkrott: posts small blind $1
liza3008: posts big blind $3
*** HOLE CARDS ***
punkrott: raises $3 to $6
liza3008: folds
Uncalled bet ($3) returned to punkrott
punkrott collected $6 from pot
punkrott: doesn't show hand
*** SUMMARY ***
Total pot $6 | Rake $0
Seat 1: liza3008 (big blind) folded before Flop
Seat 2: punkrott (button) (small blind) collected ($6)


PokerStars Hand #146442493968:  Hold'em Limit ($3/$6 USD) - 2016/01/04 7:01:27 ET
Table 'Sazava II' 2-max Seat #1 is the button
Seat 1: liza3008 ($297.33 in chips)
Seat 2: punkrott ($115.59 in chips)
liza3008: posts small blind $1
punkrott: posts big blind $3
*** HOLE CARDS ***
liza3008: raises $3 to $6
punkrott: calls $3
*** FLOP *** [3h Qd Kd]
punkrott: checks
liza3008: bets $3
punkrott: folds
Uncalled bet ($3) returned to liza3008
liza3008 collected $11.76 from pot
liza3008: doesn't show hand
*** SUMMARY ***
Total pot $12 | Rake $0.24
Board [3h Qd Kd]
Seat 1: liza3008 (button) (small blind) collected ($11.76)
Seat 2: punkrott (big blind) folded on the Flop


PokerStars Hand #146442485141:  Hold'em Limit ($3/$6 USD) - 2016/01/04 7:01:11 ET
Table 'Sazava II' 2-max Seat #1 is the button
Seat 1: liza3008 ($308.33 in chips)
Seat 2: punkrott ($105.07 in chips)
liza3008: posts small blind $1
punkrott: posts big blind $3
*** HOLE CARDS ***
liza3008: raises $3 to $6
punkrott: calls $3
*** FLOP *** [4d Kd 9h]
punkrott: checks
liza3008: checks
*** TURN *** [4d Kd 9h] [2h]
punkrott: bets $6
liza3008: calls $6
*** RIVER *** [4d Kd 9h 2h] [Qh]
punkrott: bets $6
liza3008: folds
Uncalled bet ($6) returned to punkrott
punkrott collected $23.52 from pot
punkrott: doesn't show hand
*** SUMMARY ***
Total pot $24 | Rake $0.48
Board [4d Kd 9h 2h Qh]
Seat 1: liza3008 (button) (small blind) folded on the River
Seat 2: punkrott (big blind) collected ($23.52)


PokerStars Hand #146442477973:  Hold'em Limit ($3/$6 USD) - 2016/01/04 7:00:58 ET
Table 'Sazava II' 2-max Seat #2 is the button
Seat 1: liza3008 ($320.33 in chips)
Seat 2: punkrott ($93.55 in chips)
punkrott: posts small blind $1
liza3008: posts big blind $3
*** HOLE CARDS ***
punkrott: raises $3 to $6
liza3008: calls $3
*** FLOP *** [Qd Td 6c]
liza3008: checks
punkrott: checks
*** TURN *** [Qd Td 6c] [9c]
liza3008: checks
punkrott: bets $6
liza3008: calls $6
*** RIVER *** [Qd Td 6c 9c] [4h]
liza3008: checks
punkrott: bets $6
liza3008: folds
Uncalled bet ($6) returned to punkrott
punkrott collected $23.52 from pot
punkrott: doesn't show hand
*** SUMMARY ***
Total pot $24 | Rake $0.48
Board [Qd Td 6c 9c 4h]
Seat 1: liza3008 (big blind) folded on the River
Seat 2: punkrott (button) (small blind) collected ($23.52)


PokerStars Hand #146442545751:  Hold'em Limit ($3/$6 USD) - 2016/01/04 7:02:57 ET
Table 'Sazava II' 2-max Seat #1 is the button
Seat 1: liza3008 ($280.87 in chips)
Seat 2: punkrott ($128.75 in chips)
liza3008: posts small blind $1
punkrott: posts big blind $3
*** HOLE CARDS ***
liza3008: folds
Uncalled bet ($2) returned to punkrott
punkrott collected $2 from pot
punkrott: doesn't show hand
*** SUMMARY ***
Total pot $2 | Rake $0
Seat 1: liza3008 (button) (small blind) folded before Flop
Seat 2: punkrott (big blind) collected ($2)


PokerStars Hand #146442541046:  Hold'em Limit ($3/$6 USD) - 2016/01/04 7:02:50 ET
Table 'Sazava II' 2-max Seat #2 is the button
Seat 1: liza3008 ($286.87 in chips)
Seat 2: punkrott ($122.99 in chips)
punkrott: posts small blind $1
liza3008: posts big blind $3
*** HOLE CARDS ***
punkrott: raises $3 to $6
liza3008: calls $3
*** FLOP *** [6c Js Kh]
liza3008: checks
punkrott: bets $3
liza3008: folds
Uncalled bet ($3) returned to punkrott
punkrott collected $11.76 from pot
punkrott: doesn't show hand
*** SUMMARY ***
Total pot $12 | Rake $0.24
Board [6c Js Kh]
Seat 1: liza3008 (big blind) folded on the Flop
Seat 2: punkrott (button) (small blind) collected ($11.76)


PokerStars Hand #146442535054:  Hold'em Limit ($3/$6 USD) - 2016/01/04 7:02:39 ET
Table 'Sazava II' 2-max Seat #1 is the button
Seat 1: liza3008 ($310.87 in chips)
Seat 2: punkrott ($99.49 in chips)
liza3008: posts small blind $1
punkrott: posts big blind $3
*** HOLE CARDS ***
liza3008: raises $3 to $6
punkrott: raises $3 to $9
liza3008: calls $3
*** FLOP *** [Ad 3c 4c]
punkrott: bets $3
liza3008: calls $3
*** TURN *** [Ad 3c 4c] [Qs]
punkrott: bets $6
liza3008: calls $6
*** RIVER *** [Ad 3c 4c Qs] [Th]
punkrott: bets $6
liza3008: calls $6
*** SHOW DOWN ***
punkrott: shows [As 8c] (a pair of Aces)
liza3008: mucks hand
punkrott collected $47.50 from pot
*** SUMMARY ***
Total pot $48 | Rake $0.50
Board [Ad 3c 4c Qs Th]
Seat 1: liza3008 (button) (small blind) mucked
Seat 2: punkrott (big blind) showed [As 8c] and won ($47.50) with a pair of Aces


PokerStars Hand #146442528508:  Hold'em Limit ($3/$6 USD) - 2016/01/04 7:02:28 ET
Table 'Sazava II' 2-max Seat #2 is the button
Seat 1: liza3008 ($325.87 in chips)
Seat 2: punkrott ($84.99 in chips)
punkrott: posts small blind $1
liza3008: posts big blind $3
*** HOLE CARDS ***
punkrott: raises $3 to $6
liza3008: calls $3
*** FLOP *** [Jc Tc As]
liza3008: checks
punkrott: bets $3
liza3008: calls $3
*** TURN *** [Jc Tc As] [Jh]
liza3008: checks
punkrott: bets $6
liza3008: calls $6
*** RIVER *** [Jc Tc As Jh] [6c]
liza3008: checks
punkrott: bets $6
liza3008: folds
Uncalled bet ($6) returned to punkrott
punkrott collected $29.50 from pot
punkrott: doesn't show hand
*** SUMMARY ***
Total pot $30 | Rake $0.50
Board [Jc Tc As Jh 6c]
Seat 1: liza3008 (big blind) folded on the River
Seat 2: punkrott (button) (small blind) collected ($29.50)


PokerStars Hand #146442521469:  Hold'em Limit ($3/$6 USD) - 2016/01/04 7:02:15 ET
Table 'Sazava II' 2-max Seat #1 is the button
Seat 1: liza3008 ($302.37 in chips)
Seat 2: punkrott ($108.99 in chips)
liza3008: posts small blind $1
punkrott: posts big blind $3
*** HOLE CARDS ***
liza3008: raises $3 to $6
punkrott: calls $3
*** FLOP *** [8c 7d Jc]
punkrott: checks
liza3008: checks
*** TURN *** [8c 7d Jc] [6d]
punkrott: bets $6
liza3008: raises $6 to $12
punkrott: calls $6
*** RIVER *** [8c 7d Jc 6d] [7s]
punkrott: checks
liza3008: bets $6
punkrott: calls $6
*** SHOW DOWN ***
liza3008: shows [4d 5d] (a straight, Four to Eight)
punkrott: mucks hand
liza3008 collected $47.50 from pot
*** SUMMARY ***
Total pot $48 | Rake $0.50
Board [8c 7d Jc 6d 7s]
Seat 1: liza3008 (button) (small blind) showed [4d 5d] and won ($47.50) with a straight, Four to Eight
Seat 2: punkrott (big blind) mucked


PokerStars Hand #146442517265:  Hold'em Limit ($3/$6 USD) - 2016/01/04 7:02:08 ET
Table 'Sazava II' 2-max Seat #2 is the button
Seat 1: liza3008 ($308.37 in chips)
Seat 2: punkrott ($103.23 in chips)
punkrott: posts small blind $1
liza3008: posts big blind $3
*** HOLE CARDS ***
punkrott: raises $3 to $6
liza3008: calls $3
*** FLOP *** [3s Kh 6d]
liza3008: checks
punkrott: bets $3
liza3008: folds
Uncalled bet ($3) returned to punkrott
punkrott collected $11.76 from pot
punkrott: doesn't show hand
*** SUMMARY ***
Total pot $12 | Rake $0.24
Board [3s Kh 6d]
Seat 1: liza3008 (big blind) folded on the Flop
Seat 2: punkrott (button) (small blind) collected ($11.76)


PokerStars Hand #146442571267:  Hold'em Limit ($3/$6 USD) - 2016/01/04 7:03:41 ET
Table 'Sazava II' 2-max Seat #2 is the button
Seat 1: liza3008 ($255.39 in chips)
Seat 2: punkrott ($152.53 in chips)
punkrott: posts small blind $1
liza3008: posts big blind $3
*** HOLE CARDS ***
punkrott: raises $3 to $6
liza3008: calls $3
*** FLOP *** [3d 4s 6s]
liza3008: checks
punkrott: checks
*** TURN *** [3d 4s 6s] [Qs]
liza3008: bets $6
punkrott: raises $6 to $12
liza3008: raises $6 to $18
punkrott: calls $6
*** RIVER *** [3d 4s 6s Qs] [9h]
liza3008: bets $6
punkrott: calls $6
*** SHOW DOWN ***
liza3008: shows [5s 7c] (a straight, Three to Seven)
punkrott: mucks hand
liza3008 collected $59.50 from pot
*** SUMMARY ***
Total pot $60 | Rake $0.50
Board [3d 4s 6s Qs 9h]
Seat 1: liza3008 (big blind) showed [5s 7c] and won ($59.50) with a straight, Three to Seven
Seat 2: punkrott (button) (small blind) mucked


PokerStars Hand #146442566558:  Hold'em Limit ($3/$6 USD) - 2016/01/04 7:03:33 ET
Table 'Sazava II' 2-max Seat #1 is the button
Seat 1: liza3008 ($261.39 in chips)
Seat 2: punkrott ($146.77 in chips)
liza3008: posts small blind $1
punkrott: posts big blind $3
*** HOLE CARDS ***
liza3008: raises $3 to $6
punkrott: calls $3
*** FLOP *** [3c Js 7h]
punkrott: checks
liza3008: checks
*** TURN *** [3c Js 7h] [3h]
punkrott: bets $6
liza3008: folds
Uncalled bet ($6) returned to punkrott
punkrott collected $11.76 from pot
punkrott: doesn't show hand
*** SUMMARY ***
Total pot $12 | Rake $0.24
Board [3c Js 7h 3h]
Seat 1: liza3008 (button) (small blind) folded on the Turn
Seat 2: punkrott (big blind) collected ($11.76)


PokerStars Hand #146442560506:  Hold'em Limit ($3/$6 USD) - 2016/01/04 7:03:22 ET
Table 'Sazava II' 2-max Seat #2 is the button
Seat 1: liza3008 ($279.39 in chips)
Seat 2: punkrott ($129.27 in chips)
punkrott: posts small blind $1
liza3008: posts big blind $3
*** HOLE CARDS ***
punkrott: raises $3 to $6
liza3008: calls $3
*** FLOP *** [Jh 5s 7h]
liza3008: checks
punkrott: checks
*** TURN *** [Jh 5s 7h] [7c]
liza3008: checks
punkrott: bets $6
liza3008: calls $6
*** RIVER *** [Jh 5s 7h 7c] [2h]
liza3008: checks
punkrott: bets $6
liza3008: calls $6
*** SHOW DOWN ***
punkrott: shows [6h 6c] (two pair, Sevens and Sixes)
liza3008: mucks hand
punkrott collected $35.50 from pot
*** SUMMARY ***
Total pot $36 | Rake $0.50
Board [Jh 5s 7h 7c 2h]
Seat 1: liza3008 (big blind) mucked
Seat 2: punkrott (button) (small blind) showed [6h 6c] and won ($35.50) with two pair, Sevens and Sixes


PokerStars Hand #146442555008:  Hold'em Limit ($3/$6 USD) - 2016/01/04 7:03:13 ET
Table 'Sazava II' 2-max Seat #1 is the button
Seat 1: liza3008 ($291.39 in chips)
Seat 2: punkrott ($117.75 in chips)
liza3008: posts small blind $1
punkrott: posts big blind $3
*** HOLE CARDS ***
liza3008: raises $3 to $6
punkrott: calls $3
*** FLOP *** [9d 9c 7h]
punkrott: checks
liza3008: checks
*** TURN *** [9d 9c 7h] [5c]
punkrott: bets $6
liza3008: calls $6
*** RIVER *** [9d 9c 7h 5c] [2h]
punkrott: bets $6
liza3008: folds
Uncalled bet ($6) returned to punkrott
punkrott collected $23.52 from pot
punkrott: doesn't show hand
*** SUMMARY ***
Total pot $24 | Rake $0.48
Board [9d 9c 7h 5c 2h]
Seat 1: liza3008 (button) (small blind) folded on the River
Seat 2: punkrott (big blind) collected ($23.52)


PokerStars Hand #146442548266:  Hold'em Limit ($3/$6 USD) - 2016/01/04 7:03:01 ET
Table 'Sazava II' 2-max Seat #2 is the button
Seat 1: liza3008 ($279.87 in chips)
Seat 2: punkrott ($129.75 in chips)
punkrott: posts small blind $1
liza3008: posts big blind $3
*** HOLE CARDS ***
punkrott: raises $3 to $6
liza3008: calls $3
*** FLOP *** [5d 8h 7c]
liza3008: checks
punkrott: checks
*** TURN *** [5d 8h 7c] [2h]
liza3008: bets $6
punkrott: calls $6
*** RIVER *** [5d 8h 7c 2h] [As]
liza3008: bets $6
punkrott: folds
Uncalled bet ($6) returned to liza3008
liza3008 collected $23.52 from pot
liza3008: doesn't show hand
*** SUMMARY ***
Total pot $24 | Rake $0.48
Board [5d 8h 7c 2h As]
Seat 1: liza3008 (big blind) collected ($23.52)
Seat 2: punkrott (button) (small blind) folded on the River


PokerStars Hand #146442621271:  Hold'em Limit ($3/$6 USD) - 2016/01/04 7:05:05 ET
Table 'Sazava II' 2-max Seat #2 is the button
Seat 1: liza3008 ($334.05 in chips)
Seat 2: punkrott ($71.03 in chips)
punkrott: posts small blind $1
liza3008: posts big blind $3
*** HOLE CARDS ***
punkrott: folds
Uncalled bet ($2) returned to liza3008
liza3008 collected $2 from pot
liza3008: doesn't show hand
*** SUMMARY ***
Total pot $2 | Rake $0
Seat 1: liza3008 (big blind) collected ($2)
Seat 2: punkrott (button) (small blind) folded before Flop


PokerStars Hand #146442613513:  Hold'em Limit ($3/$6 USD) - 2016/01/04 7:04:52 ET
Table 'Sazava II' 2-max Seat #1 is the button
Seat 1: liza3008 ($307.55 in chips)
Seat 2: punkrott ($98.03 in chips)
liza3008: posts small blind $1
punkrott: posts big blind $3
*** HOLE CARDS ***
liza3008: raises $3 to $6
punkrott: raises $3 to $9
liza3008: raises $3 to $12
Betting is capped
punkrott: calls $3
*** FLOP *** [2c 4h Tc]
punkrott: checks
liza3008: bets $3
punkrott: calls $3
*** TURN *** [2c 4h Tc] [Th]
punkrott: checks
liza3008: bets $6
punkrott: calls $6
*** RIVER *** [2c 4h Tc Th] [8d]
punkrott: checks
liza3008: bets $6
punkrott: calls $6
*** SHOW DOWN ***
liza3008: shows [Kh Ks] (two pair, Kings and Tens)
punkrott: mucks hand
liza3008 collected $53.50 from pot
*** SUMMARY ***
Total pot $54 | Rake $0.50
Board [2c 4h Tc Th 8d]
Seat 1: liza3008 (button) (small blind) showed [Kh Ks] and won ($53.50) with two pair, Kings and Tens
Seat 2: punkrott (big blind) mucked


PokerStars Hand #146442606635:  Hold'em Limit ($3/$6 USD) - 2016/01/04 7:04:40 ET
Table 'Sazava II' 2-max Seat #2 is the button
Seat 1: liza3008 ($284.05 in chips)
Seat 2: punkrott ($122.03 in chips)
punkrott: posts small blind $1
liza3008: posts big blind $3
*** HOLE CARDS ***
punkrott: raises $3 to $6
liza3008: calls $3
*** FLOP *** [6s Tc 2s]
liza3008: checks
punkrott: checks
*** TURN *** [6s Tc 2s] [7c]
liza3008: bets $6
punkrott: raises $6 to $12
liza3008: raises $6 to $18
punkrott: calls $6
*** RIVER *** [6s Tc 2s 7c] [Kh]
liza3008: checks
punkrott: checks
*** SHOW DOWN ***
liza3008: shows [Ts Qh] (a pair of Tens)
punkrott: mucks hand
liza3008 collected $47.50 from pot
*** SUMMARY ***
Total pot $48 | Rake $0.50
Board [6s Tc 2s 7c Kh]
Seat 1: liza3008 (big blind) showed [Ts Qh] and won ($47.50) with a pair of Tens
Seat 2: punkrott (button) (small blind) mucked


PokerStars Hand #146442598838:  Hold'em Limit ($3/$6 USD) - 2016/01/04 7:04:27 ET
Table 'Sazava II' 2-max Seat #1 is the button
Seat 1: liza3008 ($272.53 in chips)
Seat 2: punkrott ($134.03 in chips)
liza3008: posts small blind $1
punkrott: posts big blind $3
*** HOLE CARDS ***
liza3008: raises $3 to $6
punkrott: raises $3 to $9
liza3008: calls $3
*** FLOP *** [7c Js 4h]
punkrott: bets $3
liza3008: calls $3
*** TURN *** [7c Js 4h] [8c]
punkrott: checks
liza3008: bets $6
punkrott: folds
Uncalled bet ($6) returned to liza3008
liza3008 collected $23.52 from pot
liza3008: doesn't show hand
*** SUMMARY ***
Total pot $24 | Rake $0.48
Board [7c Js 4h 8c]
Seat 1: liza3008 (button) (small blind) collected ($23.52)
Seat 2: punkrott (big blind) folded on the Turn


PokerStars Hand #146442577981:  Hold'em Limit ($3/$6 USD) - 2016/01/04 7:03:52 ET
Table 'Sazava II' 2-max Seat #1 is the button
Seat 1: liza3008 ($284.89 in chips)
Seat 2: punkrott ($122.53 in chips)
liza3008: posts small blind $1
punkrott: posts big blind $3
*** HOLE CARDS ***
liza3008: raises $3 to $6
punkrott: calls $3
*** FLOP *** [5d Ks 8d]
punkrott: checks
liza3008: bets $3
punkrott: raises $3 to $6
liza3008: raises $3 to $9
punkrott: calls $3
*** TURN *** [5d Ks 8d] [7s]
punkrott: bets $6
liza3008: calls $6
*** RIVER *** [5d Ks 8d 7s] [Tc]
punkrott: bets $6
liza3008: folds
Uncalled bet ($6) returned to punkrott
punkrott collected $41.50 from pot
punkrott: doesn't show hand
*** SUMMARY ***
Total pot $42 | Rake $0.50
Board [5d Ks 8d 7s Tc]
Seat 1: liza3008 (button) (small blind) folded on the River
Seat 2: punkrott (big blind) collected ($41.50)


PokerStars Hand #146442654271:  Hold'em Limit ($3/$6 USD) - 2016/01/04 7:06:00 ET
Table 'Sazava II' 2-max Seat #1 is the button
Seat 1: liza3008 ($349.05 in chips)
Seat 2: punkrott ($114.29 in chips)
liza3008: posts small blind $1
punkrott: posts big blind $3
*** HOLE CARDS ***
liza3008: raises $3 to $6
punkrott: raises $3 to $9
liza3008: calls $3
*** FLOP *** [3h Td 5d]
punkrott: bets $3
liza3008: calls $3
*** TURN *** [3h Td 5d] [7c]
punkrott: bets $6
liza3008: calls $6
*** RIVER *** [3h Td 5d 7c] [7d]
punkrott: checks
liza3008: checks
*** SHOW DOWN ***
punkrott: shows [Qh As] (a pair of Sevens)
liza3008: mucks hand
punkrott collected $35.50 from pot
*** SUMMARY ***
Total pot $36 | Rake $0.50
Board [3h Td 5d 7c 7d]
Seat 1: liza3008 (button) (small blind) mucked
Seat 2: punkrott (big blind) showed [Qh As] and won ($35.50) with a pair of Sevens


PokerStars Hand #146442646415:  Hold'em Limit ($3/$6 USD) - 2016/01/04 7:05:46 ET
Table 'Sazava II' 2-max Seat #2 is the button
Seat 1: liza3008 ($334.55 in chips)
Seat 2: punkrott ($129.29 in chips)
punkrott: posts small blind $1
liza3008: posts big blind $3
*** HOLE CARDS ***
punkrott: raises $3 to $6
liza3008: calls $3
*** FLOP *** [7s 9h Jd]
liza3008: checks
punkrott: bets $3
liza3008: calls $3
*** TURN *** [7s 9h Jd] [7c]
liza3008: checks
punkrott: bets $6
liza3008: calls $6
*** RIVER *** [7s 9h Jd 7c] [3c]
liza3008: checks
punkrott: checks
*** SHOW DOWN ***
liza3008: shows [6c Jh] (two pair, Jacks and Sevens)
punkrott: mucks hand
liza3008 collected $29.50 from pot
*** SUMMARY ***
Total pot $30 | Rake $0.50
Board [7s 9h Jd 7c 3c]
Seat 1: liza3008 (big blind) showed [6c Jh] and won ($29.50) with two pair, Jacks and Sevens
Seat 2: punkrott (button) (small blind) mucked


PokerStars Hand #146442641032:  Hold'em Limit ($3/$6 USD) - 2016/01/04 7:05:38 ET
Table 'Sazava II' 2-max Seat #1 is the button
Seat 1: liza3008 ($340.55 in chips)
Seat 2: punkrott ($63.53 in chips)
liza3008: posts small blind $1
punkrott: posts big blind $3
*** HOLE CARDS ***
liza3008: raises $3 to $6
punkrott: calls $3
*** FLOP *** [3h 4s Tc]
punkrott: checks
liza3008: checks
*** TURN *** [3h 4s Tc] [2c]
punkrott: bets $6
liza3008: folds
Uncalled bet ($6) returned to punkrott
punkrott collected $11.76 from pot
punkrott: doesn't show hand
*** SUMMARY ***
Total pot $12 | Rake $0.24
Board [3h 4s Tc 2c]
Seat 1: liza3008 (button) (small blind) folded on the Turn
Seat 2: punkrott (big blind) collected ($11.76)


PokerStars Hand #146442629936:  Hold'em Limit ($3/$6 USD) - 2016/01/04 7:05:19 ET
Table 'Sazava II' 2-max Seat #2 is the button
Seat 1: liza3008 ($317.05 in chips)
Seat 2: punkrott ($87.53 in chips)
punkrott: posts small blind $1
liza3008: posts big blind $3
*** HOLE CARDS ***
punkrott: raises $3 to $6
liza3008: raises $3 to $9
punkrott: calls $3
*** FLOP *** [Ks 4h 8d]
liza3008: bets $3
punkrott: calls $3
*** TURN *** [Ks 4h 8d] [3s]
liza3008: bets $6
punkrott: calls $6
*** RIVER *** [Ks 4h 8d 3s] [7d]
liza3008: bets $6
punkrott: calls $6
*** SHOW DOWN ***
liza3008: shows [Jh Jd] (a pair of Jacks)
punkrott: mucks hand
liza3008 collected $47.50 from pot
*** SUMMARY ***
Total pot $48 | Rake $0.50
Board [Ks 4h 8d 3s 7d]
Seat 1: liza3008 (big blind) showed [Jh Jd] and won ($47.50) with a pair of Jacks
Seat 2: punkrott (button) (small blind) mucked


PokerStars Hand #146442623644:  Hold'em Limit ($3/$6 USD) - 2016/01/04 7:05:09 ET
Table 'Sazava II' 2-max Seat #1 is the button
Seat 1: liza3008 ($335.05 in chips)
Seat 2: punkrott ($70.03 in chips)
liza3008: posts small blind $1
punkrott: posts big blind $3
*** HOLE CARDS ***
liza3008: raises $3 to $6
punkrott: raises $3 to $9
liza3008: calls $3
*** FLOP *** [2c 4s Ac]
punkrott: bets $3
liza3008: calls $3
*** TURN *** [2c 4s Ac] [Qs]
punkrott: bets $6
liza3008: calls $6
*** RIVER *** [2c 4s Ac Qs] [9h]
punkrott: bets $6
liza3008: folds
Uncalled bet ($6) returned to punkrott
punkrott collected $35.50 from pot
punkrott: doesn't show hand
*** SUMMARY ***
Total pot $36 | Rake $0.50
Board [2c 4s Ac Qs 9h]
Seat 1: liza3008 (button) (small blind) folded on the River
Seat 2: punkrott (big blind) collected ($35.50)


PokerStars Hand #146442679788:  Hold'em Limit ($3/$6 USD) - 2016/01/04 7:06:42 ET
Table 'Sazava II' 2-max Seat #1 is the button
Seat 1: liza3008 ($283.05 in chips)
Seat 2: punkrott ($178.55 in chips)
liza3008: posts small blind $1
punkrott: posts big blind $3
*** HOLE CARDS ***
liza3008: raises $3 to $6
punkrott: raises $3 to $9
liza3008: calls $3
*** FLOP *** [Ks 9c Qd]
punkrott: bets $3
liza3008: calls $3
*** TURN *** [Ks 9c Qd] [3d]
punkrott: bets $6
liza3008: folds
Uncalled bet ($6) returned to punkrott
punkrott collected $23.52 from pot
punkrott: doesn't show hand
liza3008 leaves the table
*** SUMMARY ***
Total pot $24 | Rake $0.48
Board [Ks 9c Qd 3d]
Seat 1: liza3008 (button) (small blind) folded on the Turn
Seat 2: punkrott (big blind) collected ($23.52)


PokerStars Hand #146442665584:  Hold'em Limit ($3/$6 USD) - 2016/01/04 7:06:18 ET
Table 'Sazava II' 2-max Seat #1 is the button
Seat 1: liza3008 ($325.05 in chips)
Seat 2: punkrott ($137.55 in chips)
liza3008: posts small blind $1
punkrott: posts big blind $3
*** HOLE CARDS ***
liza3008: raises $3 to $6
punkrott: raises $3 to $9
liza3008: calls $3
*** FLOP *** [Ad 3s Qs]
punkrott: bets $3
liza3008: calls $3
*** TURN *** [Ad 3s Qs] [Jc]
punkrott: bets $6
liza3008: calls $6
*** RIVER *** [Ad 3s Qs Jc] [4s]
punkrott: bets $6
liza3008: calls $6
*** SHOW DOWN ***
punkrott: shows [As 2s] (a flush, Ace high)
liza3008: mucks hand
punkrott collected $47.50 from pot
*** SUMMARY ***
Total pot $48 | Rake $0.50
Board [Ad 3s Qs Jc 4s]
Seat 1: liza3008 (button) (small blind) mucked
Seat 2: punkrott (big blind) showed [As 2s] and won ($47.50) with a flush, Ace high


PokerStars Hand #146442661156:  Hold'em Limit ($3/$6 USD) - 2016/01/04 7:06:11 ET
Table 'Sazava II' 2-max Seat #2 is the button
Seat 1: liza3008 ($331.05 in chips)
Seat 2: punkrott ($131.79 in chips)
punkrott: posts small blind $1
liza3008: posts big blind $3
*** HOLE CARDS ***
punkrott: raises $3 to $6
liza3008: calls $3
*** FLOP *** [Kd Jh Tc]
liza3008: checks
punkrott: bets $3
liza3008: folds
Uncalled bet ($3) returned to punkrott
punkrott collected $11.76 from pot
punkrott: doesn't show hand
*** SUMMARY ***
Total pot $12 | Rake $0.24
Board [Kd Jh Tc]
Seat 1: liza3008 (big blind) folded on the Flop
Seat 2: punkrott (button) (small blind) collected ($11.76)


PokerStars Hand #146443600208:  Hold'em Limit ($3/$6 USD) - 2016/01/04 7:31:48 ET
Table 'Sazava II' 2-max Seat #2 is the button
Seat 1: _fayzulllo_ ($95.50 in chips)
Seat 2: Pandakey ($95.88 in chips)
Pandakey: posts small blind $1
_fayzulllo_: posts big blind $3
*** HOLE CARDS ***
Pandakey: raises $3 to $6
_fayzulllo_: calls $3
*** FLOP *** [9s 3c 4d]
_fayzulllo_: checks
Pandakey: checks
*** TURN *** [9s 3c 4d] [Th]
_fayzulllo_: bets $6
Pandakey: calls $6
*** RIVER *** [9s 3c 4d Th] [6c]
_fayzulllo_: bets $6
Pandakey: calls $6
*** SHOW DOWN ***
_fayzulllo_: shows [Ks 4h] (a pair of Fours)
Pandakey: mucks hand
_fayzulllo_ collected $35.50 from pot
*** SUMMARY ***
Total pot $36 | Rake $0.50
Board [9s 3c 4d Th 6c]
Seat 1: _fayzulllo_ (big blind) showed [Ks 4h] and won ($35.50) with a pair of Fours
Seat 2: Pandakey (button) (small blind) mucked


PokerStars Hand #146443632593:  Hold'em Limit ($3/$6 USD) - 2016/01/04 7:32:39 ET
Table 'Sazava II' 2-max Seat #2 is the button
Seat 1: _fayzulllo_ ($130.50 in chips)
Seat 2: Pandakey ($59.88 in chips)
Pandakey: posts small blind $1
_fayzulllo_: posts big blind $3
*** HOLE CARDS ***
Pandakey: folds
Uncalled bet ($2) returned to _fayzulllo_
_fayzulllo_ collected $2 from pot
_fayzulllo_: doesn't show hand
*** SUMMARY ***
Total pot $2 | Rake $0
Seat 1: _fayzulllo_ (big blind) collected ($2)
Seat 2: Pandakey (button) (small blind) folded before Flop


PokerStars Hand #146443618701:  Hold'em Limit ($3/$6 USD) - 2016/01/04 7:32:17 ET
Table 'Sazava II' 2-max Seat #1 is the button
Seat 1: _fayzulllo_ ($113 in chips)
Seat 2: Pandakey ($77.88 in chips)
_fayzulllo_: posts small blind $1
Pandakey: posts big blind $3
*** HOLE CARDS ***
_fayzulllo_: calls $2
Pandakey: checks
*** FLOP *** [5s Qd Qh]
Pandakey: checks
_fayzulllo_: bets $3
Pandakey: calls $3
*** TURN *** [5s Qd Qh] [Qc]
Pandakey: checks
_fayzulllo_: bets $6
Pandakey: calls $6
*** RIVER *** [5s Qd Qh Qc] [4h]
Pandakey: checks
_fayzulllo_: bets $6
Pandakey: calls $6
*** SHOW DOWN ***
_fayzulllo_: shows [Jd 5c] (a full house, Queens full of Fives)
Pandakey: mucks hand
_fayzulllo_ collected $35.50 from pot
*** SUMMARY ***
Total pot $36 | Rake $0.50
Board [5s Qd Qh Qc 4h]
Seat 1: _fayzulllo_ (button) (small blind) showed [Jd 5c] and won ($35.50) with a full house, Queens full of Fives
Seat 2: Pandakey (big blind) mucked


PokerStars Hand #146443635403:  Hold'em Limit ($3/$6 USD) - 2016/01/04 7:32:43 ET
Table 'Sazava II' 2-max Seat #1 is the button
Seat 1: _fayzulllo_ ($131.50 in chips)
Seat 2: Pandakey ($58.88 in chips)
_fayzulllo_: posts small blind $1
Pandakey: posts big blind $3
*** HOLE CARDS ***
_fayzulllo_: calls $2
Pandakey: raises $3 to $6
_fayzulllo_: calls $3
*** FLOP *** [3s 3d 5c]
Pandakey: bets $3
_fayzulllo_: calls $3
*** TURN *** [3s 3d 5c] [6s]
Pandakey: bets $6
_fayzulllo_: calls $6
*** RIVER *** [3s 3d 5c 6s] [Js]
Pandakey: bets $6
_fayzulllo_: calls $6
*** SHOW DOWN ***
Pandakey: shows [Jc Tc] (two pair, Jacks and Threes)
_fayzulllo_: mucks hand
Pandakey collected $41.50 from pot
*** SUMMARY ***
Total pot $42 | Rake $0.50
Board [3s 3d 5c 6s Js]
Seat 1: _fayzulllo_ (button) (small blind) mucked
Seat 2: Pandakey (big blind) showed [Jc Tc] and won ($41.50) with two pair, Jacks and Threes


PokerStars Hand #146443676507:  Hold'em Limit ($3/$6 USD) - 2016/01/04 7:33:49 ET
Table 'Sazava II' 2-max Seat #1 is the button
Seat 1: _fayzulllo_ ($92.50 in chips)
Seat 2: Pandakey ($96.88 in chips)
_fayzulllo_: posts small blind $1
Pandakey: posts big blind $3
*** HOLE CARDS ***
_fayzulllo_: raises $3 to $6
Pandakey: folds
Uncalled bet ($3) returned to _fayzulllo_
_fayzulllo_ collected $6 from pot
_fayzulllo_: doesn't show hand
*** SUMMARY ***
Total pot $6 | Rake $0
Seat 1: _fayzulllo_ (button) (small blind) collected ($6)
Seat 2: Pandakey (big blind) folded before Flop


PokerStars Hand #146443647469:  Hold'em Limit ($3/$6 USD) - 2016/01/04 7:33:03 ET
Table 'Sazava II' 2-max Seat #2 is the button
Seat 1: _fayzulllo_ ($110.50 in chips)
Seat 2: Pandakey ($79.38 in chips)
Pandakey: posts small blind $1
_fayzulllo_: posts big blind $3
*** HOLE CARDS ***
Pandakey: raises $3 to $6
_fayzulllo_: calls $3
*** FLOP *** [Ad 4s 9h]
_fayzulllo_: checks
Pandakey: bets $3
_fayzulllo_: raises $3 to $6
Pandakey: calls $3
*** TURN *** [Ad 4s 9h] [8h]
_fayzulllo_: checks
Pandakey: bets $6
_fayzulllo_: calls $6
*** RIVER *** [Ad 4s 9h 8h] [3c]
_fayzulllo_: checks
Pandakey: bets $6
_fayzulllo_: folds
Uncalled bet ($6) returned to Pandakey
Pandakey collected $35.50 from pot
Pandakey: doesn't show hand
*** SUMMARY ***
Total pot $36 | Rake $0.50
Board [Ad 4s 9h 8h 3c]
Seat 1: _fayzulllo_ (big blind) folded on the River
Seat 2: Pandakey (button) (small blind) collected ($35.50)


PokerStars Hand #146443680819:  Hold'em Limit ($3/$6 USD) - 2016/01/04 7:33:56 ET
Table 'Sazava II' 2-max Seat #2 is the button
Seat 1: _fayzulllo_ ($95.50 in chips)
Seat 2: Pandakey ($93.88 in chips)
Pandakey: posts small blind $1
_fayzulllo_: posts big blind $3
*** HOLE CARDS ***
Pandakey: raises $3 to $6
_fayzulllo_: calls $3
*** FLOP *** [3h 4c 2s]
_fayzulllo_: checks
Pandakey: bets $3
_fayzulllo_: calls $3
*** TURN *** [3h 4c 2s] [5h]
_fayzulllo_: checks
Pandakey: checks
*** RIVER *** [3h 4c 2s 5h] [2h]
_fayzulllo_: bets $6
Pandakey: folds
Uncalled bet ($6) returned to _fayzulllo_
_fayzulllo_ collected $17.64 from pot
_fayzulllo_: doesn't show hand
*** SUMMARY ***
Total pot $18 | Rake $0.36
Board [3h 4c 2s 5h 2h]
Seat 1: _fayzulllo_ (big blind) collected ($17.64)
Seat 2: Pandakey (button) (small blind) folded on the River


PokerStars Hand #146443692855:  Hold'em Limit ($3/$6 USD) - 2016/01/04 7:34:15 ET
Table 'Sazava II' 2-max Seat #1 is the button
Seat 1: _fayzulllo_ ($104.14 in chips)
Seat 2: Pandakey ($84.88 in chips)
_fayzulllo_: posts small blind $1
Pandakey: posts big blind $3
*** HOLE CARDS ***
_fayzulllo_: folds
Uncalled bet ($2) returned to Pandakey
Pandakey collected $2 from pot
Pandakey: doesn't show hand
*** SUMMARY ***
Total pot $2 | Rake $0
Seat 1: _fayzulllo_ (button) (small blind) folded before Flop
Seat 2: Pandakey (big blind) collected ($2)


PokerStars Hand #146443696525:  Hold'em Limit ($3/$6 USD) - 2016/01/04 7:34:21 ET
Table 'Sazava II' 2-max Seat #2 is the button
Seat 1: _fayzulllo_ ($103.14 in chips)
Seat 2: Pandakey ($85.88 in chips)
Pandakey: posts small blind $1
_fayzulllo_: posts big blind $3
*** HOLE CARDS ***
Pandakey: raises $3 to $6
_fayzulllo_: calls $3
*** FLOP *** [2s 4c Kc]
_fayzulllo_: checks
Pandakey: bets $3
_fayzulllo_: calls $3
*** TURN *** [2s 4c Kc] [9s]
_fayzulllo_: checks
Pandakey: bets $6
_fayzulllo_: calls $6
*** RIVER *** [2s 4c Kc 9s] [4s]
_fayzulllo_: checks
Pandakey: checks
*** SHOW DOWN ***
_fayzulllo_: shows [8c 8s] (two pair, Eights and Fours)
Pandakey: mucks hand
_fayzulllo_ collected $29.50 from pot
*** SUMMARY ***
Total pot $30 | Rake $0.50
Board [2s 4c Kc 9s 4s]
Seat 1: _fayzulllo_ (big blind) showed [8c 8s] and won ($29.50) with two pair, Eights and Fours
Seat 2: Pandakey (button) (small blind) mucked


PokerStars Hand #146443708406:  Hold'em Limit ($3/$6 USD) - 2016/01/04 7:34:40 ET
Table 'Sazava II' 2-max Seat #1 is the button
Seat 1: _fayzulllo_ ($117.64 in chips)
Seat 2: Pandakey ($70.88 in chips)
_fayzulllo_: posts small blind $1
Pandakey: posts big blind $3
*** HOLE CARDS ***
_fayzulllo_: calls $2
Pandakey: raises $3 to $6
_fayzulllo_: calls $3
*** FLOP *** [Jc 4h 2c]
Pandakey: bets $3
_fayzulllo_: calls $3
*** TURN *** [Jc 4h 2c] [8s]
Pandakey: bets $6
_fayzulllo_: calls $6
*** RIVER *** [Jc 4h 2c 8s] [2h]
Pandakey: bets $6
_fayzulllo_: raises $6 to $12
Pandakey: calls $6
*** SHOW DOWN ***
_fayzulllo_: shows [Js 6s] (two pair, Jacks and Deuces)
Pandakey: mucks hand
_fayzulllo_ collected $53.50 from pot
*** SUMMARY ***
Total pot $54 | Rake $0.50
Board [Jc 4h 2c 8s 2h]
Seat 1: _fayzulllo_ (button) (small blind) showed [Js 6s] and won ($53.50) with two pair, Jacks and Deuces
Seat 2: Pandakey (big blind) mucked


