PokerStars Hand #147761616491:  Hold'em Limit ($3/$6 USD) - 2016/01/27 9:05:31 ET
Table 'Scania II' 6-max Seat #1 is the button
Seat 1: Badbet4u2 ($138.26 in chips)
Seat 2: ChOfW ($66 in chips)
Badbet4u2: posts small blind $1
ChOfW: posts big blind $3
*** HOLE CARDS ***
Badbet4u2: folds
Uncalled bet ($2) returned to ChOfW
ChOfW collected $2 from pot
ChOfW: doesn't show hand
*** SUMMARY ***
Total pot $2 | Rake $0
Seat 1: Badbet4u2 (button) (small blind) folded before Flop
Seat 2: ChOfW (big blind) collected ($2)


PokerStars Hand #147761596306:  Hold'em Limit ($3/$6 USD) - 2016/01/27 9:05:05 ET
Table 'Scania II' 6-max Seat #2 is the button
Seat 1: Badbet4u2 ($114.76 in chips)
Seat 2: ChOfW ($66 in chips)
ChOfW: posts small blind $1
Badbet4u2: posts big blind $3
*** HOLE CARDS ***
ChOfW: raises $3 to $6
Badbet4u2: calls $3
*** FLOP *** [Ac Qc 2s]
Badbet4u2: checks
ChOfW: bets $3
Badbet4u2: raises $3 to $6
ChOfW: calls $3
*** TURN *** [Ac Qc 2s] [Ts]
Badbet4u2: bets $6
ChOfW: calls $6
*** RIVER *** [Ac Qc 2s Ts] [8d]
Badbet4u2: bets $6
ChOfW: calls $6
*** SHOW DOWN ***
Badbet4u2: shows [Ad 6d] (a pair of Aces)
ChOfW: mucks hand
Badbet4u2 collected $47.50 from pot
*** SUMMARY ***
Total pot $48 | Rake $0.50
Board [Ac Qc 2s Ts 8d]
Seat 1: Badbet4u2 (big blind) showed [Ad 6d] and won ($47.50) with a pair of Aces
Seat 2: ChOfW (button) (small blind) mucked


PokerStars Hand #147761586760:  Hold'em Limit ($3/$6 USD) - 2016/01/27 9:04:52 ET
Table 'Scania II' 6-max Seat #1 is the button
Seat 1: Badbet4u2 ($109 in chips)
Seat 2: ChOfW ($66 in chips)
Badbet4u2: posts small blind $1
ChOfW: posts big blind $3
*** HOLE CARDS ***
Badbet4u2: raises $3 to $6
ChOfW: calls $3
*** FLOP *** [5c Qd Ts]
ChOfW: checks
Badbet4u2: bets $3
ChOfW: folds
Uncalled bet ($3) returned to Badbet4u2
Badbet4u2 collected $11.76 from pot
Badbet4u2: doesn't show hand
*** SUMMARY ***
Total pot $12 | Rake $0.24
Board [5c Qd Ts]
Seat 1: Badbet4u2 (button) (small blind) collected ($11.76)
Seat 2: ChOfW (big blind) folded on the Flop


PokerStars Hand #147761658010:  Hold'em Limit ($3/$6 USD) - 2016/01/27 9:06:25 ET
Table 'Scania II' 6-max Seat #2 is the button
Seat 1: Badbet4u2 ($119.02 in chips)
Seat 2: ChOfW ($84.26 in chips)
ChOfW: posts small blind $1
Badbet4u2: posts big blind $3
*** HOLE CARDS ***
ChOfW: raises $3 to $6
Badbet4u2: calls $3
*** FLOP *** [3c 5c 5d]
Badbet4u2: checks
ChOfW: bets $3
Badbet4u2: calls $3
*** TURN *** [3c 5c 5d] [2s]
Badbet4u2: bets $6
ChOfW: folds
Uncalled bet ($6) returned to Badbet4u2
Badbet4u2 collected $17.64 from pot
Badbet4u2: doesn't show hand
*** SUMMARY ***
Total pot $18 | Rake $0.36
Board [3c 5c 5d 2s]
Seat 1: Badbet4u2 (big blind) collected ($17.64)
Seat 2: ChOfW (button) (small blind) folded on the Turn


PokerStars Hand #147761653452:  Hold'em Limit ($3/$6 USD) - 2016/01/27 9:06:20 ET
Table 'Scania II' 6-max Seat #1 is the button
Seat 1: Badbet4u2 ($116.02 in chips)
Seat 2: ChOfW ($87.26 in chips)
Badbet4u2: posts small blind $1
ChOfW: posts big blind $3
*** HOLE CARDS ***
Badbet4u2: raises $3 to $6
ChOfW: folds
Uncalled bet ($3) returned to Badbet4u2
Badbet4u2 collected $6 from pot
Badbet4u2: doesn't show hand
*** SUMMARY ***
Total pot $6 | Rake $0
Seat 1: Badbet4u2 (button) (small blind) collected ($6)
Seat 2: ChOfW (big blind) folded before Flop


PokerStars Hand #147761638435:  Hold'em Limit ($3/$6 USD) - 2016/01/27 9:06:00 ET
Table 'Scania II' 6-max Seat #2 is the button
Seat 1: Badbet4u2 ($137.02 in chips)
Seat 2: ChOfW ($66.76 in chips)
ChOfW: posts small blind $1
Badbet4u2: posts big blind $3
*** HOLE CARDS ***
ChOfW: raises $3 to $6
Badbet4u2: calls $3
*** FLOP *** [5c Ks 3h]
Badbet4u2: checks
ChOfW: bets $3
Badbet4u2: calls $3
*** TURN *** [5c Ks 3h] [7s]
Badbet4u2: checks
ChOfW: bets $6
Badbet4u2: calls $6
*** RIVER *** [5c Ks 3h 7s] [3s]
Badbet4u2: checks
ChOfW: bets $6
Badbet4u2: calls $6
*** SHOW DOWN ***
ChOfW: shows [Qh 3d] (three of a kind, Threes)
Badbet4u2: mucks hand
ChOfW collected $41.50 from pot
*** SUMMARY ***
Total pot $42 | Rake $0.50
Board [5c Ks 3h 7s 3s]
Seat 1: Badbet4u2 (big blind) mucked
Seat 2: ChOfW (button) (small blind) showed [Qh 3d] and won ($41.50) with three of a kind, Threes


PokerStars Hand #147761631382:  Hold'em Limit ($3/$6 USD) - 2016/01/27 9:05:50 ET
Table 'Scania II' 6-max Seat #1 is the button
Seat 1: Badbet4u2 ($131.26 in chips)
Seat 2: ChOfW ($72.76 in chips)
Badbet4u2: posts small blind $1
ChOfW: posts big blind $3
*** HOLE CARDS ***
Badbet4u2: raises $3 to $6
ChOfW: calls $3
*** FLOP *** [9c 2c Kc]
ChOfW: checks
Badbet4u2: bets $3
ChOfW: folds
Uncalled bet ($3) returned to Badbet4u2
Badbet4u2 collected $11.76 from pot
Badbet4u2: doesn't show hand
*** SUMMARY ***
Total pot $12 | Rake $0.24
Board [9c 2c Kc]
Seat 1: Badbet4u2 (button) (small blind) collected ($11.76)
Seat 2: ChOfW (big blind) folded on the Flop


PokerStars Hand #147761620435:  Hold'em Limit ($3/$6 USD) - 2016/01/27 9:05:36 ET
Table 'Scania II' 6-max Seat #2 is the button
Seat 1: Badbet4u2 ($137.26 in chips)
Seat 2: ChOfW ($67 in chips)
ChOfW: posts small blind $1
Badbet4u2: posts big blind $3
*** HOLE CARDS ***
ChOfW: raises $3 to $6
Badbet4u2: calls $3
*** FLOP *** [Kd 5s Qd]
Badbet4u2: checks
ChOfW: bets $3
Badbet4u2: folds
Uncalled bet ($3) returned to ChOfW
ChOfW collected $11.76 from pot
ChOfW: doesn't show hand
*** SUMMARY ***
Total pot $12 | Rake $0.24
Board [Kd 5s Qd]
Seat 1: Badbet4u2 (big blind) folded on the Flop
Seat 2: ChOfW (button) (small blind) collected ($11.76)


PokerStars Hand #147761668884:  Hold'em Limit ($3/$6 USD) - 2016/01/27 9:06:40 ET
Table 'Scania II' 6-max Seat #1 is the button
Seat 1: Badbet4u2 ($127.66 in chips)
Seat 2: ChOfW ($75.26 in chips)
Badbet4u2: posts small blind $1
ChOfW: posts big blind $3
*** HOLE CARDS ***
Badbet4u2: raises $3 to $6
ChOfW: calls $3
*** FLOP *** [As Qs 6d]
ChOfW: checks
Badbet4u2: bets $3
ChOfW: folds
Uncalled bet ($3) returned to Badbet4u2
Badbet4u2 collected $11.76 from pot
Badbet4u2: doesn't show hand
*** SUMMARY ***
Total pot $12 | Rake $0.24
Board [As Qs 6d]
Seat 1: Badbet4u2 (button) (small blind) collected ($11.76)
Seat 2: ChOfW (big blind) folded on the Flop


PokerStars Hand #147761702109:  Hold'em Limit ($3/$6 USD) - 2016/01/27 9:07:24 ET
Table 'Scania II' 6-max Seat #2 is the button
Seat 1: Badbet4u2 ($183.42 in chips)
Seat 2: ChOfW ($66 in chips)
ChOfW: posts small blind $1
Badbet4u2: posts big blind $3
*** HOLE CARDS ***
ChOfW: raises $3 to $6
Badbet4u2: calls $3
*** FLOP *** [2s Jc Qc]
Badbet4u2: checks
ChOfW: bets $3
Badbet4u2: calls $3
*** TURN *** [2s Jc Qc] [Jh]
Badbet4u2: checks
ChOfW: checks
*** RIVER *** [2s Jc Qc Jh] [3h]
Badbet4u2: bets $6
ChOfW: calls $6
*** SHOW DOWN ***
Badbet4u2: shows [2c Kd] (two pair, Jacks and Deuces)
ChOfW: shows [Ac 3s] (two pair, Jacks and Threes)
ChOfW collected $29.50 from pot
*** SUMMARY ***
Total pot $30 | Rake $0.50
Board [2s Jc Qc Jh 3h]
Seat 1: Badbet4u2 (big blind) showed [2c Kd] and lost with two pair, Jacks and Deuces
Seat 2: ChOfW (button) (small blind) showed [Ac 3s] and won ($29.50) with two pair, Jacks and Threes


PokerStars Hand #147761692243:  Hold'em Limit ($3/$6 USD) - 2016/01/27 9:07:10 ET
Table 'Scania II' 6-max Seat #1 is the button
Seat 1: Badbet4u2 ($162.92 in chips)
Seat 2: ChOfW ($66 in chips)
Badbet4u2: posts small blind $1
ChOfW: posts big blind $3
*** HOLE CARDS ***
Badbet4u2: raises $3 to $6
ChOfW: calls $3
*** FLOP *** [Js Ah 7c]
ChOfW: checks
Badbet4u2: bets $3
ChOfW: calls $3
*** TURN *** [Js Ah 7c] [2c]
ChOfW: checks
Badbet4u2: bets $6
ChOfW: calls $6
*** RIVER *** [Js Ah 7c 2c] [5h]
ChOfW: checks
Badbet4u2: bets $6
ChOfW: calls $6
*** SHOW DOWN ***
Badbet4u2: shows [Qc Qs] (a pair of Queens)
ChOfW: mucks hand
Badbet4u2 collected $41.50 from pot
*** SUMMARY ***
Total pot $42 | Rake $0.50
Board [Js Ah 7c 2c 5h]
Seat 1: Badbet4u2 (button) (small blind) showed [Qc Qs] and won ($41.50) with a pair of Queens
Seat 2: ChOfW (big blind) mucked


PokerStars Hand #147761676041:  Hold'em Limit ($3/$6 USD) - 2016/01/27 9:06:49 ET
Table 'Scania II' 6-max Seat #2 is the button
Seat 1: Badbet4u2 ($133.42 in chips)
Seat 2: ChOfW ($69.26 in chips)
ChOfW: posts small blind $1
Badbet4u2: posts big blind $3
*** HOLE CARDS ***
ChOfW: raises $3 to $6
Badbet4u2: raises $3 to $9
ChOfW: calls $3
*** FLOP *** [Qc 9s Kc]
Badbet4u2: bets $3
ChOfW: calls $3
*** TURN *** [Qc 9s Kc] [6s]
Badbet4u2: bets $6
ChOfW: raises $6 to $12
Badbet4u2: calls $6
*** RIVER *** [Qc 9s Kc 6s] [Kh]
Badbet4u2: checks
ChOfW: bets $6
Badbet4u2: calls $6
*** SHOW DOWN ***
ChOfW: shows [Th 8d] (a pair of Kings)
Badbet4u2: shows [Qs As] (two pair, Kings and Queens)
Badbet4u2 collected $59.50 from pot
*** SUMMARY ***
Total pot $60 | Rake $0.50
Board [Qc 9s Kc 6s Kh]
Seat 1: Badbet4u2 (big blind) showed [Qs As] and won ($59.50) with two pair, Kings and Queens
Seat 2: ChOfW (button) (small blind) showed [Th 8d] and lost with a pair of Kings


PokerStars Hand #147761750212:  Hold'em Limit ($3/$6 USD) - 2016/01/27 9:08:27 ET
Table 'Scania II' 6-max Seat #1 is the button
Seat 1: Badbet4u2 ($195.56 in chips)
Seat 2: ChOfW ($66 in chips)
Badbet4u2: posts small blind $1
ChOfW: posts big blind $3
*** HOLE CARDS ***
Badbet4u2: raises $3 to $6
ChOfW: calls $3
*** FLOP *** [Th 9h Ad]
ChOfW: checks
Badbet4u2: bets $3
ChOfW: folds
Uncalled bet ($3) returned to Badbet4u2
Badbet4u2 collected $11.76 from pot
Badbet4u2: doesn't show hand
*** SUMMARY ***
Total pot $12 | Rake $0.24
Board [Th 9h Ad]
Seat 1: Badbet4u2 (button) (small blind) collected ($11.76)
Seat 2: ChOfW (big blind) folded on the Flop


PokerStars Hand #147761736887:  Hold'em Limit ($3/$6 USD) - 2016/01/27 9:08:10 ET
Table 'Scania II' 6-max Seat #2 is the button
Seat 1: Badbet4u2 ($186.92 in chips)
Seat 2: ChOfW ($66 in chips)
ChOfW: posts small blind $1
Badbet4u2: posts big blind $3
*** HOLE CARDS ***
ChOfW: raises $3 to $6
Badbet4u2: calls $3
*** FLOP *** [Ah Qd Qc]
Badbet4u2: checks
ChOfW: bets $3
Badbet4u2: calls $3
*** TURN *** [Ah Qd Qc] [Ts]
Badbet4u2: bets $6
ChOfW: folds
Uncalled bet ($6) returned to Badbet4u2
Badbet4u2 collected $17.64 from pot
Badbet4u2: doesn't show hand
*** SUMMARY ***
Total pot $18 | Rake $0.36
Board [Ah Qd Qc Ts]
Seat 1: Badbet4u2 (big blind) collected ($17.64)
Seat 2: ChOfW (button) (small blind) folded on the Turn


PokerStars Hand #147761733063:  Hold'em Limit ($3/$6 USD) - 2016/01/27 9:08:04 ET
Table 'Scania II' 6-max Seat #1 is the button
Seat 1: Badbet4u2 ($183.92 in chips)
Seat 2: ChOfW ($66 in chips)
Badbet4u2: posts small blind $1
ChOfW: posts big blind $3
*** HOLE CARDS ***
Badbet4u2: raises $3 to $6
ChOfW: folds
Uncalled bet ($3) returned to Badbet4u2
Badbet4u2 collected $6 from pot
Badbet4u2: doesn't show hand
*** SUMMARY ***
Total pot $6 | Rake $0
Seat 1: Badbet4u2 (button) (small blind) collected ($6)
Seat 2: ChOfW (big blind) folded before Flop


PokerStars Hand #147761726939:  Hold'em Limit ($3/$6 USD) - 2016/01/27 9:07:56 ET
Table 'Scania II' 6-max Seat #2 is the button
Seat 1: Badbet4u2 ($182.92 in chips)
Seat 2: ChOfW ($66 in chips)
ChOfW: posts small blind $1
Badbet4u2: posts big blind $3
*** HOLE CARDS ***
ChOfW: folds
Uncalled bet ($2) returned to Badbet4u2
Badbet4u2 collected $2 from pot
Badbet4u2: doesn't show hand
*** SUMMARY ***
Total pot $2 | Rake $0
Seat 1: Badbet4u2 (big blind) collected ($2)
Seat 2: ChOfW (button) (small blind) folded before Flop


PokerStars Hand #147761713356:  Hold'em Limit ($3/$6 USD) - 2016/01/27 9:07:38 ET
Table 'Scania II' 6-max Seat #1 is the button
Seat 1: Badbet4u2 ($168.42 in chips)
Seat 2: ChOfW ($80.50 in chips)
Badbet4u2: posts small blind $1
ChOfW: posts big blind $3
*** HOLE CARDS ***
Badbet4u2: raises $3 to $6
ChOfW: calls $3
*** FLOP *** [6d 8c Tc]
ChOfW: checks
Badbet4u2: bets $3
ChOfW: calls $3
*** TURN *** [6d 8c Tc] [7h]
ChOfW: checks
Badbet4u2: bets $6
ChOfW: calls $6
*** RIVER *** [6d 8c Tc 7h] [4s]
ChOfW: checks
Badbet4u2: bets $6
ChOfW: folds
Uncalled bet ($6) returned to Badbet4u2
Badbet4u2 collected $29.50 from pot
Badbet4u2: doesn't show hand
*** SUMMARY ***
Total pot $30 | Rake $0.50
Board [6d 8c Tc 7h 4s]
Seat 1: Badbet4u2 (button) (small blind) collected ($29.50)
Seat 2: ChOfW (big blind) folded on the River


PokerStars Hand #147761782830:  Hold'em Limit ($3/$6 USD) - 2016/01/27 9:09:10 ET
Table 'Scania II' 6-max Seat #1 is the button
Seat 1: Badbet4u2 ($237.46 in chips)
Seat 2: ChOfW ($66 in chips)
Badbet4u2: posts small blind $1
ChOfW: posts big blind $3
*** HOLE CARDS ***
Badbet4u2: raises $3 to $6
ChOfW: calls $3
*** FLOP *** [2d Qs 4s]
ChOfW: checks
Badbet4u2: bets $3
ChOfW: raises $3 to $6
Badbet4u2: calls $3
*** TURN *** [2d Qs 4s] [5c]
ChOfW: bets $6
Badbet4u2: raises $6 to $12
ChOfW: calls $6
*** RIVER *** [2d Qs 4s 5c] [4c]
ChOfW: checks
Badbet4u2: bets $6
ChOfW: folds
Uncalled bet ($6) returned to Badbet4u2
Badbet4u2 collected $47.50 from pot
Badbet4u2: doesn't show hand
*** SUMMARY ***
Total pot $48 | Rake $0.50
Board [2d Qs 4s 5c 4c]
Seat 1: Badbet4u2 (button) (small blind) collected ($47.50)
Seat 2: ChOfW (big blind) folded on the River


PokerStars Hand #147761779563:  Hold'em Limit ($3/$6 USD) - 2016/01/27 9:09:06 ET
Table 'Scania II' 6-max Seat #2 is the button
Seat 1: Badbet4u2 ($236.46 in chips)
Seat 2: ChOfW ($66 in chips)
ChOfW: posts small blind $1
Badbet4u2: posts big blind $3
*** HOLE CARDS ***
ChOfW: folds
Uncalled bet ($2) returned to Badbet4u2
Badbet4u2 collected $2 from pot
Badbet4u2: doesn't show hand
*** SUMMARY ***
Total pot $2 | Rake $0
Seat 1: Badbet4u2 (big blind) collected ($2)
Seat 2: ChOfW (button) (small blind) folded before Flop


PokerStars Hand #147761767849:  Hold'em Limit ($3/$6 USD) - 2016/01/27 9:08:50 ET
Table 'Scania II' 6-max Seat #1 is the button
Seat 1: Badbet4u2 ($209.96 in chips)
Seat 2: ChOfW ($66 in chips)
Badbet4u2: posts small blind $1
ChOfW: posts big blind $3
*** HOLE CARDS ***
Badbet4u2: raises $3 to $6
ChOfW: calls $3
*** FLOP *** [Kh 7h 4d]
ChOfW: checks
Badbet4u2: bets $3
ChOfW: calls $3
*** TURN *** [Kh 7h 4d] [Jc]
ChOfW: checks
Badbet4u2: bets $6
ChOfW: raises $6 to $12
Badbet4u2: calls $6
*** RIVER *** [Kh 7h 4d Jc] [2d]
ChOfW: bets $6
Badbet4u2: calls $6
*** SHOW DOWN ***
ChOfW: shows [8d Kd] (a pair of Kings)
Badbet4u2: shows [7s Jh] (two pair, Jacks and Sevens)
Badbet4u2 collected $53.50 from pot
*** SUMMARY ***
Total pot $54 | Rake $0.50
Board [Kh 7h 4d Jc 2d]
Seat 1: Badbet4u2 (button) (small blind) showed [7s Jh] and won ($53.50) with two pair, Jacks and Sevens
Seat 2: ChOfW (big blind) showed [8d Kd] and lost with a pair of Kings


PokerStars Hand #147761756218:  Hold'em Limit ($3/$6 USD) - 2016/01/27 9:08:35 ET
Table 'Scania II' 6-max Seat #2 is the button
Seat 1: Badbet4u2 ($201.32 in chips)
Seat 2: ChOfW ($66 in chips)
ChOfW: posts small blind $1
Badbet4u2: posts big blind $3
*** HOLE CARDS ***
ChOfW: raises $3 to $6
Badbet4u2: calls $3
*** FLOP *** [2c 7d Qs]
Badbet4u2: checks
ChOfW: bets $3
Badbet4u2: calls $3
*** TURN *** [2c 7d Qs] [8s]
Badbet4u2: checks
ChOfW: checks
*** RIVER *** [2c 7d Qs 8s] [Td]
Badbet4u2: bets $6
ChOfW: folds
Uncalled bet ($6) returned to Badbet4u2
Badbet4u2 collected $17.64 from pot
Badbet4u2: doesn't show hand
*** SUMMARY ***
Total pot $18 | Rake $0.36
Board [2c 7d Qs 8s Td]
Seat 1: Badbet4u2 (big blind) collected ($17.64)
Seat 2: ChOfW (button) (small blind) folded on the River


PokerStars Hand #147761811346:  Hold'em Limit ($3/$6 USD) - 2016/01/27 9:09:48 ET
Table 'Scania II' 6-max Seat #1 is the button
Seat 1: Badbet4u2 ($236.96 in chips)
Seat 2: ChOfW ($89.50 in chips)
Badbet4u2: posts small blind $1
ChOfW: posts big blind $3
*** HOLE CARDS ***
Badbet4u2: raises $3 to $6
ChOfW: calls $3
*** FLOP *** [4d Qd 7c]
ChOfW: checks
Badbet4u2: bets $3
ChOfW: folds
Uncalled bet ($3) returned to Badbet4u2
Badbet4u2 collected $11.76 from pot
Badbet4u2: doesn't show hand
*** SUMMARY ***
Total pot $12 | Rake $0.24
Board [4d Qd 7c]
Seat 1: Badbet4u2 (button) (small blind) collected ($11.76)
Seat 2: ChOfW (big blind) folded on the Flop


PokerStars Hand #147761837336:  Hold'em Limit ($3/$6 USD) - 2016/01/27 9:10:23 ET
Table 'Scania II' 6-max Seat #1 is the button
Seat 1: Badbet4u2 ($251.36 in chips)
Seat 2: ChOfW ($74.50 in chips)
Badbet4u2: posts small blind $1
ChOfW: posts big blind $3
*** HOLE CARDS ***
Badbet4u2: raises $3 to $6
ChOfW: folds
Uncalled bet ($3) returned to Badbet4u2
Badbet4u2 collected $6 from pot
Badbet4u2: doesn't show hand
*** SUMMARY ***
Total pot $6 | Rake $0
Seat 1: Badbet4u2 (button) (small blind) collected ($6)
Seat 2: ChOfW (big blind) folded before Flop


PokerStars Hand #147761824527:  Hold'em Limit ($3/$6 USD) - 2016/01/27 9:10:06 ET
Table 'Scania II' 6-max Seat #2 is the button
Seat 1: Badbet4u2 ($242.72 in chips)
Seat 2: ChOfW ($83.50 in chips)
ChOfW: posts small blind $1
Badbet4u2: posts big blind $3
*** HOLE CARDS ***
ChOfW: raises $3 to $6
Badbet4u2: calls $3
*** FLOP *** [5c 8s 7d]
Badbet4u2: bets $3
ChOfW: calls $3
*** TURN *** [5c 8s 7d] [6h]
Badbet4u2: bets $6
ChOfW: folds
Uncalled bet ($6) returned to Badbet4u2
Badbet4u2 collected $17.64 from pot
Badbet4u2: doesn't show hand
*** SUMMARY ***
Total pot $18 | Rake $0.36
Board [5c 8s 7d 6h]
Seat 1: Badbet4u2 (big blind) collected ($17.64)
Seat 2: ChOfW (button) (small blind) folded on the Turn


PokerStars Hand #147761797004:  Hold'em Limit ($3/$6 USD) - 2016/01/27 9:09:29 ET
Table 'Scania II' 6-max Seat #2 is the button
Seat 1: Badbet4u2 ($260.96 in chips)
Seat 2: ChOfW ($66 in chips)
ChOfW: posts small blind $1
Badbet4u2: posts big blind $3
*** HOLE CARDS ***
ChOfW: raises $3 to $6
Badbet4u2: raises $3 to $9
ChOfW: calls $3
*** FLOP *** [8h 3h Ac]
Badbet4u2: bets $3
ChOfW: calls $3
*** TURN *** [8h 3h Ac] [6h]
Badbet4u2: bets $6
ChOfW: calls $6
*** RIVER *** [8h 3h Ac 6h] [7d]
Badbet4u2: bets $6
ChOfW: calls $6
*** SHOW DOWN ***
Badbet4u2: shows [Qd Qh] (a pair of Queens)
ChOfW: shows [Ad 4d] (a pair of Aces)
ChOfW collected $47.50 from pot
*** SUMMARY ***
Total pot $48 | Rake $0.50
Board [8h 3h Ac 6h 7d]
Seat 1: Badbet4u2 (big blind) showed [Qd Qh] and lost with a pair of Queens
Seat 2: ChOfW (button) (small blind) showed [Ad 4d] and won ($47.50) with a pair of Aces


PokerStars Hand #147761858588:  Hold'em Limit ($3/$6 USD) - 2016/01/27 9:10:51 ET
Table 'Scania II' 6-max Seat #1 is the button
Seat 1: Badbet4u2 ($233.36 in chips)
Seat 2: ChOfW ($92 in chips)
Badbet4u2: posts small blind $1
ChOfW: posts big blind $3
*** HOLE CARDS ***
Badbet4u2: raises $3 to $6
ChOfW: calls $3
*** FLOP *** [9s 5h As]
ChOfW: checks
Badbet4u2: bets $3
ChOfW: raises $3 to $6
Badbet4u2: folds
Uncalled bet ($3) returned to ChOfW
ChOfW collected $17.64 from pot
ChOfW: doesn't show hand
*** SUMMARY ***
Total pot $18 | Rake $0.36
Board [9s 5h As]
Seat 1: Badbet4u2 (button) (small blind) folded on the Flop
Seat 2: ChOfW (big blind) collected ($17.64)


PokerStars Hand #147761871244:  Hold'em Limit ($3/$6 USD) - 2016/01/27 9:11:08 ET
Table 'Scania II' 6-max Seat #2 is the button
Seat 1: Badbet4u2 ($224.36 in chips)
Seat 2: ChOfW ($100.64 in chips)
ChOfW: posts small blind $1
Badbet4u2: posts big blind $3
*** HOLE CARDS ***
ChOfW: raises $3 to $6
Badbet4u2: calls $3
*** FLOP *** [4c Td 2s]
Badbet4u2: bets $3
ChOfW: folds
Uncalled bet ($3) returned to Badbet4u2
Badbet4u2 collected $11.76 from pot
Badbet4u2: doesn't show hand
*** SUMMARY ***
Total pot $12 | Rake $0.24
Board [4c Td 2s]
Seat 1: Badbet4u2 (big blind) collected ($11.76)
Seat 2: ChOfW (button) (small blind) folded on the Flop


PokerStars Hand #147761842968:  Hold'em Limit ($3/$6 USD) - 2016/01/27 9:10:30 ET
Table 'Scania II' 6-max Seat #2 is the button
Seat 1: Badbet4u2 ($254.36 in chips)
Seat 2: ChOfW ($71.50 in chips)
ChOfW: posts small blind $1
Badbet4u2: posts big blind $3
*** HOLE CARDS ***
ChOfW: raises $3 to $6
Badbet4u2: calls $3
*** FLOP *** [4s 7h 8c]
Badbet4u2: checks
ChOfW: bets $3
Badbet4u2: calls $3
*** TURN *** [4s 7h 8c] [4h]
Badbet4u2: checks
ChOfW: bets $6
Badbet4u2: calls $6
*** RIVER *** [4s 7h 8c 4h] [2h]
Badbet4u2: checks
ChOfW: bets $6
Badbet4u2: calls $6
*** SHOW DOWN ***
ChOfW: shows [Tc Th] (two pair, Tens and Fours)
Badbet4u2: mucks hand
ChOfW collected $41.50 from pot
*** SUMMARY ***
Total pot $42 | Rake $0.50
Board [4s 7h 8c 4h 2h]
Seat 1: Badbet4u2 (big blind) mucked
Seat 2: ChOfW (button) (small blind) showed [Tc Th] and won ($41.50) with two pair, Tens and Fours


PokerStars Hand #147761902507:  Hold'em Limit ($3/$6 USD) - 2016/01/27 9:11:50 ET
Table 'Scania II' 6-max Seat #2 is the button
Seat 1: Badbet4u2 ($235.88 in chips)
Seat 2: ChOfW ($88.64 in chips)
ChOfW: posts small blind $1
Badbet4u2: posts big blind $3
*** HOLE CARDS ***
ChOfW: raises $3 to $6
Badbet4u2: calls $3
*** FLOP *** [Qh 2d 4s]
Badbet4u2: bets $3
ChOfW: calls $3
*** TURN *** [Qh 2d 4s] [5d]
Badbet4u2: bets $6
ChOfW: calls $6
*** RIVER *** [Qh 2d 4s 5d] [7s]
Badbet4u2: bets $6
ChOfW: calls $6
*** SHOW DOWN ***
Badbet4u2: shows [5s 3s] (a pair of Fives)
ChOfW: mucks hand
Badbet4u2 collected $41.50 from pot
Airbag999 joins the table at seat #3
*** SUMMARY ***
Total pot $42 | Rake $0.50
Board [Qh 2d 4s 5d 7s]
Seat 1: Badbet4u2 (big blind) showed [5s 3s] and won ($41.50) with a pair of Fives
Seat 2: ChOfW (button) (small blind) mucked


PokerStars Hand #147761919637:  Hold'em Limit ($3/$6 USD) - 2016/01/27 9:12:12 ET
Table 'Scania II' 6-max Seat #1 is the button
Seat 1: Badbet4u2 ($256.38 in chips)
Seat 2: ChOfW ($67.64 in chips)
Badbet4u2: posts small blind $1
ChOfW: posts big blind $3
*** HOLE CARDS ***
Badbet4u2: raises $3 to $6
ChOfW: calls $3
*** FLOP *** [Ts 2c Jh]
ChOfW: checks
Badbet4u2: bets $3
ChOfW: raises $3 to $6
Badbet4u2: calls $3
*** TURN *** [Ts 2c Jh] [Kh]
ChOfW: bets $6
Badbet4u2: raises $6 to $12
ChOfW: raises $6 to $18
Badbet4u2: calls $6
*** RIVER *** [Ts 2c Jh Kh] [Jd]
ChOfW: bets $6
Badbet4u2: calls $6
*** SHOW DOWN ***
ChOfW: shows [2d 2s] (a full house, Deuces full of Jacks)
Badbet4u2: mucks hand
ChOfW collected $71.50 from pot
*** SUMMARY ***
Total pot $72 | Rake $0.50
Board [Ts 2c Jh Kh Jd]
Seat 1: Badbet4u2 (button) (small blind) mucked
Seat 2: ChOfW (big blind) showed [2d 2s] and won ($71.50) with a full house, Deuces full of Jacks


PokerStars Hand #147761888374:  Hold'em Limit ($3/$6 USD) - 2016/01/27 9:11:31 ET
Table 'Scania II' 6-max Seat #1 is the button
Seat 1: Badbet4u2 ($230.12 in chips)
Seat 2: ChOfW ($94.64 in chips)
Badbet4u2: posts small blind $1
ChOfW: posts big blind $3
*** HOLE CARDS ***
Badbet4u2: raises $3 to $6
ChOfW: calls $3
*** FLOP *** [As 2s 6h]
ChOfW: checks
Badbet4u2: bets $3
ChOfW: folds
Uncalled bet ($3) returned to Badbet4u2
Badbet4u2 collected $11.76 from pot
Badbet4u2: doesn't show hand
*** SUMMARY ***
Total pot $12 | Rake $0.24
Board [As 2s 6h]
Seat 1: Badbet4u2 (button) (small blind) collected ($11.76)
Seat 2: ChOfW (big blind) folded on the Flop


PokerStars Hand #147765988713:  Hold'em Limit ($3/$6 USD) - 2016/01/27 10:40:19 ET
Table 'Scania II' 6-max Seat #5 is the button
Seat 4: pripardone ($222.95 in chips)
Seat 5: scorpio04 ($261.06 in chips)
scorpio04: posts small blind $1
pripardone: posts big blind $3
*** HOLE CARDS ***
scorpio04: raises $3 to $6
pripardone: folds
Uncalled bet ($3) returned to scorpio04
scorpio04 collected $6 from pot
scorpio04: doesn't show hand
*** SUMMARY ***
Total pot $6 | Rake $0
Seat 4: pripardone (big blind) folded before Flop
Seat 5: scorpio04 (button) (small blind) collected ($6)


PokerStars Hand #147765999670:  Hold'em Limit ($3/$6 USD) - 2016/01/27 10:40:32 ET
Table 'Scania II' 6-max Seat #5 is the button
Seat 4: pripardone ($218.95 in chips)
Seat 5: scorpio04 ($265.06 in chips)
scorpio04: posts small blind $1
pripardone: posts big blind $3
*** HOLE CARDS ***
scorpio04: raises $3 to $6
pripardone: folds
Uncalled bet ($3) returned to scorpio04
scorpio04 collected $6 from pot
scorpio04: doesn't show hand
*** SUMMARY ***
Total pot $6 | Rake $0
Seat 4: pripardone (big blind) folded before Flop
Seat 5: scorpio04 (button) (small blind) collected ($6)


PokerStars Hand #147765995410:  Hold'em Limit ($3/$6 USD) - 2016/01/27 10:40:27 ET
Table 'Scania II' 6-max Seat #4 is the button
Seat 4: pripardone ($219.95 in chips)
Seat 5: scorpio04 ($264.06 in chips)
pripardone: posts small blind $1
scorpio04: posts big blind $3
*** HOLE CARDS ***
pripardone: folds
Uncalled bet ($2) returned to scorpio04
scorpio04 collected $2 from pot
scorpio04: doesn't show hand
*** SUMMARY ***
Total pot $2 | Rake $0
Seat 4: pripardone (button) (small blind) folded before Flop
Seat 5: scorpio04 (big blind) collected ($2)


PokerStars Hand #147766004228:  Hold'em Limit ($3/$6 USD) - 2016/01/27 10:40:38 ET
Table 'Scania II' 6-max Seat #4 is the button
Seat 4: pripardone ($215.95 in chips)
Seat 5: scorpio04 ($268.06 in chips)
pripardone: posts small blind $1
scorpio04: posts big blind $3
*** HOLE CARDS ***
pripardone: raises $3 to $6
scorpio04: raises $3 to $9
pripardone: raises $3 to $12
Betting is capped
scorpio04: calls $3
*** FLOP *** [As 7h Qd]
scorpio04: checks
pripardone: checks
*** TURN *** [As 7h Qd] [3h]
scorpio04: checks
pripardone: checks
*** RIVER *** [As 7h Qd 3h] [Js]
scorpio04: checks
pripardone: bets $6
scorpio04: folds
Uncalled bet ($6) returned to pripardone
pripardone collected $23.52 from pot
pripardone: doesn't show hand
*** SUMMARY ***
Total pot $24 | Rake $0.48
Board [As 7h Qd 3h Js]
Seat 4: pripardone (button) (small blind) collected ($23.52)
Seat 5: scorpio04 (big blind) folded on the River


PokerStars Hand #147766043116:  Hold'em Limit ($3/$6 USD) - 2016/01/27 10:41:26 ET
Table 'Scania II' 6-max Seat #5 is the button
Seat 4: pripardone ($227.47 in chips)
Seat 5: scorpio04 ($256.06 in chips)
scorpio04: posts small blind $1
pripardone: posts big blind $3
*** HOLE CARDS ***
scorpio04: raises $3 to $6
pripardone: folds
Uncalled bet ($3) returned to scorpio04
scorpio04 collected $6 from pot
scorpio04: doesn't show hand
*** SUMMARY ***
Total pot $6 | Rake $0
Seat 4: pripardone (big blind) folded before Flop
Seat 5: scorpio04 (button) (small blind) collected ($6)


PokerStars Hand #147766056852:  Hold'em Limit ($3/$6 USD) - 2016/01/27 10:41:43 ET
Table 'Scania II' 6-max Seat #4 is the button
Seat 4: pripardone ($224.47 in chips)
Seat 5: scorpio04 ($259.06 in chips)
pripardone: posts small blind $1
scorpio04: posts big blind $3
*** HOLE CARDS ***
pripardone: raises $3 to $6
scorpio04: raises $3 to $9
pripardone: raises $3 to $12
Betting is capped
scorpio04: calls $3
*** FLOP *** [Js 5h 6s]
scorpio04: checks
pripardone: checks
*** TURN *** [Js 5h 6s] [4d]
scorpio04: bets $6
pripardone: calls $6
*** RIVER *** [Js 5h 6s 4d] [3d]
scorpio04: bets $6
pripardone: folds
Uncalled bet ($6) returned to scorpio04
scorpio04 collected $35.50 from pot
scorpio04: doesn't show hand
*** SUMMARY ***
Total pot $36 | Rake $0.50
Board [Js 5h 6s 4d 3d]
Seat 4: pripardone (button) (small blind) folded on the River
Seat 5: scorpio04 (big blind) collected ($35.50)


PokerStars Hand #147766079804:  Hold'em Limit ($3/$6 USD) - 2016/01/27 10:42:09 ET
Table 'Scania II' 6-max Seat #5 is the button
Seat 4: pripardone ($206.47 in chips)
Seat 5: scorpio04 ($276.56 in chips)
scorpio04: posts small blind $1
pripardone: posts big blind $3
*** HOLE CARDS ***
scorpio04: raises $3 to $6
pripardone: raises $3 to $9
scorpio04: calls $3
*** FLOP *** [2h 8h 6c]
pripardone: bets $3
scorpio04: calls $3
*** TURN *** [2h 8h 6c] [Kc]
pripardone: bets $6
scorpio04: folds
Uncalled bet ($6) returned to pripardone
pripardone collected $23.52 from pot
pripardone: doesn't show hand
*** SUMMARY ***
Total pot $24 | Rake $0.48
Board [2h 8h 6c Kc]
Seat 4: pripardone (big blind) collected ($23.52)
Seat 5: scorpio04 (button) (small blind) folded on the Turn


PokerStars Hand #147766101153:  Hold'em Limit ($3/$6 USD) - 2016/01/27 10:42:36 ET
Table 'Scania II' 6-max Seat #4 is the button
Seat 4: pripardone ($217.99 in chips)
Seat 5: scorpio04 ($264.56 in chips)
pripardone: posts small blind $1
scorpio04: posts big blind $3
*** HOLE CARDS ***
pripardone: raises $3 to $6
scorpio04: calls $3
*** FLOP *** [Ac Qs 5h]
scorpio04: checks
pripardone: checks
*** TURN *** [Ac Qs 5h] [6h]
scorpio04: bets $6
pripardone: folds
Uncalled bet ($6) returned to scorpio04
scorpio04 collected $11.76 from pot
scorpio04: doesn't show hand
*** SUMMARY ***
Total pot $12 | Rake $0.24
Board [Ac Qs 5h 6h]
Seat 4: pripardone (button) (small blind) folded on the Turn
Seat 5: scorpio04 (big blind) collected ($11.76)


PokerStars Hand #147778094743:  Hold'em Limit ($3/$6 USD) - 2016/01/27 14:19:28 ET
Table 'Scania II' 6-max Seat #6 is the button
Seat 5: Brama Br ($189.20 in chips)
Seat 6: krytalex ($121.37 in chips)
krytalex: posts small blind $1
Brama Br: posts big blind $3
*** HOLE CARDS ***
krytalex: folds
Uncalled bet ($2) returned to Brama Br
Brama Br collected $2 from pot
*** SUMMARY ***
Total pot $2 | Rake $0
Seat 5: Brama Br (big blind) collected ($2)
Seat 6: krytalex (button) (small blind) folded before Flop


PokerStars Hand #147778104041:  Hold'em Limit ($3/$6 USD) - 2016/01/27 14:19:37 ET
Table 'Scania II' 6-max Seat #5 is the button
Seat 5: Brama Br ($190.20 in chips)
Seat 6: krytalex ($120.37 in chips)
SmellyToes4u joins the table at seat #1
Brama Br: posts small blind $1
krytalex: posts big blind $3
*** HOLE CARDS ***
Brama Br: raises $3 to $6
krytalex: raises $3 to $9
Brama Br: calls $3
*** FLOP *** [8c Kc Tc]
krytalex: bets $3
Brama Br: raises $3 to $6
krytalex: calls $3
*** TURN *** [8c Kc Tc] [7c]
krytalex: checks
Brama Br: bets $6
krytalex: folds
Uncalled bet ($6) returned to Brama Br
Brama Br collected $29.50 from pot
*** SUMMARY ***
Total pot $30 | Rake $0.50
Board [8c Kc Tc 7c]
Seat 5: Brama Br (button) (small blind) collected ($29.50)
Seat 6: krytalex (big blind) folded on the Turn


PokerStars Hand #147784602154:  Hold'em Limit ($3/$6 USD) - 2016/01/27 16:02:59 ET
Table 'Scania II' 6-max Seat #6 is the button
Seat 4: Onkinator ($246.58 in chips)
Seat 6: krytalex ($259.75 in chips)
GRAILKO will be allowed to play after the button
krytalex: posts small blind $1
Onkinator: posts big blind $3
*** HOLE CARDS ***
krytalex: raises $3 to $6
Onkinator: calls $3
*** FLOP *** [Ad Ac Qc]
Onkinator: checks
krytalex: bets $3
Onkinator: calls $3
*** TURN *** [Ad Ac Qc] [Kd]
Onkinator: checks
krytalex: bets $6
Onkinator: raises $6 to $12
krytalex: calls $6
*** RIVER *** [Ad Ac Qc Kd] [8d]
Onkinator: bets $6
krytalex: calls $6
*** SHOW DOWN ***
Onkinator: shows [Th Jd] (a straight, Ten to Ace)
krytalex: mucks hand
Onkinator collected $53.50 from pot
*** SUMMARY ***
Total pot $54 | Rake $0.50
Board [Ad Ac Qc Kd 8d]
Seat 4: Onkinator (big blind) showed [Th Jd] and won ($53.50) with a straight, Ten to Ace
Seat 6: krytalex (button) (small blind) mucked


PokerStars Hand #147784925908:  Hold'em Limit ($3/$6 USD) - 2016/01/27 16:07:58 ET
Table 'Scania II' 6-max Seat #6 is the button
Seat 5: GRAILKO ($204.50 in chips)
Seat 6: krytalex ($259.38 in chips)
krytalex: posts small blind $1
GRAILKO: posts big blind $3
*** HOLE CARDS ***
krytalex: raises $3 to $6
GRAILKO: folds
Uncalled bet ($3) returned to krytalex
krytalex collected $6 from pot
*** SUMMARY ***
Total pot $6 | Rake $0
Seat 5: GRAILKO (big blind) folded before Flop
Seat 6: krytalex (button) (small blind) collected ($6)


PokerStars Hand #147784941471:  Hold'em Limit ($3/$6 USD) - 2016/01/27 16:08:13 ET
Table 'Scania II' 6-max Seat #5 is the button
Seat 5: GRAILKO ($201.50 in chips)
Seat 6: krytalex ($262.38 in chips)
GRAILKO: posts small blind $1
krytalex: posts big blind $3
*** HOLE CARDS ***
GRAILKO: raises $3 to $6
krytalex: calls $3
*** FLOP *** [4s 9c 8d]
krytalex: checks
GRAILKO: bets $3
krytalex: calls $3
*** TURN *** [4s 9c 8d] [8s]
krytalex: checks
GRAILKO: bets $6
krytalex: folds
Uncalled bet ($6) returned to GRAILKO
GRAILKO collected $17.64 from pot
GRAILKO: doesn't show hand
*** SUMMARY ***
Total pot $18 | Rake $0.36
Board [4s 9c 8d 8s]
Seat 5: GRAILKO (button) (small blind) collected ($17.64)
Seat 6: krytalex (big blind) folded on the Turn


PokerStars Hand #147785240320:  Hold'em Limit ($3/$6 USD) - 2016/01/27 16:12:53 ET
Table 'Scania II' 6-max Seat #6 is the button
Seat 3: matei1509 ($7 in chips)
Seat 6: krytalex ($285.64 in chips)
krytalex: posts small blind $1
matei1509: posts big blind $3
*** HOLE CARDS ***
krytalex: raises $3 to $6
matei1509: folds
Uncalled bet ($3) returned to krytalex
krytalex collected $6 from pot
*** SUMMARY ***
Total pot $6 | Rake $0
Seat 3: matei1509 (big blind) folded before Flop
Seat 6: krytalex (button) (small blind) collected ($6)


PokerStars Hand #147785201204:  Hold'em Limit ($3/$6 USD) - 2016/01/27 16:12:16 ET
Table 'Scania II' 6-max Seat #3 is the button
Seat 3: matei1509 ($34 in chips)
Seat 6: krytalex ($259.14 in chips)
matei1509: posts small blind $1
krytalex: posts big blind $3
*** HOLE CARDS ***
matei1509: raises $3 to $6
krytalex: calls $3
*** FLOP *** [2c 7h 9d]
krytalex: checks
matei1509: bets $3
krytalex: raises $3 to $6
GRAILKO joins the table at seat #4
matei1509: raises $3 to $9
krytalex: calls $3
*** TURN *** [2c 7h 9d] [Ad]
krytalex: checks
matei1509: bets $6
krytalex: calls $6
*** RIVER *** [2c 7h 9d Ad] [3c]
krytalex: checks
matei1509: bets $6
krytalex: calls $6
*** SHOW DOWN ***
matei1509: shows [6d 6h] (a pair of Sixes)
krytalex: shows [7c Kd] (a pair of Sevens)
krytalex collected $53.50 from pot
*** SUMMARY ***
Total pot $54 | Rake $0.50
Board [2c 7h 9d Ad 3c]
Seat 3: matei1509 (button) (small blind) showed [6d 6h] and lost with a pair of Sixes
Seat 6: krytalex (big blind) showed [7c Kd] and won ($53.50) with a pair of Sevens


PokerStars Hand #147785411303:  Hold'em Limit ($3/$6 USD) - 2016/01/27 16:15:34 ET
Table 'Scania II' 6-max Seat #6 is the button
Seat 3: matei1509 ($46.59 in chips)
Seat 6: krytalex ($264.64 in chips)
krytalex: posts small blind $1
matei1509: posts big blind $3
*** HOLE CARDS ***
krytalex: raises $3 to $6
matei1509: raises $3 to $9
krytalex: calls $3
*** FLOP *** [8d Ts Kd]
matei1509: bets $3
krytalex: raises $3 to $6
matei1509: calls $3
*** TURN *** [8d Ts Kd] [Jh]
matei1509: checks
xlas-mariasx joins the table at seat #4
krytalex: bets $6
matei1509: calls $6
*** RIVER *** [8d Ts Kd Jh] [4h]
GRAILKO joins the table at seat #5
matei1509: checks
krytalex: bets $6
matei1509: calls $6
*** SHOW DOWN ***
krytalex: shows [Kh 7c] (a pair of Kings)
matei1509: mucks hand
krytalex collected $53.50 from pot
Hsj2012 joins the table at seat #1
*** SUMMARY ***
Total pot $54 | Rake $0.50
Board [8d Ts Kd Jh 4h]
Seat 3: matei1509 (big blind) mucked
Seat 6: krytalex (button) (small blind) showed [Kh 7c] and won ($53.50) with a pair of Kings


PokerStars Hand #147790001207:  Hold'em Limit ($3/$6 USD) - 2016/01/27 17:29:54 ET
Table 'Scania II' 6-max Seat #3 is the button
Seat 3: db49 ($119.61 in chips)
Seat 6: krytalex ($228.14 in chips)
db49: posts small blind $1
belik555: is sitting out
krytalex: posts big blind $3
*** HOLE CARDS ***
db49: raises $3 to $6
belik555 leaves the table
krytalex: calls $3
*** FLOP *** [5c 9c 7d]
krytalex: checks
db49: bets $3
krytalex: calls $3
*** TURN *** [5c 9c 7d] [5d]
krytalex: checks
db49: bets $6
krytalex: calls $6
*** RIVER *** [5c 9c 7d 5d] [Qh]
krytalex: checks
db49: bets $6
krytalex: calls $6
*** SHOW DOWN ***
db49: shows [Qs Ad] (two pair, Queens and Fives)
krytalex: mucks hand
db49 collected $41.50 from pot
*** SUMMARY ***
Total pot $42 | Rake $0.50
Board [5c 9c 7d 5d Qh]
Seat 3: db49 (button) (small blind) showed [Qs Ad] and won ($41.50) with two pair, Queens and Fives
Seat 6: krytalex (big blind) mucked


