PokerStars Hand #152140620985:  Hold'em Limit ($3/$6 USD) - 2016/04/19 9:40:48 ET
Table 'Scania II' 6-max Seat #4 is the button
Seat 4: asf5550 ($248.37 in chips)
Seat 5: bentinck113 ($68.67 in chips)
asf5550: posts small blind $1
bentinck113: posts big blind $3
*** HOLE CARDS ***
asf5550: raises $3 to $6
bentinck113: raises $3 to $9
asf5550: calls $3
*** FLOP *** [5c 3h 9h]
bentinck113: bets $3
asf5550: calls $3
*** TURN *** [5c 3h 9h] [2d]
bentinck113: bets $6
asf5550: calls $6
*** RIVER *** [5c 3h 9h 2d] [Tc]
bentinck113: bets $6
asf5550: folds
Uncalled bet ($6) returned to bentinck113
bentinck113 collected $35.50 from pot
bentinck113: doesn't show hand
*** SUMMARY ***
Total pot $36 | Rake $0.50
Board [5c 3h 9h 2d Tc]
Seat 4: asf5550 (button) (small blind) folded on the River
Seat 5: bentinck113 (big blind) collected ($35.50)


PokerStars Hand #152140613219:  Hold'em Limit ($3/$6 USD) - 2016/04/19 9:40:35 ET
Table 'Scania II' 6-max Seat #5 is the button
Seat 4: asf5550 ($239.73 in chips)
Seat 5: bentinck113 ($77.67 in chips)
bentinck113: posts small blind $1
asf5550: posts big blind $3
*** HOLE CARDS ***
bentinck113: raises $3 to $6
asf5550: raises $3 to $9
bentinck113: calls $3
*** FLOP *** [As 5s 7s]
asf5550: bets $3
bentinck113: folds
Uncalled bet ($3) returned to asf5550
asf5550 collected $17.64 from pot
asf5550: doesn't show hand
*** SUMMARY ***
Total pot $18 | Rake $0.36
Board [As 5s 7s]
Seat 4: asf5550 (big blind) collected ($17.64)
Seat 5: bentinck113 (button) (small blind) folded on the Flop


PokerStars Hand #152141563790:  Hold'em Limit ($3/$6 USD) - 2016/04/19 10:07:11 ET
Table 'Scania II' 6-max Seat #4 is the button
Seat 3: LukaSteel ($165.27 in chips)
Seat 4: asf5550 ($141.63 in chips)
asf5550: posts small blind $1
LukaSteel: posts big blind $3
*** HOLE CARDS ***
asf5550: raises $3 to $6
LukaSteel: calls $3
*** FLOP *** [Ad 9s Kd]
LukaSteel: checks
asf5550: bets $3
LukaSteel: folds
Uncalled bet ($3) returned to asf5550
asf5550 collected $11.76 from pot
asf5550: doesn't show hand
*** SUMMARY ***
Total pot $12 | Rake $0.24
Board [Ad 9s Kd]
Seat 3: LukaSteel (big blind) folded on the Flop
Seat 4: asf5550 (button) (small blind) collected ($11.76)


PokerStars Hand #152141574786:  Hold'em Limit ($3/$6 USD) - 2016/04/19 10:07:29 ET
Table 'Scania II' 6-max Seat #3 is the button
Seat 3: LukaSteel ($159.27 in chips)
Seat 4: asf5550 ($147.39 in chips)
LukaSteel: posts small blind $1
asf5550: posts big blind $3
*** HOLE CARDS ***
LukaSteel: raises $3 to $6
asf5550: calls $3
*** FLOP *** [6d 7h 3s]
asf5550: checks
LukaSteel: bets $3
asf5550: calls $3
*** TURN *** [6d 7h 3s] [Th]
asf5550: checks
LukaSteel: bets $6
asf5550: folds
Uncalled bet ($6) returned to LukaSteel
liza3008 joins the table at seat #5
LukaSteel collected $17.64 from pot
LukaSteel: doesn't show hand
*** SUMMARY ***
Total pot $18 | Rake $0.36
Board [6d 7h 3s Th]
Seat 3: LukaSteel (button) (small blind) collected ($17.64)
Seat 4: asf5550 (big blind) folded on the Turn


PokerStars Hand #152142915566:  Hold'em Limit ($3/$6 USD) - 2016/04/19 10:42:33 ET
Table 'Scania II' 6-max Seat #1 is the button
Seat 1: fsreibnitz ($44.20 in chips)
Seat 4: abatic ($101.61 in chips)
jojo44ii will be allowed to play after the button
fsreibnitz: posts small blind $1
abatic: posts big blind $3
*** HOLE CARDS ***
fsreibnitz: raises $3 to $6
LukaSteel leaves the table
abatic: folds
Uncalled bet ($3) returned to fsreibnitz
fsreibnitz collected $6 from pot
*** SUMMARY ***
Total pot $6 | Rake $0
Seat 1: fsreibnitz (button) (small blind) collected ($6)
Seat 4: abatic (big blind) folded before Flop


PokerStars Hand #152142951643:  Hold'em Limit ($3/$6 USD) - 2016/04/19 10:43:29 ET
Table 'Scania II' 6-max Seat #1 is the button
Seat 1: fsreibnitz ($67.73 in chips)
Seat 5: jojo44ii ($49.96 in chips)
TbIP-TbIP 88 will be allowed to play after the button
fsreibnitz: posts small blind $1
abatic: is sitting out
jojo44ii: posts big blind $3
*** HOLE CARDS ***
fsreibnitz: folds
Uncalled bet ($2) returned to jojo44ii
abatic leaves the table
jojo44ii collected $2 from pot
jojo44ii: doesn't show hand
*** SUMMARY ***
Total pot $2 | Rake $0
Seat 1: fsreibnitz (button) (small blind) folded before Flop
Seat 5: jojo44ii (big blind) collected ($2)


