PokerStars Hand #161640147272:  Hold'em Limit ($3/$6 USD) - 2016/11/19 10:56:12 ET
Table 'Scania III' 6-max Seat #1 is the button
Seat 1: LifeisagameX ($84 in chips)
Seat 2: Titanic001 ($89.61 in chips)
LifeisagameX: posts small blind $1
Titanic001: posts big blind $3
*** HOLE CARDS ***
LifeisagameX: raises $3 to $6
Titanic001: raises $3 to $9
LifeisagameX: calls $3
*** FLOP *** [5c Jd 7c]
Titanic001: bets $3
LifeisagameX: calls $3
*** TURN *** [5c Jd 7c] [7s]
Titanic001: bets $6
LifeisagameX: raises $6 to $12
Titanic001: folds
Uncalled bet ($6) returned to LifeisagameX
LifeisagameX collected $35.50 from pot
LifeisagameX: doesn't show hand
*** SUMMARY ***
Total pot $36 | Rake $0.50
Board [5c Jd 7c 7s]
Seat 1: LifeisagameX (button) (small blind) collected ($35.50)
Seat 2: Titanic001 (big blind) folded on the Turn


PokerStars Hand #161640205900:  Hold'em Limit ($3/$6 USD) - 2016/11/19 10:57:44 ET
Table 'Scania III' 6-max Seat #1 is the button
Seat 1: LifeisagameX ($89.50 in chips)
Seat 2: Titanic001 ($83.13 in chips)
LifeisagameX: posts small blind $1
Titanic001: posts big blind $3
*** HOLE CARDS ***
LifeisagameX: raises $3 to $6
Titanic001: calls $3
*** FLOP *** [3c As 5c]
Titanic001: checks
LifeisagameX: bets $3
Titanic001: folds
Uncalled bet ($3) returned to LifeisagameX
LifeisagameX collected $11.76 from pot
LifeisagameX: doesn't show hand
*** SUMMARY ***
Total pot $12 | Rake $0.24
Board [3c As 5c]
Seat 1: LifeisagameX (button) (small blind) collected ($11.76)
Seat 2: Titanic001 (big blind) folded on the Flop


PokerStars Hand #161640179437:  Hold'em Limit ($3/$6 USD) - 2016/11/19 10:57:03 ET
Table 'Scania III' 6-max Seat #2 is the button
Seat 1: LifeisagameX ($101.50 in chips)
Seat 2: Titanic001 ($71.61 in chips)
Titanic001: posts small blind $1
LifeisagameX: posts big blind $3
u9iiiK joins the table at seat #3
*** HOLE CARDS ***
Titanic001: raises $3 to $6
LifeisagameX: calls $3
*** FLOP *** [4d 2d Qh]
LifeisagameX: checks
Titanic001: bets $3
paco74415 joins the table at seat #4
LifeisagameX: raises $3 to $6
Titanic001: calls $3
*** TURN *** [4d 2d Qh] [7h]
LifeisagameX: checks
Titanic001: bets $6
LifeisagameX: folds
Uncalled bet ($6) returned to Titanic001
Titanic001 collected $23.52 from pot
*** SUMMARY ***
Total pot $24 | Rake $0.48
Board [4d 2d Qh 7h]
Seat 1: LifeisagameX (big blind) folded on the Turn
Seat 2: Titanic001 (button) (small blind) collected ($23.52)


PokerStars Hand #161640569457:  Hold'em Limit ($3/$6 USD) - 2016/11/19 11:06:14 ET
Table 'Scania III' 6-max Seat #5 is the button
Seat 4: paco74415 ($42.69 in chips)
Seat 5: ZinZar ($79.61 in chips)
ZinZar: posts small blind $1
LWNS: is sitting out
paco74415: posts big blind $3
LWNS leaves the table
*** HOLE CARDS ***
ZinZar: raises $3 to $6
paco74415: folds
Uncalled bet ($3) returned to ZinZar
ZinZar collected $6 from pot
ZinZar: doesn't show hand
*** SUMMARY ***
Total pot $6 | Rake $0
Seat 4: paco74415 (big blind) folded before Flop
Seat 5: ZinZar (button) (small blind) collected ($6)


PokerStars Hand #161640587932:  Hold'em Limit ($3/$6 USD) - 2016/11/19 11:06:38 ET
Table 'Scania III' 6-max Seat #5 is the button
Seat 4: paco74415 ($54.19 in chips)
Seat 5: ZinZar ($72 in chips)
ZinZar: posts small blind $1
paco74415: posts big blind $3
*** HOLE CARDS ***
ZinZar: folds
Uncalled bet ($2) returned to paco74415
paco74415 collected $2 from pot
paco74415: doesn't show hand
*** SUMMARY ***
Total pot $2 | Rake $0
Seat 4: paco74415 (big blind) collected ($2)
Seat 5: ZinZar (button) (small blind) folded before Flop


PokerStars Hand #161640575742:  Hold'em Limit ($3/$6 USD) - 2016/11/19 11:06:22 ET
Table 'Scania III' 6-max Seat #4 is the button
Seat 4: paco74415 ($39.69 in chips)
Seat 5: ZinZar ($82.61 in chips)
paco74415: posts small blind $1
ZinZar: posts big blind $3
*** HOLE CARDS ***
paco74415: calls $2
ZinZar: raises $3 to $6
paco74415: calls $3
*** FLOP *** [4h Ad 6c]
ZinZar: bets $3
paco74415: calls $3
*** TURN *** [4h Ad 6c] [Tc]
ZinZar: bets $6
paco74415: raises $6 to $12
ZinZar: folds
Uncalled bet ($6) returned to paco74415
paco74415 collected $29.50 from pot
paco74415: doesn't show hand
*** SUMMARY ***
Total pot $30 | Rake $0.50
Board [4h Ad 6c Tc]
Seat 4: paco74415 (button) (small blind) collected ($29.50)
Seat 5: ZinZar (big blind) folded on the Turn


PokerStars Hand #161640591394:  Hold'em Limit ($3/$6 USD) - 2016/11/19 11:06:43 ET
Table 'Scania III' 6-max Seat #4 is the button
Seat 4: paco74415 ($55.19 in chips)
Seat 5: ZinZar ($72 in chips)
paco74415: posts small blind $1
ZinZar: posts big blind $3
*** HOLE CARDS ***
paco74415: folds
Uncalled bet ($2) returned to ZinZar
paco74415 leaves the table
ZinZar collected $2 from pot
ZinZar: doesn't show hand
*** SUMMARY ***
Total pot $2 | Rake $0
Seat 4: paco74415 (button) (small blind) folded before Flop
Seat 5: ZinZar (big blind) collected ($2)


