PokerStars Hand #155165794384:  Hold'em Limit ($3/$6 USD) - 2016/06/25 0:09:12 ET
Table 'Scania' 6-max Seat #6 is the button
Seat 3: xcgxcg2005 ($120.10 in chips)
Seat 6: ShootBubble ($364.84 in chips)
ShootBubble: posts small blind $1
xcgxcg2005: posts big blind $3
*** HOLE CARDS ***
ShootBubble: raises $3 to $6
xcgxcg2005: raises $3 to $9
ShootBubble: raises $3 to $12
Betting is capped
xcgxcg2005: calls $3
*** FLOP *** [Qs 8c Kc]
xcgxcg2005: checks
ShootBubble: bets $3
xcgxcg2005: calls $3
*** TURN *** [Qs 8c Kc] [8h]
xcgxcg2005: checks
ShootBubble: bets $6
xcgxcg2005: calls $6
*** RIVER *** [Qs 8c Kc 8h] [Ad]
xcgxcg2005: checks
ShootBubble: checks
*** SHOW DOWN ***
xcgxcg2005: shows [6c 4c] (a pair of Eights)
ShootBubble: shows [9h Kh] (two pair, Kings and Eights)
ShootBubble collected $41.50 from pot
*** SUMMARY ***
Total pot $42 | Rake $0.50
Board [Qs 8c Kc 8h Ad]
Seat 3: xcgxcg2005 (big blind) showed [6c 4c] and lost with a pair of Eights
Seat 6: ShootBubble (button) (small blind) showed [9h Kh] and won ($41.50) with two pair, Kings and Eights


PokerStars Hand #155165800191:  Hold'em Limit ($3/$6 USD) - 2016/06/25 0:09:34 ET
Table 'Scania' 6-max Seat #3 is the button
Seat 3: xcgxcg2005 ($99.10 in chips)
Seat 6: ShootBubble ($385.34 in chips)
xcgxcg2005: posts small blind $1
ShootBubble: posts big blind $3
*** HOLE CARDS ***
xcgxcg2005: raises $3 to $6
ShootBubble: calls $3
*** FLOP *** [2h 2d 8h]
ShootBubble: checks
xcgxcg2005: bets $3
ShootBubble: raises $3 to $6
xcgxcg2005: raises $3 to $9
ShootBubble: calls $3
*** TURN *** [2h 2d 8h] [Th]
ShootBubble: checks
xcgxcg2005: checks
*** RIVER *** [2h 2d 8h Th] [Ah]
ShootBubble: bets $6
xcgxcg2005: raises $6 to $12
ShootBubble: folds
Uncalled bet ($6) returned to xcgxcg2005
xcgxcg2005 collected $41.50 from pot
xcgxcg2005: doesn't show hand
*** SUMMARY ***
Total pot $42 | Rake $0.50
Board [2h 2d 8h Th Ah]
Seat 3: xcgxcg2005 (button) (small blind) collected ($41.50)
Seat 6: ShootBubble (big blind) folded on the River


PokerStars Hand #155165816041:  Hold'em Limit ($3/$6 USD) - 2016/06/25 0:10:31 ET
Table 'Scania' 6-max Seat #6 is the button
Seat 3: xcgxcg2005 ($123.48 in chips)
Seat 6: ShootBubble ($360.34 in chips)
ShootBubble: posts small blind $1
xcgxcg2005: posts big blind $3
*** HOLE CARDS ***
ShootBubble: raises $3 to $6
xcgxcg2005: folds
Uncalled bet ($3) returned to ShootBubble
ShootBubble collected $6 from pot
ShootBubble: doesn't show hand
*** SUMMARY ***
Total pot $6 | Rake $0
Seat 3: xcgxcg2005 (big blind) folded before Flop
Seat 6: ShootBubble (button) (small blind) collected ($6)


PokerStars Hand #155165812781:  Hold'em Limit ($3/$6 USD) - 2016/06/25 0:10:19 ET
Table 'Scania' 6-max Seat #3 is the button
Seat 3: xcgxcg2005 ($120.60 in chips)
Seat 6: ShootBubble ($363.34 in chips)
xcgxcg2005: posts small blind $1
ShootBubble: posts big blind $3
*** HOLE CARDS ***
xcgxcg2005: calls $2
ShootBubble: checks
*** FLOP *** [4c 5h 9s]
ShootBubble: checks
xcgxcg2005: bets $3
ShootBubble: folds
Uncalled bet ($3) returned to xcgxcg2005
xcgxcg2005 collected $5.88 from pot
xcgxcg2005: doesn't show hand
*** SUMMARY ***
Total pot $6 | Rake $0.12
Board [4c 5h 9s]
Seat 3: xcgxcg2005 (button) (small blind) collected ($5.88)
Seat 6: ShootBubble (big blind) folded on the Flop


PokerStars Hand #155165817835:  Hold'em Limit ($3/$6 USD) - 2016/06/25 0:10:38 ET
Table 'Scania' 6-max Seat #3 is the button
Seat 3: xcgxcg2005 ($120.48 in chips)
Seat 6: ShootBubble ($363.34 in chips)
xcgxcg2005: posts small blind $1
ShootBubble: posts big blind $3
*** HOLE CARDS ***
xcgxcg2005: folds
Uncalled bet ($2) returned to ShootBubble
ShootBubble collected $2 from pot
ShootBubble: doesn't show hand
*** SUMMARY ***
Total pot $2 | Rake $0
Seat 3: xcgxcg2005 (button) (small blind) folded before Flop
Seat 6: ShootBubble (big blind) collected ($2)


PokerStars Hand #155165819241:  Hold'em Limit ($3/$6 USD) - 2016/06/25 0:10:43 ET
Table 'Scania' 6-max Seat #6 is the button
Seat 3: xcgxcg2005 ($119.48 in chips)
Seat 6: ShootBubble ($364.34 in chips)
ShootBubble: posts small blind $1
xcgxcg2005: posts big blind $3
*** HOLE CARDS ***
ShootBubble: raises $3 to $6
xcgxcg2005: calls $3
*** FLOP *** [9h Ad 9s]
xcgxcg2005: checks
ShootBubble: bets $3
xcgxcg2005: raises $3 to $6
ShootBubble: folds
Uncalled bet ($3) returned to xcgxcg2005
xcgxcg2005 collected $17.64 from pot
xcgxcg2005: doesn't show hand
*** SUMMARY ***
Total pot $18 | Rake $0.36
Board [9h Ad 9s]
Seat 3: xcgxcg2005 (big blind) collected ($17.64)
Seat 6: ShootBubble (button) (small blind) folded on the Flop


PokerStars Hand #155165811408:  Hold'em Limit ($3/$6 USD) - 2016/06/25 0:10:14 ET
Table 'Scania' 6-max Seat #6 is the button
Seat 3: xcgxcg2005 ($119.60 in chips)
Seat 6: ShootBubble ($364.34 in chips)
ShootBubble: posts small blind $1
xcgxcg2005: posts big blind $3
*** HOLE CARDS ***
ShootBubble: folds
Uncalled bet ($2) returned to xcgxcg2005
xcgxcg2005 collected $2 from pot
xcgxcg2005: doesn't show hand
*** SUMMARY ***
Total pot $2 | Rake $0
Seat 3: xcgxcg2005 (big blind) collected ($2)
Seat 6: ShootBubble (button) (small blind) folded before Flop


PokerStars Hand #155165809150:  Hold'em Limit ($3/$6 USD) - 2016/06/25 0:10:07 ET
Table 'Scania' 6-max Seat #3 is the button
Seat 3: xcgxcg2005 ($116.60 in chips)
Seat 6: ShootBubble ($367.34 in chips)
xcgxcg2005: posts small blind $1
ShootBubble: posts big blind $3
*** HOLE CARDS ***
xcgxcg2005: raises $3 to $6
ShootBubble: folds
Uncalled bet ($3) returned to xcgxcg2005
xcgxcg2005 collected $6 from pot
xcgxcg2005: doesn't show hand
*** SUMMARY ***
Total pot $6 | Rake $0
Seat 3: xcgxcg2005 (button) (small blind) collected ($6)
Seat 6: ShootBubble (big blind) folded before Flop


PokerStars Hand #155165806951:  Hold'em Limit ($3/$6 USD) - 2016/06/25 0:09:59 ET
Table 'Scania' 6-max Seat #6 is the button
Seat 3: xcgxcg2005 ($119.60 in chips)
Seat 6: ShootBubble ($364.34 in chips)
ShootBubble: posts small blind $1
xcgxcg2005: posts big blind $3
*** HOLE CARDS ***
ShootBubble: raises $3 to $6
xcgxcg2005: folds
Uncalled bet ($3) returned to ShootBubble
ShootBubble collected $6 from pot
ShootBubble: doesn't show hand
*** SUMMARY ***
Total pot $6 | Rake $0
Seat 3: xcgxcg2005 (big blind) folded before Flop
Seat 6: ShootBubble (button) (small blind) collected ($6)


PokerStars Hand #155165829522:  Hold'em Limit ($3/$6 USD) - 2016/06/25 0:11:21 ET
Table 'Scania' 6-max Seat #3 is the button
Seat 3: xcgxcg2005 ($139.64 in chips)
Seat 6: ShootBubble ($343.34 in chips)
xcgxcg2005: posts small blind $1
ShootBubble: posts big blind $3
*** HOLE CARDS ***
xcgxcg2005: folds
Uncalled bet ($2) returned to ShootBubble
ShootBubble collected $2 from pot
ShootBubble: doesn't show hand
*** SUMMARY ***
Total pot $2 | Rake $0
Seat 3: xcgxcg2005 (button) (small blind) folded before Flop
Seat 6: ShootBubble (big blind) collected ($2)


PokerStars Hand #155165825387:  Hold'em Limit ($3/$6 USD) - 2016/06/25 0:11:06 ET
Table 'Scania' 6-max Seat #6 is the button
Seat 3: xcgxcg2005 ($133.88 in chips)
Seat 6: ShootBubble ($349.34 in chips)
ShootBubble: posts small blind $1
xcgxcg2005: posts big blind $3
*** HOLE CARDS ***
ShootBubble: raises $3 to $6
xcgxcg2005: calls $3
*** FLOP *** [8d 2h 8h]
xcgxcg2005: checks
ShootBubble: checks
*** TURN *** [8d 2h 8h] [4s]
xcgxcg2005: checks
ShootBubble: checks
*** RIVER *** [8d 2h 8h 4s] [5d]
xcgxcg2005: bets $6
ShootBubble: folds
Uncalled bet ($6) returned to xcgxcg2005
xcgxcg2005 collected $11.76 from pot
xcgxcg2005: doesn't show hand
*** SUMMARY ***
Total pot $12 | Rake $0.24
Board [8d 2h 8h 4s 5d]
Seat 3: xcgxcg2005 (big blind) collected ($11.76)
Seat 6: ShootBubble (button) (small blind) folded on the River


PokerStars Hand #155165822290:  Hold'em Limit ($3/$6 USD) - 2016/06/25 0:10:54 ET
Table 'Scania' 6-max Seat #3 is the button
Seat 3: xcgxcg2005 ($128.12 in chips)
Seat 6: ShootBubble ($355.34 in chips)
xcgxcg2005: posts small blind $1
ShootBubble: posts big blind $3
*** HOLE CARDS ***
xcgxcg2005: raises $3 to $6
ShootBubble: calls $3
*** FLOP *** [8h 9s Kc]
ShootBubble: checks
xcgxcg2005: bets $3
ShootBubble: folds
Uncalled bet ($3) returned to xcgxcg2005
xcgxcg2005 collected $11.76 from pot
xcgxcg2005: doesn't show hand
*** SUMMARY ***
Total pot $12 | Rake $0.24
Board [8h 9s Kc]
Seat 3: xcgxcg2005 (button) (small blind) collected ($11.76)
Seat 6: ShootBubble (big blind) folded on the Flop


