PokerStars Hand #149760938460:  Hold'em Limit ($3/$6 USD) - 2016/03/03 5:38:03 ET
Table 'Scania II' 6-max Seat #1 is the button
Seat 1: wesdeluxe ($64.28 in chips)
Seat 2: TbIP-TbIP 88 ($72 in chips)
wesdeluxe: posts small blind $1
TbIP-TbIP 88: posts big blind $3
*** HOLE CARDS ***
wesdeluxe: calls $2
TbIP-TbIP 88: raises $3 to $6
wesdeluxe: calls $3
*** FLOP *** [2d Qd Jh]
TbIP-TbIP 88: bets $3
wesdeluxe: calls $3
*** TURN *** [2d Qd Jh] [6c]
TbIP-TbIP 88: checks
wesdeluxe: checks
*** RIVER *** [2d Qd Jh 6c] [5d]
TbIP-TbIP 88: bets $6
wesdeluxe: folds
Uncalled bet ($6) returned to TbIP-TbIP 88
TbIP-TbIP 88 collected $17.64 from pot
TbIP-TbIP 88: doesn't show hand
*** SUMMARY ***
Total pot $18 | Rake $0.36
Board [2d Qd Jh 6c 5d]
Seat 1: wesdeluxe (button) (small blind) folded on the River
Seat 2: TbIP-TbIP 88 (big blind) collected ($17.64)


PokerStars Hand #149760981669:  Hold'em Limit ($3/$6 USD) - 2016/03/03 5:39:36 ET
Table 'Scania II' 6-max Seat #2 is the button
Seat 1: wesdeluxe ($90.42 in chips)
Seat 2: TbIP-TbIP 88 ($72 in chips)
TbIP-TbIP 88: posts small blind $1
wesdeluxe: posts big blind $3
*** HOLE CARDS ***
TbIP-TbIP 88: raises $3 to $6
wesdeluxe: calls $3
*** FLOP *** [Tc 9s 9h]
wesdeluxe: checks
TbIP-TbIP 88: bets $3
wesdeluxe: folds
Uncalled bet ($3) returned to TbIP-TbIP 88
TbIP-TbIP 88 collected $11.76 from pot
TbIP-TbIP 88: doesn't show hand
*** SUMMARY ***
Total pot $12 | Rake $0.24
Board [Tc 9s 9h]
Seat 1: wesdeluxe (big blind) folded on the Flop
Seat 2: TbIP-TbIP 88 (button) (small blind) collected ($11.76)


PokerStars Hand #149760967837:  Hold'em Limit ($3/$6 USD) - 2016/03/03 5:39:06 ET
Table 'Scania II' 6-max Seat #1 is the button
Seat 1: wesdeluxe ($63.92 in chips)
Seat 2: TbIP-TbIP 88 ($72 in chips)
wesdeluxe: posts small blind $1
TbIP-TbIP 88: posts big blind $3
*** HOLE CARDS ***
wesdeluxe: calls $2
TbIP-TbIP 88: raises $3 to $6
wesdeluxe: calls $3
*** FLOP *** [2c 9c 7c]
TbIP-TbIP 88: bets $3
wesdeluxe: calls $3
*** TURN *** [2c 9c 7c] [9h]
TbIP-TbIP 88: bets $6
wesdeluxe: raises $6 to $12
TbIP-TbIP 88: calls $6
*** RIVER *** [2c 9c 7c 9h] [3h]
TbIP-TbIP 88: checks
wesdeluxe: bets $6
TbIP-TbIP 88: calls $6
*** SHOW DOWN ***
wesdeluxe: shows [Kh 9d] (three of a kind, Nines)
TbIP-TbIP 88: mucks hand
wesdeluxe collected $53.50 from pot
*** SUMMARY ***
Total pot $54 | Rake $0.50
Board [2c 9c 7c 9h 3h]
Seat 1: wesdeluxe (button) (small blind) showed [Kh 9d] and won ($53.50) with three of a kind, Nines
Seat 2: TbIP-TbIP 88 (big blind) mucked


PokerStars Hand #149760956770:  Hold'em Limit ($3/$6 USD) - 2016/03/03 5:38:42 ET
Table 'Scania II' 6-max Seat #2 is the button
Seat 1: wesdeluxe ($55.28 in chips)
Seat 2: TbIP-TbIP 88 ($80.64 in chips)
TbIP-TbIP 88: posts small blind $1
wesdeluxe: posts big blind $3
*** HOLE CARDS ***
TbIP-TbIP 88: raises $3 to $6
wesdeluxe: calls $3
*** FLOP *** [Ah Kh Kd]
wesdeluxe: checks
TbIP-TbIP 88: bets $3
wesdeluxe: calls $3
*** TURN *** [Ah Kh Kd] [2s]
wesdeluxe: checks
TbIP-TbIP 88: checks
*** RIVER *** [Ah Kh Kd 2s] [Ks]
wesdeluxe: checks
TbIP-TbIP 88: checks
*** SHOW DOWN ***
wesdeluxe: shows [Qd Qs] (a full house, Kings full of Queens)
TbIP-TbIP 88: mucks hand
wesdeluxe collected $17.64 from pot
*** SUMMARY ***
Total pot $18 | Rake $0.36
Board [Ah Kh Kd 2s Ks]
Seat 1: wesdeluxe (big blind) showed [Qd Qs] and won ($17.64) with a full house, Kings full of Queens
Seat 2: TbIP-TbIP 88 (button) (small blind) mucked


PokerStars Hand #149761009806:  Hold'em Limit ($3/$6 USD) - 2016/03/03 5:40:36 ET
Table 'Scania II' 6-max Seat #2 is the button
Seat 1: wesdeluxe ($81.30 in chips)
Seat 2: TbIP-TbIP 88 ($80.64 in chips)
TbIP-TbIP 88: posts small blind $1
wesdeluxe: posts big blind $3
*** HOLE CARDS ***
TbIP-TbIP 88: folds
Uncalled bet ($2) returned to wesdeluxe
wesdeluxe collected $2 from pot
wesdeluxe: doesn't show hand
*** SUMMARY ***
Total pot $2 | Rake $0
Seat 1: wesdeluxe (big blind) collected ($2)
Seat 2: TbIP-TbIP 88 (button) (small blind) folded before Flop


PokerStars Hand #149760996560:  Hold'em Limit ($3/$6 USD) - 2016/03/03 5:40:08 ET
Table 'Scania II' 6-max Seat #1 is the button
Seat 1: wesdeluxe ($78.42 in chips)
Seat 2: TbIP-TbIP 88 ($83.64 in chips)
wesdeluxe: posts small blind $1
TbIP-TbIP 88: posts big blind $3
*** HOLE CARDS ***
wesdeluxe: calls $2
TbIP-TbIP 88: checks
*** FLOP *** [7c Jc 6s]
TbIP-TbIP 88: checks
wesdeluxe: checks
*** TURN *** [7c Jc 6s] [Jd]
TbIP-TbIP 88: checks
wesdeluxe: checks
*** RIVER *** [7c Jc 6s Jd] [Ts]
TbIP-TbIP 88: checks
wesdeluxe: checks
*** SHOW DOWN ***
TbIP-TbIP 88: shows [2s 5s] (a pair of Jacks)
wesdeluxe: shows [Kh 5h] (a pair of Jacks - King kicker)
wesdeluxe collected $5.88 from pot
*** SUMMARY ***
Total pot $6 | Rake $0.12
Board [7c Jc 6s Jd Ts]
Seat 1: wesdeluxe (button) (small blind) showed [Kh 5h] and won ($5.88) with a pair of Jacks
Seat 2: TbIP-TbIP 88 (big blind) showed [2s 5s] and lost with a pair of Jacks


PokerStars Hand #149760994160:  Hold'em Limit ($3/$6 USD) - 2016/03/03 5:40:03 ET
Table 'Scania II' 6-max Seat #2 is the button
Seat 1: wesdeluxe ($81.42 in chips)
Seat 2: TbIP-TbIP 88 ($80.64 in chips)
TbIP-TbIP 88: posts small blind $1
wesdeluxe: posts big blind $3
*** HOLE CARDS ***
TbIP-TbIP 88: raises $3 to $6
wesdeluxe: folds
Uncalled bet ($3) returned to TbIP-TbIP 88
TbIP-TbIP 88 collected $6 from pot
TbIP-TbIP 88: doesn't show hand
*** SUMMARY ***
Total pot $6 | Rake $0
Seat 1: wesdeluxe (big blind) folded before Flop
Seat 2: TbIP-TbIP 88 (button) (small blind) collected ($6)


PokerStars Hand #149760985984:  Hold'em Limit ($3/$6 USD) - 2016/03/03 5:39:45 ET
Table 'Scania II' 6-max Seat #1 is the button
Seat 1: wesdeluxe ($84.42 in chips)
Seat 2: TbIP-TbIP 88 ($77.76 in chips)
wesdeluxe: posts small blind $1
TbIP-TbIP 88: posts big blind $3
*** HOLE CARDS ***
wesdeluxe: calls $2
TbIP-TbIP 88: checks
*** FLOP *** [Qd Kd Qc]
TbIP-TbIP 88: checks
wesdeluxe: checks
*** TURN *** [Qd Kd Qc] [2h]
TbIP-TbIP 88: checks
wesdeluxe: checks
*** RIVER *** [Qd Kd Qc 2h] [8s]
TbIP-TbIP 88: checks
wesdeluxe: checks
*** SHOW DOWN ***
TbIP-TbIP 88: shows [4c 9s] (a pair of Queens)
wesdeluxe: mucks hand
TbIP-TbIP 88 collected $5.88 from pot
*** SUMMARY ***
Total pot $6 | Rake $0.12
Board [Qd Kd Qc 2h 8s]
Seat 1: wesdeluxe (button) (small blind) mucked
Seat 2: TbIP-TbIP 88 (big blind) showed [4c 9s] and won ($5.88) with a pair of Queens


PokerStars Hand #149761038193:  Hold'em Limit ($3/$6 USD) - 2016/03/03 5:41:37 ET
Table 'Scania II' 6-max Seat #1 is the button
Seat 1: wesdeluxe ($67.30 in chips)
Seat 2: TbIP-TbIP 88 ($94.04 in chips)
wesdeluxe: posts small blind $1
TbIP-TbIP 88: posts big blind $3
*** HOLE CARDS ***
wesdeluxe: folds
Uncalled bet ($2) returned to TbIP-TbIP 88
TbIP-TbIP 88 collected $2 from pot
TbIP-TbIP 88: doesn't show hand
*** SUMMARY ***
Total pot $2 | Rake $0
Seat 1: wesdeluxe (button) (small blind) folded before Flop
Seat 2: TbIP-TbIP 88 (big blind) collected ($2)


PokerStars Hand #149761031019:  Hold'em Limit ($3/$6 USD) - 2016/03/03 5:41:22 ET
Table 'Scania II' 6-max Seat #2 is the button
Seat 1: wesdeluxe ($76.30 in chips)
Seat 2: TbIP-TbIP 88 ($85.40 in chips)
TbIP-TbIP 88: posts small blind $1
wesdeluxe: posts big blind $3
*** HOLE CARDS ***
TbIP-TbIP 88: raises $3 to $6
wesdeluxe: calls $3
*** FLOP *** [Qd 2d 4c]
wesdeluxe: checks
TbIP-TbIP 88: bets $3
wesdeluxe: calls $3
*** TURN *** [Qd 2d 4c] [2h]
wesdeluxe: checks
TbIP-TbIP 88: bets $6
wesdeluxe: folds
Uncalled bet ($6) returned to TbIP-TbIP 88
TbIP-TbIP 88 collected $17.64 from pot
TbIP-TbIP 88: doesn't show hand
*** SUMMARY ***
Total pot $18 | Rake $0.36
Board [Qd 2d 4c 2h]
Seat 1: wesdeluxe (big blind) folded on the Turn
Seat 2: TbIP-TbIP 88 (button) (small blind) collected ($17.64)


PokerStars Hand #149761012362:  Hold'em Limit ($3/$6 USD) - 2016/03/03 5:40:42 ET
Table 'Scania II' 6-max Seat #1 is the button
Seat 1: wesdeluxe ($82.30 in chips)
Seat 2: TbIP-TbIP 88 ($79.64 in chips)
wesdeluxe: posts small blind $1
TbIP-TbIP 88: posts big blind $3
*** HOLE CARDS ***
wesdeluxe: calls $2
TbIP-TbIP 88: checks
*** FLOP *** [4s 7h 2h]
TbIP-TbIP 88: checks
wesdeluxe: bets $3
TbIP-TbIP 88: calls $3
*** TURN *** [4s 7h 2h] [2c]
TbIP-TbIP 88: checks
wesdeluxe: folds
TbIP-TbIP 88 collected $11.76 from pot
TbIP-TbIP 88: doesn't show hand
*** SUMMARY ***
Total pot $12 | Rake $0.24
Board [4s 7h 2h 2c]
Seat 1: wesdeluxe (button) (small blind) folded on the Turn
Seat 2: TbIP-TbIP 88 (big blind) collected ($11.76)


PokerStars Hand #149761065693:  Hold'em Limit ($3/$6 USD) - 2016/03/03 5:42:36 ET
Table 'Scania II' 6-max Seat #1 is the button
Seat 1: wesdeluxe ($82.58 in chips)
Seat 2: TbIP-TbIP 88 ($78.04 in chips)
wesdeluxe: posts small blind $1
TbIP-TbIP 88: posts big blind $3
*** HOLE CARDS ***
wesdeluxe: folds
Uncalled bet ($2) returned to TbIP-TbIP 88
TbIP-TbIP 88 collected $2 from pot
TbIP-TbIP 88: doesn't show hand
*** SUMMARY ***
Total pot $2 | Rake $0
Seat 1: wesdeluxe (button) (small blind) folded before Flop
Seat 2: TbIP-TbIP 88 (big blind) collected ($2)


PokerStars Hand #149761055578:  Hold'em Limit ($3/$6 USD) - 2016/03/03 5:42:14 ET
Table 'Scania II' 6-max Seat #2 is the button
Seat 1: wesdeluxe ($73.94 in chips)
Seat 2: TbIP-TbIP 88 ($87.04 in chips)
TbIP-TbIP 88: posts small blind $1
wesdeluxe: posts big blind $3
*** HOLE CARDS ***
TbIP-TbIP 88: raises $3 to $6
wesdeluxe: calls $3
*** FLOP *** [9d 9h Jc]
wesdeluxe: checks
TbIP-TbIP 88: bets $3
wesdeluxe: calls $3
*** TURN *** [9d 9h Jc] [3h]
wesdeluxe: checks
TbIP-TbIP 88: checks
*** RIVER *** [9d 9h Jc 3h] [2h]
wesdeluxe: bets $6
TbIP-TbIP 88: folds
Uncalled bet ($6) returned to wesdeluxe
wesdeluxe collected $17.64 from pot
wesdeluxe: doesn't show hand
*** SUMMARY ***
Total pot $18 | Rake $0.36
Board [9d 9h Jc 3h 2h]
Seat 1: wesdeluxe (big blind) collected ($17.64)
Seat 2: TbIP-TbIP 88 (button) (small blind) folded on the River


PokerStars Hand #149761053421:  Hold'em Limit ($3/$6 USD) - 2016/03/03 5:42:10 ET
Table 'Scania II' 6-max Seat #1 is the button
Seat 1: wesdeluxe ($74.94 in chips)
Seat 2: TbIP-TbIP 88 ($86.04 in chips)
wesdeluxe: posts small blind $1
TbIP-TbIP 88: posts big blind $3
*** HOLE CARDS ***
wesdeluxe: folds
Uncalled bet ($2) returned to TbIP-TbIP 88
TbIP-TbIP 88 collected $2 from pot
TbIP-TbIP 88: doesn't show hand
*** SUMMARY ***
Total pot $2 | Rake $0
Seat 1: wesdeluxe (button) (small blind) folded before Flop
Seat 2: TbIP-TbIP 88 (big blind) collected ($2)


PokerStars Hand #149761042679:  Hold'em Limit ($3/$6 USD) - 2016/03/03 5:41:47 ET
Table 'Scania II' 6-max Seat #2 is the button
Seat 1: wesdeluxe ($66.30 in chips)
Seat 2: TbIP-TbIP 88 ($95.04 in chips)
TbIP-TbIP 88: posts small blind $1
wesdeluxe: posts big blind $3
*** HOLE CARDS ***
TbIP-TbIP 88: raises $3 to $6
wesdeluxe: calls $3
*** FLOP *** [7c 6c 5h]
wesdeluxe: checks
TbIP-TbIP 88: bets $3
wesdeluxe: calls $3
*** TURN *** [7c 6c 5h] [Ks]
wesdeluxe: checks
TbIP-TbIP 88: checks
*** RIVER *** [7c 6c 5h Ks] [9h]
wesdeluxe: bets $6
TbIP-TbIP 88: folds
Uncalled bet ($6) returned to wesdeluxe
wesdeluxe collected $17.64 from pot
wesdeluxe: doesn't show hand
*** SUMMARY ***
Total pot $18 | Rake $0.36
Board [7c 6c 5h Ks 9h]
Seat 1: wesdeluxe (big blind) collected ($17.64)
Seat 2: TbIP-TbIP 88 (button) (small blind) folded on the River


PokerStars Hand #149761068180:  Hold'em Limit ($3/$6 USD) - 2016/03/03 5:42:41 ET
Table 'Scania II' 6-max Seat #2 is the button
Seat 1: wesdeluxe ($81.58 in chips)
Seat 2: TbIP-TbIP 88 ($79.04 in chips)
TbIP-TbIP 88: posts small blind $1
wesdeluxe: posts big blind $3
*** HOLE CARDS ***
TbIP-TbIP 88: raises $3 to $6
wesdeluxe: calls $3
*** FLOP *** [5c 6c 2d]
wesdeluxe: checks
TbIP-TbIP 88: bets $3
wesdeluxe: folds
Uncalled bet ($3) returned to TbIP-TbIP 88
TbIP-TbIP 88 collected $11.76 from pot
TbIP-TbIP 88: doesn't show hand
*** SUMMARY ***
Total pot $12 | Rake $0.24
Board [5c 6c 2d]
Seat 1: wesdeluxe (big blind) folded on the Flop
Seat 2: TbIP-TbIP 88 (button) (small blind) collected ($11.76)


PokerStars Hand #149761097109:  Hold'em Limit ($3/$6 USD) - 2016/03/03 5:43:44 ET
Table 'Scania II' 6-max Seat #2 is the button
Seat 1: wesdeluxe ($47.58 in chips)
Seat 2: TbIP-TbIP 88 ($112.30 in chips)
TbIP-TbIP 88: posts small blind $1
wesdeluxe: posts big blind $3
*** HOLE CARDS ***
TbIP-TbIP 88: raises $3 to $6
wesdeluxe: folds
Uncalled bet ($3) returned to TbIP-TbIP 88
TbIP-TbIP 88 collected $6 from pot
TbIP-TbIP 88: doesn't show hand
*** SUMMARY ***
Total pot $6 | Rake $0
Seat 1: wesdeluxe (big blind) folded before Flop
Seat 2: TbIP-TbIP 88 (button) (small blind) collected ($6)


PokerStars Hand #149761079028:  Hold'em Limit ($3/$6 USD) - 2016/03/03 5:43:05 ET
Table 'Scania II' 6-max Seat #2 is the button
Seat 1: wesdeluxe ($74.58 in chips)
Seat 2: TbIP-TbIP 88 ($85.80 in chips)
TbIP-TbIP 88: posts small blind $1
wesdeluxe: posts big blind $3
*** HOLE CARDS ***
TbIP-TbIP 88: raises $3 to $6
wesdeluxe: folds
Uncalled bet ($3) returned to TbIP-TbIP 88
TbIP-TbIP 88 collected $6 from pot
TbIP-TbIP 88: doesn't show hand
*** SUMMARY ***
Total pot $6 | Rake $0
Seat 1: wesdeluxe (big blind) folded before Flop
Seat 2: TbIP-TbIP 88 (button) (small blind) collected ($6)


PokerStars Hand #149761076885:  Hold'em Limit ($3/$6 USD) - 2016/03/03 5:43:00 ET
Table 'Scania II' 6-max Seat #1 is the button
Seat 1: wesdeluxe ($75.58 in chips)
Seat 2: TbIP-TbIP 88 ($84.80 in chips)
wesdeluxe: posts small blind $1
TbIP-TbIP 88: posts big blind $3
*** HOLE CARDS ***
wesdeluxe: folds
Uncalled bet ($2) returned to TbIP-TbIP 88
TbIP-TbIP 88 collected $2 from pot
TbIP-TbIP 88: doesn't show hand
*** SUMMARY ***
Total pot $2 | Rake $0
Seat 1: wesdeluxe (button) (small blind) folded before Flop
Seat 2: TbIP-TbIP 88 (big blind) collected ($2)


