PokerStars Hand #159349482235:  Hold'em Limit ($3/$6 USD) - 2016/10/01 17:59:49 ET
Table 'Scania' 6-max Seat #1 is the button
Seat 1: dirk 0001 ($32 in chips)
Seat 2: AzureCaper ($77.76 in chips)
dirk 0001: posts small blind $1
AzureCaper: posts big blind $3
*** HOLE CARDS ***
dirk 0001: raises $3 to $6
AzureCaper: folds
Uncalled bet ($3) returned to dirk 0001
dirk 0001 collected $6 from pot
*** SUMMARY ***
Total pot $6 | Rake $0
Seat 1: dirk 0001 (button) (small blind) collected ($6)
Seat 2: AzureCaper (big blind) folded before Flop


PokerStars Hand #159349473413:  Hold'em Limit ($3/$6 USD) - 2016/10/01 17:59:34 ET
Table 'Scania' 6-max Seat #2 is the button
Seat 1: dirk 0001 ($38 in chips)
Seat 2: AzureCaper ($72 in chips)
AzureCaper: posts small blind $1
GoliafUa: is sitting out
Chessnok joins the table at seat #3
dirk 0001: posts big blind $3
*** HOLE CARDS ***
AzureCaper: raises $3 to $6
dirk 0001: calls $3
*** FLOP *** [9s Ac Jh]
dirk 0001: checks
AzureCaper: bets $3
dirk 0001: folds
Uncalled bet ($3) returned to AzureCaper
AzureCaper collected $11.76 from pot
AzureCaper: doesn't show hand
*** SUMMARY ***
Total pot $12 | Rake $0.24
Board [9s Ac Jh]
Seat 1: dirk 0001 (big blind) folded on the Flop
Seat 2: AzureCaper (button) (small blind) collected ($11.76)


PokerStars Hand #159351139384:  Hold'em Limit ($3/$6 USD) - 2016/10/01 18:40:30 ET
Table 'Scania' 6-max Seat #6 is the button
Seat 3: bubsski ($103.53 in chips)
Seat 6: Lowey277 ($142.38 in chips)
Lowey277: posts small blind $1
bubsski: posts big blind $3
*** HOLE CARDS ***
Lowey277: folds
Uncalled bet ($2) returned to bubsski
bubsski collected $2 from pot
*** SUMMARY ***
Total pot $2 | Rake $0
Seat 3: bubsski (big blind) collected ($2)
Seat 6: Lowey277 (button) (small blind) folded before Flop


PokerStars Hand #159351142978:  Hold'em Limit ($3/$6 USD) - 2016/10/01 18:40:35 ET
Table 'Scania' 6-max Seat #3 is the button
Seat 3: bubsski ($104.53 in chips)
Seat 6: Lowey277 ($141.38 in chips)
bubsski: posts small blind $1
Lowey277: posts big blind $3
*** HOLE CARDS ***
bubsski: raises $3 to $6
Lowey277: calls $3
*** FLOP *** [2d Kd 3s]
Lowey277: bets $3
bubsski: calls $3
*** TURN *** [2d Kd 3s] [Tc]
Lowey277: bets $6
bubsski: calls $6
*** RIVER *** [2d Kd 3s Tc] [9s]
Lowey277: bets $6
bubsski: raises $6 to $12
Lowey277: calls $6
*** SHOW DOWN ***
bubsski: shows [Ks Qs] (a pair of Kings)
Lowey277: mucks hand
bubsski collected $53.50 from pot
*** SUMMARY ***
Total pot $54 | Rake $0.50
Board [2d Kd 3s Tc 9s]
Seat 3: bubsski (button) (small blind) showed [Ks Qs] and won ($53.50) with a pair of Kings
Seat 6: Lowey277 (big blind) mucked


PokerStars Hand #159351156553:  Hold'em Limit ($3/$6 USD) - 2016/10/01 18:40:57 ET
Table 'Scania' 6-max Seat #6 is the button
Seat 3: bubsski ($131.03 in chips)
Seat 6: Lowey277 ($114.38 in chips)
Lowey277: posts small blind $1
bubsski: posts big blind $3
*** HOLE CARDS ***
Lowey277: raises $3 to $6
bubsski: calls $3
*** FLOP *** [Kc 9c Tc]
bubsski: checks
Lowey277: bets $3
bubsski: calls $3
*** TURN *** [Kc 9c Tc] [5d]
bubsski: checks
Lowey277: bets $6
bubsski: folds
Uncalled bet ($6) returned to Lowey277
Lowey277 collected $17.64 from pot
Lowey277: doesn't show hand
*** SUMMARY ***
Total pot $18 | Rake $0.36
Board [Kc 9c Tc 5d]
Seat 3: bubsski (big blind) folded on the Turn
Seat 6: Lowey277 (button) (small blind) collected ($17.64)


PokerStars Hand #159351167131:  Hold'em Limit ($3/$6 USD) - 2016/10/01 18:41:14 ET
Table 'Scania' 6-max Seat #3 is the button
Seat 3: bubsski ($122.03 in chips)
Seat 6: Lowey277 ($123.02 in chips)
bubsski: posts small blind $1
Lowey277: posts big blind $3
*** HOLE CARDS ***
bubsski: raises $3 to $6
Lowey277: calls $3
*** FLOP *** [6c Ac 6s]
Lowey277: bets $3
bubsski: raises $3 to $6
Lowey277: calls $3
*** TURN *** [6c Ac 6s] [3c]
Lowey277: bets $6
bubsski: raises $6 to $12
acesfullwins joins the table at seat #2
Lowey277: raises $6 to $18
bubsski: calls $6
*** RIVER *** [6c Ac 6s 3c] [Td]
Lowey277: bets $6
bubsski: calls $6
*** SHOW DOWN ***
Lowey277: shows [Jc 5c] (a flush, Ace high)
bubsski: mucks hand
Lowey277 collected $71.50 from pot
*** SUMMARY ***
Total pot $72 | Rake $0.50
Board [6c Ac 6s 3c Td]
Seat 3: bubsski (button) (small blind) mucked
Seat 6: Lowey277 (big blind) showed [Jc 5c] and won ($71.50) with a flush, Ace high


PokerStars Hand #159351251862:  Hold'em Limit ($3/$6 USD) - 2016/10/01 18:43:30 ET
Table 'Scania' 6-max Seat #6 is the button
Seat 3: bubsski ($110.83 in chips)
Seat 6: Lowey277 ($164.92 in chips)
Lowey277: posts small blind $1
bubsski: posts big blind $3
*** HOLE CARDS ***
Lowey277: folds
Uncalled bet ($2) returned to bubsski
bubsski collected $2 from pot
*** SUMMARY ***
Total pot $2 | Rake $0
Seat 3: bubsski (big blind) collected ($2)
Seat 6: Lowey277 (button) (small blind) folded before Flop


PokerStars Hand #159351255513:  Hold'em Limit ($3/$6 USD) - 2016/10/01 18:43:36 ET
Table 'Scania' 6-max Seat #3 is the button
Seat 3: bubsski ($111.83 in chips)
Seat 6: Lowey277 ($163.92 in chips)
bubsski: posts small blind $1
acesfullwins leaves the table
Lowey277: posts big blind $3
*** HOLE CARDS ***
bubsski: calls $2
Lowey277: checks
*** FLOP *** [9h 4h Tc]
Lowey277: bets $3
bubsski: raises $3 to $6
Lowey277: calls $3
*** TURN *** [9h 4h Tc] [Qs]
Lowey277: checks
bubsski: checks
*** RIVER *** [9h 4h Tc Qs] [8d]
Lowey277: checks
bubsski: bets $6
Lowey277: calls $6
*** SHOW DOWN ***
bubsski: shows [7h 5h] (high card Queen)
Lowey277: shows [Ac 4s] (a pair of Fours)
Lowey277 collected $29.50 from pot
*** SUMMARY ***
Total pot $30 | Rake $0.50
Board [9h 4h Tc Qs 8d]
Seat 3: bubsski (button) (small blind) showed [7h 5h] and lost with high card Queen
Seat 6: Lowey277 (big blind) showed [Ac 4s] and won ($29.50) with a pair of Fours


PokerStars Hand #159351270039:  Hold'em Limit ($3/$6 USD) - 2016/10/01 18:43:59 ET
Table 'Scania' 6-max Seat #6 is the button
Seat 3: bubsski ($96.83 in chips)
Seat 6: Lowey277 ($178.42 in chips)
Lowey277: posts small blind $1
bubsski: posts big blind $3
*** HOLE CARDS ***
Lowey277: raises $3 to $6
bubsski: calls $3
*** FLOP *** [6d 7c 9d]
bubsski: checks
Lowey277: checks
*** TURN *** [6d 7c 9d] [4c]
bubsski: bets $6
Lowey277: calls $6
*** RIVER *** [6d 7c 9d 4c] [9h]
bubsski: checks
Lowey277: bets $6
bubsski: calls $6
*** SHOW DOWN ***
Lowey277: shows [Ah 4h] (two pair, Nines and Fours)
bubsski: shows [6s 5s] (two pair, Nines and Sixes)
bubsski collected $35.50 from pot
*** SUMMARY ***
Total pot $36 | Rake $0.50
Board [6d 7c 9d 4c 9h]
Seat 3: bubsski (big blind) showed [6s 5s] and won ($35.50) with two pair, Nines and Sixes
Seat 6: Lowey277 (button) (small blind) showed [Ah 4h] and lost with two pair, Nines and Fours


PokerStars Hand #159351281623:  Hold'em Limit ($3/$6 USD) - 2016/10/01 18:44:18 ET
Table 'Scania' 6-max Seat #3 is the button
Seat 3: bubsski ($114.33 in chips)
Seat 6: Lowey277 ($160.42 in chips)
bubsski: posts small blind $1
Lowey277: posts big blind $3
*** HOLE CARDS ***
bubsski: calls $2
Lowey277: checks
*** FLOP *** [6c 8h 6d]
Lowey277: checks
bubsski: bets $3
Lowey277: calls $3
*** TURN *** [6c 8h 6d] [Qc]
Lowey277: checks
bubsski: bets $6
Lowey277: folds
Uncalled bet ($6) returned to bubsski
bubsski collected $11.76 from pot
*** SUMMARY ***
Total pot $12 | Rake $0.24
Board [6c 8h 6d Qc]
Seat 3: bubsski (button) (small blind) collected ($11.76)
Seat 6: Lowey277 (big blind) folded on the Turn


PokerStars Hand #159351300212:  Hold'em Limit ($3/$6 USD) - 2016/10/01 18:44:48 ET
Table 'Scania' 6-max Seat #3 is the button
Seat 3: bubsski ($128.73 in chips)
Seat 6: Lowey277 ($145.42 in chips)
bubsski: posts small blind $1
Lowey277: posts big blind $3
*** HOLE CARDS ***
bubsski: folds
Uncalled bet ($2) returned to Lowey277
Lowey277 collected $2 from pot
Lowey277: doesn't show hand
*** SUMMARY ***
Total pot $2 | Rake $0
Seat 3: bubsski (button) (small blind) folded before Flop
Seat 6: Lowey277 (big blind) collected ($2)


PokerStars Hand #159351292811:  Hold'em Limit ($3/$6 USD) - 2016/10/01 18:44:36 ET
Table 'Scania' 6-max Seat #6 is the button
Seat 3: bubsski ($120.09 in chips)
Seat 6: Lowey277 ($154.42 in chips)
Lowey277: posts small blind $1
bubsski: posts big blind $3
*** HOLE CARDS ***
Lowey277: raises $3 to $6
bubsski: raises $3 to $9
Lowey277: calls $3
*** FLOP *** [9c 3d Tc]
bubsski: bets $3
Lowey277: folds
Uncalled bet ($3) returned to bubsski
bubsski collected $17.64 from pot
*** SUMMARY ***
Total pot $18 | Rake $0.36
Board [9c 3d Tc]
Seat 3: bubsski (big blind) collected ($17.64)
Seat 6: Lowey277 (button) (small blind) folded on the Flop


PokerStars Hand #159351303445:  Hold'em Limit ($3/$6 USD) - 2016/10/01 18:44:53 ET
Table 'Scania' 6-max Seat #6 is the button
Seat 3: bubsski ($127.73 in chips)
Seat 6: Lowey277 ($146.42 in chips)
Lowey277: posts small blind $1
bubsski: posts big blind $3
*** HOLE CARDS ***
Lowey277: raises $3 to $6
bubsski: calls $3
*** FLOP *** [3d 8c 4c]
bubsski: checks
Lowey277: checks
*** TURN *** [3d 8c 4c] [Jc]
bubsski: checks
Lowey277: checks
*** RIVER *** [3d 8c 4c Jc] [9s]
bubsski: checks
Lowey277: checks
*** SHOW DOWN ***
bubsski: shows [Kd 5d] (high card King)
Lowey277: shows [Ks 7h] (high card King - Jack+Nine+Eight+Seven kicker)
Lowey277 collected $11.76 from pot
*** SUMMARY ***
Total pot $12 | Rake $0.24
Board [3d 8c 4c Jc 9s]
Seat 3: bubsski (big blind) showed [Kd 5d] and lost with high card King
Seat 6: Lowey277 (button) (small blind) showed [Ks 7h] and won ($11.76) with high card King


PokerStars Hand #159351313493:  Hold'em Limit ($3/$6 USD) - 2016/10/01 18:45:09 ET
Table 'Scania' 6-max Seat #3 is the button
Seat 3: bubsski ($121.73 in chips)
Seat 6: Lowey277 ($152.18 in chips)
bubsski: posts small blind $1
Lowey277: posts big blind $3
*** HOLE CARDS ***
bubsski: calls $2
Lowey277: raises $3 to $6
bubsski: calls $3
*** FLOP *** [Kc 4d 5h]
Lowey277: bets $3
bubsski: folds
Uncalled bet ($3) returned to Lowey277
Lowey277 collected $11.76 from pot
Lowey277: doesn't show hand
*** SUMMARY ***
Total pot $12 | Rake $0.24
Board [Kc 4d 5h]
Seat 3: bubsski (button) (small blind) folded on the Flop
Seat 6: Lowey277 (big blind) collected ($11.76)


PokerStars Hand #159351321761:  Hold'em Limit ($3/$6 USD) - 2016/10/01 18:45:23 ET
Table 'Scania' 6-max Seat #6 is the button
Seat 3: bubsski ($115.73 in chips)
Seat 6: Lowey277 ($157.94 in chips)
Lowey277: posts small blind $1
bubsski: posts big blind $3
*** HOLE CARDS ***
Lowey277: calls $2
bubsski: checks
*** FLOP *** [Jd Kd 2c]
bubsski: checks
Lowey277: bets $3
bubsski: folds
Uncalled bet ($3) returned to Lowey277
Lowey277 collected $5.88 from pot
Lowey277: doesn't show hand
*** SUMMARY ***
Total pot $6 | Rake $0.12
Board [Jd Kd 2c]
Seat 3: bubsski (big blind) folded on the Flop
Seat 6: Lowey277 (button) (small blind) collected ($5.88)


PokerStars Hand #159351332308:  Hold'em Limit ($3/$6 USD) - 2016/10/01 18:45:40 ET
Table 'Scania' 6-max Seat #6 is the button
Seat 3: bubsski ($111.73 in chips)
Seat 6: Lowey277 ($161.82 in chips)
Lowey277: posts small blind $1
bubsski: posts big blind $3
*** HOLE CARDS ***
Lowey277: folds
Uncalled bet ($2) returned to bubsski
bubsski collected $2 from pot
*** SUMMARY ***
Total pot $2 | Rake $0
Seat 3: bubsski (big blind) collected ($2)
Seat 6: Lowey277 (button) (small blind) folded before Flop


PokerStars Hand #159351329194:  Hold'em Limit ($3/$6 USD) - 2016/10/01 18:45:35 ET
Table 'Scania' 6-max Seat #3 is the button
Seat 3: bubsski ($112.73 in chips)
Seat 6: Lowey277 ($160.82 in chips)
bubsski: posts small blind $1
Lowey277: posts big blind $3
*** HOLE CARDS ***
bubsski: folds
Uncalled bet ($2) returned to Lowey277
Lowey277 collected $2 from pot
Lowey277: doesn't show hand
*** SUMMARY ***
Total pot $2 | Rake $0
Seat 3: bubsski (button) (small blind) folded before Flop
Seat 6: Lowey277 (big blind) collected ($2)


PokerStars Hand #159351335595:  Hold'em Limit ($3/$6 USD) - 2016/10/01 18:45:45 ET
Table 'Scania' 6-max Seat #3 is the button
Seat 3: bubsski ($112.73 in chips)
Seat 6: Lowey277 ($160.82 in chips)
bubsski: posts small blind $1
Lowey277: posts big blind $3
*** HOLE CARDS ***
bubsski: raises $3 to $6
Lowey277: calls $3
*** FLOP *** [4s 4h 8h]
Lowey277: checks
bubsski: bets $3
Lowey277: calls $3
*** TURN *** [4s 4h 8h] [8d]
Lowey277: checks
bubsski: bets $6
Lowey277: folds
Uncalled bet ($6) returned to bubsski
bubsski collected $17.64 from pot
*** SUMMARY ***
Total pot $18 | Rake $0.36
Board [4s 4h 8h 8d]
Seat 3: bubsski (button) (small blind) collected ($17.64)
Seat 6: Lowey277 (big blind) folded on the Turn


PokerStars Hand #159351346899:  Hold'em Limit ($3/$6 USD) - 2016/10/01 18:46:03 ET
Table 'Scania' 6-max Seat #6 is the button
Seat 3: bubsski ($121.37 in chips)
Seat 6: Lowey277 ($151.82 in chips)
Lowey277: posts small blind $1
bubsski: posts big blind $3
*** HOLE CARDS ***
Lowey277: folds
Uncalled bet ($2) returned to bubsski
bubsski collected $2 from pot
*** SUMMARY ***
Total pot $2 | Rake $0
Seat 3: bubsski (big blind) collected ($2)
Seat 6: Lowey277 (button) (small blind) folded before Flop


PokerStars Hand #159351350015:  Hold'em Limit ($3/$6 USD) - 2016/10/01 18:46:08 ET
Table 'Scania' 6-max Seat #3 is the button
Seat 3: bubsski ($122.37 in chips)
Seat 6: Lowey277 ($150.82 in chips)
bubsski: posts small blind $1
Lowey277: posts big blind $3
*** HOLE CARDS ***
bubsski: calls $2
Lowey277: checks
*** FLOP *** [5c 7h 5h]
Lowey277: checks
bubsski: bets $3
Lowey277: folds
Uncalled bet ($3) returned to bubsski
bubsski collected $5.88 from pot
sim5sim5 joins the table at seat #5
*** SUMMARY ***
Total pot $6 | Rake $0.12
Board [5c 7h 5h]
Seat 3: bubsski (button) (small blind) collected ($5.88)
Seat 6: Lowey277 (big blind) folded on the Flop


PokerStars Hand #159351357817:  Hold'em Limit ($3/$6 USD) - 2016/10/01 18:46:21 ET
Table 'Scania' 6-max Seat #6 is the button
Seat 3: bubsski ($125.25 in chips)
Seat 6: Lowey277 ($147.82 in chips)
Lowey277: posts small blind $1
bubsski: posts big blind $3
*** HOLE CARDS ***
Lowey277: folds
Uncalled bet ($2) returned to bubsski
bubsski collected $2 from pot
*** SUMMARY ***
Total pot $2 | Rake $0
Seat 3: bubsski (big blind) collected ($2)
Seat 6: Lowey277 (button) (small blind) folded before Flop


PokerStars Hand #159351474469:  Hold'em Limit ($3/$6 USD) - 2016/10/01 18:49:27 ET
Table 'Scania' 6-max Seat #6 is the button
Seat 3: bubsski ($112.42 in chips)
Seat 6: Lowey277 ($108.25 in chips)
Lowey277: posts small blind $1
bubsski: posts big blind $3
*** HOLE CARDS ***
Lowey277: folds
Uncalled bet ($2) returned to bubsski
sim5sim5 leaves the table
bubsski collected $2 from pot
*** SUMMARY ***
Total pot $2 | Rake $0
Seat 3: bubsski (big blind) collected ($2)
Seat 6: Lowey277 (button) (small blind) folded before Flop


PokerStars Hand #159351463874:  Hold'em Limit ($3/$6 USD) - 2016/10/01 18:49:09 ET
Table 'Scania' 6-max Seat #3 is the button
Seat 3: bubsski ($113.42 in chips)
Seat 6: Lowey277 ($107.25 in chips)
bubsski: posts small blind $1
sim5sim5: is sitting out
Lowey277: posts big blind $3
*** HOLE CARDS ***
chosenfish joins the table at seat #2
bubsski: folds
Uncalled bet ($2) returned to Lowey277
Lowey277 collected $2 from pot
Lowey277: doesn't show hand
chosenfish leaves the table
*** SUMMARY ***
Total pot $2 | Rake $0
Seat 3: bubsski (button) (small blind) folded before Flop
Seat 6: Lowey277 (big blind) collected ($2)


PokerStars Hand #159351477876:  Hold'em Limit ($3/$6 USD) - 2016/10/01 18:49:32 ET
Table 'Scania' 6-max Seat #3 is the button
Seat 3: bubsski ($113.42 in chips)
Seat 6: Lowey277 ($107.25 in chips)
bubsski: posts small blind $1
Lowey277: posts big blind $3
*** HOLE CARDS ***
bubsski: raises $3 to $6
Lowey277: raises $3 to $9
bubsski: calls $3
*** FLOP *** [Tc 4c Ts]
Lowey277: bets $3
bubsski: calls $3
*** TURN *** [Tc 4c Ts] [Ad]
Lowey277: bets $6
bubsski: calls $6
*** RIVER *** [Tc 4c Ts Ad] [9d]
Lowey277: bets $6
sim5sim5 joins the table at seat #1
bubsski: calls $6
*** SHOW DOWN ***
Lowey277: shows [5d Ac] (two pair, Aces and Tens)
bubsski: shows [Ah Jc] (two pair, Aces and Tens - Jack kicker)
bubsski collected $47.50 from pot
*** SUMMARY ***
Total pot $48 | Rake $0.50
Board [Tc 4c Ts Ad 9d]
Seat 3: bubsski (button) (small blind) showed [Ah Jc] and won ($47.50) with two pair, Aces and Tens
Seat 6: Lowey277 (big blind) showed [5d Ac] and lost with two pair, Aces and Tens


