PokerStars Hand #145818822518:  Hold'em Limit ($3/$6 USD) - 2015/12/23 18:09:01 ET
Table 'Schalen II' 2-max Seat #2 is the button
Seat 1: chipsdigme86 ($95 in chips)
Seat 2: dragon1893 ($169.16 in chips)
dragon1893: posts small blind $1
chipsdigme86: posts big blind $3
*** HOLE CARDS ***
dragon1893: raises $3 to $6
chipsdigme86: raises $3 to $9
dragon1893: calls $3
*** FLOP *** [5s Qh 7d]
chipsdigme86: bets $3
dragon1893: calls $3
*** TURN *** [5s Qh 7d] [Kh]
chipsdigme86: bets $6
dragon1893: calls $6
*** RIVER *** [5s Qh 7d Kh] [8d]
chipsdigme86: bets $6
dragon1893: calls $6
*** SHOW DOWN ***
chipsdigme86: shows [6c Kc] (a pair of Kings)
dragon1893: mucks hand
chipsdigme86 collected $47.50 from pot
*** SUMMARY ***
Total pot $48 | Rake $0.50
Board [5s Qh 7d Kh 8d]
Seat 1: chipsdigme86 (big blind) showed [6c Kc] and won ($47.50) with a pair of Kings
Seat 2: dragon1893 (button) (small blind) mucked


PokerStars Hand #145818818504:  Hold'em Limit ($3/$6 USD) - 2015/12/23 18:08:56 ET
Table 'Schalen II' 2-max Seat #1 is the button
Seat 1: chipsdigme86 ($92 in chips)
Seat 2: dragon1893 ($172.16 in chips)
chipsdigme86: posts small blind $1
dragon1893: posts big blind $3
*** HOLE CARDS ***
chipsdigme86: raises $3 to $6
dragon1893: folds
Uncalled bet ($3) returned to chipsdigme86
chipsdigme86 collected $6 from pot
*** SUMMARY ***
Total pot $6 | Rake $0
Seat 1: chipsdigme86 (button) (small blind) collected ($6)
Seat 2: dragon1893 (big blind) folded before Flop


PokerStars Hand #145818814181:  Hold'em Limit ($3/$6 USD) - 2015/12/23 18:08:52 ET
Table 'Schalen II' 2-max Seat #2 is the button
Seat 1: chipsdigme86 ($95 in chips)
Seat 2: dragon1893 ($169.16 in chips)
dragon1893: posts small blind $1
chipsdigme86: posts big blind $3
*** HOLE CARDS ***
dragon1893: raises $3 to $6
chipsdigme86: folds
Uncalled bet ($3) returned to dragon1893
dragon1893 collected $6 from pot
dragon1893: doesn't show hand
*** SUMMARY ***
Total pot $6 | Rake $0
Seat 1: chipsdigme86 (big blind) folded before Flop
Seat 2: dragon1893 (button) (small blind) collected ($6)


PokerStars Hand #145818806945:  Hold'em Limit ($3/$6 USD) - 2015/12/23 18:08:44 ET
Table 'Schalen II' 2-max Seat #1 is the button
Seat 1: chipsdigme86 ($104 in chips)
Seat 2: dragon1893 ($160.52 in chips)
chipsdigme86: posts small blind $1
dragon1893: posts big blind $3
*** HOLE CARDS ***
chipsdigme86: raises $3 to $6
dragon1893: calls $3
*** FLOP *** [Ac Ah Qs]
dragon1893: checks
chipsdigme86: bets $3
dragon1893: raises $3 to $6
chipsdigme86: folds
Uncalled bet ($3) returned to dragon1893
dragon1893 collected $17.64 from pot
dragon1893: doesn't show hand
*** SUMMARY ***
Total pot $18 | Rake $0.36
Board [Ac Ah Qs]
Seat 1: chipsdigme86 (button) (small blind) folded on the Flop
Seat 2: dragon1893 (big blind) collected ($17.64)


PokerStars Hand #145818884890:  Hold'em Limit ($3/$6 USD) - 2015/12/23 18:10:11 ET
Table 'Schalen II' 2-max Seat #1 is the button
Seat 1: chipsdigme86 ($104.52 in chips)
Seat 2: dragon1893 ($161.66 in chips)
chipsdigme86: posts small blind $1
dragon1893: posts big blind $3
*** HOLE CARDS ***
chipsdigme86: raises $3 to $6
dragon1893: raises $3 to $9
chipsdigme86: raises $3 to $12
Betting is capped
dragon1893: calls $3
*** FLOP *** [Ks 5d Ad]
dragon1893: checks
chipsdigme86: checks
*** TURN *** [Ks 5d Ad] [8c]
dragon1893: checks
chipsdigme86: checks
*** RIVER *** [Ks 5d Ad 8c] [Jc]
dragon1893: checks
chipsdigme86: bets $6
dragon1893: calls $6
*** SHOW DOWN ***
chipsdigme86: shows [Js Jh] (three of a kind, Jacks)
dragon1893: mucks hand
chipsdigme86 collected $35.50 from pot
*** SUMMARY ***
Total pot $36 | Rake $0.50
Board [Ks 5d Ad 8c Jc]
Seat 1: chipsdigme86 (button) (small blind) showed [Js Jh] and won ($35.50) with three of a kind, Jacks
Seat 2: dragon1893 (big blind) mucked


PokerStars Hand #145818876635:  Hold'em Limit ($3/$6 USD) - 2015/12/23 18:10:01 ET
Table 'Schalen II' 2-max Seat #2 is the button
Seat 1: chipsdigme86 ($113.52 in chips)
Seat 2: dragon1893 ($153.02 in chips)
dragon1893: posts small blind $1
chipsdigme86: posts big blind $3
*** HOLE CARDS ***
dragon1893: raises $3 to $6
chipsdigme86: calls $3
*** FLOP *** [Jd 5h Jc]
chipsdigme86: checks
dragon1893: bets $3
chipsdigme86: calls $3
*** TURN *** [Jd 5h Jc] [6d]
chipsdigme86: checks
dragon1893: bets $6
chipsdigme86: folds
Uncalled bet ($6) returned to dragon1893
dragon1893 collected $17.64 from pot
dragon1893: doesn't show hand
*** SUMMARY ***
Total pot $18 | Rake $0.36
Board [Jd 5h Jc 6d]
Seat 1: chipsdigme86 (big blind) folded on the Turn
Seat 2: dragon1893 (button) (small blind) collected ($17.64)


PokerStars Hand #145818873112:  Hold'em Limit ($3/$6 USD) - 2015/12/23 18:09:57 ET
Table 'Schalen II' 2-max Seat #1 is the button
Seat 1: chipsdigme86 ($114.52 in chips)
Seat 2: dragon1893 ($152.02 in chips)
chipsdigme86: posts small blind $1
dragon1893: posts big blind $3
*** HOLE CARDS ***
chipsdigme86: folds
Uncalled bet ($2) returned to dragon1893
dragon1893 collected $2 from pot
dragon1893: doesn't show hand
*** SUMMARY ***
Total pot $2 | Rake $0
Seat 1: chipsdigme86 (button) (small blind) folded before Flop
Seat 2: dragon1893 (big blind) collected ($2)


PokerStars Hand #145818863640:  Hold'em Limit ($3/$6 USD) - 2015/12/23 18:09:47 ET
Table 'Schalen II' 2-max Seat #2 is the button
Seat 1: chipsdigme86 ($103 in chips)
Seat 2: dragon1893 ($164.02 in chips)
dragon1893: posts small blind $1
chipsdigme86: posts big blind $3
*** HOLE CARDS ***
dragon1893: raises $3 to $6
chipsdigme86: raises $3 to $9
dragon1893: calls $3
*** FLOP *** [3c 8c 2s]
chipsdigme86: bets $3
dragon1893: calls $3
*** TURN *** [3c 8c 2s] [Ks]
chipsdigme86: checks
dragon1893: checks
*** RIVER *** [3c 8c 2s Ks] [As]
chipsdigme86: bets $6
dragon1893: folds
Uncalled bet ($6) returned to chipsdigme86
chipsdigme86 collected $23.52 from pot
*** SUMMARY ***
Total pot $24 | Rake $0.48
Board [3c 8c 2s Ks As]
Seat 1: chipsdigme86 (big blind) collected ($23.52)
Seat 2: dragon1893 (button) (small blind) folded on the River


PokerStars Hand #145818855729:  Hold'em Limit ($3/$6 USD) - 2015/12/23 18:09:38 ET
Table 'Schalen II' 2-max Seat #1 is the button
Seat 1: chipsdigme86 ($115 in chips)
Seat 2: dragon1893 ($152.50 in chips)
chipsdigme86: posts small blind $1
dragon1893: posts big blind $3
*** HOLE CARDS ***
chipsdigme86: raises $3 to $6
dragon1893: raises $3 to $9
chipsdigme86: calls $3
*** FLOP *** [2c 8c 8d]
dragon1893: bets $3
chipsdigme86: calls $3
*** TURN *** [2c 8c 8d] [Qh]
dragon1893: bets $6
chipsdigme86: folds
Uncalled bet ($6) returned to dragon1893
dragon1893 collected $23.52 from pot
dragon1893: doesn't show hand
*** SUMMARY ***
Total pot $24 | Rake $0.48
Board [2c 8c 8d Qh]
Seat 1: chipsdigme86 (button) (small blind) folded on the Turn
Seat 2: dragon1893 (big blind) collected ($23.52)


PokerStars Hand #145818846140:  Hold'em Limit ($3/$6 USD) - 2015/12/23 18:09:27 ET
Table 'Schalen II' 2-max Seat #2 is the button
Seat 1: chipsdigme86 ($97.50 in chips)
Seat 2: dragon1893 ($170.50 in chips)
dragon1893: posts small blind $1
chipsdigme86: posts big blind $3
*** HOLE CARDS ***
dragon1893: raises $3 to $6
chipsdigme86: raises $3 to $9
dragon1893: calls $3
*** FLOP *** [3s 8d 3c]
chipsdigme86: bets $3
dragon1893: calls $3
*** TURN *** [3s 8d 3c] [4c]
chipsdigme86: checks
dragon1893: checks
*** RIVER *** [3s 8d 3c 4c] [Qc]
chipsdigme86: bets $6
dragon1893: calls $6
*** SHOW DOWN ***
chipsdigme86: shows [Qd 3d] (a full house, Threes full of Queens)
dragon1893: mucks hand
chipsdigme86 collected $35.50 from pot
*** SUMMARY ***
Total pot $36 | Rake $0.50
Board [3s 8d 3c 4c Qc]
Seat 1: chipsdigme86 (big blind) showed [Qd 3d] and won ($35.50) with a full house, Threes full of Queens
Seat 2: dragon1893 (button) (small blind) mucked


PokerStars Hand #145818834154:  Hold'em Limit ($3/$6 USD) - 2015/12/23 18:09:14 ET
Table 'Schalen II' 2-max Seat #1 is the button
Seat 1: chipsdigme86 ($118.50 in chips)
Seat 2: dragon1893 ($150 in chips)
chipsdigme86: posts small blind $1
dragon1893: posts big blind $3
*** HOLE CARDS ***
chipsdigme86: calls $2
dragon1893: raises $3 to $6
chipsdigme86: calls $3
*** FLOP *** [9h 3s Jd]
dragon1893: bets $3
chipsdigme86: calls $3
*** TURN *** [9h 3s Jd] [Ad]
dragon1893: bets $6
chipsdigme86: calls $6
*** RIVER *** [9h 3s Jd Ad] [8h]
dragon1893: bets $6
chipsdigme86: calls $6
*** SHOW DOWN ***
dragon1893: shows [Ts 9d] (a pair of Nines)
chipsdigme86: mucks hand
dragon1893 collected $41.50 from pot
*** SUMMARY ***
Total pot $42 | Rake $0.50
Board [9h 3s Jd Ad 8h]
Seat 1: chipsdigme86 (button) (small blind) mucked
Seat 2: dragon1893 (big blind) showed [Ts 9d] and won ($41.50) with a pair of Nines


PokerStars Hand #145818940735:  Hold'em Limit ($3/$6 USD) - 2015/12/23 18:11:13 ET
Table 'Schalen II' 2-max Seat #1 is the button
Seat 1: chipsdigme86 ($104.40 in chips)
Seat 2: dragon1893 ($166 in chips)
chipsdigme86: posts small blind $1
dragon1893: posts big blind $3
*** HOLE CARDS ***
chipsdigme86: folds
Uncalled bet ($2) returned to dragon1893
dragon1893 collected $2 from pot
dragon1893: doesn't show hand
*** SUMMARY ***
Total pot $2 | Rake $0
Seat 1: chipsdigme86 (button) (small blind) folded before Flop
Seat 2: dragon1893 (big blind) collected ($2)


PokerStars Hand #145818936793:  Hold'em Limit ($3/$6 USD) - 2015/12/23 18:11:09 ET
Table 'Schalen II' 2-max Seat #2 is the button
Seat 1: chipsdigme86 ($103.40 in chips)
Seat 2: dragon1893 ($167 in chips)
dragon1893: posts small blind $1
chipsdigme86: posts big blind $3
*** HOLE CARDS ***
dragon1893: folds
Uncalled bet ($2) returned to chipsdigme86
chipsdigme86 collected $2 from pot
*** SUMMARY ***
Total pot $2 | Rake $0
Seat 1: chipsdigme86 (big blind) collected ($2)
Seat 2: dragon1893 (button) (small blind) folded before Flop


PokerStars Hand #145818930259:  Hold'em Limit ($3/$6 USD) - 2015/12/23 18:11:02 ET
Table 'Schalen II' 2-max Seat #1 is the button
Seat 1: chipsdigme86 ($100.52 in chips)
Seat 2: dragon1893 ($170 in chips)
chipsdigme86: posts small blind $1
dragon1893: posts big blind $3
*** HOLE CARDS ***
chipsdigme86: calls $2
dragon1893: checks
*** FLOP *** [8c Qc 5s]
dragon1893: checks
chipsdigme86: bets $3
dragon1893: folds
Uncalled bet ($3) returned to chipsdigme86
chipsdigme86 collected $5.88 from pot
*** SUMMARY ***
Total pot $6 | Rake $0.12
Board [8c Qc 5s]
Seat 1: chipsdigme86 (button) (small blind) collected ($5.88)
Seat 2: dragon1893 (big blind) folded on the Flop


PokerStars Hand #145818917778:  Hold'em Limit ($3/$6 USD) - 2015/12/23 18:10:48 ET
Table 'Schalen II' 2-max Seat #2 is the button
Seat 1: chipsdigme86 ($77.02 in chips)
Seat 2: dragon1893 ($194 in chips)
dragon1893: posts small blind $1
chipsdigme86: posts big blind $3
*** HOLE CARDS ***
dragon1893: raises $3 to $6
chipsdigme86: raises $3 to $9
dragon1893: calls $3
*** FLOP *** [4h 3d 2d]
chipsdigme86: bets $3
dragon1893: calls $3
*** TURN *** [4h 3d 2d] [5h]
chipsdigme86: bets $6
dragon1893: calls $6
*** RIVER *** [4h 3d 2d 5h] [Th]
chipsdigme86: bets $6
dragon1893: calls $6
*** SHOW DOWN ***
chipsdigme86: shows [Jh Td] (a pair of Tens)
dragon1893: mucks hand
chipsdigme86 collected $47.50 from pot
*** SUMMARY ***
Total pot $48 | Rake $0.50
Board [4h 3d 2d 5h Th]
Seat 1: chipsdigme86 (big blind) showed [Jh Td] and won ($47.50) with a pair of Tens
Seat 2: dragon1893 (button) (small blind) mucked


PokerStars Hand #145818906281:  Hold'em Limit ($3/$6 USD) - 2015/12/23 18:10:35 ET
Table 'Schalen II' 2-max Seat #1 is the button
Seat 1: chipsdigme86 ($107.02 in chips)
Seat 2: dragon1893 ($164.50 in chips)
chipsdigme86: posts small blind $1
dragon1893: posts big blind $3
*** HOLE CARDS ***
chipsdigme86: raises $3 to $6
dragon1893: calls $3
*** FLOP *** [Td Ac Ah]
dragon1893: checks
chipsdigme86: bets $3
dragon1893: raises $3 to $6
chipsdigme86: raises $3 to $9
dragon1893: raises $3 to $12
Betting is capped
chipsdigme86: calls $3
*** TURN *** [Td Ac Ah] [4c]
dragon1893: bets $6
chipsdigme86: calls $6
*** RIVER *** [Td Ac Ah 4c] [Jh]
dragon1893: bets $6
chipsdigme86: calls $6
*** SHOW DOWN ***
dragon1893: shows [As 4d] (a full house, Aces full of Fours)
chipsdigme86: mucks hand
dragon1893 collected $59.50 from pot
*** SUMMARY ***
Total pot $60 | Rake $0.50
Board [Td Ac Ah 4c Jh]
Seat 1: chipsdigme86 (button) (small blind) mucked
Seat 2: dragon1893 (big blind) showed [As 4d] and won ($59.50) with a full house, Aces full of Fours


PokerStars Hand #145818894017:  Hold'em Limit ($3/$6 USD) - 2015/12/23 18:10:21 ET
Table 'Schalen II' 2-max Seat #2 is the button
Seat 1: chipsdigme86 ($122.02 in chips)
Seat 2: dragon1893 ($150 in chips)
dragon1893: posts small blind $1
chipsdigme86: posts big blind $3
*** HOLE CARDS ***
dragon1893: raises $3 to $6
chipsdigme86: calls $3
*** FLOP *** [9d Ad 5s]
chipsdigme86: checks
dragon1893: bets $3
chipsdigme86: calls $3
*** TURN *** [9d Ad 5s] [As]
chipsdigme86: checks
dragon1893: checks
*** RIVER *** [9d Ad 5s As] [Ts]
chipsdigme86: bets $6
dragon1893: calls $6
*** SHOW DOWN ***
chipsdigme86: shows [9h Jc] (two pair, Aces and Nines)
dragon1893: shows [Th 5d] (two pair, Aces and Tens)
dragon1893 collected $29.50 from pot
*** SUMMARY ***
Total pot $30 | Rake $0.50
Board [9d Ad 5s As Ts]
Seat 1: chipsdigme86 (big blind) showed [9h Jc] and lost with two pair, Aces and Nines
Seat 2: dragon1893 (button) (small blind) showed [Th 5d] and won ($29.50) with two pair, Aces and Tens


PokerStars Hand #145818985102:  Hold'em Limit ($3/$6 USD) - 2015/12/23 18:12:04 ET
Table 'Schalen II' 2-max Seat #2 is the button
Seat 1: chipsdigme86 ($82.04 in chips)
Seat 2: dragon1893 ($186.90 in chips)
dragon1893: posts small blind $1
chipsdigme86: posts big blind $3
*** HOLE CARDS ***
dragon1893: raises $3 to $6
chipsdigme86: calls $3
*** FLOP *** [9h 3h 4s]
chipsdigme86: checks
dragon1893: bets $3
chipsdigme86: calls $3
*** TURN *** [9h 3h 4s] [3d]
chipsdigme86: checks
dragon1893: checks
*** RIVER *** [9h 3h 4s 3d] [2s]
chipsdigme86: checks
dragon1893: checks
*** SHOW DOWN ***
chipsdigme86: shows [Kh 5d] (a pair of Threes)
dragon1893: shows [5s Kc] (a pair of Threes)
chipsdigme86 collected $8.82 from pot
dragon1893 collected $8.82 from pot
*** SUMMARY ***
Total pot $18 | Rake $0.36
Board [9h 3h 4s 3d 2s]
Seat 1: chipsdigme86 (big blind) showed [Kh 5d] and won ($8.82) with a pair of Threes
Seat 2: dragon1893 (button) (small blind) showed [5s Kc] and won ($8.82) with a pair of Threes


PokerStars Hand #145818979284:  Hold'em Limit ($3/$6 USD) - 2015/12/23 18:11:57 ET
Table 'Schalen II' 2-max Seat #1 is the button
Seat 1: chipsdigme86 ($91.04 in chips)
Seat 2: dragon1893 ($178.26 in chips)
chipsdigme86: posts small blind $1
dragon1893: posts big blind $3
*** HOLE CARDS ***
chipsdigme86: raises $3 to $6
dragon1893: raises $3 to $9
chipsdigme86: calls $3
*** FLOP *** [2s 7d As]
dragon1893: bets $3
chipsdigme86: folds
Uncalled bet ($3) returned to dragon1893
dragon1893 collected $17.64 from pot
dragon1893: doesn't show hand
*** SUMMARY ***
Total pot $18 | Rake $0.36
Board [2s 7d As]
Seat 1: chipsdigme86 (button) (small blind) folded on the Flop
Seat 2: dragon1893 (big blind) collected ($17.64)


PokerStars Hand #145818970871:  Hold'em Limit ($3/$6 USD) - 2015/12/23 18:11:47 ET
Table 'Schalen II' 2-max Seat #2 is the button
Seat 1: chipsdigme86 ($106.04 in chips)
Seat 2: dragon1893 ($163.76 in chips)
dragon1893: posts small blind $1
chipsdigme86: posts big blind $3
*** HOLE CARDS ***
dragon1893: raises $3 to $6
chipsdigme86: calls $3
*** FLOP *** [2d 7h Td]
chipsdigme86: checks
dragon1893: bets $3
chipsdigme86: calls $3
*** TURN *** [2d 7h Td] [2s]
chipsdigme86: checks
dragon1893: checks
*** RIVER *** [2d 7h Td 2s] [6d]
chipsdigme86: bets $6
dragon1893: calls $6
*** SHOW DOWN ***
chipsdigme86: shows [5c Qc] (a pair of Deuces)
dragon1893: shows [9s Ks] (a pair of Deuces - King kicker)
dragon1893 collected $29.50 from pot
*** SUMMARY ***
Total pot $30 | Rake $0.50
Board [2d 7h Td 2s 6d]
Seat 1: chipsdigme86 (big blind) showed [5c Qc] and lost with a pair of Deuces
Seat 2: dragon1893 (button) (small blind) showed [9s Ks] and won ($29.50) with a pair of Deuces


PokerStars Hand #145818967029:  Hold'em Limit ($3/$6 USD) - 2015/12/23 18:11:43 ET
Table 'Schalen II' 2-max Seat #1 is the button
Seat 1: chipsdigme86 ($107.04 in chips)
Seat 2: dragon1893 ($162.76 in chips)
chipsdigme86: posts small blind $1
dragon1893: posts big blind $3
*** HOLE CARDS ***
chipsdigme86: folds
Uncalled bet ($2) returned to dragon1893
dragon1893 collected $2 from pot
dragon1893: doesn't show hand
*** SUMMARY ***
Total pot $2 | Rake $0
Seat 1: chipsdigme86 (button) (small blind) folded before Flop
Seat 2: dragon1893 (big blind) collected ($2)


PokerStars Hand #145818962694:  Hold'em Limit ($3/$6 USD) - 2015/12/23 18:11:38 ET
Table 'Schalen II' 2-max Seat #2 is the button
Seat 1: chipsdigme86 ($106.04 in chips)
Seat 2: dragon1893 ($163.76 in chips)
dragon1893: posts small blind $1
chipsdigme86: posts big blind $3
*** HOLE CARDS ***
dragon1893: folds
Uncalled bet ($2) returned to chipsdigme86
chipsdigme86 collected $2 from pot
*** SUMMARY ***
Total pot $2 | Rake $0
Seat 1: chipsdigme86 (big blind) collected ($2)
Seat 2: dragon1893 (button) (small blind) folded before Flop


PokerStars Hand #145818952844:  Hold'em Limit ($3/$6 USD) - 2015/12/23 18:11:27 ET
Table 'Schalen II' 2-max Seat #1 is the button
Seat 1: chipsdigme86 ($112.04 in chips)
Seat 2: dragon1893 ($158 in chips)
chipsdigme86: posts small blind $1
dragon1893: posts big blind $3
*** HOLE CARDS ***
chipsdigme86: raises $3 to $6
dragon1893: calls $3
*** FLOP *** [4d Js 5h]
dragon1893: checks
chipsdigme86: checks
*** TURN *** [4d Js 5h] [Ad]
dragon1893: checks
chipsdigme86: checks
*** RIVER *** [4d Js 5h Ad] [9d]
dragon1893: checks
chipsdigme86: checks
*** SHOW DOWN ***
dragon1893: shows [Kc Tc] (high card Ace)
chipsdigme86: mucks hand
dragon1893 collected $11.76 from pot
*** SUMMARY ***
Total pot $12 | Rake $0.24
Board [4d Js 5h Ad 9d]
Seat 1: chipsdigme86 (button) (small blind) mucked
Seat 2: dragon1893 (big blind) showed [Kc Tc] and won ($11.76) with high card Ace


PokerStars Hand #145818944522:  Hold'em Limit ($3/$6 USD) - 2015/12/23 18:11:18 ET
Table 'Schalen II' 2-max Seat #2 is the button
Seat 1: chipsdigme86 ($103.40 in chips)
Seat 2: dragon1893 ($167 in chips)
dragon1893: posts small blind $1
chipsdigme86: posts big blind $3
*** HOLE CARDS ***
dragon1893: raises $3 to $6
chipsdigme86: calls $3
*** FLOP *** [Kh Td 7h]
chipsdigme86: checks
dragon1893: bets $3
chipsdigme86: raises $3 to $6
dragon1893: folds
Uncalled bet ($3) returned to chipsdigme86
chipsdigme86 collected $17.64 from pot
*** SUMMARY ***
Total pot $18 | Rake $0.36
Board [Kh Td 7h]
Seat 1: chipsdigme86 (big blind) collected ($17.64)
Seat 2: dragon1893 (button) (small blind) folded on the Flop


PokerStars Hand #145819046809:  Hold'em Limit ($3/$6 USD) - 2015/12/23 18:13:14 ET
Table 'Schalen II' 2-max Seat #1 is the button
Seat 1: chipsdigme86 ($67.36 in chips)
Seat 2: dragon1893 ($199.62 in chips)
chipsdigme86: posts small blind $1
dragon1893: posts big blind $3
*** HOLE CARDS ***
chipsdigme86: raises $3 to $6
dragon1893: calls $3
*** FLOP *** [6h Jc As]
dragon1893: checks
chipsdigme86: checks
*** TURN *** [6h Jc As] [Ts]
dragon1893: checks
chipsdigme86: bets $6
dragon1893: folds
Uncalled bet ($6) returned to chipsdigme86
chipsdigme86 collected $11.76 from pot
*** SUMMARY ***
Total pot $12 | Rake $0.24
Board [6h Jc As Ts]
Seat 1: chipsdigme86 (button) (small blind) collected ($11.76)
Seat 2: dragon1893 (big blind) folded on the Turn


PokerStars Hand #145819042899:  Hold'em Limit ($3/$6 USD) - 2015/12/23 18:13:09 ET
Table 'Schalen II' 2-max Seat #2 is the button
Seat 1: chipsdigme86 ($66.36 in chips)
Seat 2: dragon1893 ($200.62 in chips)
dragon1893: posts small blind $1
chipsdigme86: posts big blind $3
*** HOLE CARDS ***
dragon1893: folds
Uncalled bet ($2) returned to chipsdigme86
chipsdigme86 collected $2 from pot
*** SUMMARY ***
Total pot $2 | Rake $0
Seat 1: chipsdigme86 (big blind) collected ($2)
Seat 2: dragon1893 (button) (small blind) folded before Flop


PokerStars Hand #145819035897:  Hold'em Limit ($3/$6 USD) - 2015/12/23 18:13:01 ET
Table 'Schalen II' 2-max Seat #1 is the button
Seat 1: chipsdigme86 ($75.36 in chips)
Seat 2: dragon1893 ($191.98 in chips)
chipsdigme86: posts small blind $1
dragon1893: posts big blind $3
*** HOLE CARDS ***
chipsdigme86: raises $3 to $6
dragon1893: raises $3 to $9
chipsdigme86: calls $3
*** FLOP *** [As 7d Jh]
dragon1893: bets $3
chipsdigme86: folds
Uncalled bet ($3) returned to dragon1893
dragon1893 collected $17.64 from pot
dragon1893: doesn't show hand
*** SUMMARY ***
Total pot $18 | Rake $0.36
Board [As 7d Jh]
Seat 1: chipsdigme86 (button) (small blind) folded on the Flop
Seat 2: dragon1893 (big blind) collected ($17.64)


PokerStars Hand #145819020777:  Hold'em Limit ($3/$6 USD) - 2015/12/23 18:12:44 ET
Table 'Schalen II' 2-max Seat #2 is the button
Seat 1: chipsdigme86 ($51.86 in chips)
Seat 2: dragon1893 ($215.98 in chips)
dragon1893: posts small blind $1
chipsdigme86: posts big blind $3
*** HOLE CARDS ***
dragon1893: raises $3 to $6
chipsdigme86: calls $3
*** FLOP *** [2h 7h 7c]
chipsdigme86: checks
dragon1893: bets $3
chipsdigme86: raises $3 to $6
dragon1893: calls $3
*** TURN *** [2h 7h 7c] [Qh]
chipsdigme86: bets $6
dragon1893: calls $6
*** RIVER *** [2h 7h 7c Qh] [5c]
chipsdigme86: bets $6
dragon1893: calls $6
*** SHOW DOWN ***
chipsdigme86: shows [5d 2d] (two pair, Sevens and Fives)
dragon1893: mucks hand
chipsdigme86 collected $47.50 from pot
*** SUMMARY ***
Total pot $48 | Rake $0.50
Board [2h 7h 7c Qh 5c]
Seat 1: chipsdigme86 (big blind) showed [5d 2d] and won ($47.50) with two pair, Sevens and Fives
Seat 2: dragon1893 (button) (small blind) mucked


PokerStars Hand #145819012551:  Hold'em Limit ($3/$6 USD) - 2015/12/23 18:12:35 ET
Table 'Schalen II' 2-max Seat #1 is the button
Seat 1: chipsdigme86 ($57.86 in chips)
Seat 2: dragon1893 ($210.22 in chips)
chipsdigme86: posts small blind $1
dragon1893: posts big blind $3
*** HOLE CARDS ***
chipsdigme86: raises $3 to $6
dragon1893: calls $3
*** FLOP *** [Jh 2s 3s]
dragon1893: checks
chipsdigme86: checks
*** TURN *** [Jh 2s 3s] [7h]
dragon1893: checks
chipsdigme86: checks
*** RIVER *** [Jh 2s 3s 7h] [5d]
dragon1893: bets $6
chipsdigme86: folds
Uncalled bet ($6) returned to dragon1893
dragon1893 collected $11.76 from pot
dragon1893: doesn't show hand
*** SUMMARY ***
Total pot $12 | Rake $0.24
Board [Jh 2s 3s 7h 5d]
Seat 1: chipsdigme86 (button) (small blind) folded on the River
Seat 2: dragon1893 (big blind) collected ($11.76)


PokerStars Hand #145819007119:  Hold'em Limit ($3/$6 USD) - 2015/12/23 18:12:28 ET
Table 'Schalen II' 2-max Seat #2 is the button
Seat 1: chipsdigme86 ($60.86 in chips)
Seat 2: dragon1893 ($207.22 in chips)
dragon1893: posts small blind $1
chipsdigme86: posts big blind $3
*** HOLE CARDS ***
dragon1893: raises $3 to $6
chipsdigme86: folds
Uncalled bet ($3) returned to dragon1893
dragon1893 collected $6 from pot
dragon1893: doesn't show hand
*** SUMMARY ***
Total pot $6 | Rake $0
Seat 1: chipsdigme86 (big blind) folded before Flop
Seat 2: dragon1893 (button) (small blind) collected ($6)


PokerStars Hand #145818994798:  Hold'em Limit ($3/$6 USD) - 2015/12/23 18:12:15 ET
Table 'Schalen II' 2-max Seat #1 is the button
Seat 1: chipsdigme86 ($81.86 in chips)
Seat 2: dragon1893 ($186.72 in chips)
chipsdigme86: posts small blind $1
dragon1893: posts big blind $3
*** HOLE CARDS ***
chipsdigme86: calls $2
dragon1893: checks
*** FLOP *** [3h 9c 4d]
dragon1893: checks
chipsdigme86: checks
*** TURN *** [3h 9c 4d] [7h]
dragon1893: bets $6
chipsdigme86: raises $6 to $12
dragon1893: calls $6
*** RIVER *** [3h 9c 4d 7h] [9s]
dragon1893: bets $6
chipsdigme86: calls $6
*** SHOW DOWN ***
dragon1893: shows [9h 2s] (three of a kind, Nines)
chipsdigme86: mucks hand
dragon1893 collected $41.50 from pot
*** SUMMARY ***
Total pot $42 | Rake $0.50
Board [3h 9c 4d 7h 9s]
Seat 1: chipsdigme86 (button) (small blind) mucked
Seat 2: dragon1893 (big blind) showed [9h 2s] and won ($41.50) with three of a kind, Nines


PokerStars Hand #145819094125:  Hold'em Limit ($3/$6 USD) - 2015/12/23 18:14:08 ET
Table 'Schalen II' 2-max Seat #2 is the button
Seat 1: chipsdigme86 ($144.85 in chips)
Seat 2: dragon1893 ($243.26 in chips)
dragon1893: posts small blind $1
chipsdigme86: posts big blind $3
*** HOLE CARDS ***
dragon1893: raises $3 to $6
chipsdigme86: calls $3
*** FLOP *** [9h Jd 2h]
chipsdigme86: checks
dragon1893: bets $3
chipsdigme86: raises $3 to $6
dragon1893: calls $3
*** TURN *** [9h Jd 2h] [Ad]
chipsdigme86: bets $6
dragon1893: raises $6 to $12
chipsdigme86: folds
Uncalled bet ($6) returned to dragon1893
dragon1893 collected $35.50 from pot
dragon1893: doesn't show hand
*** SUMMARY ***
Total pot $36 | Rake $0.50
Board [9h Jd 2h Ad]
Seat 1: chipsdigme86 (big blind) folded on the Turn
Seat 2: dragon1893 (button) (small blind) collected ($35.50)


PokerStars Hand #145819084619:  Hold'em Limit ($3/$6 USD) - 2015/12/23 18:13:57 ET
Table 'Schalen II' 2-max Seat #1 is the button
Seat 1: chipsdigme86 ($139.09 in chips)
Seat 2: dragon1893 ($249.26 in chips)
chipsdigme86: posts small blind $1
dragon1893: posts big blind $3
*** HOLE CARDS ***
chipsdigme86: raises $3 to $6
dragon1893: calls $3
*** FLOP *** [9c Kc 2h]
dragon1893: checks
chipsdigme86: checks
*** TURN *** [9c Kc 2h] [8d]
dragon1893: checks
chipsdigme86: bets $6
dragon1893: folds
Uncalled bet ($6) returned to chipsdigme86
chipsdigme86 collected $11.76 from pot
*** SUMMARY ***
Total pot $12 | Rake $0.24
Board [9c Kc 2h 8d]
Seat 1: chipsdigme86 (button) (small blind) collected ($11.76)
Seat 2: dragon1893 (big blind) folded on the Turn


PokerStars Hand #145819073267:  Hold'em Limit ($3/$6 USD) - 2015/12/23 18:13:44 ET
Table 'Schalen II' 2-max Seat #2 is the button
Seat 1: chipsdigme86 ($40.12 in chips)
Seat 2: dragon1893 ($225.76 in chips)
dragon1893: posts small blind $1
chipsdigme86: posts big blind $3
*** HOLE CARDS ***
dragon1893: raises $3 to $6
chipsdigme86: calls $3
*** FLOP *** [5c 6c 3c]
chipsdigme86: checks
dragon1893: bets $3
chipsdigme86: raises $3 to $6
dragon1893: calls $3
*** TURN *** [5c 6c 3c] [7s]
chipsdigme86: bets $6
dragon1893: calls $6
*** RIVER *** [5c 6c 3c 7s] [7c]
chipsdigme86: bets $6
dragon1893: calls $6
*** SHOW DOWN ***
chipsdigme86: shows [2c Ks] (a flush, Seven high)
dragon1893: shows [Qc Qs] (a flush, Queen high)
dragon1893 collected $47.50 from pot
*** SUMMARY ***
Total pot $48 | Rake $0.50
Board [5c 6c 3c 7s 7c]
Seat 1: chipsdigme86 (big blind) showed [2c Ks] and lost with a flush, Seven high
Seat 2: dragon1893 (button) (small blind) showed [Qc Qs] and won ($47.50) with a flush, Queen high


PokerStars Hand #145819064636:  Hold'em Limit ($3/$6 USD) - 2015/12/23 18:13:34 ET
Table 'Schalen II' 2-max Seat #1 is the button
Seat 1: chipsdigme86 ($49.12 in chips)
Seat 2: dragon1893 ($217.12 in chips)
chipsdigme86: posts small blind $1
dragon1893: posts big blind $3
*** HOLE CARDS ***
chipsdigme86: raises $3 to $6
dragon1893: calls $3
*** FLOP *** [5d 6c 8s]
dragon1893: checks
chipsdigme86: bets $3
dragon1893: calls $3
*** TURN *** [5d 6c 8s] [7c]
dragon1893: checks
chipsdigme86: checks
*** RIVER *** [5d 6c 8s 7c] [3s]
dragon1893: bets $6
chipsdigme86: folds
Uncalled bet ($6) returned to dragon1893
dragon1893 collected $17.64 from pot
dragon1893: doesn't show hand
*** SUMMARY ***
Total pot $18 | Rake $0.36
Board [5d 6c 8s 7c 3s]
Seat 1: chipsdigme86 (button) (small blind) folded on the River
Seat 2: dragon1893 (big blind) collected ($17.64)


PokerStars Hand #145819054406:  Hold'em Limit ($3/$6 USD) - 2015/12/23 18:13:22 ET
Table 'Schalen II' 2-max Seat #2 is the button
Seat 1: chipsdigme86 ($73.12 in chips)
Seat 2: dragon1893 ($193.62 in chips)
dragon1893: posts small blind $1
chipsdigme86: posts big blind $3
*** HOLE CARDS ***
dragon1893: raises $3 to $6
chipsdigme86: calls $3
*** FLOP *** [Th 4d Kh]
chipsdigme86: checks
dragon1893: bets $3
chipsdigme86: raises $3 to $6
dragon1893: calls $3
*** TURN *** [Th 4d Kh] [4s]
chipsdigme86: bets $6
dragon1893: calls $6
*** RIVER *** [Th 4d Kh 4s] [Jh]
chipsdigme86: bets $6
dragon1893: calls $6
*** SHOW DOWN ***
chipsdigme86: shows [3c 4c] (three of a kind, Fours)
dragon1893: shows [Qh As] (a straight, Ten to Ace)
dragon1893 collected $47.50 from pot
*** SUMMARY ***
Total pot $48 | Rake $0.50
Board [Th 4d Kh 4s Jh]
Seat 1: chipsdigme86 (big blind) showed [3c 4c] and lost with three of a kind, Fours
Seat 2: dragon1893 (button) (small blind) showed [Qh As] and won ($47.50) with a straight, Ten to Ace


PokerStars Hand #145819113469:  Hold'em Limit ($3/$6 USD) - 2015/12/23 18:14:30 ET
Table 'Schalen II' 2-max Seat #2 is the button
Seat 1: chipsdigme86 ($156.35 in chips)
Seat 2: dragon1893 ($230.76 in chips)
dragon1893: posts small blind $1
chipsdigme86: posts big blind $3
*** HOLE CARDS ***
dragon1893: folds
Uncalled bet ($2) returned to chipsdigme86
chipsdigme86 collected $2 from pot
dragon1893 leaves the table
*** SUMMARY ***
Total pot $2 | Rake $0
Seat 1: chipsdigme86 (big blind) collected ($2)
Seat 2: dragon1893 (button) (small blind) folded before Flop


PokerStars Hand #145819102807:  Hold'em Limit ($3/$6 USD) - 2015/12/23 18:14:18 ET
Table 'Schalen II' 2-max Seat #1 is the button
Seat 1: chipsdigme86 ($126.85 in chips)
Seat 2: dragon1893 ($260.76 in chips)
chipsdigme86: posts small blind $1
dragon1893: posts big blind $3
*** HOLE CARDS ***
chipsdigme86: raises $3 to $6
dragon1893: calls $3
*** FLOP *** [3c 4h Ah]
dragon1893: checks
chipsdigme86: bets $3
dragon1893: raises $3 to $6
chipsdigme86: calls $3
*** TURN *** [3c 4h Ah] [Td]
dragon1893: bets $6
chipsdigme86: raises $6 to $12
dragon1893: calls $6
*** RIVER *** [3c 4h Ah Td] [2s]
dragon1893: checks
chipsdigme86: bets $6
dragon1893: calls $6
*** SHOW DOWN ***
chipsdigme86: shows [As Ad] (three of a kind, Aces)
dragon1893: mucks hand
chipsdigme86 collected $59.50 from pot
*** SUMMARY ***
Total pot $60 | Rake $0.50
Board [3c 4h Ah Td 2s]
Seat 1: chipsdigme86 (button) (small blind) showed [As Ad] and won ($59.50) with three of a kind, Aces
Seat 2: dragon1893 (big blind) mucked


