PokerStars Hand #157699554379:  Hold'em Limit ($3/$6 USD) - 2016/08/24 18:59:17 ET
Table 'Scheila' 10-max Seat #1 is the button
Seat 1: cornetc ($74.62 in chips)
Seat 2: TinaTurner72 ($120 in chips)
cornetc: posts small blind $1
TinaTurner72: posts big blind $3
*** HOLE CARDS ***
cornetc: raises $3 to $6
Chessnok joins the table at seat #3
TinaTurner72: calls $3
*** FLOP *** [2c 4h Tc]
TinaTurner72: checks
cornetc: bets $3
TinaTurner72: calls $3
*** TURN *** [2c 4h Tc] [7c]
TinaTurner72: checks
cornetc: bets $6
TinaTurner72: folds
Uncalled bet ($6) returned to cornetc
cornetc collected $17.64 from pot
cornetc: doesn't show hand
*** SUMMARY ***
Total pot $18 | Rake $0.36
Board [2c 4h Tc 7c]
Seat 1: cornetc (button) (small blind) collected ($17.64)
Seat 2: TinaTurner72 (big blind) folded on the Turn


PokerStars Hand #157699588906:  Hold'em Limit ($3/$6 USD) - 2016/08/24 19:00:28 ET
Table 'Scheila' 10-max Seat #3 is the button
Seat 1: cornetc ($74.26 in chips)
Seat 3: Chessnok ($142.86 in chips)
Chessnok: posts small blind $1
cornetc: posts big blind $3
*** HOLE CARDS ***
Chessnok: raises $3 to $6
cornetc: calls $3
*** FLOP *** [2c 4d 8c]
cornetc: checks
Chessnok: bets $3
cornetc: calls $3
*** TURN *** [2c 4d 8c] [Ah]
cornetc: bets $6
Chessnok: calls $6
*** RIVER *** [2c 4d 8c Ah] [Th]
cornetc: bets $6
Chessnok: calls $6
*** SHOW DOWN ***
cornetc: shows [Tc Td] (three of a kind, Tens)
Chessnok: mucks hand
cornetc collected $41.50 from pot
*** SUMMARY ***
Total pot $42 | Rake $0.50
Board [2c 4d 8c Ah Th]
Seat 1: cornetc (big blind) showed [Tc Td] and won ($41.50) with three of a kind, Tens
Seat 3: Chessnok (button) (small blind) mucked


PokerStars Hand #157699577869:  Hold'em Limit ($3/$6 USD) - 2016/08/24 19:00:06 ET
Table 'Scheila' 10-max Seat #1 is the button
Seat 1: cornetc ($80.26 in chips)
Seat 3: Chessnok ($137.10 in chips)
cornetc: posts small blind $1
TinaTurner72: is sitting out
Chessnok: posts big blind $3
*** HOLE CARDS ***
TinaTurner72 leaves the table
cornetc: raises $3 to $6
Chessnok: calls $3
*** FLOP *** [2c 3d Qs]
Chessnok: checks
cornetc: checks
*** TURN *** [2c 3d Qs] [Jh]
Chessnok: bets $6
cornetc: folds
Uncalled bet ($6) returned to Chessnok
Chessnok collected $11.76 from pot
Chessnok: doesn't show hand
*** SUMMARY ***
Total pot $12 | Rake $0.24
Board [2c 3d Qs Jh]
Seat 1: cornetc (button) (small blind) folded on the Turn
Seat 3: Chessnok (big blind) collected ($11.76)


PokerStars Hand #157699586677:  Hold'em Limit ($3/$6 USD) - 2016/08/24 19:00:24 ET
Table 'Scheila' 10-max Seat #1 is the button
Seat 1: cornetc ($75.26 in chips)
Seat 3: Chessnok ($141.86 in chips)
cornetc: posts small blind $1
Chessnok: posts big blind $3
*** HOLE CARDS ***
cornetc: folds
Uncalled bet ($2) returned to Chessnok
Chessnok collected $2 from pot
Chessnok: doesn't show hand
*** SUMMARY ***
Total pot $2 | Rake $0
Seat 1: cornetc (button) (small blind) folded before Flop
Seat 3: Chessnok (big blind) collected ($2)


PokerStars Hand #157699584543:  Hold'em Limit ($3/$6 USD) - 2016/08/24 19:00:19 ET
Table 'Scheila' 10-max Seat #3 is the button
Seat 1: cornetc ($74.26 in chips)
Seat 3: Chessnok ($142.86 in chips)
Chessnok: posts small blind $1
cornetc: posts big blind $3
*** HOLE CARDS ***
Chessnok: folds
Uncalled bet ($2) returned to cornetc
cornetc collected $2 from pot
cornetc: doesn't show hand
*** SUMMARY ***
Total pot $2 | Rake $0
Seat 1: cornetc (big blind) collected ($2)
Seat 3: Chessnok (button) (small blind) folded before Flop


PokerStars Hand #157699613056:  Hold'em Limit ($3/$6 USD) - 2016/08/24 19:01:15 ET
Table 'Scheila' 10-max Seat #1 is the button
Seat 1: cornetc ($94.76 in chips)
Seat 3: Chessnok ($121.86 in chips)
cornetc: posts small blind $1
Chessnok: posts big blind $3
*** HOLE CARDS ***
cornetc: folds
Uncalled bet ($2) returned to Chessnok
Chessnok collected $2 from pot
Chessnok: doesn't show hand
*** SUMMARY ***
Total pot $2 | Rake $0
Seat 1: cornetc (button) (small blind) folded before Flop
Seat 3: Chessnok (big blind) collected ($2)


PokerStars Hand #157699609051:  Hold'em Limit ($3/$6 USD) - 2016/08/24 19:01:07 ET
Table 'Scheila' 10-max Seat #3 is the button
Seat 1: cornetc ($93.76 in chips)
Seat 3: Chessnok ($122.86 in chips)
Chessnok: posts small blind $1
cornetc: posts big blind $3
*** HOLE CARDS ***
Chessnok: folds
Uncalled bet ($2) returned to cornetc
cornetc collected $2 from pot
cornetc: doesn't show hand
*** SUMMARY ***
Total pot $2 | Rake $0
Seat 1: cornetc (big blind) collected ($2)
Seat 3: Chessnok (button) (small blind) folded before Flop


PokerStars Hand #157699604211:  Hold'em Limit ($3/$6 USD) - 2016/08/24 19:00:58 ET
Table 'Scheila' 10-max Seat #1 is the button
Seat 1: cornetc ($94.76 in chips)
Seat 3: Chessnok ($121.86 in chips)
cornetc: posts small blind $1
Chessnok: posts big blind $3
*** HOLE CARDS ***
cornetc: folds
Uncalled bet ($2) returned to Chessnok
Chessnok collected $2 from pot
Chessnok: doesn't show hand
*** SUMMARY ***
Total pot $2 | Rake $0
Seat 1: cornetc (button) (small blind) folded before Flop
Seat 3: Chessnok (big blind) collected ($2)


PokerStars Hand #157699628602:  Hold'em Limit ($3/$6 USD) - 2016/08/24 19:01:43 ET
Table 'Scheila' 10-max Seat #1 is the button
Seat 1: cornetc ($78.76 in chips)
Seat 3: Chessnok ($137.36 in chips)
cornetc: posts small blind $1
Chessnok: posts big blind $3
*** HOLE CARDS ***
cornetc: folds
Uncalled bet ($2) returned to Chessnok
Chessnok collected $2 from pot
Chessnok: doesn't show hand
*** SUMMARY ***
Total pot $2 | Rake $0
Seat 1: cornetc (button) (small blind) folded before Flop
Seat 3: Chessnok (big blind) collected ($2)


PokerStars Hand #157699615837:  Hold'em Limit ($3/$6 USD) - 2016/08/24 19:01:20 ET
Table 'Scheila' 10-max Seat #3 is the button
Seat 1: cornetc ($93.76 in chips)
Seat 3: Chessnok ($122.86 in chips)
Chessnok: posts small blind $1
cornetc: posts big blind $3
*** HOLE CARDS ***
Chessnok: raises $3 to $6
cornetc: calls $3
*** FLOP *** [Qh Ts Js]
cornetc: checks
Chessnok: bets $3
cornetc: raises $3 to $6
Chessnok: raises $3 to $9
cornetc: calls $3
*** TURN *** [Qh Ts Js] [Td]
cornetc: checks
Chessnok: checks
*** RIVER *** [Qh Ts Js Td] [Ah]
cornetc: checks
Chessnok: bets $6
cornetc: folds
Uncalled bet ($6) returned to Chessnok
Chessnok collected $29.50 from pot
Chessnok: doesn't show hand
*** SUMMARY ***
Total pot $30 | Rake $0.50
Board [Qh Ts Js Td Ah]
Seat 1: cornetc (big blind) folded on the River
Seat 3: Chessnok (button) (small blind) collected ($29.50)


PokerStars Hand #157699641283:  Hold'em Limit ($3/$6 USD) - 2016/08/24 19:02:06 ET
Table 'Scheila' 10-max Seat #1 is the button
Seat 1: cornetc ($92.26 in chips)
Seat 3: Chessnok ($123.36 in chips)
cornetc: posts small blind $1
Chessnok: posts big blind $3
*** HOLE CARDS ***
cornetc: raises $3 to $6
Chessnok: calls $3
*** FLOP *** [9d 7c Jd]
Chessnok: checks
cornetc: bets $3
Chessnok: folds
Uncalled bet ($3) returned to cornetc
cornetc collected $11.76 from pot
cornetc: doesn't show hand
*** SUMMARY ***
Total pot $12 | Rake $0.24
Board [9d 7c Jd]
Seat 1: cornetc (button) (small blind) collected ($11.76)
Seat 3: Chessnok (big blind) folded on the Flop


PokerStars Hand #157699667952:  Hold'em Limit ($3/$6 USD) - 2016/08/24 19:02:53 ET
Table 'Scheila' 10-max Seat #3 is the button
Seat 1: cornetc ($68.02 in chips)
Seat 3: Chessnok ($146.62 in chips)
Chessnok: posts small blind $1
cornetc: posts big blind $3
*** HOLE CARDS ***
Chessnok: folds
Uncalled bet ($2) returned to cornetc
cornetc collected $2 from pot
cornetc: doesn't show hand
*** SUMMARY ***
Total pot $2 | Rake $0
Seat 1: cornetc (big blind) collected ($2)
Seat 3: Chessnok (button) (small blind) folded before Flop


PokerStars Hand #157699655782:  Hold'em Limit ($3/$6 USD) - 2016/08/24 19:02:32 ET
Table 'Scheila' 10-max Seat #1 is the button
Seat 1: cornetc ($92.02 in chips)
Seat 3: Chessnok ($123.12 in chips)
cornetc: posts small blind $1
Chessnok: posts big blind $3
*** HOLE CARDS ***
cornetc: raises $3 to $6
Chessnok: raises $3 to $9
cornetc: calls $3
*** FLOP *** [Js Ks 2s]
Chessnok: bets $3
cornetc: calls $3
*** TURN *** [Js Ks 2s] [3h]
Chessnok: bets $6
cornetc: calls $6
*** RIVER *** [Js Ks 2s 3h] [Td]
Chessnok: bets $6
cornetc: calls $6
*** SHOW DOWN ***
Chessnok: shows [Qs Kd] (a pair of Kings)
cornetc: mucks hand
Chessnok collected $47.50 from pot
*** SUMMARY ***
Total pot $48 | Rake $0.50
Board [Js Ks 2s 3h Td]
Seat 1: cornetc (button) (small blind) mucked
Seat 3: Chessnok (big blind) showed [Qs Kd] and won ($47.50) with a pair of Kings


PokerStars Hand #157699631388:  Hold'em Limit ($3/$6 USD) - 2016/08/24 19:01:48 ET
Table 'Scheila' 10-max Seat #3 is the button
Seat 1: cornetc ($77.76 in chips)
Seat 3: Chessnok ($138.36 in chips)
Chessnok: posts small blind $1
cornetc: posts big blind $3
*** HOLE CARDS ***
Chessnok: raises $3 to $6
cornetc: calls $3
*** FLOP *** [Qc 6h 6d]
cornetc: checks
Chessnok: bets $3
cornetc: calls $3
*** TURN *** [Qc 6h 6d] [Ac]
cornetc: checks
Chessnok: bets $6
cornetc: raises $6 to $12
Chessnok: folds
Uncalled bet ($6) returned to cornetc
cornetc collected $29.50 from pot
cornetc: doesn't show hand
*** SUMMARY ***
Total pot $30 | Rake $0.50
Board [Qc 6h 6d Ac]
Seat 1: cornetc (big blind) collected ($29.50)
Seat 3: Chessnok (button) (small blind) folded on the Turn


PokerStars Hand #157699648651:  Hold'em Limit ($3/$6 USD) - 2016/08/24 19:02:19 ET
Table 'Scheila' 10-max Seat #3 is the button
Seat 1: cornetc ($98.02 in chips)
Seat 3: Chessnok ($117.36 in chips)
Chessnok: posts small blind $1
cornetc: posts big blind $3
*** HOLE CARDS ***
Chessnok: raises $3 to $6
cornetc: calls $3
*** FLOP *** [Ac 9h 8s]
cornetc: checks
Chessnok: bets $3
cornetc: folds
Uncalled bet ($3) returned to Chessnok
Chessnok collected $11.76 from pot
Chessnok: doesn't show hand
*** SUMMARY ***
Total pot $12 | Rake $0.24
Board [Ac 9h 8s]
Seat 1: cornetc (big blind) folded on the Flop
Seat 3: Chessnok (button) (small blind) collected ($11.76)


PokerStars Hand #157699670287:  Hold'em Limit ($3/$6 USD) - 2016/08/24 19:02:58 ET
Table 'Scheila' 10-max Seat #1 is the button
Seat 1: cornetc ($69.02 in chips)
Seat 3: Chessnok ($145.62 in chips)
cornetc: posts small blind $1
Chessnok: posts big blind $3
*** HOLE CARDS ***
cornetc: raises $3 to $6
Chessnok: calls $3
*** FLOP *** [Jh 5h 9d]
Chessnok: checks
cornetc: checks
*** TURN *** [Jh 5h 9d] [Qs]
Chessnok: bets $6
cornetc: calls $6
*** RIVER *** [Jh 5h 9d Qs] [3c]
Chessnok: bets $6
cornetc: folds
Uncalled bet ($6) returned to Chessnok
Chessnok collected $23.52 from pot
Chessnok: doesn't show hand
*** SUMMARY ***
Total pot $24 | Rake $0.48
Board [Jh 5h 9d Qs 3c]
Seat 1: cornetc (button) (small blind) folded on the River
Seat 3: Chessnok (big blind) collected ($23.52)


PokerStars Hand #157699681323:  Hold'em Limit ($3/$6 USD) - 2016/08/24 19:03:17 ET
Table 'Scheila' 10-max Seat #3 is the button
Seat 1: cornetc ($57.02 in chips)
Seat 3: Chessnok ($157.14 in chips)
Chessnok: posts small blind $1
cornetc: posts big blind $3
*** HOLE CARDS ***
Chessnok: raises $3 to $6
cornetc: raises $3 to $9
Chessnok: calls $3
*** FLOP *** [9d 3h 2c]
cornetc: bets $3
Chessnok: calls $3
*** TURN *** [9d 3h 2c] [5c]
cornetc: bets $6
Chessnok: raises $6 to $12
cornetc: calls $6
*** RIVER *** [9d 3h 2c 5c] [Ac]
cornetc: bets $6
Chessnok: calls $6
*** SHOW DOWN ***
cornetc: shows [Ad 6s] (a pair of Aces)
Chessnok: shows [Ah 5d] (two pair, Aces and Fives)
Chessnok collected $59.50 from pot
*** SUMMARY ***
Total pot $60 | Rake $0.50
Board [9d 3h 2c 5c Ac]
Seat 1: cornetc (big blind) showed [Ad 6s] and lost with a pair of Aces
Seat 3: Chessnok (button) (small blind) showed [Ah 5d] and won ($59.50) with two pair, Aces and Fives


PokerStars Hand #157699692595:  Hold'em Limit ($3/$6 USD) - 2016/08/24 19:03:37 ET
Table 'Scheila' 10-max Seat #1 is the button
Seat 1: cornetc ($27.02 in chips)
Seat 3: Chessnok ($186.64 in chips)
cornetc: posts small blind $1
Chessnok: posts big blind $3
*** HOLE CARDS ***
cornetc: raises $3 to $6
Chessnok: raises $3 to $9
cornetc: calls $3
*** FLOP *** [Th Kh 8h]
Chessnok: checks
cornetc: bets $3
Chessnok: calls $3
*** TURN *** [Th Kh 8h] [Jh]
Chessnok: checks
cornetc: bets $6
Chessnok: calls $6
*** RIVER *** [Th Kh 8h Jh] [4d]
Chessnok: checks
cornetc: bets $6
Chessnok: calls $6
*** SHOW DOWN ***
cornetc: shows [8c 8d] (three of a kind, Eights)
Chessnok: mucks hand
cornetc collected $47.50 from pot
*** SUMMARY ***
Total pot $48 | Rake $0.50
Board [Th Kh 8h Jh 4d]
Seat 1: cornetc (button) (small blind) showed [8c 8d] and won ($47.50) with three of a kind, Eights
Seat 3: Chessnok (big blind) mucked


PokerStars Hand #157699734008:  Hold'em Limit ($3/$6 USD) - 2016/08/24 19:04:50 ET
Table 'Scheila' 10-max Seat #3 is the button
Seat 1: cornetc ($77.02 in chips)
Seat 3: Chessnok ($135.40 in chips)
Chessnok: posts small blind $1
cornetc: posts big blind $3
*** HOLE CARDS ***
Chessnok: folds
Uncalled bet ($2) returned to cornetc
cornetc collected $2 from pot
cornetc: doesn't show hand
*** SUMMARY ***
Total pot $2 | Rake $0
Seat 1: cornetc (big blind) collected ($2)
Seat 3: Chessnok (button) (small blind) folded before Flop


PokerStars Hand #157699715042:  Hold'em Limit ($3/$6 USD) - 2016/08/24 19:04:16 ET
Table 'Scheila' 10-max Seat #3 is the button
Seat 1: cornetc ($43.52 in chips)
Seat 3: Chessnok ($169.40 in chips)
Chessnok: posts small blind $1
cornetc: posts big blind $3
*** HOLE CARDS ***
Chessnok: folds
Uncalled bet ($2) returned to cornetc
cornetc collected $2 from pot
cornetc: doesn't show hand
*** SUMMARY ***
Total pot $2 | Rake $0
Seat 1: cornetc (big blind) collected ($2)
Seat 3: Chessnok (button) (small blind) folded before Flop


PokerStars Hand #157699712530:  Hold'em Limit ($3/$6 USD) - 2016/08/24 19:04:12 ET
Table 'Scheila' 10-max Seat #1 is the button
Seat 1: cornetc ($44.52 in chips)
Seat 3: Chessnok ($168.40 in chips)
cornetc: posts small blind $1
Chessnok: posts big blind $3
*** HOLE CARDS ***
cornetc: folds
Uncalled bet ($2) returned to Chessnok
Chessnok collected $2 from pot
Chessnok: doesn't show hand
*** SUMMARY ***
Total pot $2 | Rake $0
Seat 1: cornetc (button) (small blind) folded before Flop
Seat 3: Chessnok (big blind) collected ($2)


PokerStars Hand #157699707005:  Hold'em Limit ($3/$6 USD) - 2016/08/24 19:04:02 ET
Table 'Scheila' 10-max Seat #3 is the button
Seat 1: cornetc ($50.52 in chips)
Seat 3: Chessnok ($162.64 in chips)
Chessnok: posts small blind $1
cornetc: posts big blind $3
*** HOLE CARDS ***
Chessnok: raises $3 to $6
cornetc: calls $3
*** FLOP *** [Ts 3d 3s]
cornetc: checks
Chessnok: bets $3
cornetc: folds
Uncalled bet ($3) returned to Chessnok
Chessnok collected $11.76 from pot
Chessnok: doesn't show hand
*** SUMMARY ***
Total pot $12 | Rake $0.24
Board [Ts 3d 3s]
Seat 1: cornetc (big blind) folded on the Flop
Seat 3: Chessnok (button) (small blind) collected ($11.76)


PokerStars Hand #157699717498:  Hold'em Limit ($3/$6 USD) - 2016/08/24 19:04:21 ET
Table 'Scheila' 10-max Seat #1 is the button
Seat 1: cornetc ($44.52 in chips)
Seat 3: Chessnok ($168.40 in chips)
cornetc: posts small blind $1
Chessnok: posts big blind $3
*** HOLE CARDS ***
cornetc: raises $3 to $6
Chessnok: raises $3 to $9
cornetc: raises $3 to $12
Betting is capped
Chessnok: calls $3
*** FLOP *** [Qh 6d 4c]
Chessnok: checks
cornetc: bets $3
Chessnok: raises $3 to $6
cornetc: raises $3 to $9
Chessnok: calls $3
*** TURN *** [Qh 6d 4c] [4h]
Chessnok: checks
cornetc: bets $6
Chessnok: calls $6
*** RIVER *** [Qh 6d 4c 4h] [2d]
Chessnok: checks
cornetc: bets $6
Chessnok: calls $6
*** SHOW DOWN ***
cornetc: shows [Kc Kh] (two pair, Kings and Fours)
Chessnok: mucks hand
cornetc collected $65.50 from pot
*** SUMMARY ***
Total pot $66 | Rake $0.50
Board [Qh 6d 4c 4h 2d]
Seat 1: cornetc (button) (small blind) showed [Kc Kh] and won ($65.50) with two pair, Kings and Fours
Seat 3: Chessnok (big blind) mucked


PokerStars Hand #157699749475:  Hold'em Limit ($3/$6 USD) - 2016/08/24 19:05:17 ET
Table 'Scheila' 10-max Seat #3 is the button
Seat 1: cornetc ($86.66 in chips)
Seat 3: Chessnok ($125.40 in chips)
Chessnok: posts small blind $1
cornetc: posts big blind $3
*** HOLE CARDS ***
Chessnok: raises $3 to $6
cornetc: calls $3
*** FLOP *** [6d 4d 8s]
cornetc: checks
Chessnok: bets $3
cornetc: calls $3
*** TURN *** [6d 4d 8s] [7c]
cornetc: checks
Chessnok: checks
*** RIVER *** [6d 4d 8s 7c] [Jd]
cornetc: checks
Chessnok: checks
*** SHOW DOWN ***
cornetc: shows [6s Ah] (a pair of Sixes)
Chessnok: mucks hand
cornetc collected $17.64 from pot
*** SUMMARY ***
Total pot $18 | Rake $0.36
Board [6d 4d 8s 7c Jd]
Seat 1: cornetc (big blind) showed [6s Ah] and won ($17.64) with a pair of Sixes
Seat 3: Chessnok (button) (small blind) mucked


PokerStars Hand #157699762051:  Hold'em Limit ($3/$6 USD) - 2016/08/24 19:05:39 ET
Table 'Scheila' 10-max Seat #1 is the button
Seat 1: cornetc ($95.30 in chips)
Seat 3: Chessnok ($116.40 in chips)
cornetc: posts small blind $1
Chessnok: posts big blind $3
*** HOLE CARDS ***
cornetc: raises $3 to $6
Chessnok: folds
Uncalled bet ($3) returned to cornetc
cornetc collected $6 from pot
cornetc: doesn't show hand
*** SUMMARY ***
Total pot $6 | Rake $0
Seat 1: cornetc (button) (small blind) collected ($6)
Seat 3: Chessnok (big blind) folded before Flop


PokerStars Hand #157699769006:  Hold'em Limit ($3/$6 USD) - 2016/08/24 19:05:52 ET
Table 'Scheila' 10-max Seat #1 is the button
Seat 1: cornetc ($95.30 in chips)
Seat 3: Chessnok ($116.40 in chips)
cornetc: posts small blind $1
Chessnok: posts big blind $3
*** HOLE CARDS ***
cornetc: folds
Uncalled bet ($2) returned to Chessnok
Chessnok collected $2 from pot
Chessnok: doesn't show hand
*** SUMMARY ***
Total pot $2 | Rake $0
Seat 1: cornetc (button) (small blind) folded before Flop
Seat 3: Chessnok (big blind) collected ($2)


PokerStars Hand #157699766044:  Hold'em Limit ($3/$6 USD) - 2016/08/24 19:05:46 ET
Table 'Scheila' 10-max Seat #3 is the button
Seat 1: cornetc ($98.30 in chips)
Seat 3: Chessnok ($113.40 in chips)
Chessnok: posts small blind $1
cornetc: posts big blind $3
*** HOLE CARDS ***
Chessnok: raises $3 to $6
cornetc: folds
Uncalled bet ($3) returned to Chessnok
Chessnok collected $6 from pot
Chessnok: doesn't show hand
*** SUMMARY ***
Total pot $6 | Rake $0
Seat 1: cornetc (big blind) folded before Flop
Seat 3: Chessnok (button) (small blind) collected ($6)


PokerStars Hand #157699737046:  Hold'em Limit ($3/$6 USD) - 2016/08/24 19:04:55 ET
Table 'Scheila' 10-max Seat #1 is the button
Seat 1: cornetc ($78.02 in chips)
Seat 3: Chessnok ($134.40 in chips)
cornetc: posts small blind $1
Chessnok: posts big blind $3
*** HOLE CARDS ***
cornetc: raises $3 to $6
Chessnok: calls $3
*** FLOP *** [3h 2c 7s]
Chessnok: bets $3
cornetc: calls $3
*** TURN *** [3h 2c 7s] [2d]
Chessnok: checks
cornetc: checks
*** RIVER *** [3h 2c 7s 2d] [4c]
Chessnok: checks
cornetc: checks
*** SHOW DOWN ***
Chessnok: shows [9h 8s] (a pair of Deuces)
cornetc: shows [Qc 6c] (a pair of Deuces - Queen kicker)
cornetc collected $17.64 from pot
*** SUMMARY ***
Total pot $18 | Rake $0.36
Board [3h 2c 7s 2d 4c]
Seat 1: cornetc (button) (small blind) showed [Qc 6c] and won ($17.64) with a pair of Deuces
Seat 3: Chessnok (big blind) showed [9h 8s] and lost with a pair of Deuces


PokerStars Hand #157699771760:  Hold'em Limit ($3/$6 USD) - 2016/08/24 19:05:57 ET
Table 'Scheila' 10-max Seat #3 is the button
Seat 1: cornetc ($94.30 in chips)
Seat 3: Chessnok ($117.40 in chips)
Chessnok: posts small blind $1
cornetc: posts big blind $3
*** HOLE CARDS ***
Chessnok: raises $3 to $6
cornetc: folds
Uncalled bet ($3) returned to Chessnok
Chessnok collected $6 from pot
Chessnok: doesn't show hand
*** SUMMARY ***
Total pot $6 | Rake $0
Seat 1: cornetc (big blind) folded before Flop
Seat 3: Chessnok (button) (small blind) collected ($6)


PokerStars Hand #157699799510:  Hold'em Limit ($3/$6 USD) - 2016/08/24 19:06:46 ET
Table 'Scheila' 10-max Seat #1 is the button
Seat 1: cornetc ($66.80 in chips)
Seat 3: Chessnok ($143.42 in chips)
cornetc: posts small blind $1
Chessnok: posts big blind $3
*** HOLE CARDS ***
cornetc: folds
Uncalled bet ($2) returned to Chessnok
Chessnok collected $2 from pot
Chessnok: doesn't show hand
*** SUMMARY ***
Total pot $2 | Rake $0
Seat 1: cornetc (button) (small blind) folded before Flop
Seat 3: Chessnok (big blind) collected ($2)


PokerStars Hand #157699792570:  Hold'em Limit ($3/$6 USD) - 2016/08/24 19:06:34 ET
Table 'Scheila' 10-max Seat #3 is the button
Seat 1: cornetc ($52.30 in chips)
Seat 3: Chessnok ($158.42 in chips)
Chessnok: posts small blind $1
cornetc: posts big blind $3
*** HOLE CARDS ***
Chessnok: raises $3 to $6
cornetc: calls $3
*** FLOP *** [Qc Ah Qh]
cornetc: checks
Chessnok: bets $3
cornetc: calls $3
*** TURN *** [Qc Ah Qh] [7h]
cornetc: checks
Chessnok: checks
*** RIVER *** [Qc Ah Qh 7h] [9h]
cornetc: bets $6
Chessnok: calls $6
*** SHOW DOWN ***
cornetc: shows [Qs 3c] (three of a kind, Queens)
Chessnok: mucks hand
cornetc collected $29.50 from pot
*** SUMMARY ***
Total pot $30 | Rake $0.50
Board [Qc Ah Qh 7h 9h]
Seat 1: cornetc (big blind) showed [Qs 3c] and won ($29.50) with three of a kind, Queens
Seat 3: Chessnok (button) (small blind) mucked


PokerStars Hand #157699781852:  Hold'em Limit ($3/$6 USD) - 2016/08/24 19:06:14 ET
Table 'Scheila' 10-max Seat #3 is the button
Seat 1: cornetc ($79.30 in chips)
Seat 3: Chessnok ($131.92 in chips)
Chessnok: posts small blind $1
cornetc: posts big blind $3
*** HOLE CARDS ***
Chessnok: raises $3 to $6
cornetc: folds
Uncalled bet ($3) returned to Chessnok
Chessnok collected $6 from pot
Chessnok: doesn't show hand
*** SUMMARY ***
Total pot $6 | Rake $0
Seat 1: cornetc (big blind) folded before Flop
Seat 3: Chessnok (button) (small blind) collected ($6)


PokerStars Hand #157699774937:  Hold'em Limit ($3/$6 USD) - 2016/08/24 19:06:02 ET
Table 'Scheila' 10-max Seat #1 is the button
Seat 1: cornetc ($91.30 in chips)
Seat 3: Chessnok ($120.40 in chips)
cornetc: posts small blind $1
Chessnok: posts big blind $3
*** HOLE CARDS ***
cornetc: raises $3 to $6
Chessnok: raises $3 to $9
cornetc: calls $3
*** FLOP *** [4d 6h Tc]
Chessnok: bets $3
cornetc: calls $3
*** TURN *** [4d 6h Tc] [6d]
Chessnok: bets $6
cornetc: folds
Uncalled bet ($6) returned to Chessnok
Chessnok collected $23.52 from pot
Chessnok: doesn't show hand
*** SUMMARY ***
Total pot $24 | Rake $0.48
Board [4d 6h Tc 6d]
Seat 1: cornetc (button) (small blind) folded on the Turn
Seat 3: Chessnok (big blind) collected ($23.52)


PokerStars Hand #157699802376:  Hold'em Limit ($3/$6 USD) - 2016/08/24 19:06:51 ET
Table 'Scheila' 10-max Seat #3 is the button
Seat 1: cornetc ($65.80 in chips)
Seat 3: Chessnok ($144.42 in chips)
Chessnok: posts small blind $1
cornetc: posts big blind $3
*** HOLE CARDS ***
Chessnok: raises $3 to $6
cornetc: folds
Uncalled bet ($3) returned to Chessnok
Chessnok collected $6 from pot
Chessnok: doesn't show hand
*** SUMMARY ***
Total pot $6 | Rake $0
Seat 1: cornetc (big blind) folded before Flop
Seat 3: Chessnok (button) (small blind) collected ($6)


PokerStars Hand #157699784799:  Hold'em Limit ($3/$6 USD) - 2016/08/24 19:06:20 ET
Table 'Scheila' 10-max Seat #1 is the button
Seat 1: cornetc ($76.30 in chips)
Seat 3: Chessnok ($134.92 in chips)
cornetc: posts small blind $1
Chessnok: posts big blind $3
*** HOLE CARDS ***
cornetc: raises $3 to $6
Chessnok: calls $3
*** FLOP *** [3c 9c Th]
Chessnok: checks
cornetc: bets $3
Chessnok: raises $3 to $6
cornetc: calls $3
*** TURN *** [3c 9c Th] [3d]
Chessnok: bets $6
cornetc: calls $6
*** RIVER *** [3c 9c Th 3d] [2h]
Chessnok: bets $6
cornetc: calls $6
*** SHOW DOWN ***
Chessnok: shows [Ts 7d] (two pair, Tens and Threes)
cornetc: mucks hand
Chessnok collected $47.50 from pot
*** SUMMARY ***
Total pot $48 | Rake $0.50
Board [3c 9c Th 3d 2h]
Seat 1: cornetc (button) (small blind) mucked
Seat 3: Chessnok (big blind) showed [Ts 7d] and won ($47.50) with two pair, Tens and Threes


PokerStars Hand #157699811658:  Hold'em Limit ($3/$6 USD) - 2016/08/24 19:07:07 ET
Table 'Scheila' 10-max Seat #1 is the button
Seat 1: cornetc ($58.80 in chips)
Seat 3: Chessnok ($151.42 in chips)
cornetc: posts small blind $1
Chessnok: posts big blind $3
*** HOLE CARDS ***
cornetc: folds
Uncalled bet ($2) returned to Chessnok
Chessnok collected $2 from pot
Chessnok: doesn't show hand
*** SUMMARY ***
Total pot $2 | Rake $0
Seat 1: cornetc (button) (small blind) folded before Flop
Seat 3: Chessnok (big blind) collected ($2)


PokerStars Hand #157699819966:  Hold'em Limit ($3/$6 USD) - 2016/08/24 19:07:22 ET
Table 'Scheila' 10-max Seat #1 is the button
Seat 1: cornetc ($51.80 in chips)
Seat 3: Chessnok ($158.18 in chips)
cornetc: posts small blind $1
Chessnok: posts big blind $3
*** HOLE CARDS ***
cornetc: folds
Uncalled bet ($2) returned to Chessnok
Chessnok collected $2 from pot
Chessnok: doesn't show hand
*** SUMMARY ***
Total pot $2 | Rake $0
Seat 1: cornetc (button) (small blind) folded before Flop
Seat 3: Chessnok (big blind) collected ($2)


PokerStars Hand #157699814555:  Hold'em Limit ($3/$6 USD) - 2016/08/24 19:07:13 ET
Table 'Scheila' 10-max Seat #3 is the button
Seat 1: cornetc ($57.80 in chips)
Seat 3: Chessnok ($152.42 in chips)
Chessnok: posts small blind $1
cornetc: posts big blind $3
*** HOLE CARDS ***
Chessnok: raises $3 to $6
cornetc: calls $3
*** FLOP *** [2c 9s Qh]
cornetc: checks
Chessnok: bets $3
cornetc: folds
Uncalled bet ($3) returned to Chessnok
Chessnok collected $11.76 from pot
Chessnok: doesn't show hand
*** SUMMARY ***
Total pot $12 | Rake $0.24
Board [2c 9s Qh]
Seat 1: cornetc (big blind) folded on the Flop
Seat 3: Chessnok (button) (small blind) collected ($11.76)


PokerStars Hand #157699828380:  Hold'em Limit ($3/$6 USD) - 2016/08/24 19:07:37 ET
Table 'Scheila' 10-max Seat #1 is the button
Seat 1: cornetc ($44.80 in chips)
Seat 3: Chessnok ($164.94 in chips)
cornetc: posts small blind $1
Chessnok: posts big blind $3
*** HOLE CARDS ***
cornetc: folds
Uncalled bet ($2) returned to Chessnok
Chessnok collected $2 from pot
Chessnok: doesn't show hand
*** SUMMARY ***
Total pot $2 | Rake $0
Seat 1: cornetc (button) (small blind) folded before Flop
Seat 3: Chessnok (big blind) collected ($2)


PokerStars Hand #157699808764:  Hold'em Limit ($3/$6 USD) - 2016/08/24 19:07:02 ET
Table 'Scheila' 10-max Seat #3 is the button
Seat 1: cornetc ($61.80 in chips)
Seat 3: Chessnok ($148.42 in chips)
Chessnok: posts small blind $1
cornetc: posts big blind $3
*** HOLE CARDS ***
Chessnok: raises $3 to $6
cornetc: folds
Uncalled bet ($3) returned to Chessnok
Chessnok collected $6 from pot
Chessnok: doesn't show hand
*** SUMMARY ***
Total pot $6 | Rake $0
Seat 1: cornetc (big blind) folded before Flop
Seat 3: Chessnok (button) (small blind) collected ($6)


PokerStars Hand #157699805915:  Hold'em Limit ($3/$6 USD) - 2016/08/24 19:06:57 ET
Table 'Scheila' 10-max Seat #1 is the button
Seat 1: cornetc ($62.80 in chips)
Seat 3: Chessnok ($147.42 in chips)
cornetc: posts small blind $1
Chessnok: posts big blind $3
*** HOLE CARDS ***
cornetc: folds
Uncalled bet ($2) returned to Chessnok
Chessnok collected $2 from pot
Chessnok: doesn't show hand
*** SUMMARY ***
Total pot $2 | Rake $0
Seat 1: cornetc (button) (small blind) folded before Flop
Seat 3: Chessnok (big blind) collected ($2)


PokerStars Hand #157699822829:  Hold'em Limit ($3/$6 USD) - 2016/08/24 19:07:27 ET
Table 'Scheila' 10-max Seat #3 is the button
Seat 1: cornetc ($50.80 in chips)
Seat 3: Chessnok ($159.18 in chips)
Chessnok: posts small blind $1
cornetc: posts big blind $3
*** HOLE CARDS ***
Chessnok: raises $3 to $6
cornetc: calls $3
*** FLOP *** [Kc 2c 7h]
cornetc: checks
Chessnok: bets $3
cornetc: folds
Uncalled bet ($3) returned to Chessnok
Chessnok collected $11.76 from pot
Chessnok: doesn't show hand
*** SUMMARY ***
Total pot $12 | Rake $0.24
Board [Kc 2c 7h]
Seat 1: cornetc (big blind) folded on the Flop
Seat 3: Chessnok (button) (small blind) collected ($11.76)


PokerStars Hand #157699849245:  Hold'em Limit ($3/$6 USD) - 2016/08/24 19:08:15 ET
Table 'Scheila' 10-max Seat #3 is the button
Seat 1: cornetc ($70.30 in chips)
Seat 3: Chessnok ($138.94 in chips)
Chessnok: posts small blind $1
cornetc: posts big blind $3
*** HOLE CARDS ***
Chessnok: raises $3 to $6
cornetc: folds
Uncalled bet ($3) returned to Chessnok
Chessnok collected $6 from pot
Chessnok: doesn't show hand
*** SUMMARY ***
Total pot $6 | Rake $0
Seat 1: cornetc (big blind) folded before Flop
Seat 3: Chessnok (button) (small blind) collected ($6)


PokerStars Hand #157699845488:  Hold'em Limit ($3/$6 USD) - 2016/08/24 19:08:08 ET
Table 'Scheila' 10-max Seat #1 is the button
Seat 1: cornetc ($67.30 in chips)
Seat 3: Chessnok ($141.94 in chips)
cornetc: posts small blind $1
Chessnok: posts big blind $3
*** HOLE CARDS ***
cornetc: raises $3 to $6
Chessnok: folds
Uncalled bet ($3) returned to cornetc
cornetc collected $6 from pot
cornetc: doesn't show hand
*** SUMMARY ***
Total pot $6 | Rake $0
Seat 1: cornetc (button) (small blind) collected ($6)
Seat 3: Chessnok (big blind) folded before Flop


PokerStars Hand #157699852643:  Hold'em Limit ($3/$6 USD) - 2016/08/24 19:08:21 ET
Table 'Scheila' 10-max Seat #1 is the button
Seat 1: cornetc ($67.30 in chips)
Seat 3: Chessnok ($141.94 in chips)
cornetc: posts small blind $1
Chessnok: posts big blind $3
*** HOLE CARDS ***
cornetc: raises $3 to $6
Chessnok: raises $3 to $9
cornetc: calls $3
*** FLOP *** [Ac Kd 9d]
$polu4atel*$ joins the table at seat #5
Chessnok: bets $3
cornetc: calls $3
*** TURN *** [Ac Kd 9d] [5c]
Chessnok: bets $6
cornetc: calls $6
*** RIVER *** [Ac Kd 9d 5c] [As]
Chessnok: bets $6
cornetc: folds
Uncalled bet ($6) returned to Chessnok
Chessnok collected $35.50 from pot
Chessnok: doesn't show hand
*** SUMMARY ***
Total pot $36 | Rake $0.50
Board [Ac Kd 9d 5c As]
Seat 1: cornetc (button) (small blind) folded on the River
Seat 3: Chessnok (big blind) collected ($35.50)


PokerStars Hand #157699831190:  Hold'em Limit ($3/$6 USD) - 2016/08/24 19:07:42 ET
Table 'Scheila' 10-max Seat #3 is the button
Seat 1: cornetc ($43.80 in chips)
Seat 3: Chessnok ($165.94 in chips)
Chessnok: posts small blind $1
cornetc: posts big blind $3
*** HOLE CARDS ***
Chessnok: raises $3 to $6
cornetc: calls $3
*** FLOP *** [8h 6h 3c]
cornetc: checks
Chessnok: bets $3
cornetc: raises $3 to $6
Chessnok: calls $3
*** TURN *** [8h 6h 3c] [5h]
cornetc: bets $6
Chessnok: calls $6
*** RIVER *** [8h 6h 3c 5h] [2h]
cornetc: bets $6
Chessnok: calls $6
*** SHOW DOWN ***
cornetc: shows [7h Js] (a flush, Eight high)
Chessnok: mucks hand
cornetc collected $47.50 from pot
*** SUMMARY ***
Total pot $48 | Rake $0.50
Board [8h 6h 3c 5h 2h]
Seat 1: cornetc (big blind) showed [7h Js] and won ($47.50) with a flush, Eight high
Seat 3: Chessnok (button) (small blind) mucked


