PokerStars Hand #168090446505:  Hold'em Limit ($3/$6 USD) - 2017/03/25 12:08:31 ET
Table 'Schedios II' 6-max Seat #6 is the button
Seat 1: Velbor107 ($300 in chips)
Seat 6: Vasjinn ($37.18 in chips)
Vasjinn: posts small blind $1
Velbor107: posts big blind $3
*** HOLE CARDS ***
Vasjinn: calls $2
Velbor107: checks
*** FLOP *** [5h 9h As]
Velbor107: bets $3
Vasjinn: calls $3
*** TURN *** [5h 9h As] [2h]
Velbor107: checks
Vasjinn: bets $6
Velbor107: folds
Uncalled bet ($6) returned to Vasjinn
Vasjinn collected $11.76 from pot
Vasjinn: doesn't show hand
*** SUMMARY ***
Total pot $12 | Rake $0.24
Board [5h 9h As 2h]
Seat 1: Velbor107 (big blind) folded on the Turn
Seat 6: Vasjinn (button) (small blind) collected ($11.76)


PokerStars Hand #168090482642:  Hold'em Limit ($3/$6 USD) - 2017/03/25 12:09:20 ET
Table 'Schedios II' 6-max Seat #6 is the button
Seat 1: Velbor107 ($317.50 in chips)
Seat 6: Vasjinn ($18.94 in chips)
Vasjinn: posts small blind $1
Velbor107: posts big blind $3
*** HOLE CARDS ***
Vasjinn: folds
Uncalled bet ($2) returned to Velbor107
Velbor107 collected $2 from pot
*** SUMMARY ***
Total pot $2 | Rake $0
Seat 1: Velbor107 (big blind) collected ($2)
Seat 6: Vasjinn (button) (small blind) folded before Flop


PokerStars Hand #168090460508:  Hold'em Limit ($3/$6 USD) - 2017/03/25 12:08:50 ET
Table 'Schedios II' 6-max Seat #1 is the button
Seat 1: Velbor107 ($294 in chips)
Seat 6: Vasjinn ($42.94 in chips)
Velbor107: posts small blind $1
Vasjinn: posts big blind $3
*** HOLE CARDS ***
Velbor107: raises $3 to $6
Vasjinn: calls $3
*** FLOP *** [6s 9s 6d]
Vasjinn: checks
Velbor107: bets $3
Vasjinn: raises $3 to $6
Velbor107: calls $3
*** TURN *** [6s 9s 6d] [Qc]
Vasjinn: checks
Velbor107: bets $6
Vasjinn: calls $6
*** RIVER *** [6s 9s 6d Qc] [As]
Vasjinn: checks
Velbor107: bets $6
Vasjinn: calls $6
*** SHOW DOWN ***
Velbor107: shows [Qh Td] (two pair, Queens and Sixes)
Vasjinn: mucks hand
Velbor107 collected $47.50 from pot
*** SUMMARY ***
Total pot $48 | Rake $0.50
Board [6s 9s 6d Qc As]
Seat 1: Velbor107 (button) (small blind) showed [Qh Td] and won ($47.50) with two pair, Queens and Sixes
Seat 6: Vasjinn (big blind) mucked


PokerStars Hand #168090497799:  Hold'em Limit ($3/$6 USD) - 2017/03/25 12:09:40 ET
Table 'Schedios II' 6-max Seat #6 is the button
Seat 1: Velbor107 ($324.26 in chips)
Seat 6: Vasjinn ($11.94 in chips)
Vasjinn: posts small blind $1
Velbor107: posts big blind $3
*** HOLE CARDS ***
Vasjinn: folds
Uncalled bet ($2) returned to Velbor107
Velbor107 collected $2 from pot
*** SUMMARY ***
Total pot $2 | Rake $0
Seat 1: Velbor107 (big blind) collected ($2)
Seat 6: Vasjinn (button) (small blind) folded before Flop


PokerStars Hand #168090501195:  Hold'em Limit ($3/$6 USD) - 2017/03/25 12:09:45 ET
Table 'Schedios II' 6-max Seat #1 is the button
Seat 1: Velbor107 ($325.26 in chips)
Seat 6: Vasjinn ($10.94 in chips)
Velbor107: posts small blind $1
Vasjinn: posts big blind $3
*** HOLE CARDS ***
Velbor107: raises $3 to $6
Vasjinn: raises $3 to $9
Velbor107: raises $3 to $12
Betting is capped
Vasjinn: calls $1.94 and is all-in
Uncalled bet ($1.06) returned to Velbor107
*** FLOP *** [7s 8c 4c]
*** TURN *** [7s 8c 4c] [5d]
*** RIVER *** [7s 8c 4c 5d] [Th]
*** SHOW DOWN ***
Vasjinn: shows [4d 5c] (two pair, Fives and Fours)
Velbor107: shows [Qh 8d] (a pair of Eights)
Vasjinn collected $21.44 from pot
*** SUMMARY ***
Total pot $21.88 | Rake $0.44
Board [7s 8c 4c 5d Th]
Seat 1: Velbor107 (button) (small blind) showed [Qh 8d] and lost with a pair of Eights
Seat 6: Vasjinn (big blind) showed [4d 5c] and won ($21.44) with two pair, Fives and Fours


PokerStars Hand #168090485893:  Hold'em Limit ($3/$6 USD) - 2017/03/25 12:09:24 ET
Table 'Schedios II' 6-max Seat #1 is the button
Seat 1: Velbor107 ($318.50 in chips)
Seat 6: Vasjinn ($17.94 in chips)
Velbor107: posts small blind $1
Vasjinn: posts big blind $3
*** HOLE CARDS ***
Velbor107: raises $3 to $6
Vasjinn: calls $3
*** FLOP *** [8s Th 5h]
Vasjinn: checks
Velbor107: bets $3
Vasjinn: folds
Uncalled bet ($3) returned to Velbor107
Velbor107 collected $11.76 from pot
*** SUMMARY ***
Total pot $12 | Rake $0.24
Board [8s Th 5h]
Seat 1: Velbor107 (button) (small blind) collected ($11.76)
Seat 6: Vasjinn (big blind) folded on the Flop


PokerStars Hand #168090512729:  Hold'em Limit ($3/$6 USD) - 2017/03/25 12:10:00 ET
Table 'Schedios II' 6-max Seat #6 is the button
Seat 1: Velbor107 ($314.32 in chips)
Seat 6: Vasjinn ($21.44 in chips)
Vasjinn: posts small blind $1
Velbor107: posts big blind $3
*** HOLE CARDS ***
Vasjinn: calls $2
Velbor107: checks
*** FLOP *** [8s 3c As]
Velbor107: bets $3
Vasjinn: folds
Uncalled bet ($3) returned to Velbor107
Velbor107 collected $5.88 from pot
*** SUMMARY ***
Total pot $6 | Rake $0.12
Board [8s 3c As]
Seat 1: Velbor107 (big blind) collected ($5.88)
Seat 6: Vasjinn (button) (small blind) folded on the Flop


PokerStars Hand #168090549779:  Hold'em Limit ($3/$6 USD) - 2017/03/25 12:10:50 ET
Table 'Schedios II' 6-max Seat #6 is the button
Seat 1: Velbor107 ($312.20 in chips)
Seat 6: Vasjinn ($23.08 in chips)
Vasjinn: posts small blind $1
Velbor107: posts big blind $3
*** HOLE CARDS ***
Vasjinn: folds
Uncalled bet ($2) returned to Velbor107
Velbor107 collected $2 from pot
*** SUMMARY ***
Total pot $2 | Rake $0
Seat 1: Velbor107 (big blind) collected ($2)
Seat 6: Vasjinn (button) (small blind) folded before Flop


PokerStars Hand #168090537202:  Hold'em Limit ($3/$6 USD) - 2017/03/25 12:10:33 ET
Table 'Schedios II' 6-max Seat #6 is the button
Seat 1: Velbor107 ($320.20 in chips)
Seat 6: Vasjinn ($15.44 in chips)
Vasjinn: posts small blind $1
Velbor107: posts big blind $3
*** HOLE CARDS ***
Vasjinn: folds
Uncalled bet ($2) returned to Velbor107
Velbor107 collected $2 from pot
*** SUMMARY ***
Total pot $2 | Rake $0
Seat 1: Velbor107 (big blind) collected ($2)
Seat 6: Vasjinn (button) (small blind) folded before Flop


PokerStars Hand #168090570449:  Hold'em Limit ($3/$6 USD) - 2017/03/25 12:11:17 ET
Table 'Schedios II' 6-max Seat #6 is the button
Seat 1: Velbor107 ($298.20 in chips)
Seat 6: Vasjinn ($36.58 in chips)
Vasjinn: posts small blind $1
Velbor107: posts big blind $3
*** HOLE CARDS ***
Vasjinn: folds
Uncalled bet ($2) returned to Velbor107
Velbor107 collected $2 from pot
*** SUMMARY ***
Total pot $2 | Rake $0
Seat 1: Velbor107 (big blind) collected ($2)
Seat 6: Vasjinn (button) (small blind) folded before Flop


PokerStars Hand #168090554516:  Hold'em Limit ($3/$6 USD) - 2017/03/25 12:10:56 ET
Table 'Schedios II' 6-max Seat #1 is the button
Seat 1: Velbor107 ($313.20 in chips)
Seat 6: Vasjinn ($22.08 in chips)
Velbor107: posts small blind $1
Vasjinn: posts big blind $3
*** HOLE CARDS ***
Velbor107: raises $3 to $6
Vasjinn: raises $3 to $9
Velbor107: calls $3
*** FLOP *** [7c 9h 5d]
Vasjinn: checks
Velbor107: checks
*** TURN *** [7c 9h 5d] [7h]
Vasjinn: bets $6
Velbor107: calls $6
*** RIVER *** [7c 9h 5d 7h] [Ah]
Vasjinn: bets $6
Velbor107: folds
Uncalled bet ($6) returned to Vasjinn
Vasjinn collected $29.50 from pot
Vasjinn: doesn't show hand
*** SUMMARY ***
Total pot $30 | Rake $0.50
Board [7c 9h 5d 7h Ah]
Seat 1: Velbor107 (button) (small blind) folded on the River
Seat 6: Vasjinn (big blind) collected ($29.50)


PokerStars Hand #168090540665:  Hold'em Limit ($3/$6 USD) - 2017/03/25 12:10:37 ET
Table 'Schedios II' 6-max Seat #1 is the button
Seat 1: Velbor107 ($321.20 in chips)
Seat 6: Vasjinn ($14.44 in chips)
Velbor107: posts small blind $1
Vasjinn: posts big blind $3
*** HOLE CARDS ***
Velbor107: raises $3 to $6
Vasjinn: raises $3 to $9
Velbor107: calls $3
*** FLOP *** [Js As 6c]
Vasjinn: bets $3
Velbor107: folds
Uncalled bet ($3) returned to Vasjinn
Vasjinn collected $17.64 from pot
Vasjinn: doesn't show hand
*** SUMMARY ***
Total pot $18 | Rake $0.36
Board [Js As 6c]
Seat 1: Velbor107 (button) (small blind) folded on the Flop
Seat 6: Vasjinn (big blind) collected ($17.64)


PokerStars Hand #168090609126:  Hold'em Limit ($3/$6 USD) - 2017/03/25 12:12:08 ET
Table 'Schedios II' 6-max Seat #1 is the button
Seat 1: Velbor107 ($269.62 in chips)
Seat 6: Vasjinn ($64.66 in chips)
Velbor107: posts small blind $1
Vasjinn: posts big blind $3
*** HOLE CARDS ***
Velbor107: folds
Uncalled bet ($2) returned to Vasjinn
Vasjinn collected $2 from pot
Vasjinn: doesn't show hand
*** SUMMARY ***
Total pot $2 | Rake $0
Seat 1: Velbor107 (button) (small blind) folded before Flop
Seat 6: Vasjinn (big blind) collected ($2)


PokerStars Hand #168090580947:  Hold'em Limit ($3/$6 USD) - 2017/03/25 12:11:31 ET
Table 'Schedios II' 6-max Seat #6 is the button
Seat 1: Velbor107 ($302.20 in chips)
Seat 6: Vasjinn ($32.58 in chips)
Vasjinn: posts small blind $1
Velbor107: posts big blind $3
*** HOLE CARDS ***
Vasjinn: calls $2
Velbor107: raises $3 to $6
Vasjinn: raises $3 to $9
Velbor107: calls $3
*** FLOP *** [7c 4h 7h]
Velbor107: checks
Vasjinn: bets $3
Velbor107: calls $3
*** TURN *** [7c 4h 7h] [Jc]
Velbor107: checks
Vasjinn: bets $6
Velbor107: raises $6 to $12
Vasjinn: raises $6 to $18
Velbor107: raises $6 to $24
Betting is capped
Vasjinn: calls $2.58 and is all-in
Uncalled bet ($3.42) returned to Velbor107
*** RIVER *** [7c 4h 7h Jc] [9d]
*** SHOW DOWN ***
Velbor107: shows [Jd Ac] (two pair, Jacks and Sevens)
Vasjinn: shows [Kd Kc] (two pair, Kings and Sevens)
Vasjinn collected $64.66 from pot
*** SUMMARY ***
Total pot $65.16 | Rake $0.50
Board [7c 4h 7h Jc 9d]
Seat 1: Velbor107 (big blind) showed [Jd Ac] and lost with two pair, Jacks and Sevens
Seat 6: Vasjinn (button) (small blind) showed [Kd Kc] and won ($64.66) with two pair, Kings and Sevens


PokerStars Hand #168090613866:  Hold'em Limit ($3/$6 USD) - 2017/03/25 12:12:15 ET
Table 'Schedios II' 6-max Seat #6 is the button
Seat 1: Velbor107 ($268.62 in chips)
Seat 6: Vasjinn ($65.66 in chips)
Vasjinn: posts small blind $1
Velbor107: posts big blind $3
*** HOLE CARDS ***
Vasjinn: calls $2
Velbor107: checks
*** FLOP *** [Ks 2d Qh]
Velbor107: checks
Vasjinn: bets $3
Velbor107: raises $3 to $6
Vasjinn: folds
Uncalled bet ($3) returned to Velbor107
Velbor107 collected $11.76 from pot
*** SUMMARY ***
Total pot $12 | Rake $0.24
Board [Ks 2d Qh]
Seat 1: Velbor107 (big blind) collected ($11.76)
Seat 6: Vasjinn (button) (small blind) folded on the Flop


PokerStars Hand #168090627326:  Hold'em Limit ($3/$6 USD) - 2017/03/25 12:12:33 ET
Table 'Schedios II' 6-max Seat #6 is the button
Seat 1: Velbor107 ($277.38 in chips)
Seat 6: Vasjinn ($56.66 in chips)
Vasjinn: posts small blind $1
Velbor107: posts big blind $3
*** HOLE CARDS ***
Vasjinn: calls $2
Velbor107: raises $3 to $6
Vasjinn: calls $3
*** FLOP *** [Qc 7h Ks]
Velbor107: bets $3
Vasjinn: folds
Uncalled bet ($3) returned to Velbor107
Velbor107 collected $11.76 from pot
*** SUMMARY ***
Total pot $12 | Rake $0.24
Board [Qc 7h Ks]
Seat 1: Velbor107 (big blind) collected ($11.76)
Seat 6: Vasjinn (button) (small blind) folded on the Flop


PokerStars Hand #168090650604:  Hold'em Limit ($3/$6 USD) - 2017/03/25 12:13:04 ET
Table 'Schedios II' 6-max Seat #6 is the button
Seat 1: Velbor107 ($286.14 in chips)
Seat 6: Vasjinn ($47.66 in chips)
Vasjinn: posts small blind $1
Velbor107: posts big blind $3
*** HOLE CARDS ***
Vasjinn: folds
Uncalled bet ($2) returned to Velbor107
Velbor107 collected $2 from pot
*** SUMMARY ***
Total pot $2 | Rake $0
Seat 1: Velbor107 (big blind) collected ($2)
Seat 6: Vasjinn (button) (small blind) folded before Flop


PokerStars Hand #168090658005:  Hold'em Limit ($3/$6 USD) - 2017/03/25 12:13:14 ET
Table 'Schedios II' 6-max Seat #6 is the button
Seat 1: Velbor107 ($286.14 in chips)
Seat 6: Vasjinn ($47.66 in chips)
Vasjinn: posts small blind $1
Velbor107: posts big blind $3
*** HOLE CARDS ***
Vasjinn: calls $2
Velbor107: checks
*** FLOP *** [Ks 8h Td]
Velbor107: bets $3
Vasjinn: calls $3
*** TURN *** [Ks 8h Td] [Ah]
Velbor107: checks
Vasjinn: checks
*** RIVER *** [Ks 8h Td Ah] [Jh]
Velbor107: bets $6
Vasjinn: calls $6
*** SHOW DOWN ***
Velbor107: shows [5h 2d] (high card Ace)
Vasjinn: shows [Jd Jc] (three of a kind, Jacks)
Vasjinn collected $23.52 from pot
*** SUMMARY ***
Total pot $24 | Rake $0.48
Board [Ks 8h Td Ah Jh]
Seat 1: Velbor107 (big blind) showed [5h 2d] and lost with high card Ace
Seat 6: Vasjinn (button) (small blind) showed [Jd Jc] and won ($23.52) with three of a kind, Jacks


PokerStars Hand #168090698661:  Hold'em Limit ($3/$6 USD) - 2017/03/25 12:14:08 ET
Table 'Schedios II' 6-max Seat #1 is the button
Seat 1: Velbor107 ($278.90 in chips)
Seat 6: Vasjinn ($54.18 in chips)
Velbor107: posts small blind $1
Vasjinn: posts big blind $3
*** HOLE CARDS ***
Velbor107: folds
Uncalled bet ($2) returned to Vasjinn
Vasjinn collected $2 from pot
Vasjinn: doesn't show hand
*** SUMMARY ***
Total pot $2 | Rake $0
Seat 1: Velbor107 (button) (small blind) folded before Flop
Seat 6: Vasjinn (big blind) collected ($2)


PokerStars Hand #168090682288:  Hold'em Limit ($3/$6 USD) - 2017/03/25 12:13:46 ET
Table 'Schedios II' 6-max Seat #6 is the button
Seat 1: Velbor107 ($273.14 in chips)
Seat 6: Vasjinn ($60.18 in chips)
Vasjinn: posts small blind $1
Velbor107: posts big blind $3
*** HOLE CARDS ***
Vasjinn: calls $2
Velbor107: raises $3 to $6
Vasjinn: calls $3
*** FLOP *** [5h Js Ad]
Velbor107: bets $3
Vasjinn: folds
Uncalled bet ($3) returned to Velbor107
Velbor107 collected $11.76 from pot
*** SUMMARY ***
Total pot $12 | Rake $0.24
Board [5h Js Ad]
Seat 1: Velbor107 (big blind) collected ($11.76)
Seat 6: Vasjinn (button) (small blind) folded on the Flop


PokerStars Hand #168090705520:  Hold'em Limit ($3/$6 USD) - 2017/03/25 12:14:17 ET
Table 'Schedios II' 6-max Seat #1 is the button
Seat 1: Velbor107 ($278.90 in chips)
Seat 6: Vasjinn ($54.18 in chips)
Velbor107: posts small blind $1
Vasjinn: posts big blind $3
*** HOLE CARDS ***
Velbor107: raises $3 to $6
Vasjinn: folds
Uncalled bet ($3) returned to Velbor107
Velbor107 collected $6 from pot
*** SUMMARY ***
Total pot $6 | Rake $0
Seat 1: Velbor107 (button) (small blind) collected ($6)
Seat 6: Vasjinn (big blind) folded before Flop


PokerStars Hand #168090702131:  Hold'em Limit ($3/$6 USD) - 2017/03/25 12:14:13 ET
Table 'Schedios II' 6-max Seat #6 is the button
Seat 1: Velbor107 ($277.90 in chips)
Seat 6: Vasjinn ($55.18 in chips)
Vasjinn: posts small blind $1
Velbor107: posts big blind $3
*** HOLE CARDS ***
Vasjinn: folds
Uncalled bet ($2) returned to Velbor107
Velbor107 collected $2 from pot
*** SUMMARY ***
Total pot $2 | Rake $0
Seat 1: Velbor107 (big blind) collected ($2)
Seat 6: Vasjinn (button) (small blind) folded before Flop


PokerStars Hand #168090737963:  Hold'em Limit ($3/$6 USD) - 2017/03/25 12:15:01 ET
Table 'Schedios II' 6-max Seat #6 is the button
Seat 1: Velbor107 ($296.40 in chips)
Seat 6: Vasjinn ($35.82 in chips)
Vasjinn: posts small blind $1
Velbor107: posts big blind $3
*** HOLE CARDS ***
Vasjinn: calls $2
Velbor107: checks
*** FLOP *** [8h 2s 7d]
Velbor107: checks
Vasjinn: bets $3
Velbor107: raises $3 to $6
Vasjinn: calls $3
*** TURN *** [8h 2s 7d] [Qh]
Velbor107: bets $6
napol joins the table at seat #3
Vasjinn: folds
Uncalled bet ($6) returned to Velbor107
Velbor107 collected $17.64 from pot
*** SUMMARY ***
Total pot $18 | Rake $0.36
Board [8h 2s 7d Qh]
Seat 1: Velbor107 (big blind) collected ($17.64)
Seat 6: Vasjinn (button) (small blind) folded on the Turn


PokerStars Hand #168090710215:  Hold'em Limit ($3/$6 USD) - 2017/03/25 12:14:23 ET
Table 'Schedios II' 6-max Seat #6 is the button
Seat 1: Velbor107 ($281.90 in chips)
Seat 6: Vasjinn ($51.18 in chips)
Vasjinn: posts small blind $1
Velbor107: posts big blind $3
*** HOLE CARDS ***
Vasjinn: raises $3 to $6
Velbor107: raises $3 to $9
Vasjinn: calls $3
*** FLOP *** [Ad Ac 3h]
Velbor107: bets $3
Vasjinn: calls $3
*** TURN *** [Ad Ac 3h] [Kc]
Velbor107: bets $6
Vasjinn: calls $6
*** RIVER *** [Ad Ac 3h Kc] [Jd]
Velbor107: bets $6
Vasjinn: calls $6
*** SHOW DOWN ***
Velbor107: shows [Qh Kh] (two pair, Aces and Kings)
Vasjinn: mucks hand
Velbor107 collected $47.50 from pot
*** SUMMARY ***
Total pot $48 | Rake $0.50
Board [Ad Ac 3h Kc Jd]
Seat 1: Velbor107 (big blind) showed [Qh Kh] and won ($47.50) with two pair, Aces and Kings
Seat 6: Vasjinn (button) (small blind) mucked


PokerStars Hand #168091390922:  Hold'em Limit ($3/$6 USD) - 2017/03/25 12:29:21 ET
Table 'Schedios II' 6-max Seat #1 is the button
Seat 1: Velbor107 ($274.71 in chips)
Seat 2: AA_ILI ($123.24 in chips)
Velbor107: posts small blind $1
AA_ILI: posts big blind $3
*** HOLE CARDS ***
Velbor107: raises $3 to $6
AA_ILI: calls $3
*** FLOP *** [2d 7d 7h]
AA_ILI: checks
Velbor107: bets $3
AA_ILI: raises $3 to $6
Velbor107: calls $3
*** TURN *** [2d 7d 7h] [9s]
AA_ILI: bets $6
Velbor107: raises $6 to $12
AA_ILI: calls $6
*** RIVER *** [2d 7d 7h 9s] [Jc]
Kikimor1220 leaves the table
AA_ILI: checks
Velbor107: bets $6
AA_ILI: calls $6
*** SHOW DOWN ***
Velbor107: shows [6s Tc] (a pair of Sevens)
AA_ILI: shows [8d Ad] (a pair of Sevens - Ace kicker)
AA_ILI collected $59.50 from pot
*** SUMMARY ***
Total pot $60 | Rake $0.50
Board [2d 7d 7h 9s Jc]
Seat 1: Velbor107 (button) (small blind) showed [6s Tc] and lost with a pair of Sevens
Seat 2: AA_ILI (big blind) showed [8d Ad] and won ($59.50) with a pair of Sevens


