PokerStars Hand #174187201763:  Hold'em Limit ($3/$6 USD) - 2017/08/11 3:08:44 ET
Table 'Scheherezade' 6-max Seat #4 is the button
Seat 3: habari786 ($59 in chips)
Seat 4: VolkovDmitri ($124 in chips)
VolkovDmitri: posts small blind $1
habari786: posts big blind $3
*** HOLE CARDS ***
VolkovDmitri: raises $3 to $6
habari786: folds
Uncalled bet ($3) returned to VolkovDmitri
VolkovDmitri collected $6 from pot
VolkovDmitri: doesn't show hand
*** SUMMARY ***
Total pot $6 | Rake $0
Seat 3: habari786 (big blind) folded before Flop
Seat 4: VolkovDmitri (button) (small blind) collected ($6)


PokerStars Hand #174187200355:  Hold'em Limit ($3/$6 USD) - 2017/08/11 3:08:38 ET
Table 'Scheherezade' 6-max Seat #3 is the button
Seat 3: habari786 ($60 in chips)
Seat 4: VolkovDmitri ($123 in chips)
habari786: posts small blind $1
VolkovDmitri: posts big blind $3
*** HOLE CARDS ***
habari786: folds
Uncalled bet ($2) returned to VolkovDmitri
VolkovDmitri collected $2 from pot
VolkovDmitri: doesn't show hand
*** SUMMARY ***
Total pot $2 | Rake $0
Seat 3: habari786 (button) (small blind) folded before Flop
Seat 4: VolkovDmitri (big blind) collected ($2)


PokerStars Hand #174187198803:  Hold'em Limit ($3/$6 USD) - 2017/08/11 3:08:32 ET
Table 'Scheherezade' 6-max Seat #4 is the button
Seat 3: habari786 ($63 in chips)
Seat 4: VolkovDmitri ($120 in chips)
VolkovDmitri: posts small blind $1
habari786: posts big blind $3
*** HOLE CARDS ***
VolkovDmitri: raises $3 to $6
habari786: folds
Uncalled bet ($3) returned to VolkovDmitri
VolkovDmitri collected $6 from pot
VolkovDmitri: doesn't show hand
*** SUMMARY ***
Total pot $6 | Rake $0
Seat 3: habari786 (big blind) folded before Flop
Seat 4: VolkovDmitri (button) (small blind) collected ($6)


PokerStars Hand #174187196174:  Hold'em Limit ($3/$6 USD) - 2017/08/11 3:08:21 ET
Table 'Scheherezade' 6-max Seat #3 is the button
Seat 3: habari786 ($60 in chips)
Seat 4: VolkovDmitri ($120 in chips)
habari786: posts small blind $1
VolkovDmitri: posts big blind $3
*** HOLE CARDS ***
habari786: raises $3 to $6
VolkovDmitri: folds
Uncalled bet ($3) returned to habari786
habari786 collected $6 from pot
habari786: doesn't show hand
*** SUMMARY ***
Total pot $6 | Rake $0
Seat 3: habari786 (button) (small blind) collected ($6)
Seat 4: VolkovDmitri (big blind) folded before Flop


PokerStars Hand #174187208341:  Hold'em Limit ($3/$6 USD) - 2017/08/11 3:09:10 ET
Table 'Scheherezade' 6-max Seat #3 is the button
Seat 3: habari786 ($58.76 in chips)
Seat 4: VolkovDmitri ($124 in chips)
habari786: posts small blind $1
VolkovDmitri: posts big blind $3
*** HOLE CARDS ***
habari786: folds
Uncalled bet ($2) returned to VolkovDmitri
VolkovDmitri collected $2 from pot
VolkovDmitri: doesn't show hand
*** SUMMARY ***
Total pot $2 | Rake $0
Seat 3: habari786 (button) (small blind) folded before Flop
Seat 4: VolkovDmitri (big blind) collected ($2)


PokerStars Hand #174187206937:  Hold'em Limit ($3/$6 USD) - 2017/08/11 3:09:04 ET
Table 'Scheherezade' 6-max Seat #4 is the button
Seat 3: habari786 ($61.76 in chips)
Seat 4: VolkovDmitri ($121 in chips)
VolkovDmitri: posts small blind $1
habari786: posts big blind $3
*** HOLE CARDS ***
VolkovDmitri: raises $3 to $6
habari786: folds
Uncalled bet ($3) returned to VolkovDmitri
VolkovDmitri collected $6 from pot
VolkovDmitri: doesn't show hand
*** SUMMARY ***
Total pot $6 | Rake $0
Seat 3: habari786 (big blind) folded before Flop
Seat 4: VolkovDmitri (button) (small blind) collected ($6)


PokerStars Hand #174187203187:  Hold'em Limit ($3/$6 USD) - 2017/08/11 3:08:49 ET
Table 'Scheherezade' 6-max Seat #3 is the button
Seat 3: habari786 ($56 in chips)
Seat 4: VolkovDmitri ($127 in chips)
habari786: posts small blind $1
VolkovDmitri: posts big blind $3
*** HOLE CARDS ***
habari786: raises $3 to $6
VolkovDmitri: calls $3
*** FLOP *** [Ah Ac Jd]
VolkovDmitri: checks
habari786: bets $3
VolkovDmitri: folds
Uncalled bet ($3) returned to habari786
habari786 collected $11.76 from pot
habari786: doesn't show hand
*** SUMMARY ***
Total pot $12 | Rake $0.24
Board [Ah Ac Jd]
Seat 3: habari786 (button) (small blind) collected ($11.76)
Seat 4: VolkovDmitri (big blind) folded on the Flop


PokerStars Hand #174187209684:  Hold'em Limit ($3/$6 USD) - 2017/08/11 3:09:15 ET
Table 'Scheherezade' 6-max Seat #4 is the button
Seat 3: habari786 ($57.76 in chips)
Seat 4: VolkovDmitri ($125 in chips)
VolkovDmitri: posts small blind $1
habari786: posts big blind $3
*** HOLE CARDS ***
VolkovDmitri: raises $3 to $6
habari786: raises $3 to $9
VolkovDmitri: calls $3
*** FLOP *** [9h 7d Qs]
habari786: bets $3
VolkovDmitri: folds
Uncalled bet ($3) returned to habari786
habari786 collected $17.64 from pot
habari786: doesn't show hand
*** SUMMARY ***
Total pot $18 | Rake $0.36
Board [9h 7d Qs]
Seat 3: habari786 (big blind) collected ($17.64)
Seat 4: VolkovDmitri (button) (small blind) folded on the Flop


PokerStars Hand #174187222398:  Hold'em Limit ($3/$6 USD) - 2017/08/11 3:10:06 ET
Table 'Scheherezade' 6-max Seat #4 is the button
Seat 3: habari786 ($72.16 in chips)
Seat 4: VolkovDmitri ($120 in chips)
VolkovDmitri: posts small blind $1
habari786: posts big blind $3
*** HOLE CARDS ***
VolkovDmitri: raises $3 to $6
habari786: calls $3
*** FLOP *** [7h Kc As]
habari786: checks
VolkovDmitri: bets $3
habari786: folds
Uncalled bet ($3) returned to VolkovDmitri
VolkovDmitri collected $11.76 from pot
VolkovDmitri: doesn't show hand
*** SUMMARY ***
Total pot $12 | Rake $0.24
Board [7h Kc As]
Seat 3: habari786 (big blind) folded on the Flop
Seat 4: VolkovDmitri (button) (small blind) collected ($11.76)


PokerStars Hand #174187216149:  Hold'em Limit ($3/$6 USD) - 2017/08/11 3:09:41 ET
Table 'Scheherezade' 6-max Seat #3 is the button
Seat 3: habari786 ($66.40 in chips)
Seat 4: VolkovDmitri ($120 in chips)
habari786: posts small blind $1
VolkovDmitri: posts big blind $3
*** HOLE CARDS ***
habari786: raises $3 to $6
VolkovDmitri: calls $3
*** FLOP *** [3d 6c 3s]
VolkovDmitri: checks
habari786: bets $3
VolkovDmitri: folds
Uncalled bet ($3) returned to habari786
habari786 collected $11.76 from pot
habari786: doesn't show hand
*** SUMMARY ***
Total pot $12 | Rake $0.24
Board [3d 6c 3s]
Seat 3: habari786 (button) (small blind) collected ($11.76)
Seat 4: VolkovDmitri (big blind) folded on the Flop


PokerStars Hand #174187224751:  Hold'em Limit ($3/$6 USD) - 2017/08/11 3:10:15 ET
Table 'Scheherezade' 6-max Seat #3 is the button
Seat 3: habari786 ($66.16 in chips)
Seat 4: VolkovDmitri ($125.76 in chips)
habari786: posts small blind $1
VolkovDmitri: posts big blind $3
*** HOLE CARDS ***
habari786: raises $3 to $6
hairy1961 joins the table at seat #5
VolkovDmitri: folds
Uncalled bet ($3) returned to habari786
habari786 collected $6 from pot
habari786: doesn't show hand
*** SUMMARY ***
Total pot $6 | Rake $0
Seat 3: habari786 (button) (small blind) collected ($6)
Seat 4: VolkovDmitri (big blind) folded before Flop


PokerStars Hand #174187274179:  Hold'em Limit ($3/$6 USD) - 2017/08/11 3:13:32 ET
Table 'Scheherezade' 6-max Seat #5 is the button
Seat 4: VolkovDmitri ($120 in chips)
Seat 5: hairy1961 ($49.47 in chips)
hairy1961: posts small blind $1
VolkovDmitri: posts big blind $3
*** HOLE CARDS ***
hairy1961: folds
Uncalled bet ($2) returned to VolkovDmitri
VolkovDmitri collected $2 from pot
VolkovDmitri: doesn't show hand
*** SUMMARY ***
Total pot $2 | Rake $0
Seat 4: VolkovDmitri (big blind) collected ($2)
Seat 5: hairy1961 (button) (small blind) folded before Flop


