PokerStars Hand #161987457637:  Hold'em Limit ($3/$6 USD) - 2016/11/26 10:00:50 ET
Table 'Schedir' 6-max Seat #5 is the button
Seat 5: **Geka**555 ($33.80 in chips)
Seat 6: ToDaFelt ($134.64 in chips)
**Geka**555: posts small blind $1
ToDaFelt: posts big blind $3
*** HOLE CARDS ***
**Geka**555: raises $3 to $6
Agrotait leaves the table
ToDaFelt: folds
Uncalled bet ($3) returned to **Geka**555
**Geka**555 collected $6 from pot
**Geka**555: doesn't show hand
*** SUMMARY ***
Total pot $6 | Rake $0
Seat 5: **Geka**555 (button) (small blind) collected ($6)
Seat 6: ToDaFelt (big blind) folded before Flop


PokerStars Hand #161987453359:  Hold'em Limit ($3/$6 USD) - 2016/11/26 10:00:43 ET
Table 'Schedir' 6-max Seat #6 is the button
Seat 5: **Geka**555 ($36.80 in chips)
Seat 6: ToDaFelt ($131.64 in chips)
ToDaFelt: posts small blind $1
**Geka**555: posts big blind $3
*** HOLE CARDS ***
ToDaFelt: raises $3 to $6
**Geka**555: folds
Uncalled bet ($3) returned to ToDaFelt
ToDaFelt collected $6 from pot
ToDaFelt: doesn't show hand
*** SUMMARY ***
Total pot $6 | Rake $0
Seat 5: **Geka**555 (big blind) folded before Flop
Seat 6: ToDaFelt (button) (small blind) collected ($6)


PokerStars Hand #161987434563:  Hold'em Limit ($3/$6 USD) - 2016/11/26 10:00:13 ET
Table 'Schedir' 6-max Seat #5 is the button
Seat 5: **Geka**555 ($45.80 in chips)
Seat 6: ToDaFelt ($123 in chips)
**Geka**555: posts small blind $1
ToDaFelt: posts big blind $3
*** HOLE CARDS ***
**Geka**555: raises $3 to $6
ToDaFelt: calls $3
*** FLOP *** [Th Kh 8h]
ToDaFelt: checks
**Geka**555: bets $3
ToDaFelt: calls $3
*** TURN *** [Th Kh 8h] [Kd]
ToDaFelt: bets $6
**Geka**555: folds
Uncalled bet ($6) returned to ToDaFelt
ToDaFelt collected $17.64 from pot
ToDaFelt: doesn't show hand
*** SUMMARY ***
Total pot $18 | Rake $0.36
Board [Th Kh 8h Kd]
Seat 5: **Geka**555 (button) (small blind) folded on the Turn
Seat 6: ToDaFelt (big blind) collected ($17.64)


PokerStars Hand #161987471727:  Hold'em Limit ($3/$6 USD) - 2016/11/26 10:01:11 ET
Table 'Schedir' 6-max Seat #6 is the button
Seat 5: **Geka**555 ($36.80 in chips)
Seat 6: ToDaFelt ($131.64 in chips)
ToDaFelt: posts small blind $1
**Geka**555: posts big blind $3
*** HOLE CARDS ***
ToDaFelt: raises $3 to $6
**Geka**555: calls $3
*** FLOP *** [Td 3c Qh]
**Geka**555: checks
ToDaFelt: bets $3
**Geka**555: folds
Uncalled bet ($3) returned to ToDaFelt
ToDaFelt collected $11.76 from pot
ToDaFelt: doesn't show hand
*** SUMMARY ***
Total pot $12 | Rake $0.24
Board [Td 3c Qh]
Seat 5: **Geka**555 (big blind) folded on the Flop
Seat 6: ToDaFelt (button) (small blind) collected ($11.76)


PokerStars Hand #161987496060:  Hold'em Limit ($3/$6 USD) - 2016/11/26 10:01:48 ET
Table 'Schedir' 6-max Seat #6 is the button
Seat 5: **Geka**555 ($21.80 in chips)
Seat 6: ToDaFelt ($146.04 in chips)
ToDaFelt: posts small blind $1
**Geka**555: posts big blind $3
*** HOLE CARDS ***
ToDaFelt: raises $3 to $6
**Geka**555: calls $3
*** FLOP *** [Kh Ts 5h]
**Geka**555: checks
ToDaFelt: bets $3
**Geka**555: folds
Uncalled bet ($3) returned to ToDaFelt
ToDaFelt collected $11.76 from pot
ToDaFelt: doesn't show hand
*** SUMMARY ***
Total pot $12 | Rake $0.24
Board [Kh Ts 5h]
Seat 5: **Geka**555 (big blind) folded on the Flop
Seat 6: ToDaFelt (button) (small blind) collected ($11.76)


PokerStars Hand #161987507054:  Hold'em Limit ($3/$6 USD) - 2016/11/26 10:02:04 ET
Table 'Schedir' 6-max Seat #5 is the button
Seat 5: **Geka**555 ($15.80 in chips)
Seat 6: ToDaFelt ($151.80 in chips)
**Geka**555: posts small blind $1
ToDaFelt: posts big blind $3
*** HOLE CARDS ***
**Geka**555: folds
Uncalled bet ($2) returned to ToDaFelt
ToDaFelt collected $2 from pot
ToDaFelt: doesn't show hand
*** SUMMARY ***
Total pot $2 | Rake $0
Seat 5: **Geka**555 (button) (small blind) folded before Flop
Seat 6: ToDaFelt (big blind) collected ($2)


PokerStars Hand #161987481651:  Hold'em Limit ($3/$6 USD) - 2016/11/26 10:01:26 ET
Table 'Schedir' 6-max Seat #5 is the button
Seat 5: **Geka**555 ($30.80 in chips)
Seat 6: ToDaFelt ($137.40 in chips)
**Geka**555: posts small blind $1
ToDaFelt: posts big blind $3
*** HOLE CARDS ***
**Geka**555: raises $3 to $6
ToDaFelt: raises $3 to $9
**Geka**555: calls $3
*** FLOP *** [2s Kc 5c]
ToDaFelt: bets $3
**Geka**555: folds
Uncalled bet ($3) returned to ToDaFelt
ToDaFelt collected $17.64 from pot
ToDaFelt: doesn't show hand
*** SUMMARY ***
Total pot $18 | Rake $0.36
Board [2s Kc 5c]
Seat 5: **Geka**555 (button) (small blind) folded on the Flop
Seat 6: ToDaFelt (big blind) collected ($17.64)


PokerStars Hand #161987510732:  Hold'em Limit ($3/$6 USD) - 2016/11/26 10:02:09 ET
Table 'Schedir' 6-max Seat #6 is the button
Seat 5: **Geka**555 ($14.80 in chips)
Seat 6: ToDaFelt ($152.80 in chips)
ToDaFelt: posts small blind $1
**Geka**555: posts big blind $3
*** HOLE CARDS ***
ToDaFelt: raises $3 to $6
**Geka**555: raises $3 to $9
ToDaFelt: calls $3
*** FLOP *** [9d 3h Td]
**Geka**555: bets $3
ToDaFelt: calls $3
*** TURN *** [9d 3h Td] [3s]
**Geka**555: bets $2.80 and is all-in
ToDaFelt: calls $2.80
*** RIVER *** [9d 3h Td 3s] [Js]
*** SHOW DOWN ***
**Geka**555: shows [Kd Th] (two pair, Tens and Threes)
ToDaFelt: shows [3c 8c] (three of a kind, Threes)
ToDaFelt collected $29.10 from pot
*** SUMMARY ***
Total pot $29.60 | Rake $0.50
Board [9d 3h Td 3s Js]
Seat 5: **Geka**555 (big blind) showed [Kd Th] and lost with two pair, Tens and Threes
Seat 6: ToDaFelt (button) (small blind) showed [3c 8c] and won ($29.10) with three of a kind, Threes


