PokerStars Hand #173917884571:  Hold'em Limit ($3/$6 USD) - 2017/08/04 14:42:01 ET
Table 'Scheat' 6-max Seat #3 is the button
Seat 3: AGALFARO ($2256.37 in chips)
Seat 4: krytalex ($126.78 in chips)
AGALFARO: posts small blind $1
krytalex: posts big blind $3
*** HOLE CARDS ***
AGALFARO: folds
Uncalled bet ($2) returned to krytalex
krytalex collected $2 from pot
*** SUMMARY ***
Total pot $2 | Rake $0
Seat 3: AGALFARO (button) (small blind) folded before Flop
Seat 4: krytalex (big blind) collected ($2)


PokerStars Hand #173917880851:  Hold'em Limit ($3/$6 USD) - 2017/08/04 14:41:55 ET
Table 'Scheat' 6-max Seat #4 is the button
Seat 3: AGALFARO ($2255.37 in chips)
Seat 4: krytalex ($127.78 in chips)
krytalex: posts small blind $1
AGALFARO: posts big blind $3
*** HOLE CARDS ***
krytalex: folds
Uncalled bet ($2) returned to AGALFARO
AGALFARO collected $2 from pot
Larooo leaves the table
AGALFARO: doesn't show hand
*** SUMMARY ***
Total pot $2 | Rake $0
Seat 3: AGALFARO (big blind) collected ($2)
Seat 4: krytalex (button) (small blind) folded before Flop


PokerStars Hand #173920186019:  Hold'em Limit ($3/$6 USD) - 2017/08/04 15:37:58 ET
Table 'Scheat' 6-max Seat #4 is the button
Seat 4: krytalex ($142.98 in chips)
Seat 6: Jannuh ($92.87 in chips)
krytalex: posts small blind $1
Jannuh: posts big blind $3
*** HOLE CARDS ***
krytalex: folds
Uncalled bet ($2) returned to Jannuh
Jannuh collected $2 from pot
Jannuh: doesn't show hand
*** SUMMARY ***
Total pot $2 | Rake $0
Seat 4: krytalex (button) (small blind) folded before Flop
Seat 6: Jannuh (big blind) collected ($2)


PokerStars Hand #173920182259:  Hold'em Limit ($3/$6 USD) - 2017/08/04 15:37:53 ET
Table 'Scheat' 6-max Seat #6 is the button
Seat 4: krytalex ($141.98 in chips)
Seat 6: Jannuh ($93.87 in chips)
Jannuh: posts small blind $1
krytalex: posts big blind $3
*** HOLE CARDS ***
Jannuh: folds
Uncalled bet ($2) returned to krytalex
krytalex collected $2 from pot
*** SUMMARY ***
Total pot $2 | Rake $0
Seat 4: krytalex (big blind) collected ($2)
Seat 6: Jannuh (button) (small blind) folded before Flop


PokerStars Hand #173920190401:  Hold'em Limit ($3/$6 USD) - 2017/08/04 15:38:05 ET
Table 'Scheat' 6-max Seat #6 is the button
Seat 4: krytalex ($141.98 in chips)
Seat 6: Jannuh ($93.87 in chips)
Jannuh: posts small blind $1
krytalex: posts big blind $3
*** HOLE CARDS ***
Jannuh: raises $3 to $6
krytalex: folds
Uncalled bet ($3) returned to Jannuh
Jannuh collected $6 from pot
Jannuh: doesn't show hand
*** SUMMARY ***
Total pot $6 | Rake $0
Seat 4: krytalex (big blind) folded before Flop
Seat 6: Jannuh (button) (small blind) collected ($6)


PokerStars Hand #173920196897:  Hold'em Limit ($3/$6 USD) - 2017/08/04 15:38:13 ET
Table 'Scheat' 6-max Seat #4 is the button
Seat 4: krytalex ($138.98 in chips)
Seat 6: Jannuh ($96.87 in chips)
krytalex: posts small blind $1
Jannuh: posts big blind $3
*** HOLE CARDS ***
krytalex: folds
Uncalled bet ($2) returned to Jannuh
Jannuh collected $2 from pot
Jannuh: doesn't show hand
*** SUMMARY ***
Total pot $2 | Rake $0
Seat 4: krytalex (button) (small blind) folded before Flop
Seat 6: Jannuh (big blind) collected ($2)


PokerStars Hand #173920204809:  Hold'em Limit ($3/$6 USD) - 2017/08/04 15:38:25 ET
Table 'Scheat' 6-max Seat #6 is the button
Seat 4: krytalex ($137.98 in chips)
Seat 6: Jannuh ($97.87 in chips)
Jannuh: posts small blind $1
krytalex: posts big blind $3
*** HOLE CARDS ***
Jannuh: raises $3 to $6
krytalex: calls $3
*** FLOP *** [7h 5c 7d]
krytalex: checks
Jannuh: checks
*** TURN *** [7h 5c 7d] [As]
krytalex: checks
Jannuh: bets $6
krytalex: folds
Uncalled bet ($6) returned to Jannuh
Jannuh collected $11.76 from pot
Jannuh: doesn't show hand
*** SUMMARY ***
Total pot $12 | Rake $0.24
Board [7h 5c 7d As]
Seat 4: krytalex (big blind) folded on the Turn
Seat 6: Jannuh (button) (small blind) collected ($11.76)


PokerStars Hand #173920237675:  Hold'em Limit ($3/$6 USD) - 2017/08/04 15:39:11 ET
Table 'Scheat' 6-max Seat #6 is the button
Seat 4: krytalex ($130.98 in chips)
Seat 6: Jannuh ($104.63 in chips)
Jannuh: posts small blind $1
krytalex: posts big blind $3
*** HOLE CARDS ***
Jannuh: folds
Uncalled bet ($2) returned to krytalex
krytalex collected $2 from pot
*** SUMMARY ***
Total pot $2 | Rake $0
Seat 4: krytalex (big blind) collected ($2)
Seat 6: Jannuh (button) (small blind) folded before Flop


PokerStars Hand #173920233904:  Hold'em Limit ($3/$6 USD) - 2017/08/04 15:39:06 ET
Table 'Scheat' 6-max Seat #4 is the button
Seat 4: krytalex ($131.98 in chips)
Seat 6: Jannuh ($103.63 in chips)
krytalex: posts small blind $1
Jannuh: posts big blind $3
*** HOLE CARDS ***
krytalex: folds
Uncalled bet ($2) returned to Jannuh
Jannuh collected $2 from pot
Jannuh: doesn't show hand
*** SUMMARY ***
Total pot $2 | Rake $0
Seat 4: krytalex (button) (small blind) folded before Flop
Seat 6: Jannuh (big blind) collected ($2)


