PokerStars Hand #165997201307:  Hold'em Limit ($3/$6 USD) - 2017/02/10 13:57:52 ET
Table 'Scheddi II' 10-max Seat #6 is the button
Seat 5: 130000000000 ($41.50 in chips)
Seat 6: belik555 ($94 in chips)
belik555: posts small blind $1
130000000000: posts big blind $3
*** HOLE CARDS ***
belik555: raises $3 to $6
130000000000: calls $3
*** FLOP *** [9s 2c 8h]
130000000000: checks
belik555: bets $3
130000000000: calls $3
*** TURN *** [9s 2c 8h] [Ad]
130000000000: bets $6
belik555: calls $6
*** RIVER *** [9s 2c 8h Ad] [7h]
130000000000: bets $6
belik555: calls $6
*** SHOW DOWN ***
130000000000: shows [2s Ah] (two pair, Aces and Deuces)
belik555: mucks hand
130000000000 collected $41.50 from pot
*** SUMMARY ***
Total pot $42 | Rake $0.50
Board [9s 2c 8h Ad 7h]
Seat 5: 130000000000 (big blind) showed [2s Ah] and won ($41.50) with two pair, Aces and Deuces
Seat 6: belik555 (button) (small blind) mucked


PokerStars Hand #165997197081:  Hold'em Limit ($3/$6 USD) - 2017/02/10 13:57:46 ET
Table 'Scheddi II' 10-max Seat #5 is the button
Seat 5: 130000000000 ($42.50 in chips)
Seat 6: belik555 ($93 in chips)
130000000000: posts small blind $1
belik555: posts big blind $3
*** HOLE CARDS ***
130000000000: folds
Uncalled bet ($2) returned to belik555
belik555 collected $2 from pot
belik555: doesn't show hand
*** SUMMARY ***
Total pot $2 | Rake $0
Seat 5: 130000000000 (button) (small blind) folded before Flop
Seat 6: belik555 (big blind) collected ($2)


PokerStars Hand #165997190582:  Hold'em Limit ($3/$6 USD) - 2017/02/10 13:57:37 ET
Table 'Scheddi II' 10-max Seat #6 is the button
Seat 5: 130000000000 ($45.50 in chips)
Seat 6: belik555 ($90 in chips)
belik555: posts small blind $1
130000000000: posts big blind $3
*** HOLE CARDS ***
belik555: raises $3 to $6
130000000000: folds
Uncalled bet ($3) returned to belik555
belik555 collected $6 from pot
belik555: doesn't show hand
*** SUMMARY ***
Total pot $6 | Rake $0
Seat 5: 130000000000 (big blind) folded before Flop
Seat 6: belik555 (button) (small blind) collected ($6)


PokerStars Hand #165997167730:  Hold'em Limit ($3/$6 USD) - 2017/02/10 13:57:07 ET
Table 'Scheddi II' 10-max Seat #5 is the button
Seat 5: 130000000000 ($31 in chips)
Seat 6: belik555 ($90 in chips)
130000000000: posts small blind $1
belik555: posts big blind $3
*** HOLE CARDS ***
130000000000: calls $2
belik555: checks
*** FLOP *** [5h 7d 8c]
belik555: bets $3
130000000000: raises $3 to $6
belik555: calls $3
*** TURN *** [5h 7d 8c] [Jc]
belik555: checks
130000000000: bets $6
belik555: calls $6
*** RIVER *** [5h 7d 8c Jc] [Jh]
belik555: checks
130000000000: checks
*** SHOW DOWN ***
belik555: shows [6h 3s] (a pair of Jacks)
130000000000: shows [8s Kd] (two pair, Jacks and Eights)
130000000000 collected $29.50 from pot
*** SUMMARY ***
Total pot $30 | Rake $0.50
Board [5h 7d 8c Jc Jh]
Seat 5: 130000000000 (button) (small blind) showed [8s Kd] and won ($29.50) with two pair, Jacks and Eights
Seat 6: belik555 (big blind) showed [6h 3s] and lost with a pair of Jacks


PokerStars Hand #165997218368:  Hold'em Limit ($3/$6 USD) - 2017/02/10 13:58:14 ET
Table 'Scheddi II' 10-max Seat #5 is the button
Seat 5: 130000000000 ($62 in chips)
Seat 6: belik555 ($90 in chips)
130000000000: posts small blind $1
belik555: posts big blind $3
*** HOLE CARDS ***
130000000000: calls $2
LouisB joins the table at seat #7
belik555: raises $3 to $6
130000000000: calls $3
*** FLOP *** [3s 2c 6h]
MTails leaves the table
belik555: bets $3
130000000000: calls $3
*** TURN *** [3s 2c 6h] [Js]
belik555: checks
130000000000: bets $6
belik555: calls $6
*** RIVER *** [3s 2c 6h Js] [Qd]
belik555: checks
130000000000: bets $6
belik555: folds
Uncalled bet ($6) returned to 130000000000
130000000000 collected $29.50 from pot
*** SUMMARY ***
Total pot $30 | Rake $0.50
Board [3s 2c 6h Js Qd]
Seat 5: 130000000000 (button) (small blind) collected ($29.50)
Seat 6: belik555 (big blind) folded on the River


PokerStars Hand #165999445777:  Hold'em Limit ($3/$6 USD) - 2017/02/10 14:39:07 ET
Table 'Scheddi II' 10-max Seat #7 is the button
Seat 5: 130000000000 ($56.42 in chips)
Seat 7: LouisB ($228.20 in chips)
LouisB: posts small blind $1
130000000000: posts big blind $3
*** HOLE CARDS ***
LouisB: raises $3 to $6
belik555 joins the table at seat #6
130000000000: calls $3
*** FLOP *** [5s Jd Tc]
130000000000: checks
LouisB: bets $3
130000000000: folds
Uncalled bet ($3) returned to LouisB
LouisB collected $11.76 from pot
LouisB: doesn't show hand
*** SUMMARY ***
Total pot $12 | Rake $0.24
Board [5s Jd Tc]
Seat 5: 130000000000 (big blind) folded on the Flop
Seat 7: LouisB (button) (small blind) collected ($11.76)


PokerStars Hand #165999825494:  Hold'em Limit ($3/$6 USD) - 2017/02/10 14:45:57 ET
Table 'Scheddi II' 10-max Seat #6 is the button
Seat 5: 130000000000 ($44.60 in chips)
Seat 6: belik555 ($114.53 in chips)
belik555: posts small blind $1
LouisB: is sitting out
130000000000: posts big blind $3
*** HOLE CARDS ***
belik555: raises $3 to $6
130000000000: calls $3
*** FLOP *** [Qs 6s 5s]
130000000000: bets $3
belik555: folds
Uncalled bet ($3) returned to 130000000000
130000000000 collected $11.76 from pot
*** SUMMARY ***
Total pot $12 | Rake $0.24
Board [Qs 6s 5s]
Seat 5: 130000000000 (big blind) collected ($11.76)
Seat 6: belik555 (button) (small blind) folded on the Flop


PokerStars Hand #165999845344:  Hold'em Limit ($3/$6 USD) - 2017/02/10 14:46:19 ET
Table 'Scheddi II' 10-max Seat #5 is the button
Seat 5: 130000000000 ($50.36 in chips)
Seat 6: belik555 ($108.53 in chips)
130000000000: posts small blind $1
belik555: posts big blind $3
*** HOLE CARDS ***
130000000000: raises $3 to $6
belik555: raises $3 to $9
130000000000 has timed out while being disconnected
130000000000: folds
Uncalled bet ($3) returned to belik555
belik555 collected $12 from pot
belik555: doesn't show hand
*** SUMMARY ***
Total pot $12 | Rake $0
Seat 5: 130000000000 (button) (small blind) folded before Flop
Seat 6: belik555 (big blind) collected ($12)


PokerStars Hand #165999925578:  Hold'em Limit ($3/$6 USD) - 2017/02/10 14:47:45 ET
Table 'Scheddi II' 10-max Seat #5 is the button
Seat 5: 130000000000 ($50.12 in chips)
Seat 6: belik555 ($108.53 in chips)
130000000000: posts small blind $1
belik555: posts big blind $3
*** HOLE CARDS ***
130000000000: folds
Uncalled bet ($2) returned to belik555
belik555 collected $2 from pot
belik555: doesn't show hand
*** SUMMARY ***
Total pot $2 | Rake $0
Seat 5: 130000000000 (button) (small blind) folded before Flop
Seat 6: belik555 (big blind) collected ($2)


PokerStars Hand #165999907791:  Hold'em Limit ($3/$6 USD) - 2017/02/10 14:47:26 ET
Table 'Scheddi II' 10-max Seat #6 is the button
Seat 5: 130000000000 ($44.36 in chips)
Seat 6: belik555 ($114.53 in chips)
belik555: posts small blind $1
130000000000: posts big blind $3
*** HOLE CARDS ***
belik555: raises $3 to $6
130000000000: calls $3
*** FLOP *** [3c Kh 9s]
130000000000: bets $3
belik555: folds
Uncalled bet ($3) returned to 130000000000
130000000000 collected $11.76 from pot
*** SUMMARY ***
Total pot $12 | Rake $0.24
Board [3c Kh 9s]
Seat 5: 130000000000 (big blind) collected ($11.76)
Seat 6: belik555 (button) (small blind) folded on the Flop


PokerStars Hand #165999931289:  Hold'em Limit ($3/$6 USD) - 2017/02/10 14:47:52 ET
Table 'Scheddi II' 10-max Seat #6 is the button
Seat 5: 130000000000 ($49.12 in chips)
Seat 6: belik555 ($109.53 in chips)
belik555: posts small blind $1
130000000000: posts big blind $3
*** HOLE CARDS ***
belik555: raises $3 to $6
130000000000: calls $3
*** FLOP *** [6s 8d Js]
130000000000: bets $3
belik555: calls $3
*** TURN *** [6s 8d Js] [9s]
130000000000: bets $6
belik555: calls $6
*** RIVER *** [6s 8d Js 9s] [4c]
130000000000: bets $6
belik555: folds
Uncalled bet ($6) returned to 130000000000
130000000000 collected $29.50 from pot
*** SUMMARY ***
Total pot $30 | Rake $0.50
Board [6s 8d Js 9s 4c]
Seat 5: 130000000000 (big blind) collected ($29.50)
Seat 6: belik555 (button) (small blind) folded on the River


PokerStars Hand #166000019400:  Hold'em Limit ($3/$6 USD) - 2017/02/10 14:49:26 ET
Table 'Scheddi II' 10-max Seat #6 is the button
Seat 5: 130000000000 ($72.14 in chips)
Seat 6: belik555 ($90 in chips)
belik555: posts small blind $1
130000000000: posts big blind $3
*** HOLE CARDS ***
belik555: raises $3 to $6
130000000000: folds
Uncalled bet ($3) returned to belik555
belik555 collected $6 from pot
belik555: doesn't show hand
*** SUMMARY ***
Total pot $6 | Rake $0
Seat 5: 130000000000 (big blind) folded before Flop
Seat 6: belik555 (button) (small blind) collected ($6)


PokerStars Hand #165999986806:  Hold'em Limit ($3/$6 USD) - 2017/02/10 14:48:52 ET
Table 'Scheddi II' 10-max Seat #5 is the button
Seat 5: 130000000000 ($69.26 in chips)
Seat 6: belik555 ($93 in chips)
130000000000: posts small blind $1
belik555: posts big blind $3
*** HOLE CARDS ***
130000000000: calls $2
belik555: checks
*** FLOP *** [4s 8h Th]
belik555: checks
130000000000: bets $3
belik555: folds
Uncalled bet ($3) returned to 130000000000
130000000000 collected $5.88 from pot
*** SUMMARY ***
Total pot $6 | Rake $0.12
Board [4s 8h Th]
Seat 5: 130000000000 (button) (small blind) collected ($5.88)
Seat 6: belik555 (big blind) folded on the Flop


PokerStars Hand #165999950884:  Hold'em Limit ($3/$6 USD) - 2017/02/10 14:48:13 ET
Table 'Scheddi II' 10-max Seat #5 is the button
Seat 5: 130000000000 ($63.62 in chips)
Seat 6: belik555 ($94.53 in chips)
130000000000: posts small blind $1
belik555: posts big blind $3
*** HOLE CARDS ***
130000000000: calls $2
belik555: checks
*** FLOP *** [3s 9h 2s]
belik555: checks
130000000000: checks
*** TURN *** [3s 9h 2s] [7d]
belik555: bets $6
130000000000: calls $6
*** RIVER *** [3s 9h 2s 7d] [Ah]
belik555: checks
130000000000: bets $6
belik555: folds
Uncalled bet ($6) returned to 130000000000
130000000000 collected $17.64 from pot
*** SUMMARY ***
Total pot $18 | Rake $0.36
Board [3s 9h 2s 7d Ah]
Seat 5: 130000000000 (button) (small blind) collected ($17.64)
Seat 6: belik555 (big blind) folded on the River


PokerStars Hand #165999971615:  Hold'em Limit ($3/$6 USD) - 2017/02/10 14:48:35 ET
Table 'Scheddi II' 10-max Seat #6 is the button
Seat 5: 130000000000 ($72.26 in chips)
Seat 6: belik555 ($90 in chips)
belik555: posts small blind $1
130000000000: posts big blind $3
*** HOLE CARDS ***
belik555: raises $3 to $6
130000000000: folds
Uncalled bet ($3) returned to belik555
belik555 collected $6 from pot
belik555: doesn't show hand
*** SUMMARY ***
Total pot $6 | Rake $0
Seat 5: 130000000000 (big blind) folded before Flop
Seat 6: belik555 (button) (small blind) collected ($6)


PokerStars Hand #166000029980:  Hold'em Limit ($3/$6 USD) - 2017/02/10 14:49:38 ET
Table 'Scheddi II' 10-max Seat #6 is the button
Seat 5: 130000000000 ($68.14 in chips)
Seat 6: belik555 ($94 in chips)
belik555: posts small blind $1
130000000000: posts big blind $3
*** HOLE CARDS ***
belik555: raises $3 to $6
130000000000: calls $3
*** FLOP *** [9s 9d 5h]
130000000000: checks
belik555: bets $3
130000000000: calls $3
*** TURN *** [9s 9d 5h] [Qc]
130000000000: bets $6
belik555: calls $6
*** RIVER *** [9s 9d 5h Qc] [6d]
130000000000: checks
belik555: bets $6
130000000000: calls $6
*** SHOW DOWN ***
belik555: shows [Jc Ad] (a pair of Nines)
130000000000: shows [4h 4d] (two pair, Nines and Fours)
130000000000 collected $41.50 from pot
*** SUMMARY ***
Total pot $42 | Rake $0.50
Board [9s 9d 5h Qc 6d]
Seat 5: 130000000000 (big blind) showed [4h 4d] and won ($41.50) with two pair, Nines and Fours
Seat 6: belik555 (button) (small blind) showed [Jc Ad] and lost with a pair of Nines


PokerStars Hand #166000067662:  Hold'em Limit ($3/$6 USD) - 2017/02/10 14:50:18 ET
Table 'Scheddi II' 10-max Seat #5 is the button
Seat 5: 130000000000 ($88.64 in chips)
Seat 6: belik555 ($90 in chips)
130000000000: posts small blind $1
belik555: posts big blind $3
*** HOLE CARDS ***
130000000000: folds
Uncalled bet ($2) returned to belik555
belik555 collected $2 from pot
belik555: doesn't show hand
*** SUMMARY ***
Total pot $2 | Rake $0
Seat 5: 130000000000 (button) (small blind) folded before Flop
Seat 6: belik555 (big blind) collected ($2)


PokerStars Hand #166000025271:  Hold'em Limit ($3/$6 USD) - 2017/02/10 14:49:33 ET
Table 'Scheddi II' 10-max Seat #5 is the button
Seat 5: 130000000000 ($69.14 in chips)
Seat 6: belik555 ($93 in chips)
130000000000: posts small blind $1
belik555: posts big blind $3
*** HOLE CARDS ***
130000000000: folds
Uncalled bet ($2) returned to belik555
belik555 collected $2 from pot
belik555: doesn't show hand
*** SUMMARY ***
Total pot $2 | Rake $0
Seat 5: 130000000000 (button) (small blind) folded before Flop
Seat 6: belik555 (big blind) collected ($2)


PokerStars Hand #166000078466:  Hold'em Limit ($3/$6 USD) - 2017/02/10 14:50:30 ET
Table 'Scheddi II' 10-max Seat #6 is the button
Seat 5: 130000000000 ($87.64 in chips)
Seat 6: belik555 ($91 in chips)
belik555: posts small blind $1
130000000000: posts big blind $3
*** HOLE CARDS ***
belik555: raises $3 to $6
130000000000: calls $3
*** FLOP *** [Js Qs Jc]
130000000000: checks
belik555: bets $3
130000000000: raises $3 to $6
belik555: calls $3
*** TURN *** [Js Qs Jc] [3s]
130000000000: checks
belik555: checks
*** RIVER *** [Js Qs Jc 3s] [Ah]
130000000000: bets $6
belik555: folds
Uncalled bet ($6) returned to 130000000000
130000000000 collected $23.52 from pot
*** SUMMARY ***
Total pot $24 | Rake $0.48
Board [Js Qs Jc 3s Ah]
Seat 5: 130000000000 (big blind) collected ($23.52)
Seat 6: belik555 (button) (small blind) folded on the River


PokerStars Hand #166000113393:  Hold'em Limit ($3/$6 USD) - 2017/02/10 14:51:07 ET
Table 'Scheddi II' 10-max Seat #5 is the button
Seat 5: 130000000000 ($99.16 in chips)
Seat 6: belik555 ($90 in chips)
130000000000: posts small blind $1
belik555: posts big blind $3
*** HOLE CARDS ***
130000000000: folds
Uncalled bet ($2) returned to belik555
belik555 collected $2 from pot
belik555: doesn't show hand
*** SUMMARY ***
Total pot $2 | Rake $0
Seat 5: 130000000000 (button) (small blind) folded before Flop
Seat 6: belik555 (big blind) collected ($2)


PokerStars Hand #166011706983:  Hold'em Limit ($3/$6 USD) - 2017/02/10 18:19:54 ET
Table 'Scheddi II' 10-max Seat #8 is the button
Seat 6: belik555 ($205.34 in chips)
Seat 8: abster2366 ($218.33 in chips)
abster2366: posts small blind $1
belik555: posts big blind $3
*** HOLE CARDS ***
GRAILKO leaves the table
abster2366: calls $2
belik555: checks
*** FLOP *** [4h 8h Tc]
belik555: bets $3
abster2366: folds
Uncalled bet ($3) returned to belik555
belik555 collected $5.88 from pot
belik555: doesn't show hand
*** SUMMARY ***
Total pot $6 | Rake $0.12
Board [4h 8h Tc]
Seat 6: belik555 (big blind) collected ($5.88)
Seat 8: abster2366 (button) (small blind) folded on the Flop


PokerStars Hand #166011720440:  Hold'em Limit ($3/$6 USD) - 2017/02/10 18:20:10 ET
Table 'Scheddi II' 10-max Seat #6 is the button
Seat 6: belik555 ($208.22 in chips)
Seat 8: abster2366 ($215.33 in chips)
belik555: posts small blind $1
abster2366: posts big blind $3
*** HOLE CARDS ***
belik555: raises $3 to $6
abster2366: calls $3
*** FLOP *** [Qh Kd 2d]
abster2366: checks
belik555: checks
*** TURN *** [Qh Kd 2d] [Js]
abster2366: checks
belik555: bets $6
abster2366: calls $6
*** RIVER *** [Qh Kd 2d Js] [Kh]
abster2366: checks
belik555: bets $6
abster2366: calls $6
*** SHOW DOWN ***
belik555: shows [6d Ks] (three of a kind, Kings)
abster2366: mucks hand
belik555 collected $35.50 from pot
*** SUMMARY ***
Total pot $36 | Rake $0.50
Board [Qh Kd 2d Js Kh]
Seat 6: belik555 (button) (small blind) showed [6d Ks] and won ($35.50) with three of a kind, Kings
Seat 8: abster2366 (big blind) mucked


PokerStars Hand #166011762325:  Hold'em Limit ($3/$6 USD) - 2017/02/10 18:21:00 ET
Table 'Scheddi II' 10-max Seat #8 is the button
Seat 6: belik555 ($225.72 in chips)
Seat 8: abster2366 ($197.33 in chips)
abster2366: posts small blind $1
belik555: posts big blind $3
*** HOLE CARDS ***
abster2366: raises $3 to $6
belik555: calls $3
*** FLOP *** [Ac 8s Ad]
belik555: checks
abster2366: bets $3
belik555: calls $3
*** TURN *** [Ac 8s Ad] [3s]
belik555: checks
abster2366: checks
*** RIVER *** [Ac 8s Ad 3s] [8c]
belik555: checks
abster2366: checks
*** SHOW DOWN ***
belik555: shows [9d Qd] (two pair, Aces and Eights)
abster2366: mucks hand
belik555 collected $17.64 from pot
*** SUMMARY ***
Total pot $18 | Rake $0.36
Board [Ac 8s Ad 3s 8c]
Seat 6: belik555 (big blind) showed [9d Qd] and won ($17.64) with two pair, Aces and Eights
Seat 8: abster2366 (button) (small blind) mucked


PokerStars Hand #166012421645:  Hold'em Limit ($3/$6 USD) - 2017/02/10 18:34:12 ET
Table 'Scheddi II' 10-max Seat #6 is the button
Seat 1: jiwa76 ($220.67 in chips)
Seat 6: belik555 ($245.36 in chips)
belik555: posts small blind $1
jiwa76: posts big blind $3
*** HOLE CARDS ***
belik555: raises $3 to $6
jiwa76: calls $3
*** FLOP *** [Qs 3d 6c]
jiwa76: checks
belik555: bets $3
jiwa76: raises $3 to $6
belik555: calls $3
*** TURN *** [Qs 3d 6c] [3s]
jiwa76: bets $6
belik555: raises $6 to $12
jiwa76: calls $6
*** RIVER *** [Qs 3d 6c 3s] [4d]
jiwa76: checks
belik555: checks
*** SHOW DOWN ***
jiwa76: shows [Jd Qh] (two pair, Queens and Threes)
belik555: mucks hand
jiwa76 collected $47.50 from pot
*** SUMMARY ***
Total pot $48 | Rake $0.50
Board [Qs 3d 6c 3s 4d]
Seat 1: jiwa76 (big blind) showed [Jd Qh] and won ($47.50) with two pair, Queens and Threes
Seat 6: belik555 (button) (small blind) mucked


PokerStars Hand #166012464675:  Hold'em Limit ($3/$6 USD) - 2017/02/10 18:35:06 ET
Table 'Scheddi II' 10-max Seat #1 is the button
Seat 1: jiwa76 ($244.17 in chips)
Seat 6: belik555 ($221.36 in chips)
jiwa76: posts small blind $1
belik555: posts big blind $3
*** HOLE CARDS ***
jiwa76: raises $3 to $6
belik555: calls $3
*** FLOP *** [6h 9d 6s]
belik555: checks
jiwa76: checks
*** TURN *** [6h 9d 6s] [Js]
belik555: checks
jiwa76: checks
*** RIVER *** [6h 9d 6s Js] [Kd]
belik555: checks
jiwa76: bets $6
belik555: calls $6
*** SHOW DOWN ***
jiwa76: shows [2d 7c] (a pair of Sixes)
belik555: shows [2s Qs] (a pair of Sixes - King+Queen kicker)
belik555 collected $23.52 from pot
*** SUMMARY ***
Total pot $24 | Rake $0.48
Board [6h 9d 6s Js Kd]
Seat 1: jiwa76 (button) (small blind) showed [2d 7c] and lost with a pair of Sixes
Seat 6: belik555 (big blind) showed [2s Qs] and won ($23.52) with a pair of Sixes


PokerStars Hand #166012559078:  Hold'em Limit ($3/$6 USD) - 2017/02/10 18:37:03 ET
Table 'Scheddi II' 10-max Seat #6 is the button
Seat 1: jiwa76 ($209.17 in chips)
Seat 6: belik555 ($255.38 in chips)
belik555: posts small blind $1
jiwa76: posts big blind $3
*** HOLE CARDS ***
belik555: raises $3 to $6
jiwa76: folds
Uncalled bet ($3) returned to belik555
belik555 collected $6 from pot
belik555: doesn't show hand
*** SUMMARY ***
Total pot $6 | Rake $0
Seat 1: jiwa76 (big blind) folded before Flop
Seat 6: belik555 (button) (small blind) collected ($6)


PokerStars Hand #166012524291:  Hold'em Limit ($3/$6 USD) - 2017/02/10 18:36:19 ET
Table 'Scheddi II' 10-max Seat #1 is the button
Seat 1: jiwa76 ($233.17 in chips)
Seat 6: belik555 ($231.88 in chips)
jiwa76: posts small blind $1
belik555: posts big blind $3
*** HOLE CARDS ***
jiwa76: raises $3 to $6
belik555: raises $3 to $9
jiwa76: raises $3 to $12
Betting is capped
belik555: calls $3
*** FLOP *** [5d 5c 3c]
belik555: checks
jiwa76: checks
*** TURN *** [5d 5c 3c] [5s]
belik555: bets $6
jiwa76: calls $6
*** RIVER *** [5d 5c 3c 5s] [Js]
belik555: bets $6
jiwa76: calls $6
*** SHOW DOWN ***
belik555: shows [7c 7d] (a full house, Fives full of Sevens)
jiwa76: mucks hand
belik555 collected $47.50 from pot
*** SUMMARY ***
Total pot $48 | Rake $0.50
Board [5d 5c 3c 5s Js]
Seat 1: jiwa76 (button) (small blind) mucked
Seat 6: belik555 (big blind) showed [7c 7d] and won ($47.50) with a full house, Fives full of Sevens


PokerStars Hand #166012509477:  Hold'em Limit ($3/$6 USD) - 2017/02/10 18:36:01 ET
Table 'Scheddi II' 10-max Seat #6 is the button
Seat 1: jiwa76 ($232.17 in chips)
Seat 6: belik555 ($232.88 in chips)
belik555: posts small blind $1
jiwa76: posts big blind $3
*** HOLE CARDS ***
belik555: folds
Uncalled bet ($2) returned to jiwa76
jiwa76 collected $2 from pot
jiwa76: doesn't show hand
*** SUMMARY ***
Total pot $2 | Rake $0
Seat 1: jiwa76 (big blind) collected ($2)
Seat 6: belik555 (button) (small blind) folded before Flop


PokerStars Hand #166012579587:  Hold'em Limit ($3/$6 USD) - 2017/02/10 18:37:29 ET
Table 'Scheddi II' 10-max Seat #6 is the button
Seat 1: jiwa76 ($191.17 in chips)
Seat 6: belik555 ($272.88 in chips)
belik555: posts small blind $1
jiwa76: posts big blind $3
*** HOLE CARDS ***
belik555: raises $3 to $6
jiwa76: calls $3
*** FLOP *** [Ah Th Kc]
jiwa76: checks
belik555: checks
*** TURN *** [Ah Th Kc] [Qc]
jiwa76: checks
belik555: checks
*** RIVER *** [Ah Th Kc Qc] [5c]
jiwa76: checks
belik555: bets $6
jiwa76: folds
Uncalled bet ($6) returned to belik555
belik555 collected $11.76 from pot
belik555: doesn't show hand
*** SUMMARY ***
Total pot $12 | Rake $0.24
Board [Ah Th Kc Qc 5c]
Seat 1: jiwa76 (big blind) folded on the River
Seat 6: belik555 (button) (small blind) collected ($11.76)


PokerStars Hand #166012565171:  Hold'em Limit ($3/$6 USD) - 2017/02/10 18:37:11 ET
Table 'Scheddi II' 10-max Seat #1 is the button
Seat 1: jiwa76 ($206.17 in chips)
Seat 6: belik555 ($258.38 in chips)
jiwa76: posts small blind $1
belik555: posts big blind $3
*** HOLE CARDS ***
jiwa76: raises $3 to $6
belik555: calls $3
*** FLOP *** [Qc 8d Qd]
belik555: checks
jiwa76: bets $3
belik555: calls $3
*** TURN *** [Qc 8d Qd] [Th]
belik555: checks
jiwa76: bets $6
belik555: calls $6
*** RIVER *** [Qc 8d Qd Th] [Td]
belik555: checks
jiwa76: checks
*** SHOW DOWN ***
belik555: shows [2h Ac] (two pair, Queens and Tens)
jiwa76: mucks hand
belik555 collected $29.50 from pot
*** SUMMARY ***
Total pot $30 | Rake $0.50
Board [Qc 8d Qd Th Td]
Seat 1: jiwa76 (button) (small blind) mucked
Seat 6: belik555 (big blind) showed [2h Ac] and won ($29.50) with two pair, Queens and Tens


PokerStars Hand #166012638934:  Hold'em Limit ($3/$6 USD) - 2017/02/10 18:38:43 ET
Table 'Scheddi II' 10-max Seat #1 is the button
Seat 1: jiwa76 ($175.17 in chips)
Seat 6: belik555 ($288.28 in chips)
jiwa76: posts small blind $1
belik555: posts big blind $3
*** HOLE CARDS ***
jiwa76: raises $3 to $6
belik555: calls $3
*** FLOP *** [7c Ad Th]
belik555: checks
jiwa76: bets $3
belik555: calls $3
*** TURN *** [7c Ad Th] [7h]
belik555: checks
jiwa76: checks
*** RIVER *** [7c Ad Th 7h] [2d]
belik555: bets $6
jiwa76: calls $6
*** SHOW DOWN ***
belik555: shows [7s 3d] (three of a kind, Sevens)
jiwa76: mucks hand
belik555 collected $29.50 from pot
*** SUMMARY ***
Total pot $30 | Rake $0.50
Board [7c Ad Th 7h 2d]
Seat 1: jiwa76 (button) (small blind) mucked
Seat 6: belik555 (big blind) showed [7s 3d] and won ($29.50) with three of a kind, Sevens


PokerStars Hand #166012607126:  Hold'em Limit ($3/$6 USD) - 2017/02/10 18:38:03 ET
Table 'Scheddi II' 10-max Seat #6 is the button
Seat 1: jiwa76 ($184.17 in chips)
Seat 6: belik555 ($279.64 in chips)
belik555: posts small blind $1
jiwa76: posts big blind $3
*** HOLE CARDS ***
belik555: raises $3 to $6
jiwa76: calls $3
*** FLOP *** [Js 3d 7s]
jiwa76: checks
belik555: bets $3
jiwa76: calls $3
*** TURN *** [Js 3d 7s] [8c]
jiwa76: checks
belik555: checks
*** RIVER *** [Js 3d 7s 8c] [6c]
jiwa76: checks
belik555: checks
*** SHOW DOWN ***
jiwa76: shows [Qs Td] (high card Queen)
belik555: shows [Kh 9h] (high card King)
belik555 collected $17.64 from pot
*** SUMMARY ***
Total pot $18 | Rake $0.36
Board [Js 3d 7s 8c 6c]
Seat 1: jiwa76 (big blind) showed [Qs Td] and lost with high card Queen
Seat 6: belik555 (button) (small blind) showed [Kh 9h] and won ($17.64) with high card King


PokerStars Hand #166012670437:  Hold'em Limit ($3/$6 USD) - 2017/02/10 18:39:23 ET
Table 'Scheddi II' 10-max Seat #1 is the button
Seat 1: jiwa76 ($157.17 in chips)
Seat 6: belik555 ($305.78 in chips)
jiwa76: posts small blind $1
belik555: posts big blind $3
*** HOLE CARDS ***
jiwa76: raises $3 to $6
belik555: calls $3
*** FLOP *** [3s 3h 3d]
belik555: checks
jiwa76: checks
*** TURN *** [3s 3h 3d] [9h]
belik555: bets $6
jiwa76: raises $6 to $12
belik555: calls $6
*** RIVER *** [3s 3h 3d 9h] [Jd]
belik555: checks
jiwa76: bets $6
belik555: calls $6
*** SHOW DOWN ***
jiwa76: shows [Ts 9c] (a full house, Threes full of Nines)
belik555: shows [9s Qd] (a full house, Threes full of Nines)
belik555 collected $23.75 from pot
jiwa76 collected $23.75 from pot
*** SUMMARY ***
Total pot $48 | Rake $0.50
Board [3s 3h 3d 9h Jd]
Seat 1: jiwa76 (button) (small blind) showed [Ts 9c] and won ($23.75) with a full house, Threes full of Nines
Seat 6: belik555 (big blind) showed [9s Qd] and won ($23.75) with a full house, Threes full of Nines


PokerStars Hand #166012663893:  Hold'em Limit ($3/$6 USD) - 2017/02/10 18:39:15 ET
Table 'Scheddi II' 10-max Seat #6 is the button
Seat 1: jiwa76 ($160.17 in chips)
Seat 6: belik555 ($302.78 in chips)
belik555: posts small blind $1
jiwa76: posts big blind $3
*** HOLE CARDS ***
belik555: raises $3 to $6
jiwa76: folds
Uncalled bet ($3) returned to belik555
belik555 collected $6 from pot
belik555: doesn't show hand
*** SUMMARY ***
Total pot $6 | Rake $0
Seat 1: jiwa76 (big blind) folded before Flop
Seat 6: belik555 (button) (small blind) collected ($6)


PokerStars Hand #166012725176:  Hold'em Limit ($3/$6 USD) - 2017/02/10 18:40:33 ET
Table 'Scheddi II' 10-max Seat #1 is the button
Seat 1: jiwa76 ($180.42 in chips)
Seat 6: belik555 ($281.53 in chips)
jiwa76: posts small blind $1
belik555: posts big blind $3
*** HOLE CARDS ***
jiwa76: raises $3 to $6
belik555: calls $3
*** FLOP *** [8c Kc 2d]
belik555: checks
jiwa76: bets $3
belik555: calls $3
*** TURN *** [8c Kc 2d] [4d]
belik555: checks
jiwa76: bets $6
belik555: calls $6
*** RIVER *** [8c Kc 2d 4d] [Qs]
belik555: checks
jiwa76: checks
*** SHOW DOWN ***
belik555: shows [5d 8h] (a pair of Eights)
jiwa76: shows [8d 7d] (a pair of Eights - King+Queen+Seven kicker)
jiwa76 collected $29.50 from pot
*** SUMMARY ***
Total pot $30 | Rake $0.50
Board [8c Kc 2d 4d Qs]
Seat 1: jiwa76 (button) (small blind) showed [8d 7d] and won ($29.50) with a pair of Eights
Seat 6: belik555 (big blind) showed [5d 8h] and lost with a pair of Eights


PokerStars Hand #166012690345:  Hold'em Limit ($3/$6 USD) - 2017/02/10 18:39:49 ET
Table 'Scheddi II' 10-max Seat #6 is the button
Seat 1: jiwa76 ($156.92 in chips)
Seat 6: belik555 ($305.53 in chips)
belik555: posts small blind $1
jiwa76: posts big blind $3
*** HOLE CARDS ***
belik555: raises $3 to $6
jiwa76: raises $3 to $9
belik555: calls $3
*** FLOP *** [Qc Jd 5s]
jiwa76: bets $3
belik555: calls $3
*** TURN *** [Qc Jd 5s] [4s]
jiwa76: bets $6
belik555: calls $6
*** RIVER *** [Qc Jd 5s 4s] [7d]
jiwa76: bets $6
belik555: calls $6
*** SHOW DOWN ***
jiwa76: shows [Ad 9h] (high card Ace)
belik555: mucks hand
jiwa76 collected $47.50 from pot
*** SUMMARY ***
Total pot $48 | Rake $0.50
Board [Qc Jd 5s 4s 7d]
Seat 1: jiwa76 (big blind) showed [Ad 9h] and won ($47.50) with high card Ace
Seat 6: belik555 (button) (small blind) mucked


PokerStars Hand #166012804871:  Hold'em Limit ($3/$6 USD) - 2017/02/10 18:42:13 ET
Table 'Scheddi II' 10-max Seat #1 is the button
Seat 1: jiwa76 ($213.42 in chips)
Seat 6: belik555 ($247.53 in chips)
jiwa76: posts small blind $1
belik555: posts big blind $3
*** HOLE CARDS ***
jiwa76: folds
Uncalled bet ($2) returned to belik555
belik555 collected $2 from pot
belik555: doesn't show hand
*** SUMMARY ***
Total pot $2 | Rake $0
Seat 1: jiwa76 (button) (small blind) folded before Flop
Seat 6: belik555 (big blind) collected ($2)


PokerStars Hand #166012799162:  Hold'em Limit ($3/$6 USD) - 2017/02/10 18:42:06 ET
Table 'Scheddi II' 10-max Seat #6 is the button
Seat 1: jiwa76 ($216.42 in chips)
Seat 6: belik555 ($244.53 in chips)
belik555: posts small blind $1
jiwa76: posts big blind $3
*** HOLE CARDS ***
belik555: raises $3 to $6
jiwa76: folds
Uncalled bet ($3) returned to belik555
belik555 collected $6 from pot
belik555: doesn't show hand
*** SUMMARY ***
Total pot $6 | Rake $0
Seat 1: jiwa76 (big blind) folded before Flop
Seat 6: belik555 (button) (small blind) collected ($6)


PokerStars Hand #166012790737:  Hold'em Limit ($3/$6 USD) - 2017/02/10 18:41:55 ET
Table 'Scheddi II' 10-max Seat #1 is the button
Seat 1: jiwa76 ($213.42 in chips)
Seat 6: belik555 ($247.53 in chips)
jiwa76: posts small blind $1
belik555: posts big blind $3
*** HOLE CARDS ***
jiwa76: raises $3 to $6
belik555: folds
Uncalled bet ($3) returned to jiwa76
jiwa76 collected $6 from pot
jiwa76: doesn't show hand
*** SUMMARY ***
Total pot $6 | Rake $0
Seat 1: jiwa76 (button) (small blind) collected ($6)
Seat 6: belik555 (big blind) folded before Flop


PokerStars Hand #166012782369:  Hold'em Limit ($3/$6 USD) - 2017/02/10 18:41:45 ET
Table 'Scheddi II' 10-max Seat #6 is the button
Seat 1: jiwa76 ($212.42 in chips)
Seat 6: belik555 ($248.53 in chips)
belik555: posts small blind $1
jiwa76: posts big blind $3
*** HOLE CARDS ***
belik555: folds
Uncalled bet ($2) returned to jiwa76
jiwa76 collected $2 from pot
jiwa76: doesn't show hand
*** SUMMARY ***
Total pot $2 | Rake $0
Seat 1: jiwa76 (big blind) collected ($2)
Seat 6: belik555 (button) (small blind) folded before Flop


PokerStars Hand #166012774621:  Hold'em Limit ($3/$6 USD) - 2017/02/10 18:41:35 ET
Table 'Scheddi II' 10-max Seat #1 is the button
Seat 1: jiwa76 ($209.42 in chips)
Seat 6: belik555 ($251.53 in chips)
jiwa76: posts small blind $1
belik555: posts big blind $3
*** HOLE CARDS ***
jiwa76: raises $3 to $6
belik555: folds
Uncalled bet ($3) returned to jiwa76
jiwa76 collected $6 from pot
jiwa76: doesn't show hand
*** SUMMARY ***
Total pot $6 | Rake $0
Seat 1: jiwa76 (button) (small blind) collected ($6)
Seat 6: belik555 (big blind) folded before Flop


PokerStars Hand #166012752389:  Hold'em Limit ($3/$6 USD) - 2017/02/10 18:41:07 ET
Table 'Scheddi II' 10-max Seat #6 is the button
Seat 1: jiwa76 ($194.92 in chips)
Seat 6: belik555 ($266.53 in chips)
belik555: posts small blind $1
jiwa76: posts big blind $3
*** HOLE CARDS ***
belik555: raises $3 to $6
jiwa76: calls $3
*** FLOP *** [4c 2c 8h]
jiwa76: checks
belik555: bets $3
jiwa76: calls $3
*** TURN *** [4c 2c 8h] [Qc]
jiwa76: checks
belik555: checks
*** RIVER *** [4c 2c 8h Qc] [5s]
jiwa76: checks
belik555: bets $6
jiwa76: calls $6
*** SHOW DOWN ***
belik555: shows [Kd 9c] (high card King)
jiwa76: shows [Kc Ts] (high card King - Queen+Ten kicker)
jiwa76 collected $29.50 from pot
*** SUMMARY ***
Total pot $30 | Rake $0.50
Board [4c 2c 8h Qc 5s]
Seat 1: jiwa76 (big blind) showed [Kc Ts] and won ($29.50) with high card King
Seat 6: belik555 (button) (small blind) showed [Kd 9c] and lost with high card King


PokerStars Hand #166012829929:  Hold'em Limit ($3/$6 USD) - 2017/02/10 18:42:45 ET
Table 'Scheddi II' 10-max Seat #6 is the button
Seat 1: jiwa76 ($218.06 in chips)
Seat 6: belik555 ($242.53 in chips)
belik555: posts small blind $1
jiwa76: posts big blind $3
*** HOLE CARDS ***
belik555: raises $3 to $6
jiwa76: folds
Uncalled bet ($3) returned to belik555
belik555 collected $6 from pot
belik555: doesn't show hand
*** SUMMARY ***
Total pot $6 | Rake $0
Seat 1: jiwa76 (big blind) folded before Flop
Seat 6: belik555 (button) (small blind) collected ($6)


PokerStars Hand #166012816169:  Hold'em Limit ($3/$6 USD) - 2017/02/10 18:42:28 ET
Table 'Scheddi II' 10-max Seat #1 is the button
Seat 1: jiwa76 ($209.42 in chips)
Seat 6: belik555 ($251.53 in chips)
jiwa76: posts small blind $1
belik555: posts big blind $3
*** HOLE CARDS ***
jiwa76: raises $3 to $6
belik555: calls $3
*** FLOP *** [7s Kh 8s]
belik555: checks
jiwa76: bets $3
belik555: calls $3
*** TURN *** [7s Kh 8s] [Jd]
belik555: checks
jiwa76: checks
*** RIVER *** [7s Kh 8s Jd] [Ah]
belik555: checks
jiwa76: checks
*** SHOW DOWN ***
belik555: shows [4h 7h] (a pair of Sevens)
jiwa76: shows [8h Qh] (a pair of Eights)
jiwa76 collected $17.64 from pot
*** SUMMARY ***
Total pot $18 | Rake $0.36
Board [7s Kh 8s Jd Ah]
Seat 1: jiwa76 (button) (small blind) showed [8h Qh] and won ($17.64) with a pair of Eights
Seat 6: belik555 (big blind) showed [4h 7h] and lost with a pair of Sevens


PokerStars Hand #166012808902:  Hold'em Limit ($3/$6 USD) - 2017/02/10 18:42:18 ET
Table 'Scheddi II' 10-max Seat #6 is the button
Seat 1: jiwa76 ($212.42 in chips)
Seat 6: belik555 ($248.53 in chips)
belik555: posts small blind $1
jiwa76: posts big blind $3
*** HOLE CARDS ***
belik555: raises $3 to $6
jiwa76: folds
Uncalled bet ($3) returned to belik555
belik555 collected $6 from pot
belik555: doesn't show hand
*** SUMMARY ***
Total pot $6 | Rake $0
Seat 1: jiwa76 (big blind) folded before Flop
Seat 6: belik555 (button) (small blind) collected ($6)


PokerStars Hand #166012881397:  Hold'em Limit ($3/$6 USD) - 2017/02/10 18:43:50 ET
Table 'Scheddi II' 10-max Seat #6 is the button
Seat 1: jiwa76 ($205.56 in chips)
Seat 6: belik555 ($254.03 in chips)
belik555: posts small blind $1
jiwa76: posts big blind $3
*** HOLE CARDS ***
belik555: raises $3 to $6
jiwa76: folds
Uncalled bet ($3) returned to belik555
belik555 collected $6 from pot
belik555: doesn't show hand
*** SUMMARY ***
Total pot $6 | Rake $0
Seat 1: jiwa76 (big blind) folded before Flop
Seat 6: belik555 (button) (small blind) collected ($6)


PokerStars Hand #166012862292:  Hold'em Limit ($3/$6 USD) - 2017/02/10 18:43:26 ET
Table 'Scheddi II' 10-max Seat #1 is the button
Seat 1: jiwa76 ($226.56 in chips)
Seat 6: belik555 ($233.53 in chips)
jiwa76: posts small blind $1
belik555: posts big blind $3
*** HOLE CARDS ***
jiwa76: raises $3 to $6
belik555: calls $3
*** FLOP *** [9d 3h Ks]
belik555: checks
jiwa76: bets $3
belik555: calls $3
*** TURN *** [9d 3h Ks] [5h]
belik555: checks
jiwa76: bets $6
belik555: calls $6
*** RIVER *** [9d 3h Ks 5h] [3c]
belik555: bets $6
jiwa76: calls $6
*** SHOW DOWN ***
belik555: shows [Kh Js] (two pair, Kings and Threes)
jiwa76: mucks hand
belik555 collected $41.50 from pot
*** SUMMARY ***
Total pot $42 | Rake $0.50
Board [9d 3h Ks 5h 3c]
Seat 1: jiwa76 (button) (small blind) mucked
Seat 6: belik555 (big blind) showed [Kh Js] and won ($41.50) with two pair, Kings and Threes


PokerStars Hand #166012856846:  Hold'em Limit ($3/$6 USD) - 2017/02/10 18:43:19 ET
Table 'Scheddi II' 10-max Seat #6 is the button
Seat 1: jiwa76 ($229.56 in chips)
Seat 6: belik555 ($230.53 in chips)
belik555: posts small blind $1
jiwa76: posts big blind $3
*** HOLE CARDS ***
belik555: raises $3 to $6
jiwa76: folds
Uncalled bet ($3) returned to belik555
belik555 collected $6 from pot
belik555: doesn't show hand
*** SUMMARY ***
Total pot $6 | Rake $0
Seat 1: jiwa76 (big blind) folded before Flop
Seat 6: belik555 (button) (small blind) collected ($6)


PokerStars Hand #166012841945:  Hold'em Limit ($3/$6 USD) - 2017/02/10 18:43:00 ET
Table 'Scheddi II' 10-max Seat #1 is the button
Seat 1: jiwa76 ($215.06 in chips)
Seat 6: belik555 ($245.53 in chips)
jiwa76: posts small blind $1
belik555: posts big blind $3
*** HOLE CARDS ***
jiwa76: raises $3 to $6
belik555: calls $3
*** FLOP *** [Qh As 5s]
belik555: checks
jiwa76: bets $3
belik555: calls $3
*** TURN *** [Qh As 5s] [Jh]
belik555: checks
jiwa76: checks
*** RIVER *** [Qh As 5s Jh] [Td]
belik555: checks
jiwa76: bets $6
belik555: calls $6
*** SHOW DOWN ***
jiwa76: shows [9c Kh] (a straight, Ten to Ace)
belik555: mucks hand
jiwa76 collected $29.50 from pot
*** SUMMARY ***
Total pot $30 | Rake $0.50
Board [Qh As 5s Jh Td]
Seat 1: jiwa76 (button) (small blind) showed [9c Kh] and won ($29.50) with a straight, Ten to Ace
Seat 6: belik555 (big blind) mucked


PokerStars Hand #166012914597:  Hold'em Limit ($3/$6 USD) - 2017/02/10 18:44:32 ET
Table 'Scheddi II' 10-max Seat #1 is the button
Seat 1: jiwa76 ($205.32 in chips)
Seat 6: belik555 ($254.03 in chips)
jiwa76: posts small blind $1
belik555: posts big blind $3
*** HOLE CARDS ***
jiwa76: raises $3 to $6
belik555: raises $3 to $9
jiwa76: calls $3
*** FLOP *** [7d 5c 8d]
belik555: checks
jiwa76: checks
*** TURN *** [7d 5c 8d] [Kd]
belik555: checks
jiwa76: checks
*** RIVER *** [7d 5c 8d Kd] [Qh]
belik555: bets $6
jiwa76: calls $6
*** SHOW DOWN ***
belik555: shows [Jh Qc] (a pair of Queens)
jiwa76: mucks hand
belik555 collected $29.50 from pot
*** SUMMARY ***
Total pot $30 | Rake $0.50
Board [7d 5c 8d Kd Qh]
Seat 1: jiwa76 (button) (small blind) mucked
Seat 6: belik555 (big blind) showed [Jh Qc] and won ($29.50) with a pair of Queens


PokerStars Hand #166012904140:  Hold'em Limit ($3/$6 USD) - 2017/02/10 18:44:19 ET
Table 'Scheddi II' 10-max Seat #6 is the button
Seat 1: jiwa76 ($208.32 in chips)
Seat 6: belik555 ($251.03 in chips)
belik555: posts small blind $1
jiwa76: posts big blind $3
*** HOLE CARDS ***
belik555: raises $3 to $6
jiwa76: folds
Uncalled bet ($3) returned to belik555
belik555 collected $6 from pot
belik555: doesn't show hand
*** SUMMARY ***
Total pot $6 | Rake $0
Seat 1: jiwa76 (big blind) folded before Flop
Seat 6: belik555 (button) (small blind) collected ($6)


PokerStars Hand #166012892256:  Hold'em Limit ($3/$6 USD) - 2017/02/10 18:44:04 ET
Table 'Scheddi II' 10-max Seat #1 is the button
Seat 1: jiwa76 ($202.56 in chips)
Seat 6: belik555 ($257.03 in chips)
jiwa76: posts small blind $1
belik555: posts big blind $3
*** HOLE CARDS ***
jiwa76: raises $3 to $6
belik555: calls $3
*** FLOP *** [As 8d 7h]
belik555: checks
jiwa76: checks
*** TURN *** [As 8d 7h] [8h]
belik555: checks
jiwa76: checks
*** RIVER *** [As 8d 7h 8h] [Qs]
belik555: checks
jiwa76: checks
*** SHOW DOWN ***
belik555: shows [6s 3h] (a pair of Eights)
jiwa76: shows [Jd 4d] (a pair of Eights - Ace+Queen+Jack kicker)
jiwa76 collected $11.76 from pot
*** SUMMARY ***
Total pot $12 | Rake $0.24
Board [As 8d 7h 8h Qs]
Seat 1: jiwa76 (button) (small blind) showed [Jd 4d] and won ($11.76) with a pair of Eights
Seat 6: belik555 (big blind) showed [6s 3h] and lost with a pair of Eights


PokerStars Hand #166012980809:  Hold'em Limit ($3/$6 USD) - 2017/02/10 18:45:57 ET
Table 'Scheddi II' 10-max Seat #1 is the button
Seat 1: jiwa76 ($194.96 in chips)
Seat 6: belik555 ($263.53 in chips)
jiwa76: posts small blind $1
belik555: posts big blind $3
*** HOLE CARDS ***
jiwa76: raises $3 to $6
belik555: calls $3
*** FLOP *** [4d Ks 9s]
belik555: checks
jiwa76: checks
*** TURN *** [4d Ks 9s] [7d]
belik555: bets $6
jiwa76: folds
Uncalled bet ($6) returned to belik555
belik555 collected $11.76 from pot
belik555: doesn't show hand
*** SUMMARY ***
Total pot $12 | Rake $0.24
Board [4d Ks 9s 7d]
Seat 1: jiwa76 (button) (small blind) folded on the Turn
Seat 6: belik555 (big blind) collected ($11.76)


PokerStars Hand #166012973147:  Hold'em Limit ($3/$6 USD) - 2017/02/10 18:45:47 ET
Table 'Scheddi II' 10-max Seat #6 is the button
Seat 1: jiwa76 ($197.96 in chips)
Seat 6: belik555 ($260.53 in chips)
belik555: posts small blind $1
jiwa76: posts big blind $3
*** HOLE CARDS ***
belik555: raises $3 to $6
jiwa76: folds
Uncalled bet ($3) returned to belik555
belik555 collected $6 from pot
belik555: doesn't show hand
*** SUMMARY ***
Total pot $6 | Rake $0
Seat 1: jiwa76 (big blind) folded before Flop
Seat 6: belik555 (button) (small blind) collected ($6)


PokerStars Hand #166012967644:  Hold'em Limit ($3/$6 USD) - 2017/02/10 18:45:40 ET
Table 'Scheddi II' 10-max Seat #1 is the button
Seat 1: jiwa76 ($198.96 in chips)
Seat 6: belik555 ($259.53 in chips)
jiwa76: posts small blind $1
belik555: posts big blind $3
*** HOLE CARDS ***
jiwa76: folds
Uncalled bet ($2) returned to belik555
belik555 collected $2 from pot
belik555: doesn't show hand
*** SUMMARY ***
Total pot $2 | Rake $0
Seat 1: jiwa76 (button) (small blind) folded before Flop
Seat 6: belik555 (big blind) collected ($2)


PokerStars Hand #166012942808:  Hold'em Limit ($3/$6 USD) - 2017/02/10 18:45:09 ET
Table 'Scheddi II' 10-max Seat #6 is the button
Seat 1: jiwa76 ($190.32 in chips)
Seat 6: belik555 ($268.53 in chips)
belik555: posts small blind $1
jiwa76: posts big blind $3
*** HOLE CARDS ***
belik555: raises $3 to $6
jiwa76: calls $3
*** FLOP *** [5s 6c 8s]
jiwa76: checks
belik555: bets $3
jiwa76: raises $3 to $6
belik555: folds
Uncalled bet ($3) returned to jiwa76
jiwa76 collected $17.64 from pot
jiwa76: doesn't show hand
*** SUMMARY ***
Total pot $18 | Rake $0.36
Board [5s 6c 8s]
Seat 1: jiwa76 (big blind) collected ($17.64)
Seat 6: belik555 (button) (small blind) folded on the Flop


PokerStars Hand #166013002488:  Hold'em Limit ($3/$6 USD) - 2017/02/10 18:46:25 ET
Table 'Scheddi II' 10-max Seat #1 is the button
Seat 1: jiwa76 ($185.96 in chips)
Seat 6: belik555 ($272.29 in chips)
jiwa76: posts small blind $1
belik555: posts big blind $3
*** HOLE CARDS ***
jiwa76: calls $2
belik555: checks
*** FLOP *** [Ac 2h Ah]
belik555: bets $3
jiwa76: calls $3
*** TURN *** [Ac 2h Ah] [Td]
belik555: checks
jiwa76: bets $6
belik555: folds
Uncalled bet ($6) returned to jiwa76
jiwa76 collected $11.76 from pot
jiwa76: doesn't show hand
*** SUMMARY ***
Total pot $12 | Rake $0.24
Board [Ac 2h Ah Td]
Seat 1: jiwa76 (button) (small blind) collected ($11.76)
Seat 6: belik555 (big blind) folded on the Turn


PokerStars Hand #166012996401:  Hold'em Limit ($3/$6 USD) - 2017/02/10 18:46:17 ET
Table 'Scheddi II' 10-max Seat #6 is the button
Seat 1: jiwa76 ($188.96 in chips)
Seat 6: belik555 ($269.29 in chips)
belik555: posts small blind $1
jiwa76: posts big blind $3
*** HOLE CARDS ***
belik555: raises $3 to $6
jiwa76: folds
Uncalled bet ($3) returned to belik555
belik555 collected $6 from pot
belik555: doesn't show hand
*** SUMMARY ***
Total pot $6 | Rake $0
Seat 1: jiwa76 (big blind) folded before Flop
Seat 6: belik555 (button) (small blind) collected ($6)


PokerStars Hand #166013034634:  Hold'em Limit ($3/$6 USD) - 2017/02/10 18:47:06 ET
Table 'Scheddi II' 10-max Seat #6 is the button
Seat 1: jiwa76 ($191.72 in chips)
Seat 6: belik555 ($266.29 in chips)
belik555: posts small blind $1
jiwa76: posts big blind $3
*** HOLE CARDS ***
belik555: raises $3 to $6
jiwa76: raises $3 to $9
belik555 is disconnected
belik555 has timed out while disconnected
belik555: folds
Uncalled bet ($3) returned to jiwa76
jiwa76 collected $12 from pot
jiwa76: doesn't show hand
*** SUMMARY ***
Total pot $12 | Rake $0
Seat 1: jiwa76 (big blind) collected ($12)
Seat 6: belik555 (button) (small blind) folded before Flop


PokerStars Hand #166013172103:  Hold'em Limit ($3/$6 USD) - 2017/02/10 18:50:03 ET
Table 'Scheddi II' 10-max Seat #1 is the button
Seat 1: jiwa76 ($197.72 in chips)
Seat 6: belik555 ($260.29 in chips)
jiwa76: posts small blind $1
belik555: posts big blind $3
*** HOLE CARDS ***
jiwa76: raises $3 to $6
belik555: calls $3
*** FLOP *** [9s Kh Qh]
belik555: checks
jiwa76: bets $3
belik555: folds
Uncalled bet ($3) returned to jiwa76
jiwa76 collected $11.76 from pot
jiwa76: doesn't show hand
*** SUMMARY ***
Total pot $12 | Rake $0.24
Board [9s Kh Qh]
Seat 1: jiwa76 (button) (small blind) collected ($11.76)
Seat 6: belik555 (big blind) folded on the Flop


PokerStars Hand #166013190188:  Hold'em Limit ($3/$6 USD) - 2017/02/10 18:50:27 ET
Table 'Scheddi II' 10-max Seat #6 is the button
Seat 1: jiwa76 ($203.48 in chips)
Seat 6: belik555 ($254.29 in chips)
belik555: posts small blind $1
jiwa76: posts big blind $3
*** HOLE CARDS ***
belik555: raises $3 to $6
jiwa76: folds
Uncalled bet ($3) returned to belik555
belik555 collected $6 from pot
belik555: doesn't show hand
*** SUMMARY ***
Total pot $6 | Rake $0
Seat 1: jiwa76 (big blind) folded before Flop
Seat 6: belik555 (button) (small blind) collected ($6)


PokerStars Hand #166013198284:  Hold'em Limit ($3/$6 USD) - 2017/02/10 18:50:37 ET
Table 'Scheddi II' 10-max Seat #1 is the button
Seat 1: jiwa76 ($200.48 in chips)
Seat 6: belik555 ($257.29 in chips)
jiwa76: posts small blind $1
belik555: posts big blind $3
*** HOLE CARDS ***
jiwa76: raises $3 to $6
belik555: folds
Uncalled bet ($3) returned to jiwa76
jiwa76 collected $6 from pot
jiwa76: doesn't show hand
*** SUMMARY ***
Total pot $6 | Rake $0
Seat 1: jiwa76 (button) (small blind) collected ($6)
Seat 6: belik555 (big blind) folded before Flop


PokerStars Hand #166013204056:  Hold'em Limit ($3/$6 USD) - 2017/02/10 18:50:45 ET
Table 'Scheddi II' 10-max Seat #6 is the button
Seat 1: jiwa76 ($203.48 in chips)
Seat 6: belik555 ($254.29 in chips)
belik555: posts small blind $1
jiwa76: posts big blind $3
*** HOLE CARDS ***
belik555: raises $3 to $6
jiwa76: folds
Uncalled bet ($3) returned to belik555
belik555 collected $6 from pot
belik555: doesn't show hand
*** SUMMARY ***
Total pot $6 | Rake $0
Seat 1: jiwa76 (big blind) folded before Flop
Seat 6: belik555 (button) (small blind) collected ($6)


PokerStars Hand #166013215600:  Hold'em Limit ($3/$6 USD) - 2017/02/10 18:51:00 ET
Table 'Scheddi II' 10-max Seat #1 is the button
Seat 1: jiwa76 ($200.48 in chips)
Seat 6: belik555 ($257.29 in chips)
jiwa76: posts small blind $1
belik555: posts big blind $3
*** HOLE CARDS ***
jiwa76: raises $3 to $6
belik555: calls $3
*** FLOP *** [8d Ts 9d]
belik555: checks
jiwa76: bets $3
belik555: folds
Uncalled bet ($3) returned to jiwa76
jiwa76 collected $11.76 from pot
jiwa76: doesn't show hand
*** SUMMARY ***
Total pot $12 | Rake $0.24
Board [8d Ts 9d]
Seat 1: jiwa76 (button) (small blind) collected ($11.76)
Seat 6: belik555 (big blind) folded on the Flop


PokerStars Hand #166013228464:  Hold'em Limit ($3/$6 USD) - 2017/02/10 18:51:16 ET
Table 'Scheddi II' 10-max Seat #6 is the button
Seat 1: jiwa76 ($206.24 in chips)
Seat 6: belik555 ($251.29 in chips)
belik555: posts small blind $1
jiwa76: posts big blind $3
*** HOLE CARDS ***
belik555: raises $3 to $6
jiwa76: calls $3
*** FLOP *** [6h 4c 2h]
jiwa76: checks
belik555: bets $3
jiwa76: folds
Uncalled bet ($3) returned to belik555
belik555 collected $11.76 from pot
belik555: doesn't show hand
*** SUMMARY ***
Total pot $12 | Rake $0.24
Board [6h 4c 2h]
Seat 1: jiwa76 (big blind) folded on the Flop
Seat 6: belik555 (button) (small blind) collected ($11.76)


PokerStars Hand #166013241922:  Hold'em Limit ($3/$6 USD) - 2017/02/10 18:51:34 ET
Table 'Scheddi II' 10-max Seat #1 is the button
Seat 1: jiwa76 ($200.24 in chips)
Seat 6: belik555 ($257.05 in chips)
jiwa76: posts small blind $1
belik555: posts big blind $3
*** HOLE CARDS ***
jiwa76: raises $3 to $6
belik555: calls $3
*** FLOP *** [Ac 9s Ts]
belik555: checks
jiwa76: bets $3
belik555: raises $3 to $6
jiwa76: folds
Uncalled bet ($3) returned to belik555
belik555 collected $17.64 from pot
belik555: doesn't show hand
*** SUMMARY ***
Total pot $18 | Rake $0.36
Board [Ac 9s Ts]
Seat 1: jiwa76 (button) (small blind) folded on the Flop
Seat 6: belik555 (big blind) collected ($17.64)


PokerStars Hand #166013258240:  Hold'em Limit ($3/$6 USD) - 2017/02/10 18:51:55 ET
Table 'Scheddi II' 10-max Seat #6 is the button
Seat 1: jiwa76 ($191.24 in chips)
Seat 6: belik555 ($265.69 in chips)
belik555: posts small blind $1
jiwa76: posts big blind $3
*** HOLE CARDS ***
belik555: raises $3 to $6
jiwa76: folds
Uncalled bet ($3) returned to belik555
belik555 collected $6 from pot
belik555: doesn't show hand
*** SUMMARY ***
Total pot $6 | Rake $0
Seat 1: jiwa76 (big blind) folded before Flop
Seat 6: belik555 (button) (small blind) collected ($6)


PokerStars Hand #166013265166:  Hold'em Limit ($3/$6 USD) - 2017/02/10 18:52:04 ET
Table 'Scheddi II' 10-max Seat #1 is the button
Seat 1: jiwa76 ($188.24 in chips)
Seat 6: belik555 ($268.69 in chips)
jiwa76: posts small blind $1
belik555: posts big blind $3
*** HOLE CARDS ***
jiwa76: raises $3 to $6
belik555: calls $3
*** FLOP *** [4c Td 3h]
belik555: checks
jiwa76: bets $3
belik555: raises $3 to $6
jiwa76: calls $3
*** TURN *** [4c Td 3h] [Ac]
belik555: bets $6
jiwa76: folds
Uncalled bet ($6) returned to belik555
belik555 collected $23.52 from pot
belik555: doesn't show hand
*** SUMMARY ***
Total pot $24 | Rake $0.48
Board [4c Td 3h Ac]
Seat 1: jiwa76 (button) (small blind) folded on the Turn
Seat 6: belik555 (big blind) collected ($23.52)


PokerStars Hand #166013281587:  Hold'em Limit ($3/$6 USD) - 2017/02/10 18:52:26 ET
Table 'Scheddi II' 10-max Seat #6 is the button
Seat 1: jiwa76 ($176.24 in chips)
Seat 6: belik555 ($280.21 in chips)
belik555: posts small blind $1
jiwa76: posts big blind $3
*** HOLE CARDS ***
belik555: raises $3 to $6
jiwa76: raises $3 to $9
belik555: calls $3
*** FLOP *** [8c 3d As]
jiwa76: bets $3
belik555: raises $3 to $6
jiwa76: raises $3 to $9
belik555: folds
Uncalled bet ($3) returned to jiwa76
jiwa76 collected $29.50 from pot
jiwa76: doesn't show hand
*** SUMMARY ***
Total pot $30 | Rake $0.50
Board [8c 3d As]
Seat 1: jiwa76 (big blind) collected ($29.50)
Seat 6: belik555 (button) (small blind) folded on the Flop


PokerStars Hand #166013298458:  Hold'em Limit ($3/$6 USD) - 2017/02/10 18:52:48 ET
Table 'Scheddi II' 10-max Seat #1 is the button
Seat 1: jiwa76 ($190.74 in chips)
Seat 6: belik555 ($265.21 in chips)
jiwa76: posts small blind $1
belik555: posts big blind $3
*** HOLE CARDS ***
jiwa76: raises $3 to $6
belik555: calls $3
*** FLOP *** [5c Kc 6s]
belik555: checks
jiwa76: checks
*** TURN *** [5c Kc 6s] [9c]
belik555: bets $6
jiwa76: calls $6
*** RIVER *** [5c Kc 6s 9c] [8h]
belik555: bets $6
jiwa76: raises $6 to $12
belik555: folds
Uncalled bet ($6) returned to jiwa76
jiwa76 collected $35.50 from pot
jiwa76: doesn't show hand
*** SUMMARY ***
Total pot $36 | Rake $0.50
Board [5c Kc 6s 9c 8h]
Seat 1: jiwa76 (button) (small blind) collected ($35.50)
Seat 6: belik555 (big blind) folded on the River


PokerStars Hand #166013324521:  Hold'em Limit ($3/$6 USD) - 2017/02/10 18:53:22 ET
Table 'Scheddi II' 10-max Seat #6 is the button
Seat 1: jiwa76 ($208.24 in chips)
Seat 6: belik555 ($247.21 in chips)
belik555: posts small blind $1
jiwa76: posts big blind $3
*** HOLE CARDS ***
belik555: raises $3 to $6
jiwa76: folds
Uncalled bet ($3) returned to belik555
belik555 collected $6 from pot
belik555: doesn't show hand
*** SUMMARY ***
Total pot $6 | Rake $0
Seat 1: jiwa76 (big blind) folded before Flop
Seat 6: belik555 (button) (small blind) collected ($6)


PokerStars Hand #166013331817:  Hold'em Limit ($3/$6 USD) - 2017/02/10 18:53:31 ET
Table 'Scheddi II' 10-max Seat #1 is the button
Seat 1: jiwa76 ($205.24 in chips)
Seat 6: belik555 ($250.21 in chips)
jiwa76: posts small blind $1
belik555: posts big blind $3
*** HOLE CARDS ***
jiwa76: raises $3 to $6
belik555: calls $3
*** FLOP *** [6s 4s Jh]
belik555: checks
jiwa76: checks
*** TURN *** [6s 4s Jh] [Js]
belik555: bets $6
jiwa76: calls $6
*** RIVER *** [6s 4s Jh Js] [3h]
belik555: bets $6
jiwa76: raises $6 to $12
belik555: calls $6
*** SHOW DOWN ***
jiwa76: shows [8c 5c] (a pair of Jacks)
belik555: shows [Kd 4h] (two pair, Jacks and Fours)
belik555 collected $47.50 from pot
*** SUMMARY ***
Total pot $48 | Rake $0.50
Board [6s 4s Jh Js 3h]
Seat 1: jiwa76 (button) (small blind) showed [8c 5c] and lost with a pair of Jacks
Seat 6: belik555 (big blind) showed [Kd 4h] and won ($47.50) with two pair, Jacks and Fours


PokerStars Hand #166013352220:  Hold'em Limit ($3/$6 USD) - 2017/02/10 18:53:58 ET
Table 'Scheddi II' 10-max Seat #6 is the button
Seat 1: jiwa76 ($181.24 in chips)
Seat 6: belik555 ($273.71 in chips)
belik555: posts small blind $1
jiwa76: posts big blind $3
*** HOLE CARDS ***
belik555: raises $3 to $6
jiwa76: folds
Uncalled bet ($3) returned to belik555
belik555 collected $6 from pot
belik555: doesn't show hand
*** SUMMARY ***
Total pot $6 | Rake $0
Seat 1: jiwa76 (big blind) folded before Flop
Seat 6: belik555 (button) (small blind) collected ($6)


PokerStars Hand #166013361572:  Hold'em Limit ($3/$6 USD) - 2017/02/10 18:54:10 ET
Table 'Scheddi II' 10-max Seat #1 is the button
Seat 1: jiwa76 ($178.24 in chips)
Seat 6: belik555 ($276.71 in chips)
jiwa76: posts small blind $1
belik555: posts big blind $3
*** HOLE CARDS ***
jiwa76: raises $3 to $6
belik555: calls $3
*** FLOP *** [5s Ac 5c]
belik555: checks
jiwa76: bets $3
belik555: folds
Uncalled bet ($3) returned to jiwa76
jiwa76 collected $11.76 from pot
jiwa76: doesn't show hand
*** SUMMARY ***
Total pot $12 | Rake $0.24
Board [5s Ac 5c]
Seat 1: jiwa76 (button) (small blind) collected ($11.76)
Seat 6: belik555 (big blind) folded on the Flop


PokerStars Hand #166013381767:  Hold'em Limit ($3/$6 USD) - 2017/02/10 18:54:36 ET
Table 'Scheddi II' 10-max Seat #6 is the button
Seat 1: jiwa76 ($184 in chips)
Seat 6: belik555 ($270.71 in chips)
belik555: posts small blind $1
jiwa76: posts big blind $3
*** HOLE CARDS ***
belik555: folds
Uncalled bet ($2) returned to jiwa76
jiwa76 collected $2 from pot
jiwa76: doesn't show hand
*** SUMMARY ***
Total pot $2 | Rake $0
Seat 1: jiwa76 (big blind) collected ($2)
Seat 6: belik555 (button) (small blind) folded before Flop


PokerStars Hand #166013395083:  Hold'em Limit ($3/$6 USD) - 2017/02/10 18:54:54 ET
Table 'Scheddi II' 10-max Seat #1 is the button
Seat 1: jiwa76 ($185 in chips)
Seat 6: belik555 ($269.71 in chips)
jiwa76: posts small blind $1
belik555: posts big blind $3
*** HOLE CARDS ***
jiwa76: raises $3 to $6
belik555: raises $3 to $9
jiwa76: calls $3
*** FLOP *** [5d Jd 2d]
belik555: bets $3
jiwa76: calls $3
*** TURN *** [5d Jd 2d] [9s]
belik555: bets $6
jiwa76: raises $6 to $12
belik555: calls $6
*** RIVER *** [5d Jd 2d 9s] [Qs]
belik555: checks
jiwa76: bets $6
belik555: calls $6
*** SHOW DOWN ***
jiwa76: shows [9d Qc] (two pair, Queens and Nines)
belik555: mucks hand
jiwa76 collected $59.50 from pot
*** SUMMARY ***
Total pot $60 | Rake $0.50
Board [5d Jd 2d 9s Qs]
Seat 1: jiwa76 (button) (small blind) showed [9d Qc] and won ($59.50) with two pair, Queens and Nines
Seat 6: belik555 (big blind) mucked


PokerStars Hand #166013433010:  Hold'em Limit ($3/$6 USD) - 2017/02/10 18:55:50 ET
Table 'Scheddi II' 10-max Seat #6 is the button
Seat 1: jiwa76 ($214.50 in chips)
Seat 6: belik555 ($239.71 in chips)
belik555: posts small blind $1
jiwa76: posts big blind $3
*** HOLE CARDS ***
belik555: raises $3 to $6
jiwa76: calls $3
*** FLOP *** [9d Kd Qs]
jiwa76: checks
belik555: bets $3
jiwa76: folds
Uncalled bet ($3) returned to belik555
belik555 collected $11.76 from pot
belik555: doesn't show hand
*** SUMMARY ***
Total pot $12 | Rake $0.24
Board [9d Kd Qs]
Seat 1: jiwa76 (big blind) folded on the Flop
Seat 6: belik555 (button) (small blind) collected ($11.76)


PokerStars Hand #166013439704:  Hold'em Limit ($3/$6 USD) - 2017/02/10 18:56:00 ET
Table 'Scheddi II' 10-max Seat #1 is the button
Seat 1: jiwa76 ($208.50 in chips)
Seat 6: belik555 ($245.47 in chips)
jiwa76: posts small blind $1
belik555: posts big blind $3
*** HOLE CARDS ***
jiwa76: raises $3 to $6
belik555: raises $3 to $9
jiwa76: raises $3 to $12
Betting is capped
belik555: calls $3
*** FLOP *** [Ac 5s 9h]
belik555: checks
jiwa76: bets $3
belik555: folds
Uncalled bet ($3) returned to jiwa76
jiwa76 collected $23.52 from pot
jiwa76: doesn't show hand
*** SUMMARY ***
Total pot $24 | Rake $0.48
Board [Ac 5s 9h]
Seat 1: jiwa76 (button) (small blind) collected ($23.52)
Seat 6: belik555 (big blind) folded on the Flop


PokerStars Hand #166013449675:  Hold'em Limit ($3/$6 USD) - 2017/02/10 18:56:16 ET
Table 'Scheddi II' 10-max Seat #6 is the button
Seat 1: jiwa76 ($220.02 in chips)
Seat 6: belik555 ($233.47 in chips)
belik555: posts small blind $1
jiwa76: posts big blind $3
*** HOLE CARDS ***
belik555: raises $3 to $6
jiwa76: folds
Uncalled bet ($3) returned to belik555
belik555 collected $6 from pot
belik555: doesn't show hand
*** SUMMARY ***
Total pot $6 | Rake $0
Seat 1: jiwa76 (big blind) folded before Flop
Seat 6: belik555 (button) (small blind) collected ($6)


PokerStars Hand #166013472697:  Hold'em Limit ($3/$6 USD) - 2017/02/10 18:56:52 ET
Table 'Scheddi II' 10-max Seat #6 is the button
Seat 1: jiwa76 ($199.02 in chips)
Seat 6: belik555 ($253.97 in chips)
belik555: posts small blind $1
jiwa76: posts big blind $3
*** HOLE CARDS ***
belik555: raises $3 to $6
jiwa76: folds
Uncalled bet ($3) returned to belik555
belik555 collected $6 from pot
belik555: doesn't show hand
*** SUMMARY ***
Total pot $6 | Rake $0
Seat 1: jiwa76 (big blind) folded before Flop
Seat 6: belik555 (button) (small blind) collected ($6)


PokerStars Hand #166013453411:  Hold'em Limit ($3/$6 USD) - 2017/02/10 18:56:22 ET
Table 'Scheddi II' 10-max Seat #1 is the button
Seat 1: jiwa76 ($217.02 in chips)
Seat 6: belik555 ($236.47 in chips)
jiwa76: posts small blind $1
belik555: posts big blind $3
*** HOLE CARDS ***
jiwa76: raises $3 to $6
belik555: calls $3
*** FLOP *** [4h Jd Ts]
belik555: checks
jiwa76: checks
*** TURN *** [4h Jd Ts] [7s]
belik555: bets $6
jiwa76: calls $6
*** RIVER *** [4h Jd Ts 7s] [Jh]
belik555: bets $6
jiwa76: calls $6
*** SHOW DOWN ***
belik555: shows [8h Tc] (two pair, Jacks and Tens)
jiwa76: mucks hand
belik555 collected $35.50 from pot
*** SUMMARY ***
Total pot $36 | Rake $0.50
Board [4h Jd Ts 7s Jh]
Seat 1: jiwa76 (button) (small blind) mucked
Seat 6: belik555 (big blind) showed [8h Tc] and won ($35.50) with two pair, Jacks and Tens


PokerStars Hand #166013499818:  Hold'em Limit ($3/$6 USD) - 2017/02/10 18:57:33 ET
Table 'Scheddi II' 10-max Seat #6 is the button
Seat 1: jiwa76 ($234.52 in chips)
Seat 6: belik555 ($217.97 in chips)
belik555: posts small blind $1
jiwa76: posts big blind $3
*** HOLE CARDS ***
belik555: raises $3 to $6
jiwa76: folds
Uncalled bet ($3) returned to belik555
belik555 collected $6 from pot
belik555: doesn't show hand
*** SUMMARY ***
Total pot $6 | Rake $0
Seat 1: jiwa76 (big blind) folded before Flop
Seat 6: belik555 (button) (small blind) collected ($6)


PokerStars Hand #166013477126:  Hold'em Limit ($3/$6 USD) - 2017/02/10 18:56:58 ET
Table 'Scheddi II' 10-max Seat #1 is the button
Seat 1: jiwa76 ($196.02 in chips)
Seat 6: belik555 ($256.97 in chips)
jiwa76: posts small blind $1
belik555: posts big blind $3
*** HOLE CARDS ***
jiwa76: raises $3 to $6
belik555: raises $3 to $9
jiwa76: calls $3
*** FLOP *** [5c Kh Ah]
belik555: bets $3
jiwa76: raises $3 to $6
belik555: calls $3
*** TURN *** [5c Kh Ah] [8d]
belik555: checks
jiwa76: bets $6
belik555: calls $6
*** RIVER *** [5c Kh Ah 8d] [6h]
belik555: checks
jiwa76: bets $6
belik555: raises $6 to $12
jiwa76: raises $6 to $18
belik555: calls $6
*** SHOW DOWN ***
jiwa76: shows [8h Qh] (a flush, Ace high)
belik555: mucks hand
jiwa76 collected $77.50 from pot
*** SUMMARY ***
Total pot $78 | Rake $0.50
Board [5c Kh Ah 8d 6h]
Seat 1: jiwa76 (button) (small blind) showed [8h Qh] and won ($77.50) with a flush, Ace high
Seat 6: belik555 (big blind) mucked


PokerStars Hand #166013503941:  Hold'em Limit ($3/$6 USD) - 2017/02/10 18:57:39 ET
Table 'Scheddi II' 10-max Seat #1 is the button
Seat 1: jiwa76 ($231.52 in chips)
Seat 6: belik555 ($220.97 in chips)
jiwa76: posts small blind $1
belik555: posts big blind $3
*** HOLE CARDS ***
jiwa76: raises $3 to $6
belik555: calls $3
*** FLOP *** [7c 9c 4s]
belik555: checks
jiwa76: checks
*** TURN *** [7c 9c 4s] [Ts]
belik555: bets $6
jiwa76: calls $6
*** RIVER *** [7c 9c 4s Ts] [Kd]
belik555: bets $6
jiwa76: raises $6 to $12
belik555: calls $6
*** SHOW DOWN ***
jiwa76: shows [Ks Js] (a pair of Kings)
belik555: mucks hand
jiwa76 collected $47.50 from pot
*** SUMMARY ***
Total pot $48 | Rake $0.50
Board [7c 9c 4s Ts Kd]
Seat 1: jiwa76 (button) (small blind) showed [Ks Js] and won ($47.50) with a pair of Kings
Seat 6: belik555 (big blind) mucked


PokerStars Hand #166013515316:  Hold'em Limit ($3/$6 USD) - 2017/02/10 18:57:57 ET
Table 'Scheddi II' 10-max Seat #6 is the button
Seat 1: jiwa76 ($255.02 in chips)
Seat 6: belik555 ($196.97 in chips)
belik555: posts small blind $1
jiwa76: posts big blind $3
*** HOLE CARDS ***
belik555: raises $3 to $6
jiwa76: raises $3 to $9
belik555: calls $3
*** FLOP *** [4c 3h As]
jiwa76: bets $3
belik555: calls $3
*** TURN *** [4c 3h As] [6s]
jiwa76: bets $6
belik555: calls $6
*** RIVER *** [4c 3h As 6s] [9c]
jiwa76: bets $6
belik555: raises $6 to $12
jiwa76: calls $6
*** SHOW DOWN ***
belik555: shows [9h 4h] (two pair, Nines and Fours)
jiwa76: mucks hand
belik555 collected $59.50 from pot
*** SUMMARY ***
Total pot $60 | Rake $0.50
Board [4c 3h As 6s 9c]
Seat 1: jiwa76 (big blind) mucked
Seat 6: belik555 (button) (small blind) showed [9h 4h] and won ($59.50) with two pair, Nines and Fours


PokerStars Hand #166013547300:  Hold'em Limit ($3/$6 USD) - 2017/02/10 18:58:47 ET
Table 'Scheddi II' 10-max Seat #1 is the button
Seat 1: jiwa76 ($225.02 in chips)
Seat 6: belik555 ($226.47 in chips)
jiwa76: posts small blind $1
belik555: posts big blind $3
*** HOLE CARDS ***
jiwa76: raises $3 to $6
belik555: folds
Uncalled bet ($3) returned to jiwa76
jiwa76 collected $6 from pot
jiwa76: doesn't show hand
*** SUMMARY ***
Total pot $6 | Rake $0
Seat 1: jiwa76 (button) (small blind) collected ($6)
Seat 6: belik555 (big blind) folded before Flop


PokerStars Hand #166013555659:  Hold'em Limit ($3/$6 USD) - 2017/02/10 18:59:00 ET
Table 'Scheddi II' 10-max Seat #6 is the button
Seat 1: jiwa76 ($228.02 in chips)
Seat 6: belik555 ($223.47 in chips)
belik555: posts small blind $1
jiwa76: posts big blind $3
*** HOLE CARDS ***
belik555: raises $3 to $6
jiwa76: calls $3
*** FLOP *** [7c 2s 4d]
jiwa76: checks
belik555: bets $3
jiwa76: calls $3
*** TURN *** [7c 2s 4d] [6h]
jiwa76: checks
belik555: checks
*** RIVER *** [7c 2s 4d 6h] [9c]
jiwa76: checks
belik555: checks
*** SHOW DOWN ***
jiwa76: shows [Qc Jh] (high card Queen)
belik555: mucks hand
jiwa76 collected $17.64 from pot
*** SUMMARY ***
Total pot $18 | Rake $0.36
Board [7c 2s 4d 6h 9c]
Seat 1: jiwa76 (big blind) showed [Qc Jh] and won ($17.64) with high card Queen
Seat 6: belik555 (button) (small blind) mucked


