PokerStars Hand #156171881389:  Hold'em Limit ($3/$6 USD) - 2016/07/19 11:01:09 ET
Table 'Scheila' 6-max Seat #3 is the button
Seat 3: Gusost ($93.98 in chips)
Seat 6: moomies2 ($99.76 in chips)
Gusost: posts small blind $1
moomies2: posts big blind $3
*** HOLE CARDS ***
Gusost: raises $3 to $6
moomies2: calls $3
*** FLOP *** [Js Td 4h]
moomies2: checks
Gusost: bets $3
moomies2: calls $3
*** TURN *** [Js Td 4h] [Jc]
moomies2: checks
Gusost: bets $6
moomies2: folds
Uncalled bet ($6) returned to Gusost
Gusost collected $17.64 from pot
Gusost: doesn't show hand
*** SUMMARY ***
Total pot $18 | Rake $0.36
Board [Js Td 4h Jc]
Seat 3: Gusost (button) (small blind) collected ($17.64)
Seat 6: moomies2 (big blind) folded on the Turn


PokerStars Hand #156171877857:  Hold'em Limit ($3/$6 USD) - 2016/07/19 11:01:02 ET
Table 'Scheila' 6-max Seat #6 is the button
Seat 3: Gusost ($96.98 in chips)
Seat 6: moomies2 ($96.76 in chips)
moomies2: posts small blind $1
Gusost: posts big blind $3
*** HOLE CARDS ***
moomies2: raises $3 to $6
Gusost: folds
Uncalled bet ($3) returned to moomies2
moomies2 collected $6 from pot
moomies2: doesn't show hand
*** SUMMARY ***
Total pot $6 | Rake $0
Seat 3: Gusost (big blind) folded before Flop
Seat 6: moomies2 (button) (small blind) collected ($6)


PokerStars Hand #156171875056:  Hold'em Limit ($3/$6 USD) - 2016/07/19 11:00:57 ET
Table 'Scheila' 6-max Seat #3 is the button
Seat 3: Gusost ($97.98 in chips)
Seat 6: moomies2 ($95.76 in chips)
Gusost: posts small blind $1
moomies2: posts big blind $3
*** HOLE CARDS ***
Gusost: folds
Uncalled bet ($2) returned to moomies2
moomies2 collected $2 from pot
moomies2: doesn't show hand
*** SUMMARY ***
Total pot $2 | Rake $0
Seat 3: Gusost (button) (small blind) folded before Flop
Seat 6: moomies2 (big blind) collected ($2)


PokerStars Hand #156171864442:  Hold'em Limit ($3/$6 USD) - 2016/07/19 11:00:37 ET
Table 'Scheila' 6-max Seat #6 is the button
Seat 3: Gusost ($103.98 in chips)
Seat 6: moomies2 ($90 in chips)
moomies2: posts small blind $1
Gusost: posts big blind $3
*** HOLE CARDS ***
moomies2: raises $3 to $6
Gusost: calls $3
*** FLOP *** [Th Qh 5c]
Gusost: checks
moomies2: bets $3
Gusost: folds
Uncalled bet ($3) returned to moomies2
moomies2 collected $11.76 from pot
moomies2: doesn't show hand
*** SUMMARY ***
Total pot $12 | Rake $0.24
Board [Th Qh 5c]
Seat 3: Gusost (big blind) folded on the Flop
Seat 6: moomies2 (button) (small blind) collected ($11.76)


PokerStars Hand #156171892866:  Hold'em Limit ($3/$6 USD) - 2016/07/19 11:01:29 ET
Table 'Scheila' 6-max Seat #6 is the button
Seat 3: Gusost ($102.62 in chips)
Seat 6: moomies2 ($90.76 in chips)
moomies2: posts small blind $1
Gusost: posts big blind $3
*** HOLE CARDS ***
belik555 joins the table at seat #4
moomies2: raises $3 to $6
Gusost: raises $3 to $9
moomies2: calls $3
*** FLOP *** [7h Qc 2d]
Gusost: bets $3
moomies2: calls $3
*** TURN *** [7h Qc 2d] [4d]
Gusost: bets $6
moomies2: calls $6
*** RIVER *** [7h Qc 2d 4d] [2c]
Gusost: checks
moomies2: bets $6
Gusost: calls $6
*** SHOW DOWN ***
moomies2: shows [7s 9h] (two pair, Sevens and Deuces)
Gusost: mucks hand
moomies2 collected $47.50 from pot
*** SUMMARY ***
Total pot $48 | Rake $0.50
Board [7h Qc 2d 4d 2c]
Seat 3: Gusost (big blind) mucked
Seat 6: moomies2 (button) (small blind) showed [7s 9h] and won ($47.50) with two pair, Sevens and Deuces


PokerStars Hand #156172183586:  Hold'em Limit ($3/$6 USD) - 2016/07/19 11:09:35 ET
Table 'Scheila' 6-max Seat #2 is the button
Seat 2: CDNballer ($330.36 in chips)
Seat 5: arina201317 ($54.63 in chips)
vestimokrec will be allowed to play after the button
CDNballer: posts small blind $1
Gusost: is sitting out
belik555: is sitting out
arina201317: posts big blind $3
*** HOLE CARDS ***
CDNballer: folds
Uncalled bet ($2) returned to arina201317
arina201317 collected $2 from pot
Gusost leaves the table
*** SUMMARY ***
Total pot $2 | Rake $0
Seat 2: CDNballer (button) (small blind) folded before Flop
Seat 5: arina201317 (big blind) collected ($2)


PokerStars Hand #156172707329:  Hold'em Limit ($3/$6 USD) - 2016/07/19 11:23:55 ET
Table 'Scheila' 6-max Seat #3 is the button
Seat 2: moomies2 ($93 in chips)
Seat 3: squik ($117 in chips)
squik: posts small blind $1
moomies2: posts big blind $3
*** HOLE CARDS ***
squik: raises $3 to $6
moomies2: calls $3
*** FLOP *** [7c Qh Tc]
moomies2: checks
squik: bets $3
moomies2: folds
Uncalled bet ($3) returned to squik
squik collected $11.76 from pot
*** SUMMARY ***
Total pot $12 | Rake $0.24
Board [7c Qh Tc]
Seat 2: moomies2 (big blind) folded on the Flop
Seat 3: squik (button) (small blind) collected ($11.76)


PokerStars Hand #156172712958:  Hold'em Limit ($3/$6 USD) - 2016/07/19 11:24:04 ET
Table 'Scheila' 6-max Seat #2 is the button
Seat 2: moomies2 ($90 in chips)
Seat 3: squik ($122.76 in chips)
moomies2: posts small blind $1
squik: posts big blind $3
*** HOLE CARDS ***
moomies2: raises $3 to $6
squik: raises $3 to $9
moomies2: calls $3
*** FLOP *** [Jd 8h 5h]
squik: bets $3
moomies2: calls $3
*** TURN *** [Jd 8h 5h] [6h]
squik: checks
moomies2: bets $6
squik: calls $6
*** RIVER *** [Jd 8h 5h 6h] [2c]
squik: checks
moomies2: bets $6
squik: calls $6
*** SHOW DOWN ***
moomies2: shows [7h 7s] (a pair of Sevens)
squik: mucks hand
moomies2 collected $47.50 from pot
*** SUMMARY ***
Total pot $48 | Rake $0.50
Board [Jd 8h 5h 6h 2c]
Seat 2: moomies2 (button) (small blind) showed [7h 7s] and won ($47.50) with a pair of Sevens
Seat 3: squik (big blind) mucked


PokerStars Hand #156172700604:  Hold'em Limit ($3/$6 USD) - 2016/07/19 11:23:43 ET
Table 'Scheila' 6-max Seat #2 is the button
Seat 2: moomies2 ($90 in chips)
Seat 3: squik ($120 in chips)
moomies2: posts small blind $1
squik: posts big blind $3
*** HOLE CARDS ***
moomies2: raises $3 to $6
squik: folds
Uncalled bet ($3) returned to moomies2
moomies2 collected $6 from pot
moomies2: doesn't show hand
*** SUMMARY ***
Total pot $6 | Rake $0
Seat 2: moomies2 (button) (small blind) collected ($6)
Seat 3: squik (big blind) folded before Flop


PokerStars Hand #156172733592:  Hold'em Limit ($3/$6 USD) - 2016/07/19 11:24:38 ET
Table 'Scheila' 6-max Seat #3 is the button
Seat 2: moomies2 ($113.50 in chips)
Seat 3: squik ($98.76 in chips)
squik: posts small blind $1
moomies2: posts big blind $3
*** HOLE CARDS ***
squik: raises $3 to $6
moomies2: calls $3
*** FLOP *** [Qh 8s Ad]
moomies2: checks
squik: bets $3
moomies2: folds
Uncalled bet ($3) returned to squik
squik collected $11.76 from pot
*** SUMMARY ***
Total pot $12 | Rake $0.24
Board [Qh 8s Ad]
Seat 2: moomies2 (big blind) folded on the Flop
Seat 3: squik (button) (small blind) collected ($11.76)


PokerStars Hand #156172745120:  Hold'em Limit ($3/$6 USD) - 2016/07/19 11:24:56 ET
Table 'Scheila' 6-max Seat #2 is the button
Seat 2: moomies2 ($107.50 in chips)
Seat 3: squik ($104.52 in chips)
moomies2: posts small blind $1
squik: posts big blind $3
*** HOLE CARDS ***
moomies2: raises $3 to $6
squik: calls $3
*** FLOP *** [Kh Ac 4s]
squik: checks
moomies2: bets $3
squik: calls $3
*** TURN *** [Kh Ac 4s] [Jh]
squik: checks
moomies2: checks
*** RIVER *** [Kh Ac 4s Jh] [Ts]
squik: checks
moomies2: bets $6
squik: calls $6
Helseløs joins the table at seat #1
*** SHOW DOWN ***
moomies2: shows [Qd 3h] (a straight, Ten to Ace)
squik: mucks hand
moomies2 collected $29.50 from pot
*** SUMMARY ***
Total pot $30 | Rake $0.50
Board [Kh Ac 4s Jh Ts]
Seat 2: moomies2 (button) (small blind) showed [Qd 3h] and won ($29.50) with a straight, Ten to Ace
Seat 3: squik (big blind) mucked


PokerStars Hand #156173982197:  Hold'em Limit ($3/$6 USD) - 2016/07/19 11:58:26 ET
Table 'Scheila' 6-max Seat #1 is the button
Seat 1: vitamin168 ($110.08 in chips)
Seat 4: laapin ($118.71 in chips)
vitamin168: posts small blind $1
Punkyfee: is sitting out
laapin: posts big blind $3
*** HOLE CARDS ***
vitamin168: raises $3 to $6
Punkyfee leaves the table
laapin: calls $3
*** FLOP *** [7h 9h Js]
laapin: checks
vitamin168: bets $3
laapin: calls $3
*** TURN *** [7h 9h Js] [2h]
laapin: checks
vitamin168: checks
*** RIVER *** [7h 9h Js 2h] [5d]
laapin: bets $6
vitamin168: calls $6
*** SHOW DOWN ***
laapin: shows [3d Kd] (high card King)
vitamin168: shows [5h Ac] (a pair of Fives)
vitamin168 collected $29.50 from pot
*** SUMMARY ***
Total pot $30 | Rake $0.50
Board [7h 9h Js 2h 5d]
Seat 1: vitamin168 (button) (small blind) showed [5h Ac] and won ($29.50) with a pair of Fives
Seat 4: laapin (big blind) showed [3d Kd] and lost with high card King


PokerStars Hand #156173995063:  Hold'em Limit ($3/$6 USD) - 2016/07/19 11:58:51 ET
Table 'Scheila' 6-max Seat #1 is the button
Seat 1: vitamin168 ($125.58 in chips)
Seat 4: laapin ($102.71 in chips)
vitamin168: posts small blind $1
laapin: posts big blind $3
*** HOLE CARDS ***
vitamin168: folds
Uncalled bet ($2) returned to laapin
laapin collected $2 from pot
laapin: doesn't show hand
*** SUMMARY ***
Total pot $2 | Rake $0
Seat 1: vitamin168 (button) (small blind) folded before Flop
Seat 4: laapin (big blind) collected ($2)


PokerStars Hand #156173992560:  Hold'em Limit ($3/$6 USD) - 2016/07/19 11:58:47 ET
Table 'Scheila' 6-max Seat #4 is the button
Seat 1: vitamin168 ($124.58 in chips)
Seat 4: laapin ($103.71 in chips)
laapin: posts small blind $1
vitamin168: posts big blind $3
*** HOLE CARDS ***
laapin: folds
Uncalled bet ($2) returned to vitamin168
vitamin168 collected $2 from pot
vitamin168: doesn't show hand
*** SUMMARY ***
Total pot $2 | Rake $0
Seat 1: vitamin168 (big blind) collected ($2)
Seat 4: laapin (button) (small blind) folded before Flop


PokerStars Hand #156174000766:  Hold'em Limit ($3/$6 USD) - 2016/07/19 11:59:02 ET
Table 'Scheila' 6-max Seat #1 is the button
Seat 1: vitamin168 ($121.58 in chips)
Seat 4: laapin ($106.71 in chips)
libaikang joins the table at seat #5
vitamin168: posts small blind $1
laapin: posts big blind $3
*** HOLE CARDS ***
vitamin168: raises $3 to $6
laapin: calls $3
*** FLOP *** [Ah 7s Kh]
laapin: checks
vitamin168: bets $3
laapin: calls $3
*** TURN *** [Ah 7s Kh] [Jd]
laapin: checks
vitamin168: bets $6
laapin: folds
Uncalled bet ($6) returned to vitamin168
vitamin168 collected $17.64 from pot
vitamin168: doesn't show hand
*** SUMMARY ***
Total pot $18 | Rake $0.36
Board [Ah 7s Kh Jd]
Seat 1: vitamin168 (button) (small blind) collected ($17.64)
Seat 4: laapin (big blind) folded on the Turn


PokerStars Hand #156173997652:  Hold'em Limit ($3/$6 USD) - 2016/07/19 11:58:56 ET
Table 'Scheila' 6-max Seat #4 is the button
Seat 1: vitamin168 ($124.58 in chips)
Seat 4: laapin ($103.71 in chips)
laapin: posts small blind $1
knas4 was removed from the table for failing to post
vitamin168: posts big blind $3
*** HOLE CARDS ***
laapin: raises $3 to $6
vitamin168: folds
Uncalled bet ($3) returned to laapin
laapin collected $6 from pot
laapin: doesn't show hand
*** SUMMARY ***
Total pot $6 | Rake $0
Seat 1: vitamin168 (big blind) folded before Flop
Seat 4: laapin (button) (small blind) collected ($6)


PokerStars Hand #156176596841:  Hold'em Limit ($3/$6 USD) - 2016/07/19 12:59:02 ET
Table 'Scheila' 6-max Seat #3 is the button
Seat 3: Raggatazz ($123.73 in chips)
Seat 6: MARIBORO8 ($36.93 in chips)
vitamin168 will be allowed to play after the button
Raggatazz: posts small blind $1
MARIBORO8: posts big blind $3
*** HOLE CARDS ***
Raggatazz: raises $3 to $6
MARIBORO8: calls $3
*** FLOP *** [Qs As 5d]
MARIBORO8: checks
Raggatazz: checks
*** TURN *** [Qs As 5d] [3d]
MARIBORO8: bets $6
Raggatazz: raises $6 to $12
MARIBORO8: calls $6
*** RIVER *** [Qs As 5d 3d] [5s]
MARIBORO8: checks
Raggatazz: checks
*** SHOW DOWN ***
MARIBORO8: shows [8s Qh] (two pair, Queens and Fives)
Raggatazz: shows [Ah 2c] (two pair, Aces and Fives)
Raggatazz collected $35.50 from pot
*** SUMMARY ***
Total pot $36 | Rake $0.50
Board [Qs As 5d 3d 5s]
Seat 3: Raggatazz (button) (small blind) showed [Ah 2c] and won ($35.50) with two pair, Aces and Fives
Seat 6: MARIBORO8 (big blind) showed [8s Qh] and lost with two pair, Queens and Fives


PokerStars Hand #156176657490:  Hold'em Limit ($3/$6 USD) - 2016/07/19 13:00:40 ET
Table 'Scheila' 6-max Seat #1 is the button
Seat 1: vitamin168 ($106.39 in chips)
Seat 2: ABATAPP ($71.39 in chips)
sammybeyo joins the table at seat #3
vitamin168: posts small blind $1
MARIBORO8 leaves the table
ABATAPP: posts big blind $3
*** HOLE CARDS ***
vitamin168: raises $3 to $6
ABATAPP: folds
Uncalled bet ($3) returned to vitamin168
vitamin168 collected $6 from pot
sammybeyo is disconnected
vitamin168: doesn't show hand
*** SUMMARY ***
Total pot $6 | Rake $0
Seat 1: vitamin168 (button) (small blind) collected ($6)
Seat 2: ABATAPP (big blind) folded before Flop


PokerStars Hand #156176647325:  Hold'em Limit ($3/$6 USD) - 2016/07/19 13:00:22 ET
Table 'Scheila' 6-max Seat #6 is the button
Seat 1: vitamin168 ($89.96 in chips)
Seat 6: MARIBORO8 ($16.93 in chips)
MARIBORO8: posts small blind $1
vitamin168: posts big blind $3
*** HOLE CARDS ***
MARIBORO8: raises $3 to $6
vitamin168: raises $3 to $9
MARIBORO8: raises $3 to $12
Betting is capped
vitamin168: calls $3
*** FLOP *** [5d 3c Th]
vitamin168: bets $3
MARIBORO8: raises $1.93 to $4.93 and is all-in
vitamin168: calls $1.93
*** TURN *** [5d 3c Th] [4c]
*** RIVER *** [5d 3c Th 4c] [Qh]
*** SHOW DOWN ***
vitamin168: shows [Ks Kd] (a pair of Kings)
MARIBORO8: shows [Jh 8d] (high card Queen)
vitamin168 collected $33.36 from pot
*** SUMMARY ***
Total pot $33.86 | Rake $0.50
Board [5d 3c Th 4c Qh]
Seat 1: vitamin168 (big blind) showed [Ks Kd] and won ($33.36) with a pair of Kings
Seat 6: MARIBORO8 (button) (small blind) showed [Jh 8d] and lost with high card Queen


PokerStars Hand #156176644594:  Hold'em Limit ($3/$6 USD) - 2016/07/19 13:00:18 ET
Table 'Scheila' 6-max Seat #1 is the button
Seat 1: vitamin168 ($90.96 in chips)
Seat 6: MARIBORO8 ($15.93 in chips)
vitamin168: posts small blind $1
MARIBORO8: posts big blind $3
*** HOLE CARDS ***
vitamin168: folds
Uncalled bet ($2) returned to MARIBORO8
MARIBORO8 collected $2 from pot
MARIBORO8: doesn't show hand
Raggatazz leaves the table
*** SUMMARY ***
Total pot $2 | Rake $0
Seat 1: vitamin168 (button) (small blind) folded before Flop
Seat 6: MARIBORO8 (big blind) collected ($2)


PokerStars Hand #156176660617:  Hold'em Limit ($3/$6 USD) - 2016/07/19 13:00:45 ET
Table 'Scheila' 6-max Seat #2 is the button
Seat 1: vitamin168 ($109.39 in chips)
Seat 2: ABATAPP ($68.39 in chips)
ABATAPP: posts small blind $1
gorox74 joins the table at seat #4
sammybeyo has timed out while disconnected
sammybeyo: is sitting out
vitamin168: posts big blind $3
*** HOLE CARDS ***
ABATAPP: raises $3 to $6
vitamin168: folds
Uncalled bet ($3) returned to ABATAPP
ABATAPP collected $6 from pot
ABATAPP: doesn't show hand
*** SUMMARY ***
Total pot $6 | Rake $0
Seat 1: vitamin168 (big blind) folded before Flop
Seat 2: ABATAPP (button) (small blind) collected ($6)


PokerStars Hand #156176673372:  Hold'em Limit ($3/$6 USD) - 2016/07/19 13:01:07 ET
Table 'Scheila' 6-max Seat #1 is the button
Seat 1: vitamin168 ($106.39 in chips)
Seat 2: ABATAPP ($71.39 in chips)
vitamin168: posts small blind $1
ABATAPP: posts big blind $3
*** HOLE CARDS ***
vitamin168: raises $3 to $6
ABATAPP: calls $3
*** FLOP *** [Qc 7s Qd]
ABATAPP: checks
vitamin168: bets $3
ABATAPP: calls $3
*** TURN *** [Qc 7s Qd] [8s]
ABATAPP: checks
vitamin168: bets $6
ABATAPP: folds
Uncalled bet ($6) returned to vitamin168
vitamin168 collected $17.64 from pot
vitamin168: doesn't show hand
*** SUMMARY ***
Total pot $18 | Rake $0.36
Board [Qc 7s Qd 8s]
Seat 1: vitamin168 (button) (small blind) collected ($17.64)
Seat 2: ABATAPP (big blind) folded on the Turn


PokerStars Hand #156180069509:  Hold'em Limit ($3/$6 USD) - 2016/07/19 14:16:32 ET
Table 'Scheila' 6-max Seat #3 is the button
Seat 3: polenta33 ($37.32 in chips)
Seat 4: ABATAPP ($135.39 in chips)
polenta33: posts small blind $1
ABATAPP: posts big blind $3
*** HOLE CARDS ***
polenta33: raises $3 to $6
ABATAPP: calls $3
*** FLOP *** [5c 8h 2s]
ABATAPP: checks
polenta33: checks
*** TURN *** [5c 8h 2s] [Kd]
ABATAPP: checks
polenta33: bets $6
ABATAPP: calls $6
*** RIVER *** [5c 8h 2s Kd] [6s]
ABATAPP: checks
polenta33: bets $6
ABATAPP: calls $6
*** SHOW DOWN ***
polenta33: shows [9s Tc] (high card King)
ABATAPP: shows [Kc 3c] (a pair of Kings)
ABATAPP collected $35.50 from pot
*** SUMMARY ***
Total pot $36 | Rake $0.50
Board [5c 8h 2s Kd 6s]
Seat 3: polenta33 (button) (small blind) showed [9s Tc] and lost with high card King
Seat 4: ABATAPP (big blind) showed [Kc 3c] and won ($35.50) with a pair of Kings


PokerStars Hand #156180058801:  Hold'em Limit ($3/$6 USD) - 2016/07/19 14:16:19 ET
Table 'Scheila' 6-max Seat #4 is the button
Seat 3: polenta33 ($40.32 in chips)
Seat 4: ABATAPP ($132.51 in chips)
ABATAPP: posts small blind $1
polenta33: posts big blind $3
*** HOLE CARDS ***
ABATAPP: calls $2
polenta33: checks
*** FLOP *** [5h 3d 2h]
polenta33: checks
ABATAPP: bets $3
polenta33: folds
Uncalled bet ($3) returned to ABATAPP
ABATAPP collected $5.88 from pot
ABATAPP: doesn't show hand
*** SUMMARY ***
Total pot $6 | Rake $0.12
Board [5h 3d 2h]
Seat 3: polenta33 (big blind) folded on the Flop
Seat 4: ABATAPP (button) (small blind) collected ($5.88)


PokerStars Hand #156180133544:  Hold'em Limit ($3/$6 USD) - 2016/07/19 14:17:53 ET
Table 'Scheila' 6-max Seat #3 is the button
Seat 3: polenta33 ($7.96 in chips)
Seat 4: ABATAPP ($163.39 in chips)
polenta33: posts small blind $1
ABATAPP: posts big blind $3
*** HOLE CARDS ***
polenta33: folds
Uncalled bet ($2) returned to ABATAPP
ABATAPP collected $2 from pot
ABATAPP: doesn't show hand
*** SUMMARY ***
Total pot $2 | Rake $0
Seat 3: polenta33 (button) (small blind) folded before Flop
Seat 4: ABATAPP (big blind) collected ($2)


PokerStars Hand #156180108965:  Hold'em Limit ($3/$6 USD) - 2016/07/19 14:17:22 ET
Table 'Scheila' 6-max Seat #4 is the button
Seat 3: polenta33 ($28.96 in chips)
Seat 4: ABATAPP ($142.89 in chips)
ABATAPP: posts small blind $1
polenta33: posts big blind $3
*** HOLE CARDS ***
ABATAPP: calls $2
polenta33: raises $3 to $6
ABATAPP: calls $3
*** FLOP *** [7d 5c 7c]
polenta33: bets $3
ABATAPP: calls $3
*** TURN *** [7d 5c 7c] [8c]
polenta33: checks
ABATAPP: bets $6
polenta33: calls $6
*** RIVER *** [7d 5c 7c 8c] [Jc]
polenta33: checks
ABATAPP: bets $6
polenta33: calls $6
*** SHOW DOWN ***
ABATAPP: shows [2c 2d] (a flush, Jack high)
polenta33: mucks hand
ABATAPP collected $41.50 from pot
*** SUMMARY ***
Total pot $42 | Rake $0.50
Board [7d 5c 7c 8c Jc]
Seat 3: polenta33 (big blind) mucked
Seat 4: ABATAPP (button) (small blind) showed [2c 2d] and won ($41.50) with a flush, Jack high


PokerStars Hand #156180094679:  Hold'em Limit ($3/$6 USD) - 2016/07/19 14:17:04 ET
Table 'Scheila' 6-max Seat #3 is the button
Seat 3: polenta33 ($20.32 in chips)
Seat 4: ABATAPP ($151.89 in chips)
polenta33: posts small blind $1
ABATAPP: posts big blind $3
*** HOLE CARDS ***
polenta33: raises $3 to $6
ABATAPP: calls $3
*** FLOP *** [9d Td 4s]
ABATAPP: checks
polenta33: bets $3
ABATAPP: calls $3
*** TURN *** [9d Td 4s] [8s]
ABATAPP: checks
polenta33: bets $6
ABATAPP: folds
Uncalled bet ($6) returned to polenta33
polenta33 collected $17.64 from pot
*** SUMMARY ***
Total pot $18 | Rake $0.36
Board [9d Td 4s 8s]
Seat 3: polenta33 (button) (small blind) collected ($17.64)
Seat 4: ABATAPP (big blind) folded on the Turn


PokerStars Hand #156180090268:  Hold'em Limit ($3/$6 USD) - 2016/07/19 14:16:59 ET
Table 'Scheila' 6-max Seat #4 is the button
Seat 3: polenta33 ($19.32 in chips)
Seat 4: ABATAPP ($152.89 in chips)
ABATAPP: posts small blind $1
polenta33: posts big blind $3
*** HOLE CARDS ***
ABATAPP: folds
Uncalled bet ($2) returned to polenta33
polenta33 collected $2 from pot
polenta33: doesn't show hand
*** SUMMARY ***
Total pot $2 | Rake $0
Seat 3: polenta33 (big blind) collected ($2)
Seat 4: ABATAPP (button) (small blind) folded before Flop


PokerStars Hand #156180149710:  Hold'em Limit ($3/$6 USD) - 2016/07/19 14:18:13 ET
Table 'Scheila' 6-max Seat #3 is the button
Seat 3: polenta33 ($13.64 in chips)
Seat 4: ABATAPP ($157.43 in chips)
polenta33: posts small blind $1
ABATAPP: posts big blind $3
*** HOLE CARDS ***
polenta33: raises $3 to $6
ABATAPP: calls $3
*** FLOP *** [Kd Qc Ad]
ABATAPP: checks
polenta33: bets $3
ABATAPP: raises $3 to $6
polenta33: raises $1.64 to $7.64 and is all-in
ABATAPP: calls $1.64
*** TURN *** [Kd Qc Ad] [8h]
*** RIVER *** [Kd Qc Ad 8h] [3d]
*** SHOW DOWN ***
ABATAPP: shows [6h Ah] (a pair of Aces)
polenta33: shows [8s Qs] (two pair, Queens and Eights)
polenta33 collected $26.78 from pot
*** SUMMARY ***
Total pot $27.28 | Rake $0.50
Board [Kd Qc Ad 8h 3d]
Seat 3: polenta33 (button) (small blind) showed [8s Qs] and won ($26.78) with two pair, Queens and Eights
Seat 4: ABATAPP (big blind) showed [6h Ah] and lost with a pair of Aces


PokerStars Hand #156180138573:  Hold'em Limit ($3/$6 USD) - 2016/07/19 14:17:59 ET
Table 'Scheila' 6-max Seat #4 is the button
Seat 3: polenta33 ($6.96 in chips)
Seat 4: ABATAPP ($164.39 in chips)
ABATAPP: posts small blind $1
polenta33: posts big blind $3
*** HOLE CARDS ***
ABATAPP: raises $3 to $6
polenta33: raises $0.96 to $6.96 and is all-in
ABATAPP: calls $0.96
*** FLOP *** [4h Th 2h]
*** TURN *** [4h Th 2h] [Ts]
*** RIVER *** [4h Th 2h Ts] [9d]
*** SHOW DOWN ***
polenta33: shows [2s Ac] (two pair, Tens and Deuces)
ABATAPP: shows [7c 8h] (a pair of Tens)
polenta33 collected $13.64 from pot
*** SUMMARY ***
Total pot $13.92 | Rake $0.28
Board [4h Th 2h Ts 9d]
Seat 3: polenta33 (big blind) showed [2s Ac] and won ($13.64) with two pair, Tens and Deuces
Seat 4: ABATAPP (button) (small blind) showed [7c 8h] and lost with a pair of Tens


PokerStars Hand #156180227328:  Hold'em Limit ($3/$6 USD) - 2016/07/19 14:19:51 ET
Table 'Scheila' 6-max Seat #3 is the button
Seat 3: polenta33 ($76.78 in chips)
Seat 4: ABATAPP ($92.79 in chips)
polenta33: posts small blind $1
ABATAPP: posts big blind $3
*** HOLE CARDS ***
polenta33: folds
Uncalled bet ($2) returned to ABATAPP
ABATAPP collected $2 from pot
ABATAPP: doesn't show hand
*** SUMMARY ***
Total pot $2 | Rake $0
Seat 3: polenta33 (button) (small blind) folded before Flop
Seat 4: ABATAPP (big blind) collected ($2)


PokerStars Hand #156180223464:  Hold'em Limit ($3/$6 USD) - 2016/07/19 14:19:46 ET
Table 'Scheila' 6-max Seat #4 is the button
Seat 3: polenta33 ($75.78 in chips)
Seat 4: ABATAPP ($93.79 in chips)
ABATAPP: posts small blind $1
polenta33: posts big blind $3
*** HOLE CARDS ***
ABATAPP: folds
Uncalled bet ($2) returned to polenta33
polenta33 collected $2 from pot
polenta33: doesn't show hand
*** SUMMARY ***
Total pot $2 | Rake $0
Seat 3: polenta33 (big blind) collected ($2)
Seat 4: ABATAPP (button) (small blind) folded before Flop


PokerStars Hand #156180218677:  Hold'em Limit ($3/$6 USD) - 2016/07/19 14:19:40 ET
Table 'Scheila' 6-max Seat #3 is the button
Seat 3: polenta33 ($76.78 in chips)
Seat 4: ABATAPP ($92.79 in chips)
polenta33: posts small blind $1
ABATAPP: posts big blind $3
*** HOLE CARDS ***
polenta33: folds
Uncalled bet ($2) returned to ABATAPP
ABATAPP collected $2 from pot
ABATAPP: doesn't show hand
*** SUMMARY ***
Total pot $2 | Rake $0
Seat 3: polenta33 (button) (small blind) folded before Flop
Seat 4: ABATAPP (big blind) collected ($2)


PokerStars Hand #156180211640:  Hold'em Limit ($3/$6 USD) - 2016/07/19 14:19:31 ET
Table 'Scheila' 6-max Seat #4 is the button
Seat 3: polenta33 ($79.78 in chips)
Seat 4: ABATAPP ($89.79 in chips)
ABATAPP: posts small blind $1
polenta33: posts big blind $3
*** HOLE CARDS ***
ABATAPP: raises $3 to $6
polenta33: folds
Uncalled bet ($3) returned to ABATAPP
ABATAPP collected $6 from pot
ABATAPP: doesn't show hand
*** SUMMARY ***
Total pot $6 | Rake $0
Seat 3: polenta33 (big blind) folded before Flop
Seat 4: ABATAPP (button) (small blind) collected ($6)


PokerStars Hand #156180189089:  Hold'em Limit ($3/$6 USD) - 2016/07/19 14:19:03 ET
Table 'Scheila' 6-max Seat #3 is the button
Seat 3: polenta33 ($44.28 in chips)
Seat 4: ABATAPP ($125.79 in chips)
polenta33: posts small blind $1
ABATAPP: posts big blind $3
*** HOLE CARDS ***
polenta33: raises $3 to $6
ABATAPP: calls $3
*** FLOP *** [Qc 6h Ac]
ABATAPP: checks
polenta33: checks
*** TURN *** [Qc 6h Ac] [9c]
ABATAPP: checks
polenta33: bets $6
ABATAPP: raises $6 to $12
polenta33: raises $6 to $18
ABATAPP: raises $6 to $24
Betting is capped
polenta33: calls $6
*** RIVER *** [Qc 6h Ac 9c] [3h]
ABATAPP: checks
polenta33: bets $6
ABATAPP: calls $6
*** SHOW DOWN ***
polenta33: shows [Qh Qd] (three of a kind, Queens)
ABATAPP: mucks hand
polenta33 collected $71.50 from pot
*** SUMMARY ***
Total pot $72 | Rake $0.50
Board [Qc 6h Ac 9c 3h]
Seat 3: polenta33 (button) (small blind) showed [Qh Qd] and won ($71.50) with three of a kind, Queens
Seat 4: ABATAPP (big blind) mucked


PokerStars Hand #156180232450:  Hold'em Limit ($3/$6 USD) - 2016/07/19 14:19:57 ET
Table 'Scheila' 6-max Seat #4 is the button
Seat 3: polenta33 ($75.78 in chips)
Seat 4: ABATAPP ($93.79 in chips)
ABATAPP: posts small blind $1
polenta33: posts big blind $3
*** HOLE CARDS ***
ABATAPP: raises $3 to $6
polenta33: calls $3
*** FLOP *** [Jh 4s Th]
polenta33: checks
ABATAPP: checks
*** TURN *** [Jh 4s Th] [2d]
polenta33: checks
MARIBORO8 joins the table at seat #2
ABATAPP: bets $6
polenta33: calls $6
*** RIVER *** [Jh 4s Th 2d] [Qs]
polenta33: checks
ABATAPP: bets $6
polenta33: folds
Uncalled bet ($6) returned to ABATAPP
ABATAPP collected $23.52 from pot
ABATAPP: doesn't show hand
*** SUMMARY ***
Total pot $24 | Rake $0.48
Board [Jh 4s Th 2d Qs]
Seat 3: polenta33 (big blind) folded on the River
Seat 4: ABATAPP (button) (small blind) collected ($23.52)


PokerStars Hand #156180253980:  Hold'em Limit ($3/$6 USD) - 2016/07/19 14:20:25 ET
Table 'Scheila' 6-max Seat #3 is the button
Seat 3: polenta33 ($63.78 in chips)
Seat 4: ABATAPP ($105.31 in chips)
polenta33: posts small blind $1
ABATAPP: posts big blind $3
*** HOLE CARDS ***
polenta33: raises $3 to $6
ABATAPP: calls $3
*** FLOP *** [Tc 6s Ac]
ABATAPP: checks
polenta33: bets $3
ABATAPP: folds
Uncalled bet ($3) returned to polenta33
polenta33 collected $11.76 from pot
polenta33: doesn't show hand
*** SUMMARY ***
Total pot $12 | Rake $0.24
Board [Tc 6s Ac]
Seat 3: polenta33 (button) (small blind) collected ($11.76)
Seat 4: ABATAPP (big blind) folded on the Flop


PokerStars Hand #156180476255:  Hold'em Limit ($3/$6 USD) - 2016/07/19 14:25:09 ET
Table 'Scheila' 6-max Seat #3 is the button
Seat 3: polenta33 ($117 in chips)
Seat 4: ABATAPP ($80.48 in chips)
polenta33: posts small blind $1
ABATAPP: posts big blind $3
*** HOLE CARDS ***
polenta33: folds
Uncalled bet ($2) returned to ABATAPP
ABATAPP collected $2 from pot
ABATAPP: doesn't show hand
*** SUMMARY ***
Total pot $2 | Rake $0
Seat 3: polenta33 (button) (small blind) folded before Flop
Seat 4: ABATAPP (big blind) collected ($2)


PokerStars Hand #156180458715:  Hold'em Limit ($3/$6 USD) - 2016/07/19 14:24:46 ET
Table 'Scheila' 6-max Seat #4 is the button
Seat 3: polenta33 ($90.50 in chips)
Seat 4: ABATAPP ($107.48 in chips)
ABATAPP: posts small blind $1
polenta33: posts big blind $3
*** HOLE CARDS ***
ABATAPP: calls $2
polenta33: raises $3 to $6
ABATAPP: calls $3
*** FLOP *** [Ad 9s 5c]
polenta33: bets $3
ABATAPP: calls $3
*** TURN *** [Ad 9s 5c] [Jc]
polenta33: bets $6
ABATAPP: calls $6
*** RIVER *** [Ad 9s 5c Jc] [Qh]
polenta33: bets $6
ABATAPP: raises $6 to $12
polenta33: calls $6
*** SHOW DOWN ***
ABATAPP: shows [9h Qc] (two pair, Queens and Nines)
polenta33: shows [Qd Jh] (two pair, Queens and Jacks)
polenta33 collected $53.50 from pot
*** SUMMARY ***
Total pot $54 | Rake $0.50
Board [Ad 9s 5c Jc Qh]
Seat 3: polenta33 (big blind) showed [Qd Jh] and won ($53.50) with two pair, Queens and Jacks
Seat 4: ABATAPP (button) (small blind) showed [9h Qc] and lost with two pair, Queens and Nines


PokerStars Hand #156180673492:  Hold'em Limit ($3/$6 USD) - 2016/07/19 14:29:14 ET
Table 'Scheila' 6-max Seat #4 is the button
Seat 4: ABATAPP ($76.29 in chips)
Seat 5: vitamin168 ($128.27 in chips)
ABATAPP: posts small blind $1
vitamin168: posts big blind $3
*** HOLE CARDS ***
ABATAPP: raises $3 to $6
vitamin168: calls $3
*** FLOP *** [Ts 9c Td]
vitamin168: checks
ABATAPP: bets $3
vitamin168: folds
Uncalled bet ($3) returned to ABATAPP
ABATAPP collected $11.76 from pot
ABATAPP: doesn't show hand
*** SUMMARY ***
Total pot $12 | Rake $0.24
Board [Ts 9c Td]
Seat 4: ABATAPP (button) (small blind) collected ($11.76)
Seat 5: vitamin168 (big blind) folded on the Flop


PokerStars Hand #156180668827:  Hold'em Limit ($3/$6 USD) - 2016/07/19 14:29:08 ET
Table 'Scheila' 6-max Seat #5 is the button
Seat 4: ABATAPP ($79.29 in chips)
Seat 5: vitamin168 ($125.27 in chips)
vitamin168: posts small blind $1
ABATAPP: posts big blind $3
*** HOLE CARDS ***
vitamin168: raises $3 to $6
ABATAPP: folds
Uncalled bet ($3) returned to vitamin168
vitamin168 collected $6 from pot
vitamin168: doesn't show hand
*** SUMMARY ***
Total pot $6 | Rake $0
Seat 4: ABATAPP (big blind) folded before Flop
Seat 5: vitamin168 (button) (small blind) collected ($6)


PokerStars Hand #156180680999:  Hold'em Limit ($3/$6 USD) - 2016/07/19 14:29:24 ET
Table 'Scheila' 6-max Seat #5 is the button
Seat 4: ABATAPP ($82.05 in chips)
Seat 5: vitamin168 ($122.27 in chips)
vitamin168: posts small blind $1
ABATAPP: posts big blind $3
*** HOLE CARDS ***
vitamin168: raises $3 to $6
ABATAPP: calls $3
*** FLOP *** [9h 4s 8h]
ABATAPP: checks
vitamin168: checks
*** TURN *** [9h 4s 8h] [2s]
ABATAPP: checks
vitamin168: checks
*** RIVER *** [9h 4s 8h 2s] [As]
ABATAPP: checks
vitamin168: bets $6
ABATAPP: calls $6
*** SHOW DOWN ***
vitamin168: shows [3h Jc] (high card Ace)
ABATAPP: shows [8d Ts] (a pair of Eights)
ABATAPP collected $23.52 from pot
*** SUMMARY ***
Total pot $24 | Rake $0.48
Board [9h 4s 8h 2s As]
Seat 4: ABATAPP (big blind) showed [8d Ts] and won ($23.52) with a pair of Eights
Seat 5: vitamin168 (button) (small blind) showed [3h Jc] and lost with high card Ace


PokerStars Hand #156180692450:  Hold'em Limit ($3/$6 USD) - 2016/07/19 14:29:39 ET
Table 'Scheila' 6-max Seat #4 is the button
Seat 4: ABATAPP ($93.57 in chips)
Seat 5: vitamin168 ($110.27 in chips)
ABATAPP: posts small blind $1
vitamin168: posts big blind $3
*** HOLE CARDS ***
ABATAPP: raises $3 to $6
vitamin168: calls $3
*** FLOP *** [6s Jh As]
vitamin168: checks
ABATAPP: checks
*** TURN *** [6s Jh As] [Ts]
vitamin168: bets $6
ABATAPP: calls $6
*** RIVER *** [6s Jh As Ts] [Th]
vitamin168: bets $6
ABATAPP: raises $6 to $12
vitamin168: calls $6
*** SHOW DOWN ***
ABATAPP: shows [Tc 7d] (three of a kind, Tens)
vitamin168: mucks hand
ABATAPP collected $47.50 from pot
*** SUMMARY ***
Total pot $48 | Rake $0.50
Board [6s Jh As Ts Th]
Seat 4: ABATAPP (button) (small blind) showed [Tc 7d] and won ($47.50) with three of a kind, Tens
Seat 5: vitamin168 (big blind) mucked


PokerStars Hand #156180792308:  Hold'em Limit ($3/$6 USD) - 2016/07/19 14:31:47 ET
Table 'Scheila' 6-max Seat #5 is the button
Seat 4: ABATAPP ($92.07 in chips)
Seat 5: vitamin168 ($128.32 in chips)
vitamin168: posts small blind $1
ABATAPP: posts big blind $3
*** HOLE CARDS ***
vitamin168: raises $3 to $6
ABATAPP: calls $3
*** FLOP *** [7d Th 5c]
ABATAPP: checks
vitamin168: checks
*** TURN *** [7d Th 5c] [9c]
ABATAPP: checks
vitamin168: checks
*** RIVER *** [7d Th 5c 9c] [Js]
ABATAPP: bets $6
vitamin168: folds
Uncalled bet ($6) returned to ABATAPP
ABATAPP collected $11.76 from pot
ABATAPP: doesn't show hand
*** SUMMARY ***
Total pot $12 | Rake $0.24
Board [7d Th 5c 9c Js]
Seat 4: ABATAPP (big blind) collected ($11.76)
Seat 5: vitamin168 (button) (small blind) folded on the River


PokerStars Hand #156180801805:  Hold'em Limit ($3/$6 USD) - 2016/07/19 14:31:59 ET
Table 'Scheila' 6-max Seat #4 is the button
Seat 4: ABATAPP ($97.83 in chips)
Seat 5: vitamin168 ($122.32 in chips)
ABATAPP: posts small blind $1
vitamin168: posts big blind $3
*** HOLE CARDS ***
ABATAPP: raises $3 to $6
vitamin168: folds
Uncalled bet ($3) returned to ABATAPP
ABATAPP collected $6 from pot
ABATAPP: doesn't show hand
sammybeyo joins the table at seat #3
*** SUMMARY ***
Total pot $6 | Rake $0
Seat 4: ABATAPP (button) (small blind) collected ($6)
Seat 5: vitamin168 (big blind) folded before Flop


PokerStars Hand #156180833125:  Hold'em Limit ($3/$6 USD) - 2016/07/19 14:32:39 ET
Table 'Scheila' 6-max Seat #4 is the button
Seat 4: ABATAPP ($138.73 in chips)
Seat 5: vitamin168 ($109.32 in chips)
ABATAPP: posts small blind $1
vitamin168: posts big blind $3
*** HOLE CARDS ***
ABATAPP: folds
Uncalled bet ($2) returned to vitamin168
vitamin168 collected $2 from pot
vitamin168: doesn't show hand
*** SUMMARY ***
Total pot $2 | Rake $0
Seat 4: ABATAPP (button) (small blind) folded before Flop
Seat 5: vitamin168 (big blind) collected ($2)


PokerStars Hand #156180866035:  Hold'em Limit ($3/$6 USD) - 2016/07/19 14:33:22 ET
Table 'Scheila' 6-max Seat #5 is the button
Seat 4: ABATAPP ($141.73 in chips)
Seat 5: vitamin168 ($134.73 in chips)
vitamin168: posts small blind $1
ABATAPP: posts big blind $3
*** HOLE CARDS ***
sammybeyo leaves the table
vitamin168: folds
Uncalled bet ($2) returned to ABATAPP
ABATAPP collected $2 from pot
ABATAPP: doesn't show hand
*** SUMMARY ***
Total pot $2 | Rake $0
Seat 4: ABATAPP (big blind) collected ($2)
Seat 5: vitamin168 (button) (small blind) folded before Flop


PokerStars Hand #156180869942:  Hold'em Limit ($3/$6 USD) - 2016/07/19 14:33:27 ET
Table 'Scheila' 6-max Seat #4 is the button
Seat 4: ABATAPP ($142.73 in chips)
Seat 5: vitamin168 ($133.73 in chips)
ABATAPP: posts small blind $1
vitamin168: posts big blind $3
*** HOLE CARDS ***
ABATAPP: raises $3 to $6
vitamin168: folds
Uncalled bet ($3) returned to ABATAPP
ABATAPP collected $6 from pot
ABATAPP: doesn't show hand
*** SUMMARY ***
Total pot $6 | Rake $0
Seat 4: ABATAPP (button) (small blind) collected ($6)
Seat 5: vitamin168 (big blind) folded before Flop


PokerStars Hand #156180874900:  Hold'em Limit ($3/$6 USD) - 2016/07/19 14:33:33 ET
Table 'Scheila' 6-max Seat #5 is the button
Seat 4: ABATAPP ($145.73 in chips)
Seat 5: vitamin168 ($130.73 in chips)
vitamin168: posts small blind $1
ABATAPP: posts big blind $3
*** HOLE CARDS ***
vitamin168: raises $3 to $6
ABATAPP: calls $3
*** FLOP *** [4h Kc 2s]
ABATAPP: checks
vitamin168: bets $3
ABATAPP: calls $3
*** TURN *** [4h Kc 2s] [6c]
ABATAPP: checks
vitamin168: bets $6
ABATAPP: calls $6
*** RIVER *** [4h Kc 2s 6c] [Qc]
ABATAPP: checks
vitamin168: bets $6
ABATAPP: calls $6
*** SHOW DOWN ***
vitamin168: shows [Kh 4c] (two pair, Kings and Fours)
ABATAPP: mucks hand
vitamin168 collected $41.50 from pot
*** SUMMARY ***
Total pot $42 | Rake $0.50
Board [4h Kc 2s 6c Qc]
Seat 4: ABATAPP (big blind) mucked
Seat 5: vitamin168 (button) (small blind) showed [Kh 4c] and won ($41.50) with two pair, Kings and Fours


PokerStars Hand #156180892810:  Hold'em Limit ($3/$6 USD) - 2016/07/19 14:33:56 ET
Table 'Scheila' 6-max Seat #5 is the button
Seat 4: ABATAPP ($123.73 in chips)
Seat 5: vitamin168 ($152.23 in chips)
vitamin168: posts small blind $1
ABATAPP: posts big blind $3
*** HOLE CARDS ***
vitamin168: folds
Uncalled bet ($2) returned to ABATAPP
ABATAPP collected $2 from pot
ABATAPP: doesn't show hand
vitamin168 leaves the table
*** SUMMARY ***
Total pot $2 | Rake $0
Seat 4: ABATAPP (big blind) collected ($2)
Seat 5: vitamin168 (button) (small blind) folded before Flop


PokerStars Hand #156180889041:  Hold'em Limit ($3/$6 USD) - 2016/07/19 14:33:52 ET
Table 'Scheila' 6-max Seat #4 is the button
Seat 4: ABATAPP ($124.73 in chips)
Seat 5: vitamin168 ($151.23 in chips)
ABATAPP: posts small blind $1
vitamin168: posts big blind $3
*** HOLE CARDS ***
ABATAPP: folds
Uncalled bet ($2) returned to vitamin168
vitamin168 collected $2 from pot
vitamin168: doesn't show hand
*** SUMMARY ***
Total pot $2 | Rake $0
Seat 4: ABATAPP (button) (small blind) folded before Flop
Seat 5: vitamin168 (big blind) collected ($2)


PokerStars Hand #156181161363:  Hold'em Limit ($3/$6 USD) - 2016/07/19 14:39:46 ET
Table 'Scheila' 6-max Seat #5 is the button
Seat 5: Scheubi88 ($91 in chips)
Seat 6: hairy1961 ($59 in chips)
Scheubi88: posts small blind $1
hairy1961: posts big blind $3
*** HOLE CARDS ***
Scheubi88: raises $3 to $6
hairy1961: calls $3
*** FLOP *** [2c 7c 7h]
hairy1961: checks
Scheubi88: bets $3
hairy1961: calls $3
*** TURN *** [2c 7c 7h] [7s]
hairy1961: checks
Scheubi88: bets $6
hairy1961: folds
Uncalled bet ($6) returned to Scheubi88
Scheubi88 collected $17.64 from pot
Scheubi88: doesn't show hand
*** SUMMARY ***
Total pot $18 | Rake $0.36
Board [2c 7c 7h 7s]
Seat 5: Scheubi88 (button) (small blind) collected ($17.64)
Seat 6: hairy1961 (big blind) folded on the Turn


PokerStars Hand #156181153200:  Hold'em Limit ($3/$6 USD) - 2016/07/19 14:39:36 ET
Table 'Scheila' 6-max Seat #6 is the button
Seat 5: Scheubi88 ($90 in chips)
Seat 6: hairy1961 ($60 in chips)
hairy1961: posts small blind $1
Scheubi88: posts big blind $3
*** HOLE CARDS ***
hairy1961: folds
Uncalled bet ($2) returned to Scheubi88
Scheubi88 collected $2 from pot
Scheubi88: doesn't show hand
*** SUMMARY ***
Total pot $2 | Rake $0
Seat 5: Scheubi88 (big blind) collected ($2)
Seat 6: hairy1961 (button) (small blind) folded before Flop


PokerStars Hand #156181174951:  Hold'em Limit ($3/$6 USD) - 2016/07/19 14:40:04 ET
Table 'Scheila' 6-max Seat #6 is the button
Seat 5: Scheubi88 ($99.64 in chips)
Seat 6: hairy1961 ($50 in chips)
hairy1961: posts small blind $1
Scheubi88: posts big blind $3
*** HOLE CARDS ***
hairy1961: raises $3 to $6
Scheubi88: folds
Uncalled bet ($3) returned to hairy1961
hairy1961 collected $6 from pot
*** SUMMARY ***
Total pot $6 | Rake $0
Seat 5: Scheubi88 (big blind) folded before Flop
Seat 6: hairy1961 (button) (small blind) collected ($6)


PokerStars Hand #156181179879:  Hold'em Limit ($3/$6 USD) - 2016/07/19 14:40:10 ET
Table 'Scheila' 6-max Seat #5 is the button
Seat 5: Scheubi88 ($96.64 in chips)
Seat 6: hairy1961 ($53 in chips)
Scheubi88: posts small blind $1
hairy1961: posts big blind $3
*** HOLE CARDS ***
Scheubi88: raises $3 to $6
hairy1961: raises $3 to $9
Scheubi88: calls $3
*** FLOP *** [3c 2s 6s]
hairy1961: bets $3
Scheubi88: calls $3
*** TURN *** [3c 2s 6s] [Qd]
hairy1961: bets $6
Scheubi88: calls $6
*** RIVER *** [3c 2s 6s Qd] [3d]
yayaya joins the table at seat #3
hairy1961: bets $6
Scheubi88: calls $6
*** SHOW DOWN ***
hairy1961: shows [Ah 2c] (two pair, Threes and Deuces)
Scheubi88: shows [6h Kd] (two pair, Sixes and Threes)
Scheubi88 collected $47.50 from pot
*** SUMMARY ***
Total pot $48 | Rake $0.50
Board [3c 2s 6s Qd 3d]
Seat 5: Scheubi88 (button) (small blind) showed [6h Kd] and won ($47.50) with two pair, Sixes and Threes
Seat 6: hairy1961 (big blind) showed [Ah 2c] and lost with two pair, Threes and Deuces


PokerStars Hand #156181292208:  Hold'em Limit ($3/$6 USD) - 2016/07/19 14:42:37 ET
Table 'Scheila' 6-max Seat #3 is the button
Seat 3: yayaya ($150.76 in chips)
Seat 5: Scheubi88 ($112.95 in chips)
yayaya: posts small blind $1
Scheubi88: posts big blind $3
*** HOLE CARDS ***
yayaya: raises $3 to $6
Scheubi88: calls $3
*** FLOP *** [Td Ks 3s]
Scheubi88: checks
yayaya: bets $3
Scheubi88: folds
Uncalled bet ($3) returned to yayaya
yayaya collected $11.76 from pot
*** SUMMARY ***
Total pot $12 | Rake $0.24
Board [Td Ks 3s]
Seat 3: yayaya (button) (small blind) collected ($11.76)
Seat 5: Scheubi88 (big blind) folded on the Flop


PokerStars Hand #156181281554:  Hold'em Limit ($3/$6 USD) - 2016/07/19 14:42:23 ET
Table 'Scheila' 6-max Seat #5 is the button
Seat 3: yayaya ($142.12 in chips)
Seat 5: Scheubi88 ($121.95 in chips)
Scheubi88: posts small blind $1
yayaya: posts big blind $3
*** HOLE CARDS ***
hairy1961 leaves the table
Scheubi88: raises $3 to $6
yayaya: calls $3
*** FLOP *** [9c 7c Ad]
yayaya: checks
Scheubi88: bets $3
yayaya: calls $3
*** TURN *** [9c 7c Ad] [Ah]
yayaya: checks
Scheubi88: checks
*** RIVER *** [9c 7c Ad Ah] [Tc]
yayaya: bets $6
Scheubi88: folds
Uncalled bet ($6) returned to yayaya
yayaya collected $17.64 from pot
*** SUMMARY ***
Total pot $18 | Rake $0.36
Board [9c 7c Ad Ah Tc]
Seat 3: yayaya (big blind) collected ($17.64)
Seat 5: Scheubi88 (button) (small blind) folded on the River


PokerStars Hand #156181642872:  Hold'em Limit ($3/$6 USD) - 2016/07/19 14:50:05 ET
Table 'Scheila' 6-max Seat #5 is the button
Seat 5: Scheubi88 ($106.95 in chips)
Seat 6: Butifara4416 ($72 in chips)
Scheubi88: posts small blind $1
Butifara4416: posts big blind $3
*** HOLE CARDS ***
Scheubi88: raises $3 to $6
Butifara4416: raises $3 to $9
Scheubi88: calls $3
*** FLOP *** [4d 4c 3h]
Butifara4416: bets $3
Scheubi88: calls $3
*** TURN *** [4d 4c 3h] [Qh]
Butifara4416: bets $6
Scheubi88: calls $6
*** RIVER *** [4d 4c 3h Qh] [Ad]
Butifara4416: checks
Scheubi88: bets $6
krytalex joins the table at seat #1
Butifara4416: calls $6
*** SHOW DOWN ***
Scheubi88: shows [5s Kc] (a pair of Fours)
Butifara4416: shows [9s 9d] (two pair, Nines and Fours)
Butifara4416 collected $47.50 from pot
*** SUMMARY ***
Total pot $48 | Rake $0.50
Board [4d 4c 3h Qh Ad]
Seat 5: Scheubi88 (button) (small blind) showed [5s Kc] and lost with a pair of Fours
Seat 6: Butifara4416 (big blind) showed [9s 9d] and won ($47.50) with two pair, Nines and Fours


