PokerStars Hand #157956158854:  Hold'em Limit ($3/$6 USD) - 2016/08/30 19:54:44 ET
Table 'Scheherezade' 6-max Seat #6 is the button
Seat 3: Kongdori ($158.50 in chips)
Seat 6: Pandakey ($71.68 in chips)
Pandakey: posts small blind $1
Kongdori: posts big blind $3
*** HOLE CARDS ***
Pandakey: raises $3 to $6
Kongdori: calls $3
*** FLOP *** [Tc Qs 4h]
Kongdori: checks
Pandakey: bets $3
Kongdori: calls $3
*** TURN *** [Tc Qs 4h] [Ad]
Kongdori: checks
Pandakey: bets $6
Kongdori: folds
Uncalled bet ($6) returned to Pandakey
Pandakey collected $17.64 from pot
Pandakey: doesn't show hand
*** SUMMARY ***
Total pot $18 | Rake $0.36
Board [Tc Qs 4h Ad]
Seat 3: Kongdori (big blind) folded on the Turn
Seat 6: Pandakey (button) (small blind) collected ($17.64)


PokerStars Hand #157956155874:  Hold'em Limit ($3/$6 USD) - 2016/08/30 19:54:38 ET
Table 'Scheherezade' 6-max Seat #3 is the button
Seat 3: Kongdori ($155.50 in chips)
Seat 6: Pandakey ($74.68 in chips)
Kongdori: posts small blind $1
Pandakey: posts big blind $3
*** HOLE CARDS ***
Kongdori: raises $3 to $6
Pandakey: folds
Uncalled bet ($3) returned to Kongdori
Kongdori collected $6 from pot
*** SUMMARY ***
Total pot $6 | Rake $0
Seat 3: Kongdori (button) (small blind) collected ($6)
Seat 6: Pandakey (big blind) folded before Flop


PokerStars Hand #157956153170:  Hold'em Limit ($3/$6 USD) - 2016/08/30 19:54:33 ET
Table 'Scheherezade' 6-max Seat #6 is the button
Seat 3: Kongdori ($158.50 in chips)
Seat 6: Pandakey ($71.68 in chips)
Pandakey: posts small blind $1
Kongdori: posts big blind $3
*** HOLE CARDS ***
Pandakey: raises $3 to $6
Kongdori: folds
Uncalled bet ($3) returned to Pandakey
Pandakey collected $6 from pot
Pandakey: doesn't show hand
*** SUMMARY ***
Total pot $6 | Rake $0
Seat 3: Kongdori (big blind) folded before Flop
Seat 6: Pandakey (button) (small blind) collected ($6)


PokerStars Hand #157956147867:  Hold'em Limit ($3/$6 USD) - 2016/08/30 19:54:22 ET
Table 'Scheherezade' 6-max Seat #3 is the button
Seat 3: Kongdori ($164.50 in chips)
Seat 6: Pandakey ($65.92 in chips)
Kongdori: posts small blind $1
Pandakey: posts big blind $3
*** HOLE CARDS ***
Kongdori: calls $2
Pandakey: raises $3 to $6
Kongdori: calls $3
*** FLOP *** [9h 9s Ts]
Pandakey: bets $3
Kongdori: folds
Uncalled bet ($3) returned to Pandakey
Pandakey collected $11.76 from pot
Pandakey: doesn't show hand
*** SUMMARY ***
Total pot $12 | Rake $0.24
Board [9h 9s Ts]
Seat 3: Kongdori (button) (small blind) folded on the Flop
Seat 6: Pandakey (big blind) collected ($11.76)


PokerStars Hand #157956134610:  Hold'em Limit ($3/$6 USD) - 2016/08/30 19:53:55 ET
Table 'Scheherezade' 6-max Seat #6 is the button
Seat 3: Kongdori ($150 in chips)
Seat 6: Pandakey ($80.92 in chips)
Pandakey: posts small blind $1
Kongdori: posts big blind $3
*** HOLE CARDS ***
Pandakey: raises $3 to $6
Kongdori: calls $3
*** FLOP *** [Jc Jh 8h]
Kongdori: checks
Pandakey: bets $3
Kongdori: calls $3
*** TURN *** [Jc Jh 8h] [Ks]
Kongdori: checks
Pandakey: bets $6
Kongdori: calls $6
*** RIVER *** [Jc Jh 8h Ks] [4d]
Kongdori: checks
Pandakey: checks
*** SHOW DOWN ***
Kongdori: shows [3c Ah] (a pair of Jacks)
Pandakey: mucks hand
Kongdori collected $29.50 from pot
*** SUMMARY ***
Total pot $30 | Rake $0.50
Board [Jc Jh 8h Ks 4d]
Seat 3: Kongdori (big blind) showed [3c Ah] and won ($29.50) with a pair of Jacks
Seat 6: Pandakey (button) (small blind) mucked


PokerStars Hand #157956176564:  Hold'em Limit ($3/$6 USD) - 2016/08/30 19:55:21 ET
Table 'Scheherezade' 6-max Seat #6 is the button
Seat 3: Kongdori ($150 in chips)
Seat 6: Pandakey ($91.84 in chips)
Pandakey: posts small blind $1
Kongdori: posts big blind $3
*** HOLE CARDS ***
Pandakey: raises $3 to $6
Kongdori: calls $3
*** FLOP *** [5d Ad 2c]
Kongdori: checks
Pandakey: bets $3
Kongdori: calls $3
*** TURN *** [5d Ad 2c] [Kd]
Kongdori: checks
Pandakey: checks
*** RIVER *** [5d Ad 2c Kd] [4d]
Kongdori: checks
Pandakey: bets $6
Kongdori: calls $6
*** SHOW DOWN ***
Pandakey: shows [Td 7h] (a flush, Ace high)
Kongdori: mucks hand
Pandakey collected $29.50 from pot
*** SUMMARY ***
Total pot $30 | Rake $0.50
Board [5d Ad 2c Kd 4d]
Seat 3: Kongdori (big blind) mucked
Seat 6: Pandakey (button) (small blind) showed [Td 7h] and won ($29.50) with a flush, Ace high


PokerStars Hand #157956168355:  Hold'em Limit ($3/$6 USD) - 2016/08/30 19:55:04 ET
Table 'Scheherezade' 6-max Seat #3 is the button
Seat 3: Kongdori ($150 in chips)
Seat 6: Pandakey ($80.32 in chips)
Kongdori: posts small blind $1
Pandakey: posts big blind $3
*** HOLE CARDS ***
Kongdori: raises $3 to $6
Pandakey: calls $3
*** FLOP *** [Td 2d 6c]
Pandakey: checks
Kongdori: bets $3
Pandakey: raises $3 to $6
Kongdori: calls $3
*** TURN *** [Td 2d 6c] [9s]
Pandakey: bets $6
Kongdori: folds
Uncalled bet ($6) returned to Pandakey
Pandakey collected $23.52 from pot
Pandakey: doesn't show hand
*** SUMMARY ***
Total pot $24 | Rake $0.48
Board [Td 2d 6c 9s]
Seat 3: Kongdori (button) (small blind) folded on the Turn
Seat 6: Pandakey (big blind) collected ($23.52)


PokerStars Hand #157956202756:  Hold'em Limit ($3/$6 USD) - 2016/08/30 19:56:26 ET
Table 'Scheherezade' 6-max Seat #3 is the button
Seat 3: Kongdori ($185.02 in chips)
Seat 6: Pandakey ($70.34 in chips)
Kongdori: posts small blind $1
Pandakey: posts big blind $3
*** HOLE CARDS ***
Kongdori: raises $3 to $6
Pandakey: raises $3 to $9
Kongdori: calls $3
*** FLOP *** [9d 9h 3c]
Pandakey: bets $3
Kongdori: calls $3
*** TURN *** [9d 9h 3c] [Ac]
Pandakey: bets $6
Kongdori: folds
Uncalled bet ($6) returned to Pandakey
Pandakey collected $23.52 from pot
Pandakey: doesn't show hand
*** SUMMARY ***
Total pot $24 | Rake $0.48
Board [9d 9h 3c Ac]
Seat 3: Kongdori (button) (small blind) folded on the Turn
Seat 6: Pandakey (big blind) collected ($23.52)


PokerStars Hand #157956195050:  Hold'em Limit ($3/$6 USD) - 2016/08/30 19:56:07 ET
Table 'Scheherezade' 6-max Seat #6 is the button
Seat 3: Kongdori ($161.52 in chips)
Seat 6: Pandakey ($94.34 in chips)
Pandakey: posts small blind $1
Kongdori: posts big blind $3
*** HOLE CARDS ***
Pandakey: raises $3 to $6
Kongdori: calls $3
*** FLOP *** [4c 6d Js]
Kongdori: checks
Pandakey: bets $3
Kongdori: raises $3 to $6
Pandakey: calls $3
*** TURN *** [4c 6d Js] [7s]
Kongdori: bets $6
Pandakey: calls $6
*** RIVER *** [4c 6d Js 7s] [5h]
Kongdori: bets $6
Pandakey: calls $6
*** SHOW DOWN ***
Kongdori: shows [3s 2d] (a straight, Three to Seven)
Pandakey: mucks hand
Kongdori collected $47.50 from pot
*** SUMMARY ***
Total pot $48 | Rake $0.50
Board [4c 6d Js 7s 5h]
Seat 3: Kongdori (big blind) showed [3s 2d] and won ($47.50) with a straight, Three to Seven
Seat 6: Pandakey (button) (small blind) mucked


PokerStars Hand #157956187253:  Hold'em Limit ($3/$6 USD) - 2016/08/30 19:55:48 ET
Table 'Scheherezade' 6-max Seat #3 is the button
Seat 3: Kongdori ($150 in chips)
Seat 6: Pandakey ($106.34 in chips)
Kongdori: posts small blind $1
Pandakey: posts big blind $3
*** HOLE CARDS ***
Kongdori: raises $3 to $6
Pandakey: calls $3
*** FLOP *** [4c 6h 6c]
Pandakey: checks
Kongdori: checks
*** TURN *** [4c 6h 6c] [Tc]
Pandakey: bets $6
Kongdori: calls $6
*** RIVER *** [4c 6h 6c Tc] [5c]
Pandakey: checks
Kongdori: bets $6
Pandakey: folds
Uncalled bet ($6) returned to Kongdori
Kongdori collected $23.52 from pot
*** SUMMARY ***
Total pot $24 | Rake $0.48
Board [4c 6h 6c Tc 5c]
Seat 3: Kongdori (button) (small blind) collected ($23.52)
Seat 6: Pandakey (big blind) folded on the River


PokerStars Hand #157956208836:  Hold'em Limit ($3/$6 USD) - 2016/08/30 19:56:41 ET
Table 'Scheherezade' 6-max Seat #6 is the button
Seat 3: Kongdori ($173.02 in chips)
Seat 6: Pandakey ($81.86 in chips)
Pandakey: posts small blind $1
Kongdori: posts big blind $3
*** HOLE CARDS ***
Pandakey: raises $3 to $6
Kongdori: raises $3 to $9
Pandakey: calls $3
*** FLOP *** [7s 4h Tc]
Kongdori: bets $3
Pandakey: calls $3
*** TURN *** [7s 4h Tc] [5h]
Kongdori: bets $6
Pandakey: calls $6
*** RIVER *** [7s 4h Tc 5h] [6s]
Kongdori: checks
Pandakey: bets $6
Kongdori: calls $6
*** SHOW DOWN ***
Pandakey: shows [Kh 7c] (a pair of Sevens)
Kongdori: shows [9d Ts] (a pair of Tens)
Kongdori collected $47.50 from pot
*** SUMMARY ***
Total pot $48 | Rake $0.50
Board [7s 4h Tc 5h 6s]
Seat 3: Kongdori (big blind) showed [9d Ts] and won ($47.50) with a pair of Tens
Seat 6: Pandakey (button) (small blind) showed [Kh 7c] and lost with a pair of Sevens


PokerStars Hand #157956231827:  Hold'em Limit ($3/$6 USD) - 2016/08/30 19:57:36 ET
Table 'Scheherezade' 6-max Seat #6 is the button
Seat 3: Kongdori ($181.52 in chips)
Seat 6: Pandakey ($72.36 in chips)
Pandakey: posts small blind $1
Kongdori: posts big blind $3
*** HOLE CARDS ***
Pandakey: raises $3 to $6
Kongdori: raises $3 to $9
Pandakey: calls $3
*** FLOP *** [Js 8s 6s]
Kongdori: bets $3
Pandakey: calls $3
*** TURN *** [Js 8s 6s] [Kc]
Kongdori: bets $6
Pandakey: calls $6
*** RIVER *** [Js 8s 6s Kc] [5s]
Kongdori: checks
Pandakey: checks
*** SHOW DOWN ***
Kongdori: shows [Ts 9c] (a flush, Jack high)
Pandakey: mucks hand
Kongdori collected $35.50 from pot
*** SUMMARY ***
Total pot $36 | Rake $0.50
Board [Js 8s 6s Kc 5s]
Seat 3: Kongdori (big blind) showed [Ts 9c] and won ($35.50) with a flush, Jack high
Seat 6: Pandakey (button) (small blind) mucked


PokerStars Hand #157956219396:  Hold'em Limit ($3/$6 USD) - 2016/08/30 19:57:06 ET
Table 'Scheherezade' 6-max Seat #3 is the button
Seat 3: Kongdori ($196.52 in chips)
Seat 6: Pandakey ($57.86 in chips)
Kongdori: posts small blind $1
Pandakey: posts big blind $3
*** HOLE CARDS ***
NutsNit joins the table at seat #4
Kongdori: raises $3 to $6
Pandakey: calls $3
*** FLOP *** [5h 7h Kd]
Pandakey: checks
Kongdori: bets $3
Pandakey: calls $3
*** TURN *** [5h 7h Kd] [Kh]
Pandakey: checks
Kongdori: checks
*** RIVER *** [5h 7h Kd Kh] [3d]
Pandakey: checks
Kongdori: bets $6
Pandakey: calls $6
*** SHOW DOWN ***
Kongdori: shows [2c 6d] (a pair of Kings)
Pandakey: shows [4h Ac] (a pair of Kings - Ace kicker)
Pandakey collected $29.50 from pot
*** SUMMARY ***
Total pot $30 | Rake $0.50
Board [5h 7h Kd Kh 3d]
Seat 3: Kongdori (button) (small blind) showed [2c 6d] and lost with a pair of Kings
Seat 6: Pandakey (big blind) showed [4h Ac] and won ($29.50) with a pair of Kings


