PokerStars Hand #161399433536:  Hold'em Limit ($3/$6 USD) - 2016/11/14 14:12:07 ET
Table 'Scheila II' 6-max Seat #6 is the button
Seat 3: mpakals8 ($33.95 in chips)
Seat 6: kiasr452 ($40.61 in chips)
kiasr452: posts small blind $1
mpakals8: posts big blind $3
*** HOLE CARDS ***
kiasr452: calls $2
mpakals8: raises $3 to $6
kiasr452: calls $3
*** FLOP *** [9d 6h 2s]
mpakals8: bets $3
kiasr452: calls $3
*** TURN *** [9d 6h 2s] [Ac]
mpakals8: bets $6
kiasr452: folds
Uncalled bet ($6) returned to mpakals8
mpakals8 collected $17.64 from pot
mpakals8: doesn't show hand
*** SUMMARY ***
Total pot $18 | Rake $0.36
Board [9d 6h 2s Ac]
Seat 3: mpakals8 (big blind) collected ($17.64)
Seat 6: kiasr452 (button) (small blind) folded on the Turn


PokerStars Hand #161399447668:  Hold'em Limit ($3/$6 USD) - 2016/11/14 14:12:22 ET
Table 'Scheila II' 6-max Seat #3 is the button
Seat 3: mpakals8 ($42.59 in chips)
Seat 6: kiasr452 ($31.61 in chips)
mpakals8: posts small blind $1
kiasr452: posts big blind $3
*** HOLE CARDS ***
mpakals8: raises $3 to $6
kiasr452: raises $3 to $9
mpakals8: calls $3
*** FLOP *** [7d 9h 5h]
kiasr452: bets $3
mpakals8: calls $3
*** TURN *** [7d 9h 5h] [Qc]
kiasr452: bets $6
mpakals8: folds
Uncalled bet ($6) returned to kiasr452
kiasr452 collected $23.52 from pot
kiasr452: doesn't show hand
*** SUMMARY ***
Total pot $24 | Rake $0.48
Board [7d 9h 5h Qc]
Seat 3: mpakals8 (button) (small blind) folded on the Turn
Seat 6: kiasr452 (big blind) collected ($23.52)


PokerStars Hand #161399489777:  Hold'em Limit ($3/$6 USD) - 2016/11/14 14:13:07 ET
Table 'Scheila II' 6-max Seat #6 is the button
Seat 3: mpakals8 ($21.35 in chips)
Seat 6: kiasr452 ($51.63 in chips)
kiasr452: posts small blind $1
mpakals8: posts big blind $3
*** HOLE CARDS ***
Great_Kang joins the table at seat #5
kiasr452: calls $2
mpakals8: raises $3 to $6
kiasr452: calls $3
*** FLOP *** [2h 4h Jc]
mpakals8: bets $3
kiasr452: calls $3
*** TURN *** [2h 4h Jc] [7d]
mpakals8: bets $6
kiasr452: calls $6
*** RIVER *** [2h 4h Jc 7d] [Tc]
mpakals8: bets $6
kiasr452: folds
Uncalled bet ($6) returned to mpakals8
mpakals8 collected $29.50 from pot
mpakals8: doesn't show hand
*** SUMMARY ***
Total pot $30 | Rake $0.50
Board [2h 4h Jc 7d Tc]
Seat 3: mpakals8 (big blind) collected ($29.50)
Seat 6: kiasr452 (button) (small blind) folded on the River


PokerStars Hand #161399473435:  Hold'em Limit ($3/$6 USD) - 2016/11/14 14:12:49 ET
Table 'Scheila II' 6-max Seat #3 is the button
Seat 3: mpakals8 ($36.35 in chips)
Seat 6: kiasr452 ($37.13 in chips)
mpakals8: posts small blind $1
kiasr452: posts big blind $3
*** HOLE CARDS ***
mpakals8: raises $3 to $6
kiasr452: calls $3
*** FLOP *** [Qd 5c 4c]
kiasr452: checks
mpakals8: bets $3
kiasr452: calls $3
*** TURN *** [Qd 5c 4c] [3h]
kiasr452: checks
mpakals8: bets $6
kiasr452: calls $6
*** RIVER *** [Qd 5c 4c 3h] [7s]
kiasr452: checks
mpakals8: checks
*** SHOW DOWN ***
kiasr452: shows [7d 3s] (two pair, Sevens and Threes)
mpakals8: mucks hand
Espn2777 joins the table at seat #4
kiasr452 collected $29.50 from pot
*** SUMMARY ***
Total pot $30 | Rake $0.50
Board [Qd 5c 4c 3h 7s]
Seat 3: mpakals8 (button) (small blind) mucked
Seat 6: kiasr452 (big blind) showed [7d 3s] and won ($29.50) with two pair, Sevens and Threes


