PokerStars Hand #146272350283:  Hold'em Limit ($3/$6 USD) - 2016/01/01 10:20:03 ET
Table 'Scheat' 2-max Seat #1 is the button
Seat 1: minigus575 ($131.52 in chips)
Seat 2: punkrott ($60 in chips)
minigus575: posts small blind $1
punkrott: posts big blind $3
*** HOLE CARDS ***
minigus575: raises $3 to $6
punkrott: calls $3
*** FLOP *** [3d Ad 5s]
punkrott: checks
minigus575: bets $3
punkrott: calls $3
*** TURN *** [3d Ad 5s] [2s]
punkrott: checks
minigus575: checks
*** RIVER *** [3d Ad 5s 2s] [Qh]
punkrott: bets $6
minigus575: folds
Uncalled bet ($6) returned to punkrott
punkrott collected $17.64 from pot
punkrott: doesn't show hand
*** SUMMARY ***
Total pot $18 | Rake $0.36
Board [3d Ad 5s 2s Qh]
Seat 1: minigus575 (button) (small blind) folded on the River
Seat 2: punkrott (big blind) collected ($17.64)


PokerStars Hand #146272331687:  Hold'em Limit ($3/$6 USD) - 2016/01/01 10:19:38 ET
Table 'Scheat' 2-max Seat #2 is the button
Seat 1: minigus575 ($120 in chips)
Seat 2: punkrott ($72 in chips)
punkrott: posts small blind $1
minigus575: posts big blind $3
*** HOLE CARDS ***
punkrott: raises $3 to $6
minigus575: calls $3
*** FLOP *** [4d 7d As]
minigus575: checks
punkrott: checks
*** TURN *** [4d 7d As] [3s]
minigus575: bets $6
punkrott: calls $6
*** RIVER *** [4d 7d As 3s] [Kd]
minigus575: checks
punkrott: checks
*** SHOW DOWN ***
minigus575: shows [Qh 4h] (a pair of Fours)
punkrott: mucks hand
minigus575 collected $23.52 from pot
*** SUMMARY ***
Total pot $24 | Rake $0.48
Board [4d 7d As 3s Kd]
Seat 1: minigus575 (big blind) showed [Qh 4h] and won ($23.52) with a pair of Fours
Seat 2: punkrott (button) (small blind) mucked


PokerStars Hand #146272385965:  Hold'em Limit ($3/$6 USD) - 2016/01/01 10:20:52 ET
Table 'Scheat' 2-max Seat #2 is the button
Seat 1: minigus575 ($119.04 in chips)
Seat 2: punkrott ($71.14 in chips)
punkrott: posts small blind $1
minigus575: posts big blind $3
*** HOLE CARDS ***
punkrott: folds
Uncalled bet ($2) returned to minigus575
minigus575 collected $2 from pot
minigus575: doesn't show hand
*** SUMMARY ***
Total pot $2 | Rake $0
Seat 1: minigus575 (big blind) collected ($2)
Seat 2: punkrott (button) (small blind) folded before Flop


PokerStars Hand #146272372866:  Hold'em Limit ($3/$6 USD) - 2016/01/01 10:20:34 ET
Table 'Scheat' 2-max Seat #1 is the button
Seat 1: minigus575 ($134.04 in chips)
Seat 2: punkrott ($56.64 in chips)
minigus575: posts small blind $1
punkrott: posts big blind $3
*** HOLE CARDS ***
minigus575: raises $3 to $6
punkrott: calls $3
*** FLOP *** [5d 9d 3h]
punkrott: checks
minigus575: bets $3
punkrott: calls $3
*** TURN *** [5d 9d 3h] [6h]
punkrott: checks
minigus575: bets $6
punkrott: calls $6
*** RIVER *** [5d 9d 3h 6h] [6c]
punkrott: checks
minigus575: checks
*** SHOW DOWN ***
punkrott: shows [Qd 2d] (a pair of Sixes)
minigus575: mucks hand
punkrott collected $29.50 from pot
*** SUMMARY ***
Total pot $30 | Rake $0.50
Board [5d 9d 3h 6h 6c]
Seat 1: minigus575 (button) (small blind) mucked
Seat 2: punkrott (big blind) showed [Qd 2d] and won ($29.50) with a pair of Sixes


PokerStars Hand #146272363230:  Hold'em Limit ($3/$6 USD) - 2016/01/01 10:20:21 ET
Table 'Scheat' 2-max Seat #2 is the button
Seat 1: minigus575 ($122.52 in chips)
Seat 2: punkrott ($68.64 in chips)
punkrott: posts small blind $1
minigus575: posts big blind $3
*** HOLE CARDS ***
punkrott: raises $3 to $6
minigus575: raises $3 to $9
punkrott: calls $3
*** FLOP *** [4d Kh 3s]
minigus575: bets $3
punkrott: calls $3
*** TURN *** [4d Kh 3s] [4s]
minigus575: bets $6
punkrott: folds
Uncalled bet ($6) returned to minigus575
minigus575 collected $23.52 from pot
minigus575: doesn't show hand
*** SUMMARY ***
Total pot $24 | Rake $0.48
Board [4d Kh 3s 4s]
Seat 1: minigus575 (big blind) collected ($23.52)
Seat 2: punkrott (button) (small blind) folded on the Turn


PokerStars Hand #146272441885:  Hold'em Limit ($3/$6 USD) - 2016/01/01 10:22:09 ET
Table 'Scheat' 2-max Seat #1 is the button
Seat 1: minigus575 ($145.82 in chips)
Seat 2: punkrott ($42.78 in chips)
minigus575: posts small blind $1
punkrott: posts big blind $3
*** HOLE CARDS ***
minigus575: raises $3 to $6
punkrott: raises $3 to $9
minigus575: calls $3
*** FLOP *** [6s 5d 4c]
punkrott: bets $3
minigus575: calls $3
*** TURN *** [6s 5d 4c] [Th]
punkrott: bets $6
minigus575: calls $6
*** RIVER *** [6s 5d 4c Th] [Qs]
punkrott: bets $6
minigus575: calls $6
*** SHOW DOWN ***
punkrott: shows [Qd Ac] (a pair of Queens)
minigus575: mucks hand
punkrott collected $47.50 from pot
*** SUMMARY ***
Total pot $48 | Rake $0.50
Board [6s 5d 4c Th Qs]
Seat 1: minigus575 (button) (small blind) mucked
Seat 2: punkrott (big blind) showed [Qd Ac] and won ($47.50) with a pair of Queens


PokerStars Hand #146272431604:  Hold'em Limit ($3/$6 USD) - 2016/01/01 10:21:55 ET
Table 'Scheat' 2-max Seat #2 is the button
Seat 1: minigus575 ($154.82 in chips)
Seat 2: punkrott ($34.14 in chips)
punkrott: posts small blind $1
minigus575: posts big blind $3
*** HOLE CARDS ***
punkrott: raises $3 to $6
minigus575: calls $3
*** FLOP *** [9d 3c 3d]
minigus575: checks
punkrott: bets $3
minigus575: calls $3
*** TURN *** [9d 3c 3d] [Qc]
minigus575: checks
punkrott: bets $6
minigus575: folds
Uncalled bet ($6) returned to punkrott
punkrott collected $17.64 from pot
punkrott: doesn't show hand
*** SUMMARY ***
Total pot $18 | Rake $0.36
Board [9d 3c 3d Qc]
Seat 1: minigus575 (big blind) folded on the Turn
Seat 2: punkrott (button) (small blind) collected ($17.64)


PokerStars Hand #146272424506:  Hold'em Limit ($3/$6 USD) - 2016/01/01 10:21:45 ET
Table 'Scheat' 2-max Seat #1 is the button
Seat 1: minigus575 ($149.06 in chips)
Seat 2: punkrott ($40.14 in chips)
minigus575: posts small blind $1
punkrott: posts big blind $3
*** HOLE CARDS ***
minigus575: raises $3 to $6
punkrott: calls $3
*** FLOP *** [3h As 3d]
punkrott: checks
minigus575: bets $3
punkrott: folds
Uncalled bet ($3) returned to minigus575
minigus575 collected $11.76 from pot
minigus575: doesn't show hand
*** SUMMARY ***
Total pot $12 | Rake $0.24
Board [3h As 3d]
Seat 1: minigus575 (button) (small blind) collected ($11.76)
Seat 2: punkrott (big blind) folded on the Flop


PokerStars Hand #146272414235:  Hold'em Limit ($3/$6 USD) - 2016/01/01 10:21:31 ET
Table 'Scheat' 2-max Seat #2 is the button
Seat 1: minigus575 ($137.54 in chips)
Seat 2: punkrott ($52.14 in chips)
punkrott: posts small blind $1
minigus575: posts big blind $3
*** HOLE CARDS ***
punkrott: raises $3 to $6
minigus575: calls $3
*** FLOP *** [Th 4d 2h]
minigus575: checks
punkrott: bets $3
minigus575: raises $3 to $6
punkrott: calls $3
*** TURN *** [Th 4d 2h] [5c]
minigus575: bets $6
punkrott: folds
Uncalled bet ($6) returned to minigus575
minigus575 collected $23.52 from pot
minigus575: doesn't show hand
*** SUMMARY ***
Total pot $24 | Rake $0.48
Board [Th 4d 2h 5c]
Seat 1: minigus575 (big blind) collected ($23.52)
Seat 2: punkrott (button) (small blind) folded on the Turn


PokerStars Hand #146272389087:  Hold'em Limit ($3/$6 USD) - 2016/01/01 10:20:57 ET
Table 'Scheat' 2-max Seat #1 is the button
Seat 1: minigus575 ($120.04 in chips)
Seat 2: punkrott ($70.14 in chips)
minigus575: posts small blind $1
punkrott: posts big blind $3
*** HOLE CARDS ***
minigus575: raises $3 to $6
punkrott: raises $3 to $9
minigus575: calls $3
*** FLOP *** [3c 7d 4s]
punkrott: bets $3
minigus575: calls $3
*** TURN *** [3c 7d 4s] [2d]
punkrott: bets $6
minigus575: calls $6
*** RIVER *** [3c 7d 4s 2d] [6h]
punkrott: checks
minigus575: bets $6
punkrott: folds
Uncalled bet ($6) returned to minigus575
minigus575 collected $35.50 from pot
minigus575: doesn't show hand
*** SUMMARY ***
Total pot $36 | Rake $0.50
Board [3c 7d 4s 2d 6h]
Seat 1: minigus575 (button) (small blind) collected ($35.50)
Seat 2: punkrott (big blind) folded on the River


PokerStars Hand #146272482377:  Hold'em Limit ($3/$6 USD) - 2016/01/01 10:23:04 ET
Table 'Scheat' 2-max Seat #1 is the button
Seat 1: minigus575 ($58.82 in chips)
Seat 2: punkrott ($128.28 in chips)
minigus575: posts small blind $1
punkrott: posts big blind $3
*** HOLE CARDS ***
minigus575: raises $3 to $6
punkrott: calls $3
*** FLOP *** [Ac 6c 8h]
punkrott: checks
minigus575: bets $3
punkrott: calls $3
*** TURN *** [Ac 6c 8h] [Ks]
punkrott: checks
minigus575: bets $6
punkrott: raises $6 to $12
minigus575: folds
Uncalled bet ($6) returned to punkrott
punkrott collected $29.50 from pot
punkrott: doesn't show hand
*** SUMMARY ***
Total pot $30 | Rake $0.50
Board [Ac 6c 8h Ks]
Seat 1: minigus575 (button) (small blind) folded on the Turn
Seat 2: punkrott (big blind) collected ($29.50)


PokerStars Hand #146272479135:  Hold'em Limit ($3/$6 USD) - 2016/01/01 10:23:00 ET
Table 'Scheat' 2-max Seat #2 is the button
Seat 1: minigus575 ($61.82 in chips)
Seat 2: punkrott ($125.28 in chips)
punkrott: posts small blind $1
minigus575: posts big blind $3
*** HOLE CARDS ***
punkrott: raises $3 to $6
minigus575: folds
Uncalled bet ($3) returned to punkrott
punkrott collected $6 from pot
punkrott: doesn't show hand
*** SUMMARY ***
Total pot $6 | Rake $0
Seat 1: minigus575 (big blind) folded before Flop
Seat 2: punkrott (button) (small blind) collected ($6)


PokerStars Hand #146272465141:  Hold'em Limit ($3/$6 USD) - 2016/01/01 10:22:41 ET
Table 'Scheat' 2-max Seat #1 is the button
Seat 1: minigus575 ($91.82 in chips)
Seat 2: punkrott ($95.78 in chips)
minigus575: posts small blind $1
punkrott: posts big blind $3
*** HOLE CARDS ***
minigus575: raises $3 to $6
punkrott: raises $3 to $9
minigus575: calls $3
*** FLOP *** [5h 3h 8c]
punkrott: bets $3
minigus575: calls $3
*** TURN *** [5h 3h 8c] [Kc]
punkrott: bets $6
minigus575: raises $6 to $12
punkrott: calls $6
*** RIVER *** [5h 3h 8c Kc] [Th]
punkrott: bets $6
minigus575: calls $6
*** SHOW DOWN ***
punkrott: shows [5s Ts] (two pair, Tens and Fives)
minigus575: mucks hand
punkrott collected $59.50 from pot
*** SUMMARY ***
Total pot $60 | Rake $0.50
Board [5h 3h 8c Kc Th]
Seat 1: minigus575 (button) (small blind) mucked
Seat 2: punkrott (big blind) showed [5s Ts] and won ($59.50) with two pair, Tens and Fives


PokerStars Hand #146272453311:  Hold'em Limit ($3/$6 USD) - 2016/01/01 10:22:24 ET
Table 'Scheat' 2-max Seat #2 is the button
Seat 1: minigus575 ($121.82 in chips)
Seat 2: punkrott ($66.28 in chips)
punkrott: posts small blind $1
minigus575: posts big blind $3
*** HOLE CARDS ***
punkrott: raises $3 to $6
minigus575: calls $3
*** FLOP *** [3d Qd 2h]
minigus575: checks
punkrott: bets $3
minigus575: raises $3 to $6
punkrott: calls $3
*** TURN *** [3d Qd 2h] [4d]
minigus575: bets $6
punkrott: calls $6
*** RIVER *** [3d Qd 2h 4d] [7h]
minigus575: bets $6
punkrott: raises $6 to $12
minigus575: calls $6
*** SHOW DOWN ***
punkrott: shows [7d Qs] (two pair, Queens and Sevens)
minigus575: mucks hand
punkrott collected $59.50 from pot
*** SUMMARY ***
Total pot $60 | Rake $0.50
Board [3d Qd 2h 4d 7h]
Seat 1: minigus575 (big blind) mucked
Seat 2: punkrott (button) (small blind) showed [7d Qs] and won ($59.50) with two pair, Queens and Sevens


PokerStars Hand #146272525670:  Hold'em Limit ($3/$6 USD) - 2016/01/01 10:24:03 ET
Table 'Scheat' 2-max Seat #2 is the button
Seat 1: minigus575 ($67.08 in chips)
Seat 2: punkrott ($118.42 in chips)
punkrott: posts small blind $1
minigus575: posts big blind $3
*** HOLE CARDS ***
punkrott: raises $3 to $6
minigus575: raises $3 to $9
punkrott: calls $3
*** FLOP *** [Th 5c Qc]
minigus575: bets $3
punkrott: calls $3
*** TURN *** [Th 5c Qc] [Td]
minigus575: bets $6
punkrott: calls $6
*** RIVER *** [Th 5c Qc Td] [9s]
minigus575: bets $6
punkrott: raises $6 to $12
minigus575: calls $6
*** SHOW DOWN ***
punkrott: shows [Ad Jc] (a pair of Tens)
minigus575: shows [Ac 9c] (two pair, Tens and Nines)
minigus575 collected $59.50 from pot
*** SUMMARY ***
Total pot $60 | Rake $0.50
Board [Th 5c Qc Td 9s]
Seat 1: minigus575 (big blind) showed [Ac 9c] and won ($59.50) with two pair, Tens and Nines
Seat 2: punkrott (button) (small blind) showed [Ad Jc] and lost with a pair of Tens


PokerStars Hand #146272514916:  Hold'em Limit ($3/$6 USD) - 2016/01/01 10:23:48 ET
Table 'Scheat' 2-max Seat #1 is the button
Seat 1: minigus575 ($76.08 in chips)
Seat 2: punkrott ($109.78 in chips)
minigus575: posts small blind $1
punkrott: posts big blind $3
*** HOLE CARDS ***
minigus575: raises $3 to $6
punkrott: calls $3
*** FLOP *** [Ac 3c 6s]
punkrott: checks
minigus575: bets $3
punkrott: calls $3
*** TURN *** [Ac 3c 6s] [Jd]
punkrott: checks
minigus575: checks
*** RIVER *** [Ac 3c 6s Jd] [7d]
punkrott: checks
minigus575: checks
*** SHOW DOWN ***
punkrott: shows [8h Ks] (high card Ace)
minigus575: mucks hand
punkrott collected $17.64 from pot
*** SUMMARY ***
Total pot $18 | Rake $0.36
Board [Ac 3c 6s Jd 7d]
Seat 1: minigus575 (button) (small blind) mucked
Seat 2: punkrott (big blind) showed [8h Ks] and won ($17.64) with high card Ace


PokerStars Hand #146272511422:  Hold'em Limit ($3/$6 USD) - 2016/01/01 10:23:44 ET
Table 'Scheat' 2-max Seat #2 is the button
Seat 1: minigus575 ($79.08 in chips)
Seat 2: punkrott ($106.78 in chips)
punkrott: posts small blind $1
minigus575: posts big blind $3
*** HOLE CARDS ***
punkrott: raises $3 to $6
minigus575: folds
Uncalled bet ($3) returned to punkrott
punkrott collected $6 from pot
punkrott: doesn't show hand
*** SUMMARY ***
Total pot $6 | Rake $0
Seat 1: minigus575 (big blind) folded before Flop
Seat 2: punkrott (button) (small blind) collected ($6)


PokerStars Hand #146272504384:  Hold'em Limit ($3/$6 USD) - 2016/01/01 10:23:34 ET
Table 'Scheat' 2-max Seat #1 is the button
Seat 1: minigus575 ($73.32 in chips)
Seat 2: punkrott ($112.78 in chips)
minigus575: posts small blind $1
punkrott: posts big blind $3
*** HOLE CARDS ***
minigus575: raises $3 to $6
punkrott: calls $3
*** FLOP *** [Td 3d Ad]
punkrott: checks
minigus575: bets $3
punkrott: folds
Uncalled bet ($3) returned to minigus575
minigus575 collected $11.76 from pot
minigus575: doesn't show hand
*** SUMMARY ***
Total pot $12 | Rake $0.24
Board [Td 3d Ad]
Seat 1: minigus575 (button) (small blind) collected ($11.76)
Seat 2: punkrott (big blind) folded on the Flop


PokerStars Hand #146272491675:  Hold'em Limit ($3/$6 USD) - 2016/01/01 10:23:17 ET
Table 'Scheat' 2-max Seat #2 is the button
Seat 1: minigus575 ($43.82 in chips)
Seat 2: punkrott ($142.78 in chips)
punkrott: posts small blind $1
minigus575: posts big blind $3
*** HOLE CARDS ***
punkrott: raises $3 to $6
minigus575: raises $3 to $9
punkrott: calls $3
*** FLOP *** [Kh 7c Tc]
minigus575: bets $3
punkrott: calls $3
*** TURN *** [Kh 7c Tc] [5h]
minigus575: bets $6
punkrott: calls $6
*** RIVER *** [Kh 7c Tc 5h] [8d]
minigus575: bets $6
punkrott: raises $6 to $12
minigus575: calls $6
*** SHOW DOWN ***
punkrott: shows [Js 7h] (a pair of Sevens)
minigus575: shows [9s 8s] (a pair of Eights)
minigus575 collected $59.50 from pot
*** SUMMARY ***
Total pot $60 | Rake $0.50
Board [Kh 7c Tc 5h 8d]
Seat 1: minigus575 (big blind) showed [9s 8s] and won ($59.50) with a pair of Eights
Seat 2: punkrott (button) (small blind) showed [Js 7h] and lost with a pair of Sevens


PokerStars Hand #146272572484:  Hold'em Limit ($3/$6 USD) - 2016/01/01 10:25:07 ET
Table 'Scheat' 2-max Seat #1 is the button
Seat 1: minigus575 ($99.84 in chips)
Seat 2: punkrott ($83.92 in chips)
minigus575: posts small blind $1
punkrott: posts big blind $3
*** HOLE CARDS ***
minigus575: raises $3 to $6
punkrott: calls $3
*** FLOP *** [Qs 6s 7s]
punkrott: checks
minigus575: bets $3
punkrott: calls $3
*** TURN *** [Qs 6s 7s] [6h]
punkrott: checks
minigus575: bets $6
punkrott: raises $6 to $12
minigus575: calls $6
*** RIVER *** [Qs 6s 7s 6h] [5d]
punkrott: bets $6
minigus575: calls $6
*** SHOW DOWN ***
punkrott: shows [4s 9h] (a pair of Sixes)
minigus575: shows [4d Ks] (a pair of Sixes - King kicker)
minigus575 collected $53.50 from pot
*** SUMMARY ***
Total pot $54 | Rake $0.50
Board [Qs 6s 7s 6h 5d]
Seat 1: minigus575 (button) (small blind) showed [4d Ks] and won ($53.50) with a pair of Sixes
Seat 2: punkrott (big blind) showed [4s 9h] and lost with a pair of Sixes


PokerStars Hand #146272569510:  Hold'em Limit ($3/$6 USD) - 2016/01/01 10:25:03 ET
Table 'Scheat' 2-max Seat #2 is the button
Seat 1: minigus575 ($98.84 in chips)
Seat 2: punkrott ($84.92 in chips)
punkrott: posts small blind $1
minigus575: posts big blind $3
*** HOLE CARDS ***
punkrott: folds
Uncalled bet ($2) returned to minigus575
minigus575 collected $2 from pot
minigus575: doesn't show hand
*** SUMMARY ***
Total pot $2 | Rake $0
Seat 1: minigus575 (big blind) collected ($2)
Seat 2: punkrott (button) (small blind) folded before Flop


PokerStars Hand #146272563744:  Hold'em Limit ($3/$6 USD) - 2016/01/01 10:24:55 ET
Table 'Scheat' 2-max Seat #1 is the button
Seat 1: minigus575 ($93.08 in chips)
Seat 2: punkrott ($90.92 in chips)
minigus575: posts small blind $1
punkrott: posts big blind $3
*** HOLE CARDS ***
minigus575: raises $3 to $6
punkrott: calls $3
*** FLOP *** [2c Jc Ad]
punkrott: checks
minigus575: bets $3
punkrott: folds
Uncalled bet ($3) returned to minigus575
minigus575 collected $11.76 from pot
minigus575: doesn't show hand
*** SUMMARY ***
Total pot $12 | Rake $0.24
Board [2c Jc Ad]
Seat 1: minigus575 (button) (small blind) collected ($11.76)
Seat 2: punkrott (big blind) folded on the Flop


PokerStars Hand #146272551013:  Hold'em Limit ($3/$6 USD) - 2016/01/01 10:24:38 ET
Table 'Scheat' 2-max Seat #2 is the button
Seat 1: minigus575 ($117.08 in chips)
Seat 2: punkrott ($67.42 in chips)
punkrott: posts small blind $1
minigus575: posts big blind $3
*** HOLE CARDS ***
punkrott: raises $3 to $6
minigus575: raises $3 to $9
punkrott: calls $3
*** FLOP *** [7h 3h Td]
minigus575: bets $3
punkrott: calls $3
*** TURN *** [7h 3h Td] [Qh]
minigus575: bets $6
punkrott: calls $6
*** RIVER *** [7h 3h Td Qh] [4s]
minigus575: checks
punkrott: bets $6
minigus575: calls $6
*** SHOW DOWN ***
punkrott: shows [7d Jc] (a pair of Sevens)
minigus575: mucks hand
punkrott collected $47.50 from pot
*** SUMMARY ***
Total pot $48 | Rake $0.50
Board [7h 3h Td Qh 4s]
Seat 1: minigus575 (big blind) mucked
Seat 2: punkrott (button) (small blind) showed [7d Jc] and won ($47.50) with a pair of Sevens


PokerStars Hand #146272537295:  Hold'em Limit ($3/$6 USD) - 2016/01/01 10:24:19 ET
Table 'Scheat' 2-max Seat #1 is the button
Seat 1: minigus575 ($96.58 in chips)
Seat 2: punkrott ($88.42 in chips)
minigus575: posts small blind $1
punkrott: posts big blind $3
*** HOLE CARDS ***
minigus575: raises $3 to $6
punkrott: calls $3
*** FLOP *** [7s 9c 6h]
punkrott: checks
minigus575: bets $3
punkrott: calls $3
*** TURN *** [7s 9c 6h] [4d]
punkrott: checks
minigus575: bets $6
punkrott: calls $6
*** RIVER *** [7s 9c 6h 4d] [6s]
punkrott: checks
minigus575: bets $6
punkrott: calls $6
*** SHOW DOWN ***
minigus575: shows [9d 2d] (two pair, Nines and Sixes)
punkrott: mucks hand
minigus575 collected $41.50 from pot
*** SUMMARY ***
Total pot $42 | Rake $0.50
Board [7s 9c 6h 4d 6s]
Seat 1: minigus575 (button) (small blind) showed [9d 2d] and won ($41.50) with two pair, Nines and Sixes
Seat 2: punkrott (big blind) mucked


PokerStars Hand #146272626135:  Hold'em Limit ($3/$6 USD) - 2016/01/01 10:26:21 ET
Table 'Scheat' 2-max Seat #2 is the button
Seat 1: minigus575 ($155.34 in chips)
Seat 2: punkrott ($26.18 in chips)
punkrott: posts small blind $1
minigus575: posts big blind $3
*** HOLE CARDS ***
punkrott: raises $3 to $6
minigus575: folds
Uncalled bet ($3) returned to punkrott
punkrott collected $6 from pot
punkrott: doesn't show hand
*** SUMMARY ***
Total pot $6 | Rake $0
Seat 1: minigus575 (big blind) folded before Flop
Seat 2: punkrott (button) (small blind) collected ($6)


PokerStars Hand #146272615777:  Hold'em Limit ($3/$6 USD) - 2016/01/01 10:26:07 ET
Table 'Scheat' 2-max Seat #1 is the button
Seat 1: minigus575 ($131.84 in chips)
Seat 2: punkrott ($50.18 in chips)
minigus575: posts small blind $1
punkrott: posts big blind $3
*** HOLE CARDS ***
minigus575: raises $3 to $6
punkrott: calls $3
*** FLOP *** [7s 3s 2c]
punkrott: checks
minigus575: bets $3
punkrott: raises $3 to $6
minigus575: calls $3
*** TURN *** [7s 3s 2c] [2s]
punkrott: bets $6
minigus575: calls $6
*** RIVER *** [7s 3s 2c 2s] [8c]
punkrott: bets $6
minigus575: calls $6
*** SHOW DOWN ***
punkrott: shows [9s 6h] (a pair of Deuces)
minigus575: shows [4s Ah] (a pair of Deuces - Ace kicker)
minigus575 collected $47.50 from pot
*** SUMMARY ***
Total pot $48 | Rake $0.50
Board [7s 3s 2c 2s 8c]
Seat 1: minigus575 (button) (small blind) showed [4s Ah] and won ($47.50) with a pair of Deuces
Seat 2: punkrott (big blind) showed [9s 6h] and lost with a pair of Deuces


PokerStars Hand #146272605191:  Hold'em Limit ($3/$6 USD) - 2016/01/01 10:25:52 ET
Table 'Scheat' 2-max Seat #2 is the button
Seat 1: minigus575 ($149.84 in chips)
Seat 2: punkrott ($32.68 in chips)
punkrott: posts small blind $1
minigus575: posts big blind $3
*** HOLE CARDS ***
punkrott: raises $3 to $6
minigus575: calls $3
*** FLOP *** [3c 7s Qs]
minigus575: checks
punkrott: bets $3
minigus575: raises $3 to $6
punkrott: calls $3
*** TURN *** [3c 7s Qs] [Kh]
minigus575: bets $6
punkrott: raises $6 to $12
minigus575: folds
Uncalled bet ($6) returned to punkrott
punkrott collected $35.50 from pot
punkrott: doesn't show hand
*** SUMMARY ***
Total pot $36 | Rake $0.50
Board [3c 7s Qs Kh]
Seat 1: minigus575 (big blind) folded on the Turn
Seat 2: punkrott (button) (small blind) collected ($35.50)


PokerStars Hand #146272590781:  Hold'em Limit ($3/$6 USD) - 2016/01/01 10:25:32 ET
Table 'Scheat' 2-max Seat #1 is the button
Seat 1: minigus575 ($120.34 in chips)
Seat 2: punkrott ($62.68 in chips)
minigus575: posts small blind $1
punkrott: posts big blind $3
*** HOLE CARDS ***
minigus575: raises $3 to $6
punkrott: raises $3 to $9
minigus575: calls $3
*** FLOP *** [5d 3s 6s]
punkrott: bets $3
minigus575: calls $3
*** TURN *** [5d 3s 6s] [3c]
punkrott: bets $6
minigus575: raises $6 to $12
punkrott: calls $6
*** RIVER *** [5d 3s 6s 3c] [Jc]
punkrott: checks
minigus575: bets $6
punkrott: calls $6
*** SHOW DOWN ***
minigus575: shows [7s 7d] (two pair, Sevens and Threes)
punkrott: mucks hand
minigus575 collected $59.50 from pot
*** SUMMARY ***
Total pot $60 | Rake $0.50
Board [5d 3s 6s 3c Jc]
Seat 1: minigus575 (button) (small blind) showed [7s 7d] and won ($59.50) with two pair, Sevens and Threes
Seat 2: punkrott (big blind) mucked


PokerStars Hand #146272583645:  Hold'em Limit ($3/$6 USD) - 2016/01/01 10:25:23 ET
Table 'Scheat' 2-max Seat #2 is the button
Seat 1: minigus575 ($126.34 in chips)
Seat 2: punkrott ($56.92 in chips)
punkrott: posts small blind $1
minigus575: posts big blind $3
*** HOLE CARDS ***
punkrott: raises $3 to $6
minigus575: calls $3
*** FLOP *** [Jd Ah 6d]
minigus575: checks
punkrott: bets $3
minigus575: folds
Uncalled bet ($3) returned to punkrott
punkrott collected $11.76 from pot
punkrott: doesn't show hand
*** SUMMARY ***
Total pot $12 | Rake $0.24
Board [Jd Ah 6d]
Seat 1: minigus575 (big blind) folded on the Flop
Seat 2: punkrott (button) (small blind) collected ($11.76)


PokerStars Hand #146272656852:  Hold'em Limit ($3/$6 USD) - 2016/01/01 10:27:03 ET
Table 'Scheat' 2-max Seat #1 is the button
Seat 1: minigus575 ($175.38 in chips)
Seat 2: punkrott ($65.18 in chips)
minigus575: posts small blind $1
punkrott: posts big blind $3
*** HOLE CARDS ***
minigus575: raises $3 to $6
punkrott: raises $3 to $9
minigus575: calls $3
*** FLOP *** [4d Kh 2d]
punkrott: bets $3
minigus575: calls $3
*** TURN *** [4d Kh 2d] [9c]
punkrott: checks
minigus575: checks
*** RIVER *** [4d Kh 2d 9c] [Kc]
punkrott: checks
minigus575: checks
*** SHOW DOWN ***
punkrott: shows [7d As] (a pair of Kings)
minigus575: mucks hand
punkrott collected $23.52 from pot
*** SUMMARY ***
Total pot $24 | Rake $0.48
Board [4d Kh 2d 9c Kc]
Seat 1: minigus575 (button) (small blind) mucked
Seat 2: punkrott (big blind) showed [7d As] and won ($23.52) with a pair of Kings


PokerStars Hand #146272643650:  Hold'em Limit ($3/$6 USD) - 2016/01/01 10:26:45 ET
Table 'Scheat' 2-max Seat #2 is the button
Seat 1: minigus575 ($163.86 in chips)
Seat 2: punkrott ($77.18 in chips)
punkrott: posts small blind $1
minigus575: posts big blind $3
*** HOLE CARDS ***
punkrott: raises $3 to $6
minigus575: raises $3 to $9
punkrott: calls $3
*** FLOP *** [6s 5h Jc]
minigus575: bets $3
punkrott: calls $3
*** TURN *** [6s 5h Jc] [9c]
minigus575: checks
punkrott: checks
*** RIVER *** [6s 5h Jc 9c] [Ad]
minigus575: bets $6
punkrott: folds
Uncalled bet ($6) returned to minigus575
minigus575 collected $23.52 from pot
minigus575: doesn't show hand
*** SUMMARY ***
Total pot $24 | Rake $0.48
Board [6s 5h Jc 9c Ad]
Seat 1: minigus575 (big blind) collected ($23.52)
Seat 2: punkrott (button) (small blind) folded on the River


PokerStars Hand #146272630087:  Hold'em Limit ($3/$6 USD) - 2016/01/01 10:26:26 ET
Table 'Scheat' 2-max Seat #1 is the button
Seat 1: minigus575 ($152.34 in chips)
Seat 2: punkrott ($29.18 in chips)
minigus575: posts small blind $1
punkrott: posts big blind $3
*** HOLE CARDS ***
minigus575: raises $3 to $6
punkrott: raises $3 to $9
minigus575: calls $3
*** FLOP *** [7c 9h 6d]
punkrott: bets $3
minigus575: calls $3
*** TURN *** [7c 9h 6d] [Ac]
punkrott: checks
minigus575: bets $6
punkrott: folds
Uncalled bet ($6) returned to minigus575
minigus575 collected $23.52 from pot
minigus575: doesn't show hand
*** SUMMARY ***
Total pot $24 | Rake $0.48
Board [7c 9h 6d Ac]
Seat 1: minigus575 (button) (small blind) collected ($23.52)
Seat 2: punkrott (big blind) folded on the Turn


PokerStars Hand #146272698677:  Hold'em Limit ($3/$6 USD) - 2016/01/01 10:28:00 ET
Table 'Scheat' 2-max Seat #2 is the button
Seat 1: minigus575 ($180.88 in chips)
Seat 2: punkrott ($58.46 in chips)
punkrott: posts small blind $1
minigus575: posts big blind $3
*** HOLE CARDS ***
punkrott: raises $3 to $6
minigus575: calls $3
*** FLOP *** [4h 4d Qd]
minigus575: checks
punkrott: bets $3
minigus575: calls $3
*** TURN *** [4h 4d Qd] [As]
minigus575: checks
punkrott: bets $6
minigus575: folds
Uncalled bet ($6) returned to punkrott
punkrott collected $17.64 from pot
punkrott: doesn't show hand
*** SUMMARY ***
Total pot $18 | Rake $0.36
Board [4h 4d Qd As]
Seat 1: minigus575 (big blind) folded on the Turn
Seat 2: punkrott (button) (small blind) collected ($17.64)


PokerStars Hand #146272683934:  Hold'em Limit ($3/$6 USD) - 2016/01/01 10:27:40 ET
Table 'Scheat' 2-max Seat #1 is the button
Seat 1: minigus575 ($157.38 in chips)
Seat 2: punkrott ($82.46 in chips)
minigus575: posts small blind $1
punkrott: posts big blind $3
*** HOLE CARDS ***
minigus575: raises $3 to $6
punkrott: raises $3 to $9
minigus575: calls $3
*** FLOP *** [Td 5h Qd]
punkrott: bets $3
minigus575: calls $3
*** TURN *** [Td 5h Qd] [3d]
punkrott: checks
minigus575: bets $6
punkrott: calls $6
*** RIVER *** [Td 5h Qd 3d] [Qs]
punkrott: checks
minigus575: bets $6
punkrott: calls $6
*** SHOW DOWN ***
minigus575: shows [Ah As] (two pair, Aces and Queens)
punkrott: mucks hand
minigus575 collected $47.50 from pot
*** SUMMARY ***
Total pot $48 | Rake $0.50
Board [Td 5h Qd 3d Qs]
Seat 1: minigus575 (button) (small blind) showed [Ah As] and won ($47.50) with two pair, Aces and Queens
Seat 2: punkrott (big blind) mucked


PokerStars Hand #146272680921:  Hold'em Limit ($3/$6 USD) - 2016/01/01 10:27:36 ET
Table 'Scheat' 2-max Seat #2 is the button
Seat 1: minigus575 ($156.38 in chips)
Seat 2: punkrott ($83.46 in chips)
punkrott: posts small blind $1
minigus575: posts big blind $3
*** HOLE CARDS ***
punkrott: folds
Uncalled bet ($2) returned to minigus575
minigus575 collected $2 from pot
minigus575: doesn't show hand
*** SUMMARY ***
Total pot $2 | Rake $0
Seat 1: minigus575 (big blind) collected ($2)
Seat 2: punkrott (button) (small blind) folded before Flop


PokerStars Hand #146272677232:  Hold'em Limit ($3/$6 USD) - 2016/01/01 10:27:30 ET
Table 'Scheat' 2-max Seat #1 is the button
Seat 1: minigus575 ($157.38 in chips)
Seat 2: punkrott ($82.46 in chips)
minigus575: posts small blind $1
punkrott: posts big blind $3
*** HOLE CARDS ***
minigus575: folds
Uncalled bet ($2) returned to punkrott
punkrott collected $2 from pot
punkrott: doesn't show hand
*** SUMMARY ***
Total pot $2 | Rake $0
Seat 1: minigus575 (button) (small blind) folded before Flop
Seat 2: punkrott (big blind) collected ($2)


PokerStars Hand #146272670347:  Hold'em Limit ($3/$6 USD) - 2016/01/01 10:27:21 ET
Table 'Scheat' 2-max Seat #2 is the button
Seat 1: minigus575 ($163.38 in chips)
Seat 2: punkrott ($76.70 in chips)
punkrott: posts small blind $1
minigus575: posts big blind $3
*** HOLE CARDS ***
punkrott: raises $3 to $6
minigus575: calls $3
*** FLOP *** [2c Th Qs]
minigus575: checks
punkrott: bets $3
minigus575: folds
Uncalled bet ($3) returned to punkrott
punkrott collected $11.76 from pot
punkrott: doesn't show hand
*** SUMMARY ***
Total pot $12 | Rake $0.24
Board [2c Th Qs]
Seat 1: minigus575 (big blind) folded on the Flop
Seat 2: punkrott (button) (small blind) collected ($11.76)


PokerStars Hand #146272755274:  Hold'em Limit ($3/$6 USD) - 2016/01/01 10:29:17 ET
Table 'Scheat' 2-max Seat #1 is the button
Seat 1: minigus575 ($160.34 in chips)
Seat 2: punkrott ($77.42 in chips)
minigus575: posts small blind $1
punkrott: posts big blind $3
*** HOLE CARDS ***
minigus575: folds
Uncalled bet ($2) returned to punkrott
punkrott collected $2 from pot
punkrott: doesn't show hand
*** SUMMARY ***
Total pot $2 | Rake $0
Seat 1: minigus575 (button) (small blind) folded before Flop
Seat 2: punkrott (big blind) collected ($2)


PokerStars Hand #146272741549:  Hold'em Limit ($3/$6 USD) - 2016/01/01 10:28:58 ET
Table 'Scheat' 2-max Seat #2 is the button
Seat 1: minigus575 ($151.70 in chips)
Seat 2: punkrott ($86.42 in chips)
punkrott: posts small blind $1
minigus575: posts big blind $3
*** HOLE CARDS ***
punkrott: raises $3 to $6
minigus575: calls $3
*** FLOP *** [4h 9c 3s]
minigus575: checks
punkrott: bets $3
minigus575: calls $3
*** TURN *** [4h 9c 3s] [Tc]
minigus575: checks
punkrott: checks
*** RIVER *** [4h 9c 3s Tc] [Td]
minigus575: checks
punkrott: checks
*** SHOW DOWN ***
minigus575: shows [7c Ks] (a pair of Tens)
punkrott: mucks hand
minigus575 collected $17.64 from pot
*** SUMMARY ***
Total pot $18 | Rake $0.36
Board [4h 9c 3s Tc Td]
Seat 1: minigus575 (big blind) showed [7c Ks] and won ($17.64) with a pair of Tens
Seat 2: punkrott (button) (small blind) mucked


PokerStars Hand #146272726319:  Hold'em Limit ($3/$6 USD) - 2016/01/01 10:28:37 ET
Table 'Scheat' 2-max Seat #1 is the button
Seat 1: minigus575 ($172.70 in chips)
Seat 2: punkrott ($65.92 in chips)
minigus575: posts small blind $1
punkrott: posts big blind $3
*** HOLE CARDS ***
minigus575: calls $2
punkrott: raises $3 to $6
minigus575: calls $3
*** FLOP *** [7d 5s 8h]
punkrott: bets $3
minigus575: raises $3 to $6
punkrott: raises $3 to $9
minigus575: calls $3
*** TURN *** [7d 5s 8h] [2d]
punkrott: bets $6
minigus575: calls $6
*** RIVER *** [7d 5s 8h 2d] [Js]
punkrott: bets $6
minigus575: folds
Uncalled bet ($6) returned to punkrott
punkrott collected $41.50 from pot
punkrott: doesn't show hand
*** SUMMARY ***
Total pot $42 | Rake $0.50
Board [7d 5s 8h 2d Js]
Seat 1: minigus575 (button) (small blind) folded on the River
Seat 2: punkrott (big blind) collected ($41.50)


PokerStars Hand #146272723252:  Hold'em Limit ($3/$6 USD) - 2016/01/01 10:28:33 ET
Table 'Scheat' 2-max Seat #2 is the button
Seat 1: minigus575 ($171.70 in chips)
Seat 2: punkrott ($66.92 in chips)
punkrott: posts small blind $1
minigus575: posts big blind $3
*** HOLE CARDS ***
punkrott: folds
Uncalled bet ($2) returned to minigus575
minigus575 collected $2 from pot
minigus575: doesn't show hand
*** SUMMARY ***
Total pot $2 | Rake $0
Seat 1: minigus575 (big blind) collected ($2)
Seat 2: punkrott (button) (small blind) folded before Flop


PokerStars Hand #146272711483:  Hold'em Limit ($3/$6 USD) - 2016/01/01 10:28:17 ET
Table 'Scheat' 2-max Seat #1 is the button
Seat 1: minigus575 ($171.88 in chips)
Seat 2: punkrott ($67.10 in chips)
minigus575: posts small blind $1
punkrott: posts big blind $3
*** HOLE CARDS ***
minigus575: raises $3 to $6
punkrott: calls $3
*** FLOP *** [Ks Jc 7s]
punkrott: checks
minigus575: bets $3
punkrott: calls $3
*** TURN *** [Ks Jc 7s] [7c]
punkrott: checks
minigus575: checks
*** RIVER *** [Ks Jc 7s 7c] [2d]
punkrott: checks
minigus575: checks
*** SHOW DOWN ***
punkrott: shows [6c As] (a pair of Sevens)
minigus575: shows [Ah 6h] (a pair of Sevens)
punkrott collected $8.82 from pot
minigus575 collected $8.82 from pot
*** SUMMARY ***
Total pot $18 | Rake $0.36
Board [Ks Jc 7s 7c 2d]
Seat 1: minigus575 (button) (small blind) showed [Ah 6h] and won ($8.82) with a pair of Sevens
Seat 2: punkrott (big blind) showed [6c As] and won ($8.82) with a pair of Sevens


PokerStars Hand #146272759276:  Hold'em Limit ($3/$6 USD) - 2016/01/01 10:29:23 ET
Table 'Scheat' 2-max Seat #2 is the button
Seat 1: minigus575 ($159.34 in chips)
Seat 2: punkrott ($78.42 in chips)
punkrott: posts small blind $1
minigus575: posts big blind $3
*** HOLE CARDS ***
punkrott: raises $3 to $6
minigus575: raises $3 to $9
punkrott: calls $3
*** FLOP *** [Kc 2s 4h]
minigus575: bets $3
punkrott: calls $3
*** TURN *** [Kc 2s 4h] [Qd]
minigus575: bets $6
punkrott: raises $6 to $12
minigus575: raises $6 to $18
punkrott: calls $6
*** RIVER *** [Kc 2s 4h Qd] [6s]
minigus575: bets $6
punkrott: calls $6
*** SHOW DOWN ***
minigus575: shows [Ah Ac] (a pair of Aces)
punkrott: mucks hand
minigus575 collected $71.50 from pot
*** SUMMARY ***
Total pot $72 | Rake $0.50
Board [Kc 2s 4h Qd 6s]
Seat 1: minigus575 (big blind) showed [Ah Ac] and won ($71.50) with a pair of Aces
Seat 2: punkrott (button) (small blind) mucked


