PokerStars Hand #145463131788:  Hold'em Limit ($3/$6 USD) - 2015/12/16 21:01:46 ET
Table 'Scheherezade II' 2-max Seat #1 is the button
Seat 1: Kosova1968 ($15.43 in chips)
Seat 2: Necromadx ($177.27 in chips)
Kosova1968: posts small blind $1
Necromadx: posts big blind $3
*** HOLE CARDS ***
Kosova1968: raises $3 to $6
Necromadx: calls $3
*** FLOP *** [2c Qs Js]
Necromadx: checks
Kosova1968: checks
*** TURN *** [2c Qs Js] [6h]
Necromadx: bets $6
Kosova1968: folds
Uncalled bet ($6) returned to Necromadx
Necromadx collected $11.76 from pot
Necromadx: doesn't show hand
*** SUMMARY ***
Total pot $12 | Rake $0.24
Board [2c Qs Js 6h]
Seat 1: Kosova1968 (button) (small blind) folded on the Turn
Seat 2: Necromadx (big blind) collected ($11.76)


PokerStars Hand #145463129084:  Hold'em Limit ($3/$6 USD) - 2015/12/16 21:01:40 ET
Table 'Scheherezade II' 2-max Seat #2 is the button
Seat 1: Kosova1968 ($18.43 in chips)
Seat 2: Necromadx ($174.27 in chips)
Necromadx: posts small blind $1
Kosova1968: posts big blind $3
*** HOLE CARDS ***
Necromadx: raises $3 to $6
Kosova1968: folds
Uncalled bet ($3) returned to Necromadx
Necromadx collected $6 from pot
Necromadx: doesn't show hand
*** SUMMARY ***
Total pot $6 | Rake $0
Seat 1: Kosova1968 (big blind) folded before Flop
Seat 2: Necromadx (button) (small blind) collected ($6)


PokerStars Hand #145463115668:  Hold'em Limit ($3/$6 USD) - 2015/12/16 21:01:10 ET
Table 'Scheherezade II' 2-max Seat #1 is the button
Seat 1: Kosova1968 ($36.43 in chips)
Seat 2: Necromadx ($156.77 in chips)
Kosova1968: posts small blind $1
Necromadx: posts big blind $3
*** HOLE CARDS ***
Kosova1968: raises $3 to $6
Necromadx: calls $3
*** FLOP *** [6s Td Jd]
Necromadx: checks
Kosova1968: bets $3
Necromadx: raises $3 to $6
Kosova1968: calls $3
*** TURN *** [6s Td Jd] [7c]
Necromadx: bets $6
Kosova1968: calls $6
*** RIVER *** [6s Td Jd 7c] [Ah]
Necromadx: bets $6
Kosova1968: folds
Uncalled bet ($6) returned to Necromadx
Necromadx collected $35.50 from pot
Necromadx: doesn't show hand
*** SUMMARY ***
Total pot $36 | Rake $0.50
Board [6s Td Jd 7c Ah]
Seat 1: Kosova1968 (button) (small blind) folded on the River
Seat 2: Necromadx (big blind) collected ($35.50)


PokerStars Hand #145463112414:  Hold'em Limit ($3/$6 USD) - 2015/12/16 21:01:02 ET
Table 'Scheherezade II' 2-max Seat #2 is the button
Seat 1: Kosova1968 ($39.43 in chips)
Seat 2: Necromadx ($153.77 in chips)
Necromadx: posts small blind $1
Kosova1968: posts big blind $3
*** HOLE CARDS ***
Necromadx: raises $3 to $6
Kosova1968: folds
Uncalled bet ($3) returned to Necromadx
Necromadx collected $6 from pot
Necromadx: doesn't show hand
*** SUMMARY ***
Total pot $6 | Rake $0
Seat 1: Kosova1968 (big blind) folded before Flop
Seat 2: Necromadx (button) (small blind) collected ($6)


PokerStars Hand #145463109684:  Hold'em Limit ($3/$6 USD) - 2015/12/16 21:00:56 ET
Table 'Scheherezade II' 2-max Seat #1 is the button
Seat 1: Kosova1968 ($40.43 in chips)
Seat 2: Necromadx ($152.77 in chips)
Kosova1968: posts small blind $1
Necromadx: posts big blind $3
*** HOLE CARDS ***
Kosova1968: folds
Uncalled bet ($2) returned to Necromadx
Necromadx collected $2 from pot
Necromadx: doesn't show hand
*** SUMMARY ***
Total pot $2 | Rake $0
Seat 1: Kosova1968 (button) (small blind) folded before Flop
Seat 2: Necromadx (big blind) collected ($2)


PokerStars Hand #145463153157:  Hold'em Limit ($3/$6 USD) - 2015/12/16 21:02:32 ET
Table 'Scheherezade II' 2-max Seat #2 is the button
Seat 1: Kosova1968 ($32.98 in chips)
Seat 2: Necromadx ($158.60 in chips)
Necromadx: posts small blind $1
Kosova1968: posts big blind $3
*** HOLE CARDS ***
Necromadx: raises $3 to $6
Kosova1968: calls $3
*** FLOP *** [2c 5s 3h]
Kosova1968: checks
Necromadx: bets $3
Kosova1968: raises $3 to $6
Necromadx: calls $3
*** TURN *** [2c 5s 3h] [Js]
Kosova1968: bets $6
Necromadx: calls $6
*** RIVER *** [2c 5s 3h Js] [5h]
Kosova1968: bets $6
Necromadx: calls $6
*** SHOW DOWN ***
Kosova1968: shows [Jd Ts] (two pair, Jacks and Fives)
Necromadx: mucks hand
Kosova1968 collected $47.50 from pot
*** SUMMARY ***
Total pot $48 | Rake $0.50
Board [2c 5s 3h Js 5h]
Seat 1: Kosova1968 (big blind) showed [Jd Ts] and won ($47.50) with two pair, Jacks and Fives
Seat 2: Necromadx (button) (small blind) mucked


PokerStars Hand #145463144406:  Hold'em Limit ($3/$6 USD) - 2015/12/16 21:02:13 ET
Table 'Scheherezade II' 2-max Seat #1 is the button
Seat 1: Kosova1968 ($18.48 in chips)
Seat 2: Necromadx ($173.60 in chips)
Kosova1968: posts small blind $1
Necromadx: posts big blind $3
*** HOLE CARDS ***
Kosova1968: raises $3 to $6
Necromadx: calls $3
*** FLOP *** [9s Ks Kh]
Necromadx: checks
Kosova1968: bets $3
Necromadx: calls $3
*** TURN *** [9s Ks Kh] [Qh]
Necromadx: checks
Kosova1968: bets $6
Necromadx: calls $6
*** RIVER *** [9s Ks Kh Qh] [Th]
Necromadx: checks
Kosova1968: bets $3.48 and is all-in
Necromadx: folds
Uncalled bet ($3.48) returned to Kosova1968
Kosova1968 collected $29.50 from pot
*** SUMMARY ***
Total pot $30 | Rake $0.50
Board [9s Ks Kh Qh Th]
Seat 1: Kosova1968 (button) (small blind) collected ($29.50)
Seat 2: Necromadx (big blind) folded on the River


PokerStars Hand #145463138251:  Hold'em Limit ($3/$6 USD) - 2015/12/16 21:02:00 ET
Table 'Scheherezade II' 2-max Seat #2 is the button
Seat 1: Kosova1968 ($9.43 in chips)
Seat 2: Necromadx ($183.03 in chips)
Necromadx: posts small blind $1
Kosova1968: posts big blind $3
*** HOLE CARDS ***
Necromadx: raises $3 to $6
Kosova1968: raises $3 to $9
Necromadx: raises $3 to $12
Betting is capped
Kosova1968: calls $0.43 and is all-in
Uncalled bet ($2.57) returned to Necromadx
*** FLOP *** [Kc Ah 2h]
*** TURN *** [Kc Ah 2h] [5d]
*** RIVER *** [Kc Ah 2h 5d] [6d]
*** SHOW DOWN ***
Kosova1968: shows [7c Ks] (a pair of Kings)
Necromadx: shows [5s Qc] (a pair of Fives)
Kosova1968 collected $18.48 from pot
*** SUMMARY ***
Total pot $18.86 | Rake $0.38
Board [Kc Ah 2h 5d 6d]
Seat 1: Kosova1968 (big blind) showed [7c Ks] and won ($18.48) with a pair of Kings
Seat 2: Necromadx (button) (small blind) showed [5s Qc] and lost with a pair of Fives


PokerStars Hand #145463163452:  Hold'em Limit ($3/$6 USD) - 2015/12/16 21:02:55 ET
Table 'Scheherezade II' 2-max Seat #1 is the button
Seat 1: Kosova1968 ($56.48 in chips)
Seat 2: Necromadx ($134.60 in chips)
Kosova1968: posts small blind $1
Necromadx: posts big blind $3
*** HOLE CARDS ***
Kosova1968: calls $2
Necromadx: raises $3 to $6
Kosova1968: calls $3
*** FLOP *** [8c 3s Kd]
Necromadx: bets $3
Kosova1968: folds
Uncalled bet ($3) returned to Necromadx
Necromadx collected $11.76 from pot
Necromadx: doesn't show hand
*** SUMMARY ***
Total pot $12 | Rake $0.24
Board [8c 3s Kd]
Seat 1: Kosova1968 (button) (small blind) folded on the Flop
Seat 2: Necromadx (big blind) collected ($11.76)


PokerStars Hand #145463174671:  Hold'em Limit ($3/$6 USD) - 2015/12/16 21:03:20 ET
Table 'Scheherezade II' 2-max Seat #2 is the button
Seat 1: Kosova1968 ($46.48 in chips)
Seat 2: Necromadx ($144.36 in chips)
Necromadx: posts small blind $1
Kosova1968: posts big blind $3
*** HOLE CARDS ***
Necromadx: folds
Uncalled bet ($2) returned to Kosova1968
Kosova1968 collected $2 from pot
*** SUMMARY ***
Total pot $2 | Rake $0
Seat 1: Kosova1968 (big blind) collected ($2)
Seat 2: Necromadx (button) (small blind) folded before Flop


PokerStars Hand #145463171805:  Hold'em Limit ($3/$6 USD) - 2015/12/16 21:03:13 ET
Table 'Scheherezade II' 2-max Seat #1 is the button
Seat 1: Kosova1968 ($47.48 in chips)
Seat 2: Necromadx ($143.36 in chips)
Kosova1968: posts small blind $1
Necromadx: posts big blind $3
*** HOLE CARDS ***
Kosova1968: folds
Uncalled bet ($2) returned to Necromadx
Necromadx collected $2 from pot
Necromadx: doesn't show hand
*** SUMMARY ***
Total pot $2 | Rake $0
Seat 1: Kosova1968 (button) (small blind) folded before Flop
Seat 2: Necromadx (big blind) collected ($2)


PokerStars Hand #145463168659:  Hold'em Limit ($3/$6 USD) - 2015/12/16 21:03:07 ET
Table 'Scheherezade II' 2-max Seat #2 is the button
Seat 1: Kosova1968 ($50.48 in chips)
Seat 2: Necromadx ($140.36 in chips)
Necromadx: posts small blind $1
Kosova1968: posts big blind $3
*** HOLE CARDS ***
Necromadx: raises $3 to $6
Kosova1968: folds
Uncalled bet ($3) returned to Necromadx
Necromadx collected $6 from pot
Necromadx: doesn't show hand
*** SUMMARY ***
Total pot $6 | Rake $0
Seat 1: Kosova1968 (big blind) folded before Flop
Seat 2: Necromadx (button) (small blind) collected ($6)


PokerStars Hand #145463176629:  Hold'em Limit ($3/$6 USD) - 2015/12/16 21:03:24 ET
Table 'Scheherezade II' 2-max Seat #1 is the button
Seat 1: Kosova1968 ($47.48 in chips)
Seat 2: Necromadx ($143.36 in chips)
Kosova1968: posts small blind $1
Necromadx: posts big blind $3
*** HOLE CARDS ***
Kosova1968: calls $2
Necromadx: raises $3 to $6
Kosova1968: calls $3
*** FLOP *** [6c Qd 4d]
Necromadx: bets $3
Kosova1968: calls $3
*** TURN *** [6c Qd 4d] [Js]
Necromadx: bets $6
Kosova1968: calls $6
*** RIVER *** [6c Qd 4d Js] [6h]
Necromadx: bets $6
Kosova1968: calls $6
*** SHOW DOWN ***
Necromadx: shows [4c As] (two pair, Sixes and Fours)
Kosova1968: shows [Jd 8c] (two pair, Jacks and Sixes)
Kosova1968 collected $41.50 from pot
*** SUMMARY ***
Total pot $42 | Rake $0.50
Board [6c Qd 4d Js 6h]
Seat 1: Kosova1968 (button) (small blind) showed [Jd 8c] and won ($41.50) with two pair, Jacks and Sixes
Seat 2: Necromadx (big blind) showed [4c As] and lost with two pair, Sixes and Fours


PokerStars Hand #145463205986:  Hold'em Limit ($3/$6 USD) - 2015/12/16 21:04:27 ET
Table 'Scheherezade II' 2-max Seat #2 is the button
Seat 1: Kosova1968 ($36.98 in chips)
Seat 2: Necromadx ($152.86 in chips)
Necromadx: posts small blind $1
Kosova1968: posts big blind $3
*** HOLE CARDS ***
Necromadx: raises $3 to $6
Kosova1968: folds
Uncalled bet ($3) returned to Necromadx
Necromadx collected $6 from pot
*** SUMMARY ***
Total pot $6 | Rake $0
Seat 1: Kosova1968 (big blind) folded before Flop
Seat 2: Necromadx (button) (small blind) collected ($6)


PokerStars Hand #145463203209:  Hold'em Limit ($3/$6 USD) - 2015/12/16 21:04:21 ET
Table 'Scheherezade II' 2-max Seat #1 is the button
Seat 1: Kosova1968 ($37.98 in chips)
Seat 2: Necromadx ($151.86 in chips)
Kosova1968: posts small blind $1
Necromadx: posts big blind $3
*** HOLE CARDS ***
Kosova1968: folds
Uncalled bet ($2) returned to Necromadx
Necromadx collected $2 from pot
Necromadx: doesn't show hand
*** SUMMARY ***
Total pot $2 | Rake $0
Seat 1: Kosova1968 (button) (small blind) folded before Flop
Seat 2: Necromadx (big blind) collected ($2)


PokerStars Hand #145463190857:  Hold'em Limit ($3/$6 USD) - 2015/12/16 21:03:55 ET
Table 'Scheherezade II' 2-max Seat #2 is the button
Seat 1: Kosova1968 ($67.98 in chips)
Seat 2: Necromadx ($122.36 in chips)
Necromadx: posts small blind $1
Kosova1968: posts big blind $3
*** HOLE CARDS ***
Necromadx: raises $3 to $6
Kosova1968: calls $3
*** FLOP *** [Ts 8h Tc]
Kosova1968: checks
Necromadx: bets $3
Kosova1968: raises $3 to $6
Necromadx: calls $3
*** TURN *** [Ts 8h Tc] [3d]
Kosova1968: bets $6
Necromadx: calls $6
*** RIVER *** [Ts 8h Tc 3d] [7h]
Kosova1968: bets $6
Necromadx: raises $6 to $12
Kosova1968: calls $6
*** SHOW DOWN ***
Necromadx: shows [9h Jh] (a straight, Seven to Jack)
Kosova1968: shows [8c 4s] (two pair, Tens and Eights)
Necromadx collected $59.50 from pot
*** SUMMARY ***
Total pot $60 | Rake $0.50
Board [Ts 8h Tc 3d 7h]
Seat 1: Kosova1968 (big blind) showed [8c 4s] and lost with two pair, Tens and Eights
Seat 2: Necromadx (button) (small blind) showed [9h Jh] and won ($59.50) with a straight, Seven to Jack


PokerStars Hand #145463239243:  Hold'em Limit ($3/$6 USD) - 2015/12/16 21:05:40 ET
Table 'Scheherezade II' 2-max Seat #1 is the button
Seat 1: Kosova1968 ($30.86 in chips)
Seat 2: Necromadx ($158.62 in chips)
Kosova1968: posts small blind $1
Necromadx: posts big blind $3
*** HOLE CARDS ***
Kosova1968: folds
Uncalled bet ($2) returned to Necromadx
Necromadx collected $2 from pot
Necromadx: doesn't show hand
*** SUMMARY ***
Total pot $2 | Rake $0
Seat 1: Kosova1968 (button) (small blind) folded before Flop
Seat 2: Necromadx (big blind) collected ($2)


PokerStars Hand #145463232137:  Hold'em Limit ($3/$6 USD) - 2015/12/16 21:05:24 ET
Table 'Scheherezade II' 2-max Seat #2 is the button
Seat 1: Kosova1968 ($36.86 in chips)
Seat 2: Necromadx ($152.86 in chips)
Necromadx: posts small blind $1
Kosova1968: posts big blind $3
*** HOLE CARDS ***
Necromadx: raises $3 to $6
Kosova1968: calls $3
*** FLOP *** [Kd 7c Kc]
Kosova1968: checks
Necromadx: bets $3
Kosova1968: folds
Uncalled bet ($3) returned to Necromadx
Necromadx collected $11.76 from pot
Necromadx: doesn't show hand
*** SUMMARY ***
Total pot $12 | Rake $0.24
Board [Kd 7c Kc]
Seat 1: Kosova1968 (big blind) folded on the Flop
Seat 2: Necromadx (button) (small blind) collected ($11.76)


PokerStars Hand #145463223168:  Hold'em Limit ($3/$6 USD) - 2015/12/16 21:05:05 ET
Table 'Scheherezade II' 2-max Seat #1 is the button
Seat 1: Kosova1968 ($33.98 in chips)
Seat 2: Necromadx ($155.86 in chips)
Kosova1968: posts small blind $1
Necromadx: posts big blind $3
*** HOLE CARDS ***
Kosova1968: calls $2
Necromadx: checks
*** FLOP *** [Js 6h 5h]
Necromadx: checks
Kosova1968: bets $3
Necromadx: folds
Uncalled bet ($3) returned to Kosova1968
Kosova1968 collected $5.88 from pot
*** SUMMARY ***
Total pot $6 | Rake $0.12
Board [Js 6h 5h]
Seat 1: Kosova1968 (button) (small blind) collected ($5.88)
Seat 2: Necromadx (big blind) folded on the Flop


PokerStars Hand #145463263711:  Hold'em Limit ($3/$6 USD) - 2015/12/16 21:06:33 ET
Table 'Scheherezade II' 2-max Seat #1 is the button
Seat 1: Kosova1968 ($14.86 in chips)
Seat 2: Necromadx ($174.12 in chips)
Kosova1968: posts small blind $1
Necromadx: posts big blind $3
*** HOLE CARDS ***
Kosova1968: folds
Uncalled bet ($2) returned to Necromadx
Necromadx collected $2 from pot
Necromadx: doesn't show hand
*** SUMMARY ***
Total pot $2 | Rake $0
Seat 1: Kosova1968 (button) (small blind) folded before Flop
Seat 2: Necromadx (big blind) collected ($2)


PokerStars Hand #145463260589:  Hold'em Limit ($3/$6 USD) - 2015/12/16 21:06:27 ET
Table 'Scheherezade II' 2-max Seat #2 is the button
Seat 1: Kosova1968 ($17.86 in chips)
Seat 2: Necromadx ($171.12 in chips)
Necromadx: posts small blind $1
Kosova1968: posts big blind $3
*** HOLE CARDS ***
Necromadx: raises $3 to $6
Kosova1968: folds
Uncalled bet ($3) returned to Necromadx
Necromadx collected $6 from pot
Necromadx: doesn't show hand
*** SUMMARY ***
Total pot $6 | Rake $0
Seat 1: Kosova1968 (big blind) folded before Flop
Seat 2: Necromadx (button) (small blind) collected ($6)


PokerStars Hand #145463256700:  Hold'em Limit ($3/$6 USD) - 2015/12/16 21:06:18 ET
Table 'Scheherezade II' 2-max Seat #1 is the button
Seat 1: Kosova1968 ($14.86 in chips)
Seat 2: Necromadx ($174.12 in chips)
Kosova1968: posts small blind $1
Necromadx: posts big blind $3
*** HOLE CARDS ***
Kosova1968: raises $3 to $6
Necromadx: folds
Uncalled bet ($3) returned to Kosova1968
Kosova1968 collected $6 from pot
*** SUMMARY ***
Total pot $6 | Rake $0
Seat 1: Kosova1968 (button) (small blind) collected ($6)
Seat 2: Necromadx (big blind) folded before Flop


PokerStars Hand #145463241950:  Hold'em Limit ($3/$6 USD) - 2015/12/16 21:05:46 ET
Table 'Scheherezade II' 2-max Seat #2 is the button
Seat 1: Kosova1968 ($29.86 in chips)
Seat 2: Necromadx ($159.62 in chips)
Necromadx: posts small blind $1
Kosova1968: posts big blind $3
*** HOLE CARDS ***
Necromadx: raises $3 to $6
Kosova1968: calls $3
*** FLOP *** [2h Qd 4d]
Kosova1968: checks
Necromadx: bets $3
Kosova1968: calls $3
*** TURN *** [2h Qd 4d] [9d]
Kosova1968: checks
Necromadx: bets $6
Kosova1968: calls $6
*** RIVER *** [2h Qd 4d 9d] [Qh]
Kosova1968: checks
Necromadx: bets $6
Kosova1968: folds
Uncalled bet ($6) returned to Necromadx
Necromadx collected $29.50 from pot
Necromadx: doesn't show hand
*** SUMMARY ***
Total pot $30 | Rake $0.50
Board [2h Qd 4d 9d Qh]
Seat 1: Kosova1968 (big blind) folded on the River
Seat 2: Necromadx (button) (small blind) collected ($29.50)


PokerStars Hand #145463268012:  Hold'em Limit ($3/$6 USD) - 2015/12/16 21:06:43 ET
Table 'Scheherezade II' 2-max Seat #1 is the button
Seat 1: Kosova1968 ($14.86 in chips)
Seat 2: Necromadx ($174.12 in chips)
Kosova1968: posts small blind $1
Necromadx: posts big blind $3
*** HOLE CARDS ***
Kosova1968: folds
Uncalled bet ($2) returned to Necromadx
Necromadx collected $2 from pot
Necromadx: doesn't show hand
*** SUMMARY ***
Total pot $2 | Rake $0
Seat 1: Kosova1968 (button) (small blind) folded before Flop
Seat 2: Necromadx (big blind) collected ($2)


PokerStars Hand #145463266190:  Hold'em Limit ($3/$6 USD) - 2015/12/16 21:06:39 ET
Table 'Scheherezade II' 2-max Seat #2 is the button
Seat 1: Kosova1968 ($13.86 in chips)
Seat 2: Necromadx ($175.12 in chips)
Necromadx: posts small blind $1
Kosova1968: posts big blind $3
*** HOLE CARDS ***
Necromadx: folds
Uncalled bet ($2) returned to Kosova1968
Kosova1968 collected $2 from pot
*** SUMMARY ***
Total pot $2 | Rake $0
Seat 1: Kosova1968 (big blind) collected ($2)
Seat 2: Necromadx (button) (small blind) folded before Flop


PokerStars Hand #145463276228:  Hold'em Limit ($3/$6 USD) - 2015/12/16 21:07:01 ET
Table 'Scheherezade II' 2-max Seat #2 is the button
Seat 1: Kosova1968 ($13.86 in chips)
Seat 2: Necromadx ($175.12 in chips)
Necromadx: posts small blind $1
Kosova1968: posts big blind $3
*** HOLE CARDS ***
Necromadx: raises $3 to $6
Kosova1968: calls $3
*** FLOP *** [9h 5s Qc]
Kosova1968: checks
Necromadx: bets $3
Kosova1968: raises $3 to $6
Necromadx: raises $3 to $9
Kosova1968: calls $1.86 and is all-in
Uncalled bet ($1.14) returned to Necromadx
*** TURN *** [9h 5s Qc] [2c]
*** RIVER *** [9h 5s Qc 2c] [Ks]
*** SHOW DOWN ***
Kosova1968: shows [Qh 9d] (two pair, Queens and Nines)
Necromadx: shows [Td 9c] (a pair of Nines)
Kosova1968 collected $27.22 from pot
*** SUMMARY ***
Total pot $27.72 | Rake $0.50
Board [9h 5s Qc 2c Ks]
Seat 1: Kosova1968 (big blind) showed [Qh 9d] and won ($27.22) with two pair, Queens and Nines
Seat 2: Necromadx (button) (small blind) showed [Td 9c] and lost with a pair of Nines


PokerStars Hand #145463274008:  Hold'em Limit ($3/$6 USD) - 2015/12/16 21:06:56 ET
Table 'Scheherezade II' 2-max Seat #1 is the button
Seat 1: Kosova1968 ($14.86 in chips)
Seat 2: Necromadx ($174.12 in chips)
Kosova1968: posts small blind $1
Necromadx: posts big blind $3
*** HOLE CARDS ***
Kosova1968: folds
Uncalled bet ($2) returned to Necromadx
Necromadx collected $2 from pot
Necromadx: doesn't show hand
*** SUMMARY ***
Total pot $2 | Rake $0
Seat 1: Kosova1968 (button) (small blind) folded before Flop
Seat 2: Necromadx (big blind) collected ($2)


PokerStars Hand #145463271480:  Hold'em Limit ($3/$6 USD) - 2015/12/16 21:06:51 ET
Table 'Scheherezade II' 2-max Seat #2 is the button
Seat 1: Kosova1968 ($13.86 in chips)
Seat 2: Necromadx ($175.12 in chips)
Necromadx: posts small blind $1
Kosova1968: posts big blind $3
*** HOLE CARDS ***
Necromadx: folds
Uncalled bet ($2) returned to Kosova1968
Kosova1968 collected $2 from pot
*** SUMMARY ***
Total pot $2 | Rake $0
Seat 1: Kosova1968 (big blind) collected ($2)
Seat 2: Necromadx (button) (small blind) folded before Flop


PokerStars Hand #145463285563:  Hold'em Limit ($3/$6 USD) - 2015/12/16 21:07:21 ET
Table 'Scheherezade II' 2-max Seat #1 is the button
Seat 1: Kosova1968 ($27.22 in chips)
Seat 2: Necromadx ($161.26 in chips)
Kosova1968: posts small blind $1
Necromadx: posts big blind $3
*** HOLE CARDS ***
Kosova1968: calls $2
Necromadx: raises $3 to $6
Kosova1968: calls $3
*** FLOP *** [Qs 3c Kd]
Necromadx: bets $3
Kosova1968: calls $3
*** TURN *** [Qs 3c Kd] [6h]
Necromadx: checks
Kosova1968: bets $6
Necromadx: calls $6
*** RIVER *** [Qs 3c Kd 6h] [7s]
Necromadx: checks
Kosova1968: bets $6
Necromadx: calls $6
*** SHOW DOWN ***
Kosova1968: shows [7h Js] (a pair of Sevens)
Necromadx: mucks hand
Kosova1968 collected $41.50 from pot
*** SUMMARY ***
Total pot $42 | Rake $0.50
Board [Qs 3c Kd 6h 7s]
Seat 1: Kosova1968 (button) (small blind) showed [7h Js] and won ($41.50) with a pair of Sevens
Seat 2: Necromadx (big blind) mucked


PokerStars Hand #145463315138:  Hold'em Limit ($3/$6 USD) - 2015/12/16 21:08:26 ET
Table 'Scheherezade II' 2-max Seat #1 is the button
Seat 1: Kosova1968 ($69.22 in chips)
Seat 2: Necromadx ($123 in chips)
Kosova1968: posts small blind $1
Necromadx: posts big blind $3
*** HOLE CARDS ***
Kosova1968: calls $2
Necromadx: checks
*** FLOP *** [As 9d Kd]
Necromadx: checks
Kosova1968: bets $3
Necromadx: folds
Uncalled bet ($3) returned to Kosova1968
Kosova1968 collected $5.88 from pot
*** SUMMARY ***
Total pot $6 | Rake $0.12
Board [As 9d Kd]
Seat 1: Kosova1968 (button) (small blind) collected ($5.88)
Seat 2: Necromadx (big blind) folded on the Flop


PokerStars Hand #145463311884:  Hold'em Limit ($3/$6 USD) - 2015/12/16 21:08:19 ET
Table 'Scheherezade II' 2-max Seat #2 is the button
Seat 1: Kosova1968 ($72.22 in chips)
Seat 2: Necromadx ($120 in chips)
Necromadx: posts small blind $1
Kosova1968: posts big blind $3
*** HOLE CARDS ***
Necromadx: raises $3 to $6
Kosova1968: folds
Uncalled bet ($3) returned to Necromadx
Necromadx collected $6 from pot
Necromadx: doesn't show hand
*** SUMMARY ***
Total pot $6 | Rake $0
Seat 1: Kosova1968 (big blind) folded before Flop
Seat 2: Necromadx (button) (small blind) collected ($6)


PokerStars Hand #145463300406:  Hold'em Limit ($3/$6 USD) - 2015/12/16 21:07:54 ET
Table 'Scheherezade II' 2-max Seat #1 is the button
Seat 1: Kosova1968 ($48.72 in chips)
Seat 2: Necromadx ($139.26 in chips)
Kosova1968: posts small blind $1
Necromadx: posts big blind $3
*** HOLE CARDS ***
Kosova1968: calls $2
Necromadx: checks
*** FLOP *** [7d 2s 8s]
Necromadx: bets $3
Kosova1968: calls $3
*** TURN *** [7d 2s 8s] [7h]
Necromadx: bets $6
Kosova1968: calls $6
*** RIVER *** [7d 2s 8s 7h] [6d]
Necromadx: bets $6
Kosova1968: raises $6 to $12
Necromadx: calls $6
*** SHOW DOWN ***
Kosova1968: shows [Qh 7s] (three of a kind, Sevens)
Necromadx: mucks hand
Kosova1968 collected $47.50 from pot
*** SUMMARY ***
Total pot $48 | Rake $0.50
Board [7d 2s 8s 7h 6d]
Seat 1: Kosova1968 (button) (small blind) showed [Qh 7s] and won ($47.50) with three of a kind, Sevens
Seat 2: Necromadx (big blind) mucked


PokerStars Hand #145463298556:  Hold'em Limit ($3/$6 USD) - 2015/12/16 21:07:49 ET
Table 'Scheherezade II' 2-max Seat #2 is the button
Seat 1: Kosova1968 ($47.72 in chips)
Seat 2: Necromadx ($140.26 in chips)
Necromadx: posts small blind $1
Kosova1968: posts big blind $3
*** HOLE CARDS ***
Necromadx: folds
Uncalled bet ($2) returned to Kosova1968
Kosova1968 collected $2 from pot
*** SUMMARY ***
Total pot $2 | Rake $0
Seat 1: Kosova1968 (big blind) collected ($2)
Seat 2: Necromadx (button) (small blind) folded before Flop


PokerStars Hand #145463321154:  Hold'em Limit ($3/$6 USD) - 2015/12/16 21:08:39 ET
Table 'Scheherezade II' 2-max Seat #2 is the button
Seat 1: Kosova1968 ($72.10 in chips)
Seat 2: Necromadx ($120 in chips)
Necromadx: posts small blind $1
Kosova1968: posts big blind $3
*** HOLE CARDS ***
Necromadx: folds
Uncalled bet ($2) returned to Kosova1968
Kosova1968 collected $2 from pot
*** SUMMARY ***
Total pot $2 | Rake $0
Seat 1: Kosova1968 (big blind) collected ($2)
Seat 2: Necromadx (button) (small blind) folded before Flop


PokerStars Hand #145463335543:  Hold'em Limit ($3/$6 USD) - 2015/12/16 21:09:11 ET
Table 'Scheherezade II' 2-max Seat #1 is the button
Seat 1: Kosova1968 ($65.10 in chips)
Seat 2: Necromadx ($127.64 in chips)
Kosova1968: posts small blind $1
Necromadx: posts big blind $3
*** HOLE CARDS ***
Kosova1968: raises $3 to $6
Necromadx: raises $3 to $9
Kosova1968: calls $3
*** FLOP *** [Kc 2c 3s]
Necromadx: bets $3
Kosova1968: calls $3
*** TURN *** [Kc 2c 3s] [7s]
Necromadx: checks
Kosova1968: bets $6
Necromadx: calls $6
*** RIVER *** [Kc 2c 3s 7s] [2h]
Necromadx: checks
Kosova1968: bets $6
Necromadx: calls $6
*** SHOW DOWN ***
Kosova1968: shows [Jd Kd] (two pair, Kings and Deuces)
Necromadx: mucks hand
Kosova1968 collected $47.50 from pot
*** SUMMARY ***
Total pot $48 | Rake $0.50
Board [Kc 2c 3s 7s 2h]
Seat 1: Kosova1968 (button) (small blind) showed [Jd Kd] and won ($47.50) with two pair, Kings and Deuces
Seat 2: Necromadx (big blind) mucked


PokerStars Hand #145463333826:  Hold'em Limit ($3/$6 USD) - 2015/12/16 21:09:07 ET
Table 'Scheherezade II' 2-max Seat #2 is the button
Seat 1: Kosova1968 ($64.10 in chips)
Seat 2: Necromadx ($128.64 in chips)
Necromadx: posts small blind $1
Kosova1968: posts big blind $3
*** HOLE CARDS ***
Necromadx: folds
Uncalled bet ($2) returned to Kosova1968
Kosova1968 collected $2 from pot
*** SUMMARY ***
Total pot $2 | Rake $0
Seat 1: Kosova1968 (big blind) collected ($2)
Seat 2: Necromadx (button) (small blind) folded before Flop


PokerStars Hand #145463324307:  Hold'em Limit ($3/$6 USD) - 2015/12/16 21:08:46 ET
Table 'Scheherezade II' 2-max Seat #1 is the button
Seat 1: Kosova1968 ($73.10 in chips)
Seat 2: Necromadx ($120 in chips)
Kosova1968: posts small blind $1
Necromadx: posts big blind $3
*** HOLE CARDS ***
Kosova1968: calls $2
Necromadx: raises $3 to $6
Kosova1968: calls $3
*** FLOP *** [Jc 3d 8h]
Necromadx: bets $3
Kosova1968: calls $3
*** TURN *** [Jc 3d 8h] [Kc]
Necromadx: bets $6
Kosova1968: folds
Uncalled bet ($6) returned to Necromadx
Necromadx collected $17.64 from pot
Necromadx: doesn't show hand
*** SUMMARY ***
Total pot $18 | Rake $0.36
Board [Jc 3d 8h Kc]
Seat 1: Kosova1968 (button) (small blind) folded on the Turn
Seat 2: Necromadx (big blind) collected ($17.64)


PokerStars Hand #145463361499:  Hold'em Limit ($3/$6 USD) - 2015/12/16 21:10:09 ET
Table 'Scheherezade II' 2-max Seat #1 is the button
Seat 1: Kosova1968 ($67.60 in chips)
Seat 2: Necromadx ($140.50 in chips)
Kosova1968: posts small blind $1
Necromadx: posts big blind $3
*** HOLE CARDS ***
Kosova1968: raises $3 to $6
Necromadx: calls $3
*** FLOP *** [7d 8c 5d]
Necromadx: checks
Kosova1968: checks
*** TURN *** [7d 8c 5d] [9d]
Necromadx: checks
Kosova1968: bets $6
Necromadx: folds
Uncalled bet ($6) returned to Kosova1968
Kosova1968 collected $11.76 from pot
*** SUMMARY ***
Total pot $12 | Rake $0.24
Board [7d 8c 5d 9d]
Seat 1: Kosova1968 (button) (small blind) collected ($11.76)
Seat 2: Necromadx (big blind) folded on the Turn


PokerStars Hand #145463359642:  Hold'em Limit ($3/$6 USD) - 2015/12/16 21:10:05 ET
Table 'Scheherezade II' 2-max Seat #2 is the button
Seat 1: Kosova1968 ($66.60 in chips)
Seat 2: Necromadx ($141.50 in chips)
Necromadx: posts small blind $1
Kosova1968: posts big blind $3
*** HOLE CARDS ***
Necromadx: folds
Uncalled bet ($2) returned to Kosova1968
Kosova1968 collected $2 from pot
*** SUMMARY ***
Total pot $2 | Rake $0
Seat 1: Kosova1968 (big blind) collected ($2)
Seat 2: Necromadx (button) (small blind) folded before Flop


PokerStars Hand #145463357005:  Hold'em Limit ($3/$6 USD) - 2015/12/16 21:09:59 ET
Table 'Scheherezade II' 2-max Seat #1 is the button
Seat 1: Kosova1968 ($67.60 in chips)
Seat 2: Necromadx ($140.50 in chips)
Kosova1968: posts small blind $1
Necromadx: posts big blind $3
*** HOLE CARDS ***
Kosova1968: folds
Uncalled bet ($2) returned to Necromadx
Necromadx collected $2 from pot
Necromadx: doesn't show hand
*** SUMMARY ***
Total pot $2 | Rake $0
Seat 1: Kosova1968 (button) (small blind) folded before Flop
Seat 2: Necromadx (big blind) collected ($2)


PokerStars Hand #145463345585:  Hold'em Limit ($3/$6 USD) - 2015/12/16 21:09:33 ET
Table 'Scheherezade II' 2-max Seat #2 is the button
Seat 1: Kosova1968 ($88.60 in chips)
Seat 2: Necromadx ($120 in chips)
Necromadx: posts small blind $1
Kosova1968: posts big blind $3
*** HOLE CARDS ***
Necromadx: raises $3 to $6
Kosova1968: calls $3
*** FLOP *** [7h 4h 2c]
Kosova1968: checks
Necromadx: bets $3
Kosova1968: calls $3
*** TURN *** [7h 4h 2c] [2h]
Kosova1968: checks
Necromadx: bets $6
Kosova1968: raises $6 to $12
Necromadx: calls $6
*** RIVER *** [7h 4h 2c 2h] [Tc]
Kosova1968: checks
Necromadx: checks
*** SHOW DOWN ***
Kosova1968: shows [As Qs] (a pair of Deuces)
Necromadx: shows [Qh 7c] (two pair, Sevens and Deuces)
Necromadx collected $41.50 from pot
*** SUMMARY ***
Total pot $42 | Rake $0.50
Board [7h 4h 2c 2h Tc]
Seat 1: Kosova1968 (big blind) showed [As Qs] and lost with a pair of Deuces
Seat 2: Necromadx (button) (small blind) showed [Qh 7c] and won ($41.50) with two pair, Sevens and Deuces


PokerStars Hand #145463395293:  Hold'em Limit ($3/$6 USD) - 2015/12/16 21:11:24 ET
Table 'Scheherezade II' 2-max Seat #2 is the button
Seat 1: Kosova1968 ($61.24 in chips)
Seat 2: Necromadx ($146 in chips)
Necromadx: posts small blind $1
Kosova1968: posts big blind $3
*** HOLE CARDS ***
Necromadx: raises $3 to $6
Kosova1968: folds
Uncalled bet ($3) returned to Necromadx
Necromadx collected $6 from pot
Necromadx: doesn't show hand
*** SUMMARY ***
Total pot $6 | Rake $0
Seat 1: Kosova1968 (big blind) folded before Flop
Seat 2: Necromadx (button) (small blind) collected ($6)


PokerStars Hand #145463390107:  Hold'em Limit ($3/$6 USD) - 2015/12/16 21:11:13 ET
Table 'Scheherezade II' 2-max Seat #1 is the button
Seat 1: Kosova1968 ($58.36 in chips)
Seat 2: Necromadx ($149 in chips)
Kosova1968: posts small blind $1
Necromadx: posts big blind $3
*** HOLE CARDS ***
Kosova1968: calls $2
Necromadx: checks
*** FLOP *** [5s Jd 7s]
Necromadx: checks
Kosova1968: bets $3
Necromadx: folds
Uncalled bet ($3) returned to Kosova1968
Kosova1968 collected $5.88 from pot
*** SUMMARY ***
Total pot $6 | Rake $0.12
Board [5s Jd 7s]
Seat 1: Kosova1968 (button) (small blind) collected ($5.88)
Seat 2: Necromadx (big blind) folded on the Flop


PokerStars Hand #145463375674:  Hold'em Limit ($3/$6 USD) - 2015/12/16 21:10:41 ET
Table 'Scheherezade II' 2-max Seat #2 is the button
Seat 1: Kosova1968 ($73.36 in chips)
Seat 2: Necromadx ($134.50 in chips)
Necromadx: posts small blind $1
Kosova1968: posts big blind $3
*** HOLE CARDS ***
Necromadx: raises $3 to $6
Kosova1968: calls $3
*** FLOP *** [Kd 2s 3h]
Kosova1968: checks
Necromadx: bets $3
Kosova1968: calls $3
*** TURN *** [Kd 2s 3h] [9s]
Kosova1968: checks
Necromadx: bets $6
Kosova1968: calls $6
*** RIVER *** [Kd 2s 3h 9s] [Ah]
Kosova1968: checks
Necromadx: bets $6
Kosova1968: folds
Uncalled bet ($6) returned to Necromadx
Necromadx collected $29.50 from pot
Necromadx: doesn't show hand
*** SUMMARY ***
Total pot $30 | Rake $0.50
Board [Kd 2s 3h 9s Ah]
Seat 1: Kosova1968 (big blind) folded on the River
Seat 2: Necromadx (button) (small blind) collected ($29.50)


PokerStars Hand #145463397817:  Hold'em Limit ($3/$6 USD) - 2015/12/16 21:11:30 ET
Table 'Scheherezade II' 2-max Seat #1 is the button
Seat 1: Kosova1968 ($58.24 in chips)
Seat 2: Necromadx ($149 in chips)
Kosova1968: posts small blind $1
Necromadx: posts big blind $3
*** HOLE CARDS ***
Kosova1968: calls $2
Necromadx: checks
*** FLOP *** [8c 7d 5h]
Necromadx: bets $3
Kosova1968: calls $3
*** TURN *** [8c 7d 5h] [Tc]
Necromadx: checks
Kosova1968: bets $6
Necromadx: calls $6
*** RIVER *** [8c 7d 5h Tc] [6d]
Necromadx: checks
Kosova1968: bets $6
Necromadx: folds
Uncalled bet ($6) returned to Kosova1968
Kosova1968 collected $23.52 from pot
*** SUMMARY ***
Total pot $24 | Rake $0.48
Board [8c 7d 5h Tc 6d]
Seat 1: Kosova1968 (button) (small blind) collected ($23.52)
Seat 2: Necromadx (big blind) folded on the River


PokerStars Hand #145463406816:  Hold'em Limit ($3/$6 USD) - 2015/12/16 21:11:50 ET
Table 'Scheherezade II' 2-max Seat #2 is the button
Seat 1: Kosova1968 ($69.76 in chips)
Seat 2: Necromadx ($137 in chips)
Necromadx: posts small blind $1
Kosova1968: posts big blind $3
*** HOLE CARDS ***
Necromadx: raises $3 to $6
Kosova1968: folds
Uncalled bet ($3) returned to Necromadx
Necromadx collected $6 from pot
Necromadx: doesn't show hand
*** SUMMARY ***
Total pot $6 | Rake $0
Seat 1: Kosova1968 (big blind) folded before Flop
Seat 2: Necromadx (button) (small blind) collected ($6)


PokerStars Hand #145463410078:  Hold'em Limit ($3/$6 USD) - 2015/12/16 21:11:57 ET
Table 'Scheherezade II' 2-max Seat #1 is the button
Seat 1: Kosova1968 ($66.76 in chips)
Seat 2: Necromadx ($140 in chips)
Kosova1968: posts small blind $1
Necromadx: posts big blind $3
*** HOLE CARDS ***
Kosova1968: raises $3 to $6
Necromadx: calls $3
*** FLOP *** [Kc 9c Qh]
Necromadx: checks
Kosova1968: bets $3
Necromadx: calls $3
*** TURN *** [Kc 9c Qh] [8s]
Necromadx: checks
Kosova1968: checks
*** RIVER *** [Kc 9c Qh 8s] [Th]
Necromadx: checks
Kosova1968: bets $6
Necromadx: calls $6
*** SHOW DOWN ***
Kosova1968: shows [2d 4h] (high card King)
Necromadx: shows [6h Td] (a pair of Tens)
Necromadx collected $29.50 from pot
*** SUMMARY ***
Total pot $30 | Rake $0.50
Board [Kc 9c Qh 8s Th]
Seat 1: Kosova1968 (button) (small blind) showed [2d 4h] and lost with high card King
Seat 2: Necromadx (big blind) showed [6h Td] and won ($29.50) with a pair of Tens


PokerStars Hand #145463424404:  Hold'em Limit ($3/$6 USD) - 2015/12/16 21:12:29 ET
Table 'Scheherezade II' 2-max Seat #2 is the button
Seat 1: Kosova1968 ($51.76 in chips)
Seat 2: Necromadx ($154.50 in chips)
Necromadx: posts small blind $1
Kosova1968: posts big blind $3
*** HOLE CARDS ***
Necromadx: raises $3 to $6
Kosova1968: calls $3
*** FLOP *** [Th 6c 8s]
Kosova1968: checks
Necromadx: checks
*** TURN *** [Th 6c 8s] [3d]
Kosova1968: checks
Necromadx: checks
*** RIVER *** [Th 6c 8s 3d] [9s]
Kosova1968: checks
Necromadx: checks
*** SHOW DOWN ***
Kosova1968: shows [Jc Kd] (high card King)
Necromadx: mucks hand
Kosova1968 collected $11.76 from pot
*** SUMMARY ***
Total pot $12 | Rake $0.24
Board [Th 6c 8s 3d 9s]
Seat 1: Kosova1968 (big blind) showed [Jc Kd] and won ($11.76) with high card King
Seat 2: Necromadx (button) (small blind) mucked


PokerStars Hand #145463449594:  Hold'em Limit ($3/$6 USD) - 2015/12/16 21:13:25 ET
Table 'Scheherezade II' 2-max Seat #2 is the button
Seat 1: Kosova1968 ($63.28 in chips)
Seat 2: Necromadx ($142.50 in chips)
Necromadx: posts small blind $1
Kosova1968: posts big blind $3
*** HOLE CARDS ***
Necromadx: raises $3 to $6
Kosova1968: folds
Uncalled bet ($3) returned to Necromadx
Necromadx collected $6 from pot
Necromadx: doesn't show hand
*** SUMMARY ***
Total pot $6 | Rake $0
Seat 1: Kosova1968 (big blind) folded before Flop
Seat 2: Necromadx (button) (small blind) collected ($6)


PokerStars Hand #145463440154:  Hold'em Limit ($3/$6 USD) - 2015/12/16 21:13:04 ET
Table 'Scheherezade II' 2-max Seat #1 is the button
Seat 1: Kosova1968 ($57.52 in chips)
Seat 2: Necromadx ($148.50 in chips)
Kosova1968: posts small blind $1
Necromadx: posts big blind $3
*** HOLE CARDS ***
Kosova1968: raises $3 to $6
Necromadx: calls $3
*** FLOP *** [9c 4c 6h]
Necromadx: checks
Kosova1968: checks
*** TURN *** [9c 4c 6h] [Ah]
Necromadx: checks
Kosova1968: checks
*** RIVER *** [9c 4c 6h Ah] [Qd]
Necromadx: checks
Kosova1968: checks
*** SHOW DOWN ***
Necromadx: shows [6d 2d] (a pair of Sixes)
Kosova1968: shows [Kd 6s] (a pair of Sixes - Ace+King kicker)
Kosova1968 collected $11.76 from pot
*** SUMMARY ***
Total pot $12 | Rake $0.24
Board [9c 4c 6h Ah Qd]
Seat 1: Kosova1968 (button) (small blind) showed [Kd 6s] and won ($11.76) with a pair of Sixes
Seat 2: Necromadx (big blind) showed [6d 2d] and lost with a pair of Sixes


PokerStars Hand #145463452402:  Hold'em Limit ($3/$6 USD) - 2015/12/16 21:13:31 ET
Table 'Scheherezade II' 2-max Seat #1 is the button
Seat 1: Kosova1968 ($60.28 in chips)
Seat 2: Necromadx ($145.50 in chips)
Kosova1968: posts small blind $1
Necromadx: posts big blind $3
*** HOLE CARDS ***
Kosova1968: raises $3 to $6
Necromadx: calls $3
*** FLOP *** [Qc 6d Ks]
Necromadx: checks
Kosova1968: bets $3
Necromadx: calls $3
*** TURN *** [Qc 6d Ks] [9d]
Necromadx: checks
Kosova1968: bets $6
Necromadx: raises $6 to $12
Kosova1968: calls $6
*** RIVER *** [Qc 6d Ks 9d] [Th]
Necromadx: bets $6
Kosova1968: calls $6
*** SHOW DOWN ***
Necromadx: shows [6s Qs] (two pair, Queens and Sixes)
Kosova1968: shows [Kc 8s] (a pair of Kings)
Necromadx collected $53.50 from pot
*** SUMMARY ***
Total pot $54 | Rake $0.50
Board [Qc 6d Ks 9d Th]
Seat 1: Kosova1968 (button) (small blind) showed [Kc 8s] and lost with a pair of Kings
Seat 2: Necromadx (big blind) showed [6s Qs] and won ($53.50) with two pair, Queens and Sixes


PokerStars Hand #145463464494:  Hold'em Limit ($3/$6 USD) - 2015/12/16 21:13:58 ET
Table 'Scheherezade II' 2-max Seat #2 is the button
Seat 1: Kosova1968 ($33.28 in chips)
Seat 2: Necromadx ($172 in chips)
Necromadx: posts small blind $1
Kosova1968: posts big blind $3
*** HOLE CARDS ***
Necromadx: raises $3 to $6
Kosova1968: folds
Uncalled bet ($3) returned to Necromadx
Necromadx collected $6 from pot
Necromadx: doesn't show hand
*** SUMMARY ***
Total pot $6 | Rake $0
Seat 1: Kosova1968 (big blind) folded before Flop
Seat 2: Necromadx (button) (small blind) collected ($6)


PokerStars Hand #145463480901:  Hold'em Limit ($3/$6 USD) - 2015/12/16 21:14:35 ET
Table 'Scheherezade II' 2-max Seat #2 is the button
Seat 1: Kosova1968 ($12.28 in chips)
Seat 2: Necromadx ($192.50 in chips)
Necromadx: posts small blind $1
Kosova1968: posts big blind $3
*** HOLE CARDS ***
Necromadx: folds
Uncalled bet ($2) returned to Kosova1968
Kosova1968 collected $2 from pot
*** SUMMARY ***
Total pot $2 | Rake $0
Seat 1: Kosova1968 (big blind) collected ($2)
Seat 2: Necromadx (button) (small blind) folded before Flop


PokerStars Hand #145463469010:  Hold'em Limit ($3/$6 USD) - 2015/12/16 21:14:08 ET
Table 'Scheherezade II' 2-max Seat #1 is the button
Seat 1: Kosova1968 ($30.28 in chips)
Seat 2: Necromadx ($175 in chips)
Kosova1968: posts small blind $1
Necromadx: posts big blind $3
*** HOLE CARDS ***
Kosova1968: raises $3 to $6
Necromadx: raises $3 to $9
Kosova1968: calls $3
*** FLOP *** [Kc 3s 7s]
Necromadx: bets $3
Kosova1968: calls $3
*** TURN *** [Kc 3s 7s] [8h]
Necromadx: bets $6
Kosova1968: calls $6
*** RIVER *** [Kc 3s 7s 8h] [6c]
Necromadx: bets $6
Kosova1968: folds
Uncalled bet ($6) returned to Necromadx
Necromadx collected $35.50 from pot
Necromadx: doesn't show hand
*** SUMMARY ***
Total pot $36 | Rake $0.50
Board [Kc 3s 7s 8h 6c]
Seat 1: Kosova1968 (button) (small blind) folded on the River
Seat 2: Necromadx (big blind) collected ($35.50)


PokerStars Hand #145463486959:  Hold'em Limit ($3/$6 USD) - 2015/12/16 21:14:49 ET
Table 'Scheherezade II' 2-max Seat #1 is the button
Seat 1: Kosova1968 ($13.28 in chips)
Seat 2: Necromadx ($191.50 in chips)
Kosova1968: posts small blind $1
Necromadx: posts big blind $3
*** HOLE CARDS ***
Kosova1968: folds
Uncalled bet ($2) returned to Necromadx
Necromadx collected $2 from pot
Necromadx: doesn't show hand
*** SUMMARY ***
Total pot $2 | Rake $0
Seat 1: Kosova1968 (button) (small blind) folded before Flop
Seat 2: Necromadx (big blind) collected ($2)


PokerStars Hand #145463485296:  Hold'em Limit ($3/$6 USD) - 2015/12/16 21:14:45 ET
Table 'Scheherezade II' 2-max Seat #2 is the button
Seat 1: Kosova1968 ($12.28 in chips)
Seat 2: Necromadx ($192.50 in chips)
Necromadx: posts small blind $1
Kosova1968: posts big blind $3
*** HOLE CARDS ***
Necromadx: folds
Uncalled bet ($2) returned to Kosova1968
Kosova1968 collected $2 from pot
*** SUMMARY ***
Total pot $2 | Rake $0
Seat 1: Kosova1968 (big blind) collected ($2)
Seat 2: Necromadx (button) (small blind) folded before Flop


PokerStars Hand #145463482948:  Hold'em Limit ($3/$6 USD) - 2015/12/16 21:14:39 ET
Table 'Scheherezade II' 2-max Seat #1 is the button
Seat 1: Kosova1968 ($13.28 in chips)
Seat 2: Necromadx ($191.50 in chips)
Kosova1968: posts small blind $1
Necromadx: posts big blind $3
*** HOLE CARDS ***
Kosova1968: folds
Uncalled bet ($2) returned to Necromadx
Necromadx collected $2 from pot
Necromadx: doesn't show hand
*** SUMMARY ***
Total pot $2 | Rake $0
Seat 1: Kosova1968 (button) (small blind) folded before Flop
Seat 2: Necromadx (big blind) collected ($2)


PokerStars Hand #145463489354:  Hold'em Limit ($3/$6 USD) - 2015/12/16 21:14:54 ET
Table 'Scheherezade II' 2-max Seat #2 is the button
Seat 1: Kosova1968 ($12.28 in chips)
Seat 2: Necromadx ($192.50 in chips)
Necromadx: posts small blind $1
Kosova1968: posts big blind $3
*** HOLE CARDS ***
Necromadx: raises $3 to $6
Kosova1968: calls $3
*** FLOP *** [Ad 7s 4h]
Kosova1968: checks
Necromadx: bets $3
Kosova1968: folds
Uncalled bet ($3) returned to Necromadx
Necromadx collected $11.76 from pot
Necromadx: doesn't show hand
*** SUMMARY ***
Total pot $12 | Rake $0.24
Board [Ad 7s 4h]
Seat 1: Kosova1968 (big blind) folded on the Flop
Seat 2: Necromadx (button) (small blind) collected ($11.76)


PokerStars Hand #145463503796:  Hold'em Limit ($3/$6 USD) - 2015/12/16 21:15:27 ET
Table 'Scheherezade II' 2-max Seat #2 is the button
Seat 1: Kosova1968 ($12.04 in chips)
Seat 2: Necromadx ($192.26 in chips)
Necromadx: posts small blind $1
Kosova1968: posts big blind $3
*** HOLE CARDS ***
Necromadx: folds
Uncalled bet ($2) returned to Kosova1968
Kosova1968 collected $2 from pot
*** SUMMARY ***
Total pot $2 | Rake $0
Seat 1: Kosova1968 (big blind) collected ($2)
Seat 2: Necromadx (button) (small blind) folded before Flop


PokerStars Hand #145463495621:  Hold'em Limit ($3/$6 USD) - 2015/12/16 21:15:08 ET
Table 'Scheherezade II' 2-max Seat #1 is the button
Seat 1: Kosova1968 ($6.28 in chips)
Seat 2: Necromadx ($198.26 in chips)
Kosova1968: posts small blind $1
Necromadx: posts big blind $3
*** HOLE CARDS ***
Kosova1968: raises $3 to $6
Necromadx: calls $3
*** FLOP *** [Qs Th 9s]
Necromadx: checks
Kosova1968: bets $0.28 and is all-in
Necromadx: folds
Uncalled bet ($0.28) returned to Kosova1968
Kosova1968 collected $11.76 from pot
*** SUMMARY ***
Total pot $12 | Rake $0.24
Board [Qs Th 9s]
Seat 1: Kosova1968 (button) (small blind) collected ($11.76)
Seat 2: Necromadx (big blind) folded on the Flop


PokerStars Hand #145463507937:  Hold'em Limit ($3/$6 USD) - 2015/12/16 21:15:36 ET
Table 'Scheherezade II' 2-max Seat #2 is the button
Seat 1: Kosova1968 ($12.04 in chips)
Seat 2: Necromadx ($192.26 in chips)
Necromadx: posts small blind $1
Kosova1968: posts big blind $3
*** HOLE CARDS ***
Necromadx: folds
Uncalled bet ($2) returned to Kosova1968
Kosova1968 collected $2 from pot
*** SUMMARY ***
Total pot $2 | Rake $0
Seat 1: Kosova1968 (big blind) collected ($2)
Seat 2: Necromadx (button) (small blind) folded before Flop


PokerStars Hand #145463505697:  Hold'em Limit ($3/$6 USD) - 2015/12/16 21:15:31 ET
Table 'Scheherezade II' 2-max Seat #1 is the button
Seat 1: Kosova1968 ($13.04 in chips)
Seat 2: Necromadx ($191.26 in chips)
Kosova1968: posts small blind $1
Necromadx: posts big blind $3
*** HOLE CARDS ***
Kosova1968: folds
Uncalled bet ($2) returned to Necromadx
Necromadx collected $2 from pot
Necromadx: doesn't show hand
*** SUMMARY ***
Total pot $2 | Rake $0
Seat 1: Kosova1968 (button) (small blind) folded before Flop
Seat 2: Necromadx (big blind) collected ($2)


PokerStars Hand #145463509551:  Hold'em Limit ($3/$6 USD) - 2015/12/16 21:15:39 ET
Table 'Scheherezade II' 2-max Seat #1 is the button
Seat 1: Kosova1968 ($13.04 in chips)
Seat 2: Necromadx ($191.26 in chips)
Kosova1968: posts small blind $1
Necromadx: posts big blind $3
*** HOLE CARDS ***
Kosova1968: raises $3 to $6
Necromadx: calls $3
*** FLOP *** [8d Js 4c]
Necromadx: checks
Kosova1968: checks
*** TURN *** [8d Js 4c] [Th]
Necromadx: bets $6
Kosova1968: calls $6
*** RIVER *** [8d Js 4c Th] [Qd]
Necromadx: bets $6
Kosova1968: calls $1.04 and is all-in
Uncalled bet ($4.96) returned to Necromadx
*** SHOW DOWN ***
Necromadx: shows [4s Ks] (a pair of Fours)
Kosova1968: shows [Kh 7c] (high card King)
Necromadx collected $25.58 from pot
*** SUMMARY ***
Total pot $26.08 | Rake $0.50
Board [8d Js 4c Th Qd]
Seat 1: Kosova1968 (button) (small blind) showed [Kh 7c] and lost with high card King
Seat 2: Necromadx (big blind) showed [4s Ks] and won ($25.58) with a pair of Fours


