PokerStars Hand #155396800996:  Hold'em Limit ($3/$6 USD) - 2016/06/30 15:37:29 ET
Table 'Scheat' 10-max Seat #10 is the button
Seat 9: Scheubi88 ($129.63 in chips)
Seat 10: carmello774 ($117 in chips)
carmello774: posts small blind $1
Pandakey: is sitting out
Scheubi88: posts big blind $3
*** HOLE CARDS ***
Pandakey leaves the table
carmello774: folds
Uncalled bet ($2) returned to Scheubi88
Scheubi88 collected $2 from pot
Scheubi88: doesn't show hand
*** SUMMARY ***
Total pot $2 | Rake $0
Seat 9: Scheubi88 (big blind) collected ($2)
Seat 10: carmello774 (button) (small blind) folded before Flop


PokerStars Hand #155396809410:  Hold'em Limit ($3/$6 USD) - 2016/06/30 15:37:41 ET
Table 'Scheat' 10-max Seat #10 is the button
Seat 9: Scheubi88 ($129.63 in chips)
Seat 10: carmello774 ($117 in chips)
carmello774: posts small blind $1
Scheubi88: posts big blind $3
*** HOLE CARDS ***
carmello774: raises $3 to $6
Scheubi88: calls $3
*** FLOP *** [7h 4s Kh]
Scheubi88: checks
carmello774: bets $3
Scheubi88: calls $3
*** TURN *** [7h 4s Kh] [9c]
Scheubi88: checks
carmello774: checks
*** RIVER *** [7h 4s Kh 9c] [2c]
Scheubi88: bets $6
carmello774: folds
Uncalled bet ($6) returned to Scheubi88
Scheubi88 collected $17.64 from pot
Scheubi88: doesn't show hand
*** SUMMARY ***
Total pot $18 | Rake $0.36
Board [7h 4s Kh 9c 2c]
Seat 9: Scheubi88 (big blind) collected ($17.64)
Seat 10: carmello774 (button) (small blind) folded on the River


PokerStars Hand #155396806339:  Hold'em Limit ($3/$6 USD) - 2016/06/30 15:37:37 ET
Table 'Scheat' 10-max Seat #9 is the button
Seat 9: Scheubi88 ($130.63 in chips)
Seat 10: carmello774 ($116 in chips)
Scheubi88: posts small blind $1
carmello774: posts big blind $3
*** HOLE CARDS ***
Scheubi88: folds
Uncalled bet ($2) returned to carmello774
carmello774 collected $2 from pot
carmello774: doesn't show hand
*** SUMMARY ***
Total pot $2 | Rake $0
Seat 9: Scheubi88 (button) (small blind) folded before Flop
Seat 10: carmello774 (big blind) collected ($2)


PokerStars Hand #155396873688:  Hold'em Limit ($3/$6 USD) - 2016/06/30 15:39:11 ET
Table 'Scheat' 10-max Seat #10 is the button
Seat 9: Scheubi88 ($158.53 in chips)
Seat 10: carmello774 ($86.64 in chips)
carmello774: posts small blind $1
Scheubi88: posts big blind $3
*** HOLE CARDS ***
carmello774: raises $3 to $6
Scheubi88: calls $3
*** FLOP *** [Kh Jh Qh]
Scheubi88: checks
carmello774: checks
*** TURN *** [Kh Jh Qh] [2c]
Scheubi88: bets $6
carmello774: folds
Uncalled bet ($6) returned to Scheubi88
Scheubi88 collected $11.76 from pot
Scheubi88: doesn't show hand
*** SUMMARY ***
Total pot $12 | Rake $0.24
Board [Kh Jh Qh 2c]
Seat 9: Scheubi88 (big blind) collected ($11.76)
Seat 10: carmello774 (button) (small blind) folded on the Turn


PokerStars Hand #155396864519:  Hold'em Limit ($3/$6 USD) - 2016/06/30 15:38:59 ET
Table 'Scheat' 10-max Seat #9 is the button
Seat 9: Scheubi88 ($152.77 in chips)
Seat 10: carmello774 ($92.64 in chips)
Scheubi88: posts small blind $1
carmello774: posts big blind $3
*** HOLE CARDS ***
Scheubi88: raises $3 to $6
carmello774: calls $3
*** FLOP *** [Kh Jd Qh]
carmello774: checks
Scheubi88: checks
*** TURN *** [Kh Jd Qh] [6s]
carmello774: checks
Scheubi88: checks
*** RIVER *** [Kh Jd Qh 6s] [7s]
carmello774: checks
Scheubi88: checks
*** SHOW DOWN ***
carmello774: shows [4s Ad] (high card Ace)
Scheubi88: shows [4c 6d] (a pair of Sixes)
Scheubi88 collected $11.76 from pot
*** SUMMARY ***
Total pot $12 | Rake $0.24
Board [Kh Jd Qh 6s 7s]
Seat 9: Scheubi88 (button) (small blind) showed [4c 6d] and won ($11.76) with a pair of Sixes
Seat 10: carmello774 (big blind) showed [4s Ad] and lost with high card Ace


PokerStars Hand #155396854360:  Hold'em Limit ($3/$6 USD) - 2016/06/30 15:38:44 ET
Table 'Scheat' 10-max Seat #10 is the button
Seat 9: Scheubi88 ($161.77 in chips)
Seat 10: carmello774 ($84 in chips)
carmello774: posts small blind $1
Scheubi88: posts big blind $3
*** HOLE CARDS ***
carmello774: raises $3 to $6
Scheubi88: calls $3
*** FLOP *** [9c Js Qh]
Scheubi88: checks
carmello774: bets $3
Scheubi88: calls $3
*** TURN *** [9c Js Qh] [9h]
Scheubi88: checks
carmello774: bets $6
Scheubi88: folds
Uncalled bet ($6) returned to carmello774
carmello774 collected $17.64 from pot
carmello774: doesn't show hand
*** SUMMARY ***
Total pot $18 | Rake $0.36
Board [9c Js Qh 9h]
Seat 9: Scheubi88 (big blind) folded on the Turn
Seat 10: carmello774 (button) (small blind) collected ($17.64)


PokerStars Hand #155396839401:  Hold'em Limit ($3/$6 USD) - 2016/06/30 15:38:23 ET
Table 'Scheat' 10-max Seat #9 is the button
Seat 9: Scheubi88 ($138.27 in chips)
Seat 10: carmello774 ($108 in chips)
Scheubi88: posts small blind $1
carmello774: posts big blind $3
*** HOLE CARDS ***
Scheubi88: raises $3 to $6
carmello774: calls $3
*** FLOP *** [4d 6d 3c]
carmello774: checks
Scheubi88: bets $3
carmello774: raises $3 to $6
Scheubi88: calls $3
*** TURN *** [4d 6d 3c] [2h]
carmello774: bets $6
Scheubi88: raises $6 to $12
carmello774: calls $6
*** RIVER *** [4d 6d 3c 2h] [3s]
carmello774: checks
Scheubi88: bets $6
carmello774: folds
Uncalled bet ($6) returned to Scheubi88
Scheubi88 collected $47.50 from pot
Scheubi88: doesn't show hand
*** SUMMARY ***
Total pot $48 | Rake $0.50
Board [4d 6d 3c 2h 3s]
Seat 9: Scheubi88 (button) (small blind) collected ($47.50)
Seat 10: carmello774 (big blind) folded on the River


PokerStars Hand #155404470145:  Hold'em Limit ($3/$6 USD) - 2016/06/30 18:41:37 ET
Table 'Scheat' 10-max Seat #7 is the button
Seat 7: Actionni13 ($167.38 in chips)
Seat 8: Warner13 ($22.32 in chips)
Actionni13: posts small blind $1
Warner13: posts big blind $3
*** HOLE CARDS ***
Actionni13: raises $3 to $6
Warner13: calls $3
*** FLOP *** [Ac 3d 8s]
Warner13: checks
Actionni13: bets $3
Warner13: raises $3 to $6
Actionni13: calls $3
*** TURN *** [Ac 3d 8s] [5d]
Warner13: bets $6
Actionni13: calls $6
*** RIVER *** [Ac 3d 8s 5d] [7d]
Warner13: bets $4.32 and is all-in
Actionni13: calls $4.32
*** SHOW DOWN ***
Warner13: shows [2d Qc] (high card Ace)
Actionni13: shows [6h 8d] (a pair of Eights)
Actionni13 collected $44.14 from pot
*** SUMMARY ***
Total pot $44.64 | Rake $0.50
Board [Ac 3d 8s 5d 7d]
Seat 7: Actionni13 (button) (small blind) showed [6h 8d] and won ($44.14) with a pair of Eights
Seat 8: Warner13 (big blind) showed [2d Qc] and lost with high card Ace


PokerStars Hand #155404460635:  Hold'em Limit ($3/$6 USD) - 2016/06/30 18:41:22 ET
Table 'Scheat' 10-max Seat #8 is the button
Seat 7: Actionni13 ($164.50 in chips)
Seat 8: Warner13 ($25.32 in chips)
Warner13: posts small blind $1
Actionni13: posts big blind $3
*** HOLE CARDS ***
Warner13: calls $2
Actionni13: checks
*** FLOP *** [7c 5s 5h]
Actionni13: bets $3
Warner13: folds
Uncalled bet ($3) returned to Actionni13
Actionni13 collected $5.88 from pot
Actionni13: doesn't show hand
*** SUMMARY ***
Total pot $6 | Rake $0.12
Board [7c 5s 5h]
Seat 7: Actionni13 (big blind) collected ($5.88)
Seat 8: Warner13 (button) (small blind) folded on the Flop


PokerStars Hand #155404445181:  Hold'em Limit ($3/$6 USD) - 2016/06/30 18:40:58 ET
Table 'Scheat' 10-max Seat #7 is the button
Seat 7: Actionni13 ($150 in chips)
Seat 8: Warner13 ($40.32 in chips)
Actionni13: posts small blind $1
Warner13: posts big blind $3
*** HOLE CARDS ***
Actionni13: raises $3 to $6
Warner13: calls $3
*** FLOP *** [3c 8h Js]
Warner13: checks
Actionni13: bets $3
Warner13: calls $3
*** TURN *** [3c 8h Js] [2h]
Warner13: checks
Actionni13: bets $6
Warner13: calls $6
*** RIVER *** [3c 8h Js 2h] [9s]
Warner13: checks
Actionni13: bets $6
Warner13: folds
Uncalled bet ($6) returned to Actionni13
Actionni13 collected $29.50 from pot
Actionni13: doesn't show hand
*** SUMMARY ***
Total pot $30 | Rake $0.50
Board [3c 8h Js 2h 9s]
Seat 7: Actionni13 (button) (small blind) collected ($29.50)
Seat 8: Warner13 (big blind) folded on the River


