PokerStars Hand #149665811255:  Hold'em Limit ($3/$6 USD) - 2016/03/01 9:50:52 ET
Table 'Schilowa' 6-max Seat #5 is the button
Seat 3: tweemeterzes ($78.88 in chips)
Seat 5: CatPuppy1999 ($73 in chips)
CatPuppy1999: posts small blind $1
tweemeterzes: posts big blind $3
*** HOLE CARDS ***
CatPuppy1999: raises $3 to $6
tweemeterzes: folds
Uncalled bet ($3) returned to CatPuppy1999
CatPuppy1999 collected $6 from pot
CatPuppy1999: doesn't show hand
*** SUMMARY ***
Total pot $6 | Rake $0
Seat 3: tweemeterzes (big blind) folded before Flop
Seat 5: CatPuppy1999 (button) (small blind) collected ($6)


PokerStars Hand #149665796964:  Hold'em Limit ($3/$6 USD) - 2016/03/01 9:50:31 ET
Table 'Schilowa' 6-max Seat #3 is the button
Seat 3: tweemeterzes ($76 in chips)
Seat 5: CatPuppy1999 ($76 in chips)
tweemeterzes: posts small blind $1
CatPuppy1999: posts big blind $3
*** HOLE CARDS ***
tweemeterzes: calls $2
Agrotait joins the table at seat #4
CatPuppy1999: checks
*** FLOP *** [2c 3s 3d]
CatPuppy1999: checks
tweemeterzes: bets $3
CatPuppy1999: folds
Uncalled bet ($3) returned to tweemeterzes
tweemeterzes collected $5.88 from pot
tweemeterzes: doesn't show hand
*** SUMMARY ***
Total pot $6 | Rake $0.12
Board [2c 3s 3d]
Seat 3: tweemeterzes (button) (small blind) collected ($5.88)
Seat 5: CatPuppy1999 (big blind) folded on the Flop


PokerStars Hand #149665792124:  Hold'em Limit ($3/$6 USD) - 2016/03/01 9:50:24 ET
Table 'Schilowa' 6-max Seat #5 is the button
Seat 3: tweemeterzes ($79 in chips)
Seat 5: CatPuppy1999 ($73 in chips)
CatPuppy1999: posts small blind $1
tweemeterzes: posts big blind $3
*** HOLE CARDS ***
CatPuppy1999: raises $3 to $6
tweemeterzes: folds
Uncalled bet ($3) returned to CatPuppy1999
CatPuppy1999 collected $6 from pot
CatPuppy1999: doesn't show hand
*** SUMMARY ***
Total pot $6 | Rake $0
Seat 3: tweemeterzes (big blind) folded before Flop
Seat 5: CatPuppy1999 (button) (small blind) collected ($6)


PokerStars Hand #149665788304:  Hold'em Limit ($3/$6 USD) - 2016/03/01 9:50:19 ET
Table 'Schilowa' 6-max Seat #3 is the button
Seat 3: tweemeterzes ($80 in chips)
Seat 5: CatPuppy1999 ($72 in chips)
tweemeterzes: posts small blind $1
CatPuppy1999: posts big blind $3
*** HOLE CARDS ***
tweemeterzes: folds
Uncalled bet ($2) returned to CatPuppy1999
CatPuppy1999 collected $2 from pot
CatPuppy1999: doesn't show hand
*** SUMMARY ***
Total pot $2 | Rake $0
Seat 3: tweemeterzes (button) (small blind) folded before Flop
Seat 5: CatPuppy1999 (big blind) collected ($2)


PokerStars Hand #149666201473:  Hold'em Limit ($3/$6 USD) - 2016/03/01 10:01:02 ET
Table 'Schilowa' 6-max Seat #3 is the button
Seat 3: tweemeterzes ($73.40 in chips)
Seat 4: Agrotait ($120.71 in chips)
tweemeterzes: posts small blind $1
Agrotait: posts big blind $3
*** HOLE CARDS ***
tweemeterzes: calls $2
Agrotait: checks
*** FLOP *** [As 6c 4s]
Agrotait: bets $3
tweemeterzes: raises $3 to $6
Agrotait: folds
Uncalled bet ($3) returned to tweemeterzes
tweemeterzes collected $11.76 from pot
tweemeterzes: doesn't show hand
*** SUMMARY ***
Total pot $12 | Rake $0.24
Board [As 6c 4s]
Seat 3: tweemeterzes (button) (small blind) collected ($11.76)
Seat 4: Agrotait (big blind) folded on the Flop


PokerStars Hand #149666170847:  Hold'em Limit ($3/$6 USD) - 2016/03/01 10:00:13 ET
Table 'Schilowa' 6-max Seat #4 is the button
Seat 3: tweemeterzes ($88.40 in chips)
Seat 4: Agrotait ($106.21 in chips)
Agrotait: posts small blind $1
CatPuppy1999: is sitting out
tweemeterzes: posts big blind $3
*** HOLE CARDS ***
Agrotait: raises $3 to $6
tweemeterzes: raises $3 to $9
Agrotait: calls $3
*** FLOP *** [Qc 2d As]
tweemeterzes: bets $3
Agrotait: raises $3 to $6
tweemeterzes: calls $3
*** TURN *** [Qc 2d As] [8s]
tweemeterzes: checks
CatPuppy1999 leaves the table
Agrotait: bets $6
tweemeterzes: folds
Uncalled bet ($6) returned to Agrotait
Agrotait collected $29.50 from pot
Agrotait: doesn't show hand
*** SUMMARY ***
Total pot $30 | Rake $0.50
Board [Qc 2d As 8s]
Seat 3: tweemeterzes (big blind) folded on the Turn
Seat 4: Agrotait (button) (small blind) collected ($29.50)


PokerStars Hand #149666214217:  Hold'em Limit ($3/$6 USD) - 2016/03/01 10:01:21 ET
Table 'Schilowa' 6-max Seat #4 is the button
Seat 3: tweemeterzes ($79.16 in chips)
Seat 4: Agrotait ($114.71 in chips)
Agrotait: posts small blind $1
tweemeterzes: posts big blind $3
*** HOLE CARDS ***
Agrotait: raises $3 to $6
tweemeterzes: calls $3
*** FLOP *** [2h 5s Js]
tweemeterzes: checks
Agrotait: bets $3
tweemeterzes: calls $3
*** TURN *** [2h 5s Js] [7s]
tweemeterzes: bets $6
Agrotait: folds
Uncalled bet ($6) returned to tweemeterzes
tweemeterzes collected $17.64 from pot
tweemeterzes: doesn't show hand
*** SUMMARY ***
Total pot $18 | Rake $0.36
Board [2h 5s Js 7s]
Seat 3: tweemeterzes (big blind) collected ($17.64)
Seat 4: Agrotait (button) (small blind) folded on the Turn


PokerStars Hand #149666252021:  Hold'em Limit ($3/$6 USD) - 2016/03/01 10:02:16 ET
Table 'Schilowa' 6-max Seat #3 is the button
Seat 3: tweemeterzes ($87.80 in chips)
Seat 4: Agrotait ($105.71 in chips)
tweemeterzes: posts small blind $1
Agrotait: posts big blind $3
*** HOLE CARDS ***
tweemeterzes: calls $2
Agrotait: checks
*** FLOP *** [Qc Js Th]
Agrotait: bets $3
tweemeterzes: calls $3
*** TURN *** [Qc Js Th] [3h]
Agrotait: bets $6
tweemeterzes: calls $6
*** RIVER *** [Qc Js Th 3h] [9d]
Hadart joins the table at seat #5
Agrotait: bets $6
tweemeterzes: raises $6 to $12
Agrotait: folds
Uncalled bet ($6) returned to tweemeterzes
tweemeterzes collected $35.50 from pot
tweemeterzes: doesn't show hand
*** SUMMARY ***
Total pot $36 | Rake $0.50
Board [Qc Js Th 3h 9d]
Seat 3: tweemeterzes (button) (small blind) collected ($35.50)
Seat 4: Agrotait (big blind) folded on the River


