PokerStars Hand #156429315567:  Hold'em Limit ($3/$6 USD) - 2016/07/25 12:47:33 ET
Table 'Schilt' 6-max Seat #4 is the button
Seat 4: Mordnilap ($72 in chips)
Seat 6: MooDao ($125.76 in chips)
Mordnilap: posts small blind $1
MooDao: posts big blind $3
*** HOLE CARDS ***
Mordnilap: raises $3 to $6
MooDao: raises $3 to $9
Mordnilap: calls $3
*** FLOP *** [2s Ks 3h]
MooDao: bets $3
Mordnilap: raises $3 to $6
MooDao: folds
Uncalled bet ($3) returned to Mordnilap
Mordnilap collected $23.52 from pot
Mordnilap: doesn't show hand
*** SUMMARY ***
Total pot $24 | Rake $0.48
Board [2s Ks 3h]
Seat 4: Mordnilap (button) (small blind) collected ($23.52)
Seat 6: MooDao (big blind) folded on the Flop


PokerStars Hand #156429358488:  Hold'em Limit ($3/$6 USD) - 2016/07/25 12:48:33 ET
Table 'Schilt' 6-max Seat #4 is the button
Seat 4: Mordnilap ($104.02 in chips)
Seat 6: MooDao ($92.76 in chips)
Mordnilap: posts small blind $1
MooDao: posts big blind $3
*** HOLE CARDS ***
Mordnilap: folds
Uncalled bet ($2) returned to MooDao
MooDao collected $2 from pot
MooDao: doesn't show hand
*** SUMMARY ***
Total pot $2 | Rake $0
Seat 4: Mordnilap (button) (small blind) folded before Flop
Seat 6: MooDao (big blind) collected ($2)


PokerStars Hand #156429373597:  Hold'em Limit ($3/$6 USD) - 2016/07/25 12:48:54 ET
Table 'Schilt' 6-max Seat #6 is the button
Seat 4: Mordnilap ($103.02 in chips)
Seat 6: MooDao ($93.76 in chips)
MooDao: posts small blind $1
Mordnilap: posts big blind $3
*** HOLE CARDS ***
MooDao: raises $3 to $6
Mordnilap: calls $3
*** FLOP *** [3h 2c Kd]
Mordnilap: checks
MooDao: bets $3
Mordnilap: folds
Uncalled bet ($3) returned to MooDao
MooDao collected $11.76 from pot
MooDao: doesn't show hand
*** SUMMARY ***
Total pot $12 | Rake $0.24
Board [3h 2c Kd]
Seat 4: Mordnilap (big blind) folded on the Flop
Seat 6: MooDao (button) (small blind) collected ($11.76)


PokerStars Hand #156429326926:  Hold'em Limit ($3/$6 USD) - 2016/07/25 12:47:49 ET
Table 'Schilt' 6-max Seat #6 is the button
Seat 4: Mordnilap ($83.52 in chips)
Seat 6: MooDao ($113.76 in chips)
MooDao: posts small blind $1
Mordnilap: posts big blind $3
*** HOLE CARDS ***
MooDao: raises $3 to $6
Mordnilap: raises $3 to $9
MooDao: raises $3 to $12
Betting is capped
Mordnilap: calls $3
*** FLOP *** [2d Td Kc]
Mordnilap: checks
MooDao: bets $3
Mordnilap: calls $3
*** TURN *** [2d Td Kc] [7s]
Mordnilap: checks
MooDao: checks
*** RIVER *** [2d Td Kc 7s] [Qh]
Mordnilap: bets $6
MooDao: calls $6
*** SHOW DOWN ***
Mordnilap: shows [Ad Jh] (a straight, Ten to Ace)
MooDao: mucks hand
Mordnilap collected $41.50 from pot
*** SUMMARY ***
Total pot $42 | Rake $0.50
Board [2d Td Kc 7s Qh]
Seat 4: Mordnilap (big blind) showed [Ad Jh] and won ($41.50) with a straight, Ten to Ace
Seat 6: MooDao (button) (small blind) mucked


PokerStars Hand #156429369845:  Hold'em Limit ($3/$6 USD) - 2016/07/25 12:48:49 ET
Table 'Schilt' 6-max Seat #4 is the button
Seat 4: Mordnilap ($104.02 in chips)
Seat 6: MooDao ($92.76 in chips)
Mordnilap: posts small blind $1
MooDao: posts big blind $3
*** HOLE CARDS ***
Mordnilap: folds
Uncalled bet ($2) returned to MooDao
MooDao collected $2 from pot
MooDao: doesn't show hand
*** SUMMARY ***
Total pot $2 | Rake $0
Seat 4: Mordnilap (button) (small blind) folded before Flop
Seat 6: MooDao (big blind) collected ($2)


PokerStars Hand #156429366071:  Hold'em Limit ($3/$6 USD) - 2016/07/25 12:48:44 ET
Table 'Schilt' 6-max Seat #6 is the button
Seat 4: Mordnilap ($103.02 in chips)
Seat 6: MooDao ($93.76 in chips)
MooDao: posts small blind $1
Mordnilap: posts big blind $3
*** HOLE CARDS ***
MooDao: folds
Uncalled bet ($2) returned to Mordnilap
Mordnilap collected $2 from pot
Mordnilap: doesn't show hand
*** SUMMARY ***
Total pot $2 | Rake $0
Seat 4: Mordnilap (big blind) collected ($2)
Seat 6: MooDao (button) (small blind) folded before Flop


PokerStars Hand #156429383384:  Hold'em Limit ($3/$6 USD) - 2016/07/25 12:49:08 ET
Table 'Schilt' 6-max Seat #4 is the button
Seat 4: Mordnilap ($97.02 in chips)
Seat 6: MooDao ($99.52 in chips)
Mordnilap: posts small blind $1
MooDao: posts big blind $3
*** HOLE CARDS ***
Mordnilap: raises $3 to $6
MooDao: raises $3 to $9
Mordnilap: calls $3
*** FLOP *** [Td 3s 6c]
MooDao: bets $3
Mordnilap: calls $3
*** TURN *** [Td 3s 6c] [Kd]
MooDao: checks
Mordnilap: checks
*** RIVER *** [Td 3s 6c Kd] [Ah]
MooDao: checks
Mordnilap: checks
*** SHOW DOWN ***
MooDao: shows [4d 4s] (a pair of Fours)
Mordnilap: mucks hand
MooDao collected $23.52 from pot
*** SUMMARY ***
Total pot $24 | Rake $0.48
Board [Td 3s 6c Kd Ah]
Seat 4: Mordnilap (button) (small blind) mucked
Seat 6: MooDao (big blind) showed [4d 4s] and won ($23.52) with a pair of Fours


PokerStars Hand #156429458675:  Hold'em Limit ($3/$6 USD) - 2016/07/25 12:50:55 ET
Table 'Schilt' 6-max Seat #6 is the button
Seat 4: Mordnilap ($96.66 in chips)
Seat 6: MooDao ($99.04 in chips)
MooDao: posts small blind $1
Mordnilap: posts big blind $3
*** HOLE CARDS ***
MooDao: raises $3 to $6
Mordnilap: calls $3
*** FLOP *** [Ad 4d Qh]
Mordnilap: checks
MooDao: checks
*** TURN *** [Ad 4d Qh] [Ac]
Mordnilap: checks
MooDao: bets $6
Mordnilap: folds
Uncalled bet ($6) returned to MooDao
MooDao collected $11.76 from pot
Ingmar Ross joins the table at seat #3
MooDao: doesn't show hand
*** SUMMARY ***
Total pot $12 | Rake $0.24
Board [Ad 4d Qh Ac]
Seat 4: Mordnilap (big blind) folded on the Turn
Seat 6: MooDao (button) (small blind) collected ($11.76)


PokerStars Hand #156429441723:  Hold'em Limit ($3/$6 USD) - 2016/07/25 12:50:31 ET
Table 'Schilt' 6-max Seat #6 is the button
Seat 4: Mordnilap ($96.66 in chips)
Seat 6: MooDao ($99.04 in chips)
MooDao: posts small blind $1
Mordnilap: posts big blind $3
*** HOLE CARDS ***
MooDao: folds
Uncalled bet ($2) returned to Mordnilap
Mordnilap collected $2 from pot
Mordnilap: doesn't show hand
*** SUMMARY ***
Total pot $2 | Rake $0
Seat 4: Mordnilap (big blind) collected ($2)
Seat 6: MooDao (button) (small blind) folded before Flop


PokerStars Hand #156429437325:  Hold'em Limit ($3/$6 USD) - 2016/07/25 12:50:24 ET
Table 'Schilt' 6-max Seat #4 is the button
Seat 4: Mordnilap ($93.66 in chips)
Seat 6: MooDao ($102.04 in chips)
Mordnilap: posts small blind $1
MooDao: posts big blind $3
*** HOLE CARDS ***
Mordnilap: raises $3 to $6
MooDao: folds
Uncalled bet ($3) returned to Mordnilap
Mordnilap collected $6 from pot
Mordnilap: doesn't show hand
*** SUMMARY ***
Total pot $6 | Rake $0
Seat 4: Mordnilap (button) (small blind) collected ($6)
Seat 6: MooDao (big blind) folded before Flop


PokerStars Hand #156429445635:  Hold'em Limit ($3/$6 USD) - 2016/07/25 12:50:36 ET
Table 'Schilt' 6-max Seat #4 is the button
Seat 4: Mordnilap ($97.66 in chips)
Seat 6: MooDao ($98.04 in chips)
Mordnilap: posts small blind $1
MooDao: posts big blind $3
*** HOLE CARDS ***
Mordnilap: folds
Uncalled bet ($2) returned to MooDao
MooDao collected $2 from pot
MooDao: doesn't show hand
*** SUMMARY ***
Total pot $2 | Rake $0
Seat 4: Mordnilap (button) (small blind) folded before Flop
Seat 6: MooDao (big blind) collected ($2)


PokerStars Hand #156429407223:  Hold'em Limit ($3/$6 USD) - 2016/07/25 12:49:42 ET
Table 'Schilt' 6-max Seat #6 is the button
Seat 4: Mordnilap ($85.02 in chips)
Seat 6: MooDao ($111.04 in chips)
MooDao: posts small blind $1
Mordnilap: posts big blind $3
*** HOLE CARDS ***
MooDao: raises $3 to $6
Mordnilap: calls $3
*** FLOP *** [Ah Qs 2c]
Mordnilap: checks
MooDao: bets $3
Mordnilap: calls $3
*** TURN *** [Ah Qs 2c] [7d]
Mordnilap: checks
MooDao: checks
*** RIVER *** [Ah Qs 2c 7d] [4s]
Mordnilap: checks
MooDao: checks
*** SHOW DOWN ***
Mordnilap: shows [Js 2d] (a pair of Deuces)
MooDao: mucks hand
Mordnilap collected $17.64 from pot
*** SUMMARY ***
Total pot $18 | Rake $0.36
Board [Ah Qs 2c 7d 4s]
Seat 4: Mordnilap (big blind) showed [Js 2d] and won ($17.64) with a pair of Deuces
Seat 6: MooDao (button) (small blind) mucked


PokerStars Hand #156429472310:  Hold'em Limit ($3/$6 USD) - 2016/07/25 12:51:14 ET
Table 'Schilt' 6-max Seat #4 is the button
Seat 4: Mordnilap ($90.66 in chips)
Seat 6: MooDao ($104.80 in chips)
Mordnilap: posts small blind $1
MooDao: posts big blind $3
*** HOLE CARDS ***
Mordnilap: raises $3 to $6
MooDao: raises $3 to $9
Mordnilap: calls $3
*** FLOP *** [9s Qc Jh]
MooDao: bets $3
Mordnilap: calls $3
*** TURN *** [9s Qc Jh] [7c]
MooDao: checks
Mordnilap: bets $6
MooDao: folds
Uncalled bet ($6) returned to Mordnilap
Mordnilap collected $23.52 from pot
Mordnilap: doesn't show hand
*** SUMMARY ***
Total pot $24 | Rake $0.48
Board [9s Qc Jh 7c]
Seat 4: Mordnilap (button) (small blind) collected ($23.52)
Seat 6: MooDao (big blind) folded on the Turn


PokerStars Hand #156430478674:  Hold'em Limit ($3/$6 USD) - 2016/07/25 13:15:53 ET
Table 'Schilt' 6-max Seat #2 is the button
Seat 1: AzureCaper ($116.11 in chips)
Seat 2: Guimp ($113.51 in chips)
Guimp: posts small blind $1
Mordnilap: is sitting out
Fabulous108: is sitting out
AzureCaper: posts big blind $3
*** HOLE CARDS ***
Guimp: raises $3 to $6
AzureCaper: raises $3 to $9
Guimp: raises $3 to $12
Betting is capped
AzureCaper: calls $3
*** FLOP *** [4h 3d 5c]
frmaroni joins the table at seat #6
AzureCaper: bets $3
Guimp: calls $3
*** TURN *** [4h 3d 5c] [9s]
AzureCaper: checks
Guimp: bets $6
Fabulous108 leaves the table
AzureCaper: calls $6
*** RIVER *** [4h 3d 5c 9s] [4c]
AzureCaper: checks
Guimp: checks
*** SHOW DOWN ***
AzureCaper: shows [Td Kd] (a pair of Fours)
Guimp: shows [7s As] (a pair of Fours - Ace kicker)
Guimp collected $41.50 from pot
*** SUMMARY ***
Total pot $42 | Rake $0.50
Board [4h 3d 5c 9s 4c]
Seat 1: AzureCaper (big blind) showed [Td Kd] and lost with a pair of Fours
Seat 2: Guimp (button) (small blind) showed [7s As] and won ($41.50) with a pair of Fours


PokerStars Hand #156430499664:  Hold'em Limit ($3/$6 USD) - 2016/07/25 13:16:22 ET
Table 'Schilt' 6-max Seat #1 is the button
Seat 1: AzureCaper ($95.11 in chips)
Seat 6: frmaroni ($35.04 in chips)
AzureCaper: posts small blind $1
frmaroni: posts big blind $3
*** HOLE CARDS ***
AzureCaper: raises $3 to $6
Guimp leaves the table
frmaroni: folds
Uncalled bet ($3) returned to AzureCaper
AzureCaper collected $6 from pot
AzureCaper: doesn't show hand
*** SUMMARY ***
Total pot $6 | Rake $0
Seat 1: AzureCaper (button) (small blind) collected ($6)
Seat 6: frmaroni (big blind) folded before Flop


