PokerStars Hand #158746243564:  Hold'em Limit ($3/$6 USD) - 2016/09/17 20:45:00 ET
Table 'Schilt' 10-max Seat #1 is the button
Seat 1: TadellosPlay ($129.49 in chips)
Seat 7: BuzovaPro ($76 in chips)
TadellosPlay: posts small blind $1
BuzovaPro: posts big blind $3
*** HOLE CARDS ***
TadellosPlay: raises $3 to $6
BuzovaPro: folds
Uncalled bet ($3) returned to TadellosPlay
TadellosPlay collected $6 from pot
TadellosPlay: doesn't show hand
*** SUMMARY ***
Total pot $6 | Rake $0
Seat 1: TadellosPlay (button) (small blind) collected ($6)
Seat 7: BuzovaPro (big blind) folded before Flop


PokerStars Hand #158746238295:  Hold'em Limit ($3/$6 USD) - 2016/09/17 20:44:53 ET
Table 'Schilt' 10-max Seat #7 is the button
Seat 1: TadellosPlay ($132.49 in chips)
Seat 7: BuzovaPro ($73 in chips)
BuzovaPro: posts small blind $1
TadellosPlay: posts big blind $3
*** HOLE CARDS ***
BuzovaPro: raises $3 to $6
TadellosPlay: folds
Uncalled bet ($3) returned to BuzovaPro
BuzovaPro collected $6 from pot
BuzovaPro: doesn't show hand
*** SUMMARY ***
Total pot $6 | Rake $0
Seat 1: TadellosPlay (big blind) folded before Flop
Seat 7: BuzovaPro (button) (small blind) collected ($6)


PokerStars Hand #158746230078:  Hold'em Limit ($3/$6 USD) - 2016/09/17 20:44:28 ET
Table 'Schilt' 10-max Seat #1 is the button
Seat 1: TadellosPlay ($133.49 in chips)
Seat 7: BuzovaPro ($72 in chips)
TadellosPlay: posts small blind $1
BuzovaPro: posts big blind $3
*** HOLE CARDS ***
TadellosPlay: folds
Uncalled bet ($2) returned to BuzovaPro
BuzovaPro collected $2 from pot
BuzovaPro: doesn't show hand
*** SUMMARY ***
Total pot $2 | Rake $0
Seat 1: TadellosPlay (button) (small blind) folded before Flop
Seat 7: BuzovaPro (big blind) collected ($2)


PokerStars Hand #158746279711:  Hold'em Limit ($3/$6 USD) - 2016/09/17 20:46:24 ET
Table 'Schilt' 10-max Seat #7 is the button
Seat 1: TadellosPlay ($147.77 in chips)
Seat 7: BuzovaPro ($73 in chips)
BuzovaPro: posts small blind $1
TadellosPlay: posts big blind $3
*** HOLE CARDS ***
BuzovaPro: raises $3 to $6
TadellosPlay: folds
Uncalled bet ($3) returned to BuzovaPro
BuzovaPro collected $6 from pot
BuzovaPro: doesn't show hand
*** SUMMARY ***
Total pot $6 | Rake $0
Seat 1: TadellosPlay (big blind) folded before Flop
Seat 7: BuzovaPro (button) (small blind) collected ($6)


PokerStars Hand #158746277629:  Hold'em Limit ($3/$6 USD) - 2016/09/17 20:46:19 ET
Table 'Schilt' 10-max Seat #1 is the button
Seat 1: TadellosPlay ($148.77 in chips)
Seat 7: BuzovaPro ($72 in chips)
TadellosPlay: posts small blind $1
BuzovaPro: posts big blind $3
*** HOLE CARDS ***
TadellosPlay: folds
Uncalled bet ($2) returned to BuzovaPro
BuzovaPro collected $2 from pot
BuzovaPro: doesn't show hand
*** SUMMARY ***
Total pot $2 | Rake $0
Seat 1: TadellosPlay (button) (small blind) folded before Flop
Seat 7: BuzovaPro (big blind) collected ($2)


PokerStars Hand #158746275635:  Hold'em Limit ($3/$6 USD) - 2016/09/17 20:46:15 ET
Table 'Schilt' 10-max Seat #7 is the button
Seat 1: TadellosPlay ($147.77 in chips)
Seat 7: BuzovaPro ($73 in chips)
BuzovaPro: posts small blind $1
TadellosPlay: posts big blind $3
*** HOLE CARDS ***
BuzovaPro: folds
Uncalled bet ($2) returned to TadellosPlay
TadellosPlay collected $2 from pot
TadellosPlay: doesn't show hand
*** SUMMARY ***
Total pot $2 | Rake $0
Seat 1: TadellosPlay (big blind) collected ($2)
Seat 7: BuzovaPro (button) (small blind) folded before Flop


PokerStars Hand #158746272887:  Hold'em Limit ($3/$6 USD) - 2016/09/17 20:46:08 ET
Table 'Schilt' 10-max Seat #1 is the button
Seat 1: TadellosPlay ($148.77 in chips)
Seat 7: BuzovaPro ($72 in chips)
TadellosPlay: posts small blind $1
BuzovaPro: posts big blind $3
*** HOLE CARDS ***
TadellosPlay: folds
Uncalled bet ($2) returned to BuzovaPro
BuzovaPro collected $2 from pot
BuzovaPro: doesn't show hand
*** SUMMARY ***
Total pot $2 | Rake $0
Seat 1: TadellosPlay (button) (small blind) folded before Flop
Seat 7: BuzovaPro (big blind) collected ($2)


PokerStars Hand #158746264332:  Hold'em Limit ($3/$6 USD) - 2016/09/17 20:45:48 ET
Table 'Schilt' 10-max Seat #7 is the button
Seat 1: TadellosPlay ($140.13 in chips)
Seat 7: BuzovaPro ($73 in chips)
BuzovaPro: posts small blind $1
TadellosPlay: posts big blind $3
*** HOLE CARDS ***
BuzovaPro: raises $3 to $6
TadellosPlay: calls $3
*** FLOP *** [7c 6d 8s]
TadellosPlay: checks
BuzovaPro: bets $3
TadellosPlay: raises $3 to $6
BuzovaPro: folds
Uncalled bet ($3) returned to TadellosPlay
TadellosPlay collected $17.64 from pot
TadellosPlay: doesn't show hand
*** SUMMARY ***
Total pot $18 | Rake $0.36
Board [7c 6d 8s]
Seat 1: TadellosPlay (big blind) collected ($17.64)
Seat 7: BuzovaPro (button) (small blind) folded on the Flop


PokerStars Hand #158746245837:  Hold'em Limit ($3/$6 USD) - 2016/09/17 20:45:06 ET
Table 'Schilt' 10-max Seat #7 is the button
Seat 1: TadellosPlay ($132.49 in chips)
Seat 7: BuzovaPro ($73 in chips)
BuzovaPro: posts small blind $1
TadellosPlay: posts big blind $3
*** HOLE CARDS ***
BuzovaPro: raises $3 to $6
TadellosPlay: calls $3
*** FLOP *** [As 4c 4h]
TadellosPlay: checks
BuzovaPro: bets $3
TadellosPlay: calls $3
*** TURN *** [As 4c 4h] [3h]
TadellosPlay: checks
BuzovaPro: checks
*** RIVER *** [As 4c 4h 3h] [5s]
TadellosPlay: bets $6
BuzovaPro: folds
Uncalled bet ($6) returned to TadellosPlay
TadellosPlay collected $17.64 from pot
TadellosPlay: doesn't show hand
*** SUMMARY ***
Total pot $18 | Rake $0.36
Board [As 4c 4h 3h 5s]
Seat 1: TadellosPlay (big blind) collected ($17.64)
Seat 7: BuzovaPro (button) (small blind) folded on the River


PokerStars Hand #158746261442:  Hold'em Limit ($3/$6 USD) - 2016/09/17 20:45:42 ET
Table 'Schilt' 10-max Seat #1 is the button
Seat 1: TadellosPlay ($141.13 in chips)
Seat 7: BuzovaPro ($72 in chips)
TadellosPlay: posts small blind $1
BuzovaPro: posts big blind $3
*** HOLE CARDS ***
TadellosPlay: folds
Uncalled bet ($2) returned to BuzovaPro
BuzovaPro collected $2 from pot
BuzovaPro: doesn't show hand
*** SUMMARY ***
Total pot $2 | Rake $0
Seat 1: TadellosPlay (button) (small blind) folded before Flop
Seat 7: BuzovaPro (big blind) collected ($2)


PokerStars Hand #158746282447:  Hold'em Limit ($3/$6 USD) - 2016/09/17 20:46:30 ET
Table 'Schilt' 10-max Seat #1 is the button
Seat 1: TadellosPlay ($144.77 in chips)
Seat 7: BuzovaPro ($76 in chips)
TadellosPlay: posts small blind $1
BuzovaPro: posts big blind $3
*** HOLE CARDS ***
TadellosPlay: raises $3 to $6
BuzovaPro: raises $3 to $9
TadellosPlay: calls $3
*** FLOP *** [9h Ts 4s]
BuzovaPro: bets $3
TadellosPlay: raises $3 to $6
BuzovaPro: raises $3 to $9
TadellosPlay: raises $3 to $12
Betting is capped
BuzovaPro: calls $3
*** TURN *** [9h Ts 4s] [8c]
BuzovaPro: checks
TadellosPlay: bets $6
BuzovaPro: calls $6
*** RIVER *** [9h Ts 4s 8c] [3c]
BuzovaPro: checks
TadellosPlay: bets $6
BuzovaPro: calls $6
*** SHOW DOWN ***
TadellosPlay: shows [4h 4d] (three of a kind, Fours)
BuzovaPro: mucks hand
TadellosPlay collected $65.50 from pot
*** SUMMARY ***
Total pot $66 | Rake $0.50
Board [9h Ts 4s 8c 3c]
Seat 1: TadellosPlay (button) (small blind) showed [4h 4d] and won ($65.50) with three of a kind, Fours
Seat 7: BuzovaPro (big blind) mucked


PokerStars Hand #158746300242:  Hold'em Limit ($3/$6 USD) - 2016/09/17 20:47:12 ET
Table 'Schilt' 10-max Seat #1 is the button
Seat 1: TadellosPlay ($174.27 in chips)
Seat 7: BuzovaPro ($75 in chips)
TadellosPlay: posts small blind $1
BuzovaPro: posts big blind $3
*** HOLE CARDS ***
TadellosPlay: folds
Uncalled bet ($2) returned to BuzovaPro
BuzovaPro collected $2 from pot
BuzovaPro: doesn't show hand
*** SUMMARY ***
Total pot $2 | Rake $0
Seat 1: TadellosPlay (button) (small blind) folded before Flop
Seat 7: BuzovaPro (big blind) collected ($2)


PokerStars Hand #158746295199:  Hold'em Limit ($3/$6 USD) - 2016/09/17 20:47:00 ET
Table 'Schilt' 10-max Seat #7 is the button
Seat 1: TadellosPlay ($177.27 in chips)
Seat 7: BuzovaPro ($72 in chips)
BuzovaPro: posts small blind $1
TadellosPlay: posts big blind $3
*** HOLE CARDS ***
BuzovaPro: raises $3 to $6
TadellosPlay: folds
Uncalled bet ($3) returned to BuzovaPro
BuzovaPro collected $6 from pot
BuzovaPro: doesn't show hand
*** SUMMARY ***
Total pot $6 | Rake $0
Seat 1: TadellosPlay (big blind) folded before Flop
Seat 7: BuzovaPro (button) (small blind) collected ($6)


PokerStars Hand #158746412603:  Hold'em Limit ($3/$6 USD) - 2016/09/17 20:51:36 ET
Table 'Schilt' 10-max Seat #1 is the button
Seat 1: TadellosPlay ($159.81 in chips)
Seat 7: BuzovaPro ($92.66 in chips)
TadellosPlay: posts small blind $1
BuzovaPro: posts big blind $3
*** HOLE CARDS ***
TadellosPlay: calls $2
BuzovaPro: checks
*** FLOP *** [8h Ac 7c]
BuzovaPro: checks
TadellosPlay: bets $3
BuzovaPro: raises $3 to $6
TadellosPlay: folds
Uncalled bet ($3) returned to BuzovaPro
BuzovaPro collected $11.76 from pot
BuzovaPro: doesn't show hand
*** SUMMARY ***
Total pot $12 | Rake $0.24
Board [8h Ac 7c]
Seat 1: TadellosPlay (button) (small blind) folded on the Flop
Seat 7: BuzovaPro (big blind) collected ($11.76)


PokerStars Hand #158746403567:  Hold'em Limit ($3/$6 USD) - 2016/09/17 20:51:15 ET
Table 'Schilt' 10-max Seat #7 is the button
Seat 1: TadellosPlay ($165.81 in chips)
Seat 7: BuzovaPro ($86.90 in chips)
BuzovaPro: posts small blind $1
TadellosPlay: posts big blind $3
*** HOLE CARDS ***
BuzovaPro: raises $3 to $6
TadellosPlay: calls $3
*** FLOP *** [8h 5s Jd]
TadellosPlay: checks
BuzovaPro: checks
*** TURN *** [8h 5s Jd] [Qc]
TadellosPlay: checks
BuzovaPro: checks
*** RIVER *** [8h 5s Jd Qc] [6d]
TadellosPlay: checks
BuzovaPro: checks
*** SHOW DOWN ***
TadellosPlay: shows [4s Ac] (high card Ace)
BuzovaPro: shows [9c 6s] (a pair of Sixes)
BuzovaPro collected $11.76 from pot
*** SUMMARY ***
Total pot $12 | Rake $0.24
Board [8h 5s Jd Qc 6d]
Seat 1: TadellosPlay (big blind) showed [4s Ac] and lost with high card Ace
Seat 7: BuzovaPro (button) (small blind) showed [9c 6s] and won ($11.76) with a pair of Sixes


PokerStars Hand #158746401819:  Hold'em Limit ($3/$6 USD) - 2016/09/17 20:51:10 ET
Table 'Schilt' 10-max Seat #1 is the button
Seat 1: TadellosPlay ($166.81 in chips)
Seat 7: BuzovaPro ($85.90 in chips)
TadellosPlay: posts small blind $1
BuzovaPro: posts big blind $3
*** HOLE CARDS ***
TadellosPlay: folds
Uncalled bet ($2) returned to BuzovaPro
BuzovaPro collected $2 from pot
BuzovaPro: doesn't show hand
*** SUMMARY ***
Total pot $2 | Rake $0
Seat 1: TadellosPlay (button) (small blind) folded before Flop
Seat 7: BuzovaPro (big blind) collected ($2)


PokerStars Hand #158746395416:  Hold'em Limit ($3/$6 USD) - 2016/09/17 20:50:55 ET
Table 'Schilt' 10-max Seat #7 is the button
Seat 1: TadellosPlay ($172.81 in chips)
Seat 7: BuzovaPro ($80.14 in chips)
BuzovaPro: posts small blind $1
TadellosPlay: posts big blind $3
*** HOLE CARDS ***
BuzovaPro: raises $3 to $6
TadellosPlay: calls $3
*** FLOP *** [6s 9h 2c]
TadellosPlay: checks
BuzovaPro: bets $3
TadellosPlay: folds
Uncalled bet ($3) returned to BuzovaPro
BuzovaPro collected $11.76 from pot
BuzovaPro: doesn't show hand
*** SUMMARY ***
Total pot $12 | Rake $0.24
Board [6s 9h 2c]
Seat 1: TadellosPlay (big blind) folded on the Flop
Seat 7: BuzovaPro (button) (small blind) collected ($11.76)


PokerStars Hand #158746390629:  Hold'em Limit ($3/$6 USD) - 2016/09/17 20:50:44 ET
Table 'Schilt' 10-max Seat #1 is the button
Seat 1: TadellosPlay ($169.81 in chips)
Seat 7: BuzovaPro ($83.14 in chips)
TadellosPlay: posts small blind $1
BuzovaPro: posts big blind $3
*** HOLE CARDS ***
TadellosPlay: raises $3 to $6
BuzovaPro: folds
Uncalled bet ($3) returned to TadellosPlay
TadellosPlay collected $6 from pot
TadellosPlay: doesn't show hand
*** SUMMARY ***
Total pot $6 | Rake $0
Seat 1: TadellosPlay (button) (small blind) collected ($6)
Seat 7: BuzovaPro (big blind) folded before Flop


PokerStars Hand #158746380914:  Hold'em Limit ($3/$6 USD) - 2016/09/17 20:50:21 ET
Table 'Schilt' 10-max Seat #7 is the button
Seat 1: TadellosPlay ($155.31 in chips)
Seat 7: BuzovaPro ($98.14 in chips)
BuzovaPro: posts small blind $1
TadellosPlay: posts big blind $3
*** HOLE CARDS ***
BuzovaPro: raises $3 to $6
TadellosPlay: calls $3
*** FLOP *** [2h 2s 8s]
TadellosPlay: bets $3
BuzovaPro: calls $3
*** TURN *** [2h 2s 8s] [4h]
TadellosPlay: bets $6
BuzovaPro: calls $6
*** RIVER *** [2h 2s 8s 4h] [Qh]
TadellosPlay: checks
BuzovaPro: checks
*** SHOW DOWN ***
TadellosPlay: shows [Ah Ad] (two pair, Aces and Deuces)
BuzovaPro: mucks hand
TadellosPlay collected $29.50 from pot
*** SUMMARY ***
Total pot $30 | Rake $0.50
Board [2h 2s 8s 4h Qh]
Seat 1: TadellosPlay (big blind) showed [Ah Ad] and won ($29.50) with two pair, Aces and Deuces
Seat 7: BuzovaPro (button) (small blind) mucked


PokerStars Hand #158746379339:  Hold'em Limit ($3/$6 USD) - 2016/09/17 20:50:17 ET
Table 'Schilt' 10-max Seat #1 is the button
Seat 1: TadellosPlay ($156.31 in chips)
Seat 7: BuzovaPro ($97.14 in chips)
TadellosPlay: posts small blind $1
BuzovaPro: posts big blind $3
*** HOLE CARDS ***
TadellosPlay: folds
Uncalled bet ($2) returned to BuzovaPro
BuzovaPro collected $2 from pot
BuzovaPro: doesn't show hand
*** SUMMARY ***
Total pot $2 | Rake $0
Seat 1: TadellosPlay (button) (small blind) folded before Flop
Seat 7: BuzovaPro (big blind) collected ($2)


PokerStars Hand #158746375520:  Hold'em Limit ($3/$6 USD) - 2016/09/17 20:50:08 ET
Table 'Schilt' 10-max Seat #7 is the button
Seat 1: TadellosPlay ($159.31 in chips)
Seat 7: BuzovaPro ($94.14 in chips)
BuzovaPro: posts small blind $1
TadellosPlay: posts big blind $3
*** HOLE CARDS ***
BuzovaPro: raises $3 to $6
TadellosPlay: folds
Uncalled bet ($3) returned to BuzovaPro
BuzovaPro collected $6 from pot
BuzovaPro: doesn't show hand
*** SUMMARY ***
Total pot $6 | Rake $0
Seat 1: TadellosPlay (big blind) folded before Flop
Seat 7: BuzovaPro (button) (small blind) collected ($6)


PokerStars Hand #158746361587:  Hold'em Limit ($3/$6 USD) - 2016/09/17 20:49:35 ET
Table 'Schilt' 10-max Seat #1 is the button
Seat 1: TadellosPlay ($174.31 in chips)
Seat 7: BuzovaPro ($79.64 in chips)
TadellosPlay: posts small blind $1
BuzovaPro: posts big blind $3
*** HOLE CARDS ***
TadellosPlay: raises $3 to $6
BuzovaPro: calls $3
*** FLOP *** [7d 9s 2s]
BuzovaPro: checks
TadellosPlay: bets $3
BuzovaPro: calls $3
*** TURN *** [7d 9s 2s] [Ts]
BuzovaPro: checks
TadellosPlay: checks
*** RIVER *** [7d 9s 2s Ts] [6s]
BuzovaPro: checks
TadellosPlay: bets $6
BuzovaPro: calls $6
*** SHOW DOWN ***
TadellosPlay: shows [Kh Ah] (high card Ace)
BuzovaPro: shows [Kc 3s] (a flush, Ten high)
BuzovaPro collected $29.50 from pot
*** SUMMARY ***
Total pot $30 | Rake $0.50
Board [7d 9s 2s Ts 6s]
Seat 1: TadellosPlay (button) (small blind) showed [Kh Ah] and lost with high card Ace
Seat 7: BuzovaPro (big blind) showed [Kc 3s] and won ($29.50) with a flush, Ten high


PokerStars Hand #158746359355:  Hold'em Limit ($3/$6 USD) - 2016/09/17 20:49:30 ET
Table 'Schilt' 10-max Seat #7 is the button
Seat 1: TadellosPlay ($173.31 in chips)
Seat 7: BuzovaPro ($80.64 in chips)
BuzovaPro: posts small blind $1
TadellosPlay: posts big blind $3
*** HOLE CARDS ***
BuzovaPro: folds
Uncalled bet ($2) returned to TadellosPlay
TadellosPlay collected $2 from pot
TadellosPlay: doesn't show hand
*** SUMMARY ***
Total pot $2 | Rake $0
Seat 1: TadellosPlay (big blind) collected ($2)
Seat 7: BuzovaPro (button) (small blind) folded before Flop


PokerStars Hand #158746350560:  Hold'em Limit ($3/$6 USD) - 2016/09/17 20:49:09 ET
Table 'Schilt' 10-max Seat #1 is the button
Seat 1: TadellosPlay ($182.31 in chips)
Seat 7: BuzovaPro ($72 in chips)
TadellosPlay: posts small blind $1
BuzovaPro: posts big blind $3
*** HOLE CARDS ***
TadellosPlay: raises $3 to $6
BuzovaPro: calls $3
*** FLOP *** [Qd 6c 2s]
BuzovaPro: checks
TadellosPlay: bets $3
BuzovaPro: calls $3
*** TURN *** [Qd 6c 2s] [2d]
BuzovaPro: checks
TadellosPlay: checks
*** RIVER *** [Qd 6c 2s 2d] [Qh]
BuzovaPro: checks
TadellosPlay: checks
*** SHOW DOWN ***
BuzovaPro: shows [3d Ks] (two pair, Queens and Deuces)
TadellosPlay: mucks hand
BuzovaPro collected $17.64 from pot
*** SUMMARY ***
Total pot $18 | Rake $0.36
Board [Qd 6c 2s 2d Qh]
Seat 1: TadellosPlay (button) (small blind) mucked
Seat 7: BuzovaPro (big blind) showed [3d Ks] and won ($17.64) with two pair, Queens and Deuces


PokerStars Hand #158746419198:  Hold'em Limit ($3/$6 USD) - 2016/09/17 20:51:51 ET
Table 'Schilt' 10-max Seat #7 is the button
Seat 1: TadellosPlay ($153.81 in chips)
Seat 7: BuzovaPro ($98.42 in chips)
BuzovaPro: posts small blind $1
TadellosPlay: posts big blind $3
*** HOLE CARDS ***
BuzovaPro: raises $3 to $6
TadellosPlay: folds
Uncalled bet ($3) returned to BuzovaPro
BuzovaPro collected $6 from pot
BuzovaPro: doesn't show hand
*** SUMMARY ***
Total pot $6 | Rake $0
Seat 1: TadellosPlay (big blind) folded before Flop
Seat 7: BuzovaPro (button) (small blind) collected ($6)


PokerStars Hand #158746441154:  Hold'em Limit ($3/$6 USD) - 2016/09/17 20:52:43 ET
Table 'Schilt' 10-max Seat #1 is the button
Seat 1: TadellosPlay ($170.31 in chips)
Seat 7: BuzovaPro ($81.42 in chips)
TadellosPlay: posts small blind $1
BuzovaPro: posts big blind $3
*** HOLE CARDS ***
TadellosPlay: folds
Uncalled bet ($2) returned to BuzovaPro
BuzovaPro collected $2 from pot
BuzovaPro: doesn't show hand
*** SUMMARY ***
Total pot $2 | Rake $0
Seat 1: TadellosPlay (button) (small blind) folded before Flop
Seat 7: BuzovaPro (big blind) collected ($2)


PokerStars Hand #158746427936:  Hold'em Limit ($3/$6 USD) - 2016/09/17 20:52:12 ET
Table 'Schilt' 10-max Seat #7 is the button
Seat 1: TadellosPlay ($149.81 in chips)
Seat 7: BuzovaPro ($102.42 in chips)
BuzovaPro: posts small blind $1
TadellosPlay: posts big blind $3
*** HOLE CARDS ***
BuzovaPro: raises $3 to $6
TadellosPlay: calls $3
*** FLOP *** [7s Kh Ts]
TadellosPlay: bets $3
BuzovaPro: calls $3
*** TURN *** [7s Kh Ts] [Qh]
TadellosPlay: bets $6
BuzovaPro: calls $6
*** RIVER *** [7s Kh Ts Qh] [8c]
TadellosPlay: bets $6
BuzovaPro: calls $6
*** SHOW DOWN ***
TadellosPlay: shows [Kd 7d] (two pair, Kings and Sevens)
BuzovaPro: mucks hand
TadellosPlay collected $41.50 from pot
*** SUMMARY ***
Total pot $42 | Rake $0.50
Board [7s Kh Ts Qh 8c]
Seat 1: TadellosPlay (big blind) showed [Kd 7d] and won ($41.50) with two pair, Kings and Sevens
Seat 7: BuzovaPro (button) (small blind) mucked


PokerStars Hand #158746426128:  Hold'em Limit ($3/$6 USD) - 2016/09/17 20:52:08 ET
Table 'Schilt' 10-max Seat #1 is the button
Seat 1: TadellosPlay ($150.81 in chips)
Seat 7: BuzovaPro ($101.42 in chips)
TadellosPlay: posts small blind $1
BuzovaPro: posts big blind $3
*** HOLE CARDS ***
TadellosPlay: folds
Uncalled bet ($2) returned to BuzovaPro
BuzovaPro collected $2 from pot
BuzovaPro: doesn't show hand
*** SUMMARY ***
Total pot $2 | Rake $0
Seat 1: TadellosPlay (button) (small blind) folded before Flop
Seat 7: BuzovaPro (big blind) collected ($2)


PokerStars Hand #158746424172:  Hold'em Limit ($3/$6 USD) - 2016/09/17 20:52:03 ET
Table 'Schilt' 10-max Seat #7 is the button
Seat 1: TadellosPlay ($149.81 in chips)
Seat 7: BuzovaPro ($102.42 in chips)
BuzovaPro: posts small blind $1
TadellosPlay: posts big blind $3
*** HOLE CARDS ***
BuzovaPro: folds
Uncalled bet ($2) returned to TadellosPlay
TadellosPlay collected $2 from pot
TadellosPlay: doesn't show hand
*** SUMMARY ***
Total pot $2 | Rake $0
Seat 1: TadellosPlay (big blind) collected ($2)
Seat 7: BuzovaPro (button) (small blind) folded before Flop


PokerStars Hand #158746422414:  Hold'em Limit ($3/$6 USD) - 2016/09/17 20:51:59 ET
Table 'Schilt' 10-max Seat #1 is the button
Seat 1: TadellosPlay ($150.81 in chips)
Seat 7: BuzovaPro ($101.42 in chips)
TadellosPlay: posts small blind $1
BuzovaPro: posts big blind $3
*** HOLE CARDS ***
TadellosPlay: folds
Uncalled bet ($2) returned to BuzovaPro
BuzovaPro collected $2 from pot
BuzovaPro: doesn't show hand
*** SUMMARY ***
Total pot $2 | Rake $0
Seat 1: TadellosPlay (button) (small blind) folded before Flop
Seat 7: BuzovaPro (big blind) collected ($2)


PokerStars Hand #158746461012:  Hold'em Limit ($3/$6 USD) - 2016/09/17 20:53:30 ET
Table 'Schilt' 10-max Seat #7 is the button
Seat 1: TadellosPlay ($146.31 in chips)
Seat 7: BuzovaPro ($104.92 in chips)
BuzovaPro: posts small blind $1
TadellosPlay: posts big blind $3
*** HOLE CARDS ***
BuzovaPro: raises $3 to $6
TadellosPlay: folds
Uncalled bet ($3) returned to BuzovaPro
BuzovaPro collected $6 from pot
BuzovaPro: doesn't show hand
*** SUMMARY ***
Total pot $6 | Rake $0
Seat 1: TadellosPlay (big blind) folded before Flop
Seat 7: BuzovaPro (button) (small blind) collected ($6)


PokerStars Hand #158746459382:  Hold'em Limit ($3/$6 USD) - 2016/09/17 20:53:26 ET
Table 'Schilt' 10-max Seat #1 is the button
Seat 1: TadellosPlay ($147.31 in chips)
Seat 7: BuzovaPro ($103.92 in chips)
TadellosPlay: posts small blind $1
BuzovaPro: posts big blind $3
*** HOLE CARDS ***
TadellosPlay: folds
Uncalled bet ($2) returned to BuzovaPro
BuzovaPro collected $2 from pot
BuzovaPro: doesn't show hand
*** SUMMARY ***
Total pot $2 | Rake $0
Seat 1: TadellosPlay (button) (small blind) folded before Flop
Seat 7: BuzovaPro (big blind) collected ($2)


PokerStars Hand #158746456043:  Hold'em Limit ($3/$6 USD) - 2016/09/17 20:53:18 ET
Table 'Schilt' 10-max Seat #7 is the button
Seat 1: TadellosPlay ($150.31 in chips)
Seat 7: BuzovaPro ($100.92 in chips)
BuzovaPro: posts small blind $1
TadellosPlay: posts big blind $3
*** HOLE CARDS ***
BuzovaPro: raises $3 to $6
TadellosPlay: folds
Uncalled bet ($3) returned to BuzovaPro
BuzovaPro collected $6 from pot
BuzovaPro: doesn't show hand
*** SUMMARY ***
Total pot $6 | Rake $0
Seat 1: TadellosPlay (big blind) folded before Flop
Seat 7: BuzovaPro (button) (small blind) collected ($6)


PokerStars Hand #158746454336:  Hold'em Limit ($3/$6 USD) - 2016/09/17 20:53:14 ET
Table 'Schilt' 10-max Seat #1 is the button
Seat 1: TadellosPlay ($151.31 in chips)
Seat 7: BuzovaPro ($99.92 in chips)
TadellosPlay: posts small blind $1
BuzovaPro: posts big blind $3
*** HOLE CARDS ***
TadellosPlay: folds
Uncalled bet ($2) returned to BuzovaPro
BuzovaPro collected $2 from pot
BuzovaPro: doesn't show hand
*** SUMMARY ***
Total pot $2 | Rake $0
Seat 1: TadellosPlay (button) (small blind) folded before Flop
Seat 7: BuzovaPro (big blind) collected ($2)


PokerStars Hand #158746443385:  Hold'em Limit ($3/$6 USD) - 2016/09/17 20:52:48 ET
Table 'Schilt' 10-max Seat #7 is the button
Seat 1: TadellosPlay ($169.31 in chips)
Seat 7: BuzovaPro ($82.42 in chips)
BuzovaPro: posts small blind $1
TadellosPlay: posts big blind $3
*** HOLE CARDS ***
BuzovaPro: raises $3 to $6
TadellosPlay: calls $3
*** FLOP *** [5d 8h 7s]
TadellosPlay: checks
BuzovaPro: checks
*** TURN *** [5d 8h 7s] [7h]
TadellosPlay: bets $6
BuzovaPro: calls $6
*** RIVER *** [5d 8h 7s 7h] [9c]
TadellosPlay: checks
BuzovaPro: bets $6
TadellosPlay: calls $6
*** SHOW DOWN ***
BuzovaPro: shows [5h 5s] (a full house, Fives full of Sevens)
TadellosPlay: mucks hand
BuzovaPro collected $35.50 from pot
*** SUMMARY ***
Total pot $36 | Rake $0.50
Board [5d 8h 7s 7h 9c]
Seat 1: TadellosPlay (big blind) mucked
Seat 7: BuzovaPro (button) (small blind) showed [5h 5s] and won ($35.50) with a full house, Fives full of Sevens


PokerStars Hand #158746471354:  Hold'em Limit ($3/$6 USD) - 2016/09/17 20:53:54 ET
Table 'Schilt' 10-max Seat #1 is the button
Seat 1: TadellosPlay ($135.31 in chips)
Seat 7: BuzovaPro ($115.56 in chips)
TadellosPlay: posts small blind $1
BuzovaPro: posts big blind $3
*** HOLE CARDS ***
TadellosPlay: raises $3 to $6
BuzovaPro: calls $3
*** FLOP *** [4s 6s 6d]
BuzovaPro: checks
TadellosPlay: bets $3
BuzovaPro: raises $3 to $6
TadellosPlay: raises $3 to $9
BuzovaPro: calls $3
*** TURN *** [4s 6s 6d] [Qc]
BuzovaPro: checks
TadellosPlay: bets $6
BuzovaPro: calls $6
*** RIVER *** [4s 6s 6d Qc] [5s]
BuzovaPro: checks
TadellosPlay: bets $6
BuzovaPro: calls $6
*** SHOW DOWN ***
TadellosPlay: shows [Jd Kd] (a pair of Sixes)
BuzovaPro: shows [7s 7c] (two pair, Sevens and Sixes)
BuzovaPro collected $53.50 from pot
*** SUMMARY ***
Total pot $54 | Rake $0.50
Board [4s 6s 6d Qc 5s]
Seat 1: TadellosPlay (button) (small blind) showed [Jd Kd] and lost with a pair of Sixes
Seat 7: BuzovaPro (big blind) showed [7s 7c] and won ($53.50) with two pair, Sevens and Sixes


PokerStars Hand #158746469463:  Hold'em Limit ($3/$6 USD) - 2016/09/17 20:53:50 ET
Table 'Schilt' 10-max Seat #7 is the button
Seat 1: TadellosPlay ($134.31 in chips)
Seat 7: BuzovaPro ($116.56 in chips)
BuzovaPro: posts small blind $1
TadellosPlay: posts big blind $3
*** HOLE CARDS ***
BuzovaPro: folds
Uncalled bet ($2) returned to TadellosPlay
TadellosPlay collected $2 from pot
TadellosPlay: doesn't show hand
*** SUMMARY ***
Total pot $2 | Rake $0
Seat 1: TadellosPlay (big blind) collected ($2)
Seat 7: BuzovaPro (button) (small blind) folded before Flop


PokerStars Hand #158746463873:  Hold'em Limit ($3/$6 USD) - 2016/09/17 20:53:37 ET
Table 'Schilt' 10-max Seat #1 is the button
Seat 1: TadellosPlay ($143.31 in chips)
Seat 7: BuzovaPro ($107.92 in chips)
TadellosPlay: posts small blind $1
BuzovaPro: posts big blind $3
*** HOLE CARDS ***
TadellosPlay: raises $3 to $6
BuzovaPro: calls $3
*** FLOP *** [4h 6h 8s]
BuzovaPro: checks
TadellosPlay: bets $3
BuzovaPro: raises $3 to $6
TadellosPlay: folds
Uncalled bet ($3) returned to BuzovaPro
BuzovaPro collected $17.64 from pot
BuzovaPro: doesn't show hand
*** SUMMARY ***
Total pot $18 | Rake $0.36
Board [4h 6h 8s]
Seat 1: TadellosPlay (button) (small blind) folded on the Flop
Seat 7: BuzovaPro (big blind) collected ($17.64)


PokerStars Hand #158746501233:  Hold'em Limit ($3/$6 USD) - 2016/09/17 20:55:05 ET
Table 'Schilt' 10-max Seat #1 is the button
Seat 1: TadellosPlay ($92.31 in chips)
Seat 7: BuzovaPro ($157.46 in chips)
TadellosPlay: posts small blind $1
BuzovaPro: posts big blind $3
*** HOLE CARDS ***
TadellosPlay: folds
Uncalled bet ($2) returned to BuzovaPro
BuzovaPro collected $2 from pot
*** SUMMARY ***
Total pot $2 | Rake $0
Seat 1: TadellosPlay (button) (small blind) folded before Flop
Seat 7: BuzovaPro (big blind) collected ($2)


PokerStars Hand #158746491383:  Hold'em Limit ($3/$6 USD) - 2016/09/17 20:54:41 ET
Table 'Schilt' 10-max Seat #1 is the button
Seat 1: TadellosPlay ($102.31 in chips)
Seat 7: BuzovaPro ($147.82 in chips)
TadellosPlay: posts small blind $1
BuzovaPro: posts big blind $3
*** HOLE CARDS ***
TadellosPlay: folds
Uncalled bet ($2) returned to BuzovaPro
BuzovaPro collected $2 from pot
BuzovaPro: doesn't show hand
*** SUMMARY ***
Total pot $2 | Rake $0
Seat 1: TadellosPlay (button) (small blind) folded before Flop
Seat 7: BuzovaPro (big blind) collected ($2)


PokerStars Hand #158746479902:  Hold'em Limit ($3/$6 USD) - 2016/09/17 20:54:14 ET
Table 'Schilt' 10-max Seat #7 is the button
Seat 1: TadellosPlay ($108.31 in chips)
Seat 7: BuzovaPro ($142.06 in chips)
BuzovaPro: posts small blind $1
TadellosPlay: posts big blind $3
*** HOLE CARDS ***
BuzovaPro: raises $3 to $6
TadellosPlay: calls $3
*** FLOP *** [Ks 5c Ah]
TadellosPlay: checks
BuzovaPro: bets $3
TadellosPlay: folds
Uncalled bet ($3) returned to BuzovaPro
BuzovaPro collected $11.76 from pot
BuzovaPro: doesn't show hand
*** SUMMARY ***
Total pot $12 | Rake $0.24
Board [Ks 5c Ah]
Seat 1: TadellosPlay (big blind) folded on the Flop
Seat 7: BuzovaPro (button) (small blind) collected ($11.76)


PokerStars Hand #158746604066:  Hold'em Limit ($3/$6 USD) - 2016/09/17 20:59:53 ET
Table 'Schilt' 10-max Seat #7 is the button
Seat 1: TadellosPlay ($98.33 in chips)
Seat 7: BuzovaPro ($203.22 in chips)
BuzovaPro: posts small blind $1
TadellosPlay: posts big blind $3
*** HOLE CARDS ***
BuzovaPro: raises $3 to $6
TadellosPlay: folds
Uncalled bet ($3) returned to BuzovaPro
BuzovaPro collected $6 from pot
BuzovaPro: doesn't show hand
Sculatu leaves the table
*** SUMMARY ***
Total pot $6 | Rake $0
Seat 1: TadellosPlay (big blind) folded before Flop
Seat 7: BuzovaPro (button) (small blind) collected ($6)


PokerStars Hand #158746606360:  Hold'em Limit ($3/$6 USD) - 2016/09/17 20:59:59 ET
Table 'Schilt' 10-max Seat #1 is the button
Seat 1: TadellosPlay ($95.33 in chips)
Seat 7: BuzovaPro ($206.22 in chips)
TadellosPlay: posts small blind $1
BuzovaPro: posts big blind $3
*** HOLE CARDS ***
TadellosPlay: calls $2
BuzovaPro: checks
*** FLOP *** [Kd 8d Jc]
BuzovaPro: checks
TadellosPlay: checks
*** TURN *** [Kd 8d Jc] [Jh]
BuzovaPro: bets $6
TadellosPlay: folds
Uncalled bet ($6) returned to BuzovaPro
BuzovaPro collected $5.88 from pot
BuzovaPro: doesn't show hand
*** SUMMARY ***
Total pot $6 | Rake $0.12
Board [Kd 8d Jc Jh]
Seat 1: TadellosPlay (button) (small blind) folded on the Turn
Seat 7: BuzovaPro (big blind) collected ($5.88)


PokerStars Hand #158746613262:  Hold'em Limit ($3/$6 USD) - 2016/09/17 21:00:18 ET
Table 'Schilt' 10-max Seat #7 is the button
Seat 1: TadellosPlay ($93.49 in chips)
Seat 7: BuzovaPro ($209.10 in chips)
BuzovaPro: posts small blind $1
TadellosPlay: posts big blind $3
*** HOLE CARDS ***
BuzovaPro: raises $3 to $6
TadellosPlay: calls $3
*** FLOP *** [Kh 4s Qc]
TadellosPlay: checks
BuzovaPro: bets $3
TadellosPlay: folds
Uncalled bet ($3) returned to BuzovaPro
BuzovaPro collected $11.76 from pot
BuzovaPro: doesn't show hand
*** SUMMARY ***
Total pot $12 | Rake $0.24
Board [Kh 4s Qc]
Seat 1: TadellosPlay (big blind) folded on the Flop
Seat 7: BuzovaPro (button) (small blind) collected ($11.76)


PokerStars Hand #158746619647:  Hold'em Limit ($3/$6 USD) - 2016/09/17 21:00:35 ET
Table 'Schilt' 10-max Seat #1 is the button
Seat 1: TadellosPlay ($93.49 in chips)
Seat 7: BuzovaPro ($214.86 in chips)
TadellosPlay: posts small blind $1
BuzovaPro: posts big blind $3
*** HOLE CARDS ***
TadellosPlay: raises $3 to $6
BuzovaPro: calls $3
*** FLOP *** [Kh 8c Qs]
BuzovaPro: checks
TadellosPlay: bets $3
BuzovaPro: folds
Uncalled bet ($3) returned to TadellosPlay
TadellosPlay collected $11.76 from pot
TadellosPlay: doesn't show hand
*** SUMMARY ***
Total pot $12 | Rake $0.24
Board [Kh 8c Qs]
Seat 1: TadellosPlay (button) (small blind) collected ($11.76)
Seat 7: BuzovaPro (big blind) folded on the Flop


PokerStars Hand #158746642609:  Hold'em Limit ($3/$6 USD) - 2016/09/17 21:01:34 ET
Table 'Schilt' 10-max Seat #1 is the button
Seat 1: TadellosPlay ($93.49 in chips)
Seat 7: BuzovaPro ($214.62 in chips)
TadellosPlay: posts small blind $1
BuzovaPro: posts big blind $3
*** HOLE CARDS ***
TadellosPlay: folds
Uncalled bet ($2) returned to BuzovaPro
BuzovaPro collected $2 from pot
BuzovaPro: doesn't show hand
*** SUMMARY ***
Total pot $2 | Rake $0
Seat 1: TadellosPlay (button) (small blind) folded before Flop
Seat 7: BuzovaPro (big blind) collected ($2)


PokerStars Hand #158746631897:  Hold'em Limit ($3/$6 USD) - 2016/09/17 21:01:07 ET
Table 'Schilt' 10-max Seat #7 is the button
Seat 1: TadellosPlay ($99.25 in chips)
Seat 7: BuzovaPro ($208.86 in chips)
BuzovaPro: posts small blind $1
TadellosPlay: posts big blind $3
*** HOLE CARDS ***
BuzovaPro: raises $3 to $6
TadellosPlay: calls $3
*** FLOP *** [Qc 4c 8s]
TadellosPlay: checks
BuzovaPro: bets $3
TadellosPlay: folds
Uncalled bet ($3) returned to BuzovaPro
BuzovaPro collected $11.76 from pot
BuzovaPro: doesn't show hand
*** SUMMARY ***
Total pot $12 | Rake $0.24
Board [Qc 4c 8s]
Seat 1: TadellosPlay (big blind) folded on the Flop
Seat 7: BuzovaPro (button) (small blind) collected ($11.76)


PokerStars Hand #158746646912:  Hold'em Limit ($3/$6 USD) - 2016/09/17 21:01:44 ET
Table 'Schilt' 10-max Seat #1 is the button
Seat 1: TadellosPlay ($93.49 in chips)
Seat 7: BuzovaPro ($218.62 in chips)
TadellosPlay: posts small blind $1
BuzovaPro: posts big blind $3
*** HOLE CARDS ***
TadellosPlay: folds
Uncalled bet ($2) returned to BuzovaPro
BuzovaPro collected $2 from pot
BuzovaPro: doesn't show hand
*** SUMMARY ***
Total pot $2 | Rake $0
Seat 1: TadellosPlay (button) (small blind) folded before Flop
Seat 7: BuzovaPro (big blind) collected ($2)


PokerStars Hand #158746644274:  Hold'em Limit ($3/$6 USD) - 2016/09/17 21:01:38 ET
Table 'Schilt' 10-max Seat #7 is the button
Seat 1: TadellosPlay ($93.49 in chips)
Seat 7: BuzovaPro ($215.62 in chips)
BuzovaPro: posts small blind $1
TadellosPlay: posts big blind $3
*** HOLE CARDS ***
BuzovaPro: raises $3 to $6
TadellosPlay: folds
Uncalled bet ($3) returned to BuzovaPro
BuzovaPro collected $6 from pot
BuzovaPro: doesn't show hand
*** SUMMARY ***
Total pot $6 | Rake $0
Seat 1: TadellosPlay (big blind) folded before Flop
Seat 7: BuzovaPro (button) (small blind) collected ($6)


PokerStars Hand #158746648628:  Hold'em Limit ($3/$6 USD) - 2016/09/17 21:01:48 ET
Table 'Schilt' 10-max Seat #7 is the button
Seat 1: TadellosPlay ($93.49 in chips)
Seat 7: BuzovaPro ($219.62 in chips)
BuzovaPro: posts small blind $1
TadellosPlay: posts big blind $3
*** HOLE CARDS ***
BuzovaPro: raises $3 to $6
TadellosPlay: folds
Uncalled bet ($3) returned to BuzovaPro
BuzovaPro collected $6 from pot
BuzovaPro: doesn't show hand
*** SUMMARY ***
Total pot $6 | Rake $0
Seat 1: TadellosPlay (big blind) folded before Flop
Seat 7: BuzovaPro (button) (small blind) collected ($6)


PokerStars Hand #158746653180:  Hold'em Limit ($3/$6 USD) - 2016/09/17 21:01:59 ET
Table 'Schilt' 10-max Seat #1 is the button
Seat 1: TadellosPlay ($93.49 in chips)
Seat 7: BuzovaPro ($222.62 in chips)
TadellosPlay: posts small blind $1
BuzovaPro: posts big blind $3
*** HOLE CARDS ***
TadellosPlay: raises $3 to $6
BuzovaPro: raises $3 to $9
TadellosPlay: calls $3
*** FLOP *** [Ad 9h Td]
BuzovaPro: bets $3
TadellosPlay: raises $3 to $6
BuzovaPro: raises $3 to $9
TadellosPlay: calls $3
*** TURN *** [Ad 9h Td] [5d]
BuzovaPro: bets $6
TadellosPlay: raises $6 to $12
BuzovaPro: raises $6 to $18
TadellosPlay: calls $6
*** RIVER *** [Ad 9h Td 5d] [Ts]
BuzovaPro: bets $6
TadellosPlay: calls $6
*** SHOW DOWN ***
BuzovaPro: shows [Jd Kd] (a flush, Ace high)
TadellosPlay: mucks hand
BuzovaPro collected $83.50 from pot
*** SUMMARY ***
Total pot $84 | Rake $0.50
Board [Ad 9h Td 5d Ts]
Seat 1: TadellosPlay (button) (small blind) mucked
Seat 7: BuzovaPro (big blind) showed [Jd Kd] and won ($83.50) with a flush, Ace high


PokerStars Hand #158746679312:  Hold'em Limit ($3/$6 USD) - 2016/09/17 21:03:03 ET
Table 'Schilt' 10-max Seat #7 is the button
Seat 1: TadellosPlay ($55.69 in chips)
Seat 7: BuzovaPro ($264.12 in chips)
BuzovaPro: posts small blind $1
TadellosPlay: posts big blind $3
*** HOLE CARDS ***
BuzovaPro: raises $3 to $6
TadellosPlay: calls $3
*** FLOP *** [7d Jc Kd]
TadellosPlay: bets $3
BuzovaPro: calls $3
*** TURN *** [7d Jc Kd] [Jh]
TadellosPlay: checks
BuzovaPro: checks
*** RIVER *** [7d Jc Kd Jh] [9s]
TadellosPlay: bets $6
BuzovaPro: folds
Uncalled bet ($6) returned to TadellosPlay
TadellosPlay collected $17.64 from pot
TadellosPlay: doesn't show hand
*** SUMMARY ***
Total pot $18 | Rake $0.36
Board [7d Jc Kd Jh 9s]
Seat 1: TadellosPlay (big blind) collected ($17.64)
Seat 7: BuzovaPro (button) (small blind) folded on the River


PokerStars Hand #158746729590:  Hold'em Limit ($3/$6 USD) - 2016/09/17 21:04:57 ET
Table 'Schilt' 10-max Seat #7 is the button
Seat 1: TadellosPlay ($64.27 in chips)
Seat 7: BuzovaPro ($255.06 in chips)
BuzovaPro: posts small blind $1
TadellosPlay: posts big blind $3
*** HOLE CARDS ***
BuzovaPro: raises $3 to $6
TadellosPlay: folds
Uncalled bet ($3) returned to BuzovaPro
BuzovaPro collected $6 from pot
BuzovaPro: doesn't show hand
*** SUMMARY ***
Total pot $6 | Rake $0
Seat 1: TadellosPlay (big blind) folded before Flop
Seat 7: BuzovaPro (button) (small blind) collected ($6)


PokerStars Hand #158746695215:  Hold'em Limit ($3/$6 USD) - 2016/09/17 21:03:41 ET
Table 'Schilt' 10-max Seat #1 is the button
Seat 1: TadellosPlay ($64.33 in chips)
Seat 7: BuzovaPro ($255.12 in chips)
TadellosPlay: posts small blind $1
BuzovaPro: posts big blind $3
*** HOLE CARDS ***
TadellosPlay: calls $2
BuzovaPro: checks
*** FLOP *** [Jd 8d 3c]
BuzovaPro: checks
TadellosPlay: checks
*** TURN *** [Jd 8d 3c] [3d]
BuzovaPro: checks
TadellosPlay: checks
*** RIVER *** [Jd 8d 3c 3d] [3h]
BuzovaPro: checks
TadellosPlay: checks
*** SHOW DOWN ***
BuzovaPro: shows [Qc 2d] (three of a kind, Threes)
TadellosPlay: shows [Qd Tc] (three of a kind, Threes)
BuzovaPro collected $2.94 from pot
TadellosPlay collected $2.94 from pot
*** SUMMARY ***
Total pot $6 | Rake $0.12
Board [Jd 8d 3c 3d 3h]
Seat 1: TadellosPlay (button) (small blind) showed [Qd Tc] and won ($2.94) with three of a kind, Threes
Seat 7: BuzovaPro (big blind) showed [Qc 2d] and won ($2.94) with three of a kind, Threes


