PokerStars Hand #144267952512:  Hold'em Limit ($3/$6 USD) - 2015/11/23 12:02:21 ET
Table 'Schilowa' 6-max Seat #3 is the button
Seat 3: SashaYuvelir ($109 in chips)
Seat 4: Great_Kang ($225.57 in chips)
SashaYuvelir: posts small blind $1
Great_Kang: posts big blind $3
*** HOLE CARDS ***
SashaYuvelir: raises $3 to $6
Great_Kang: calls $3
*** FLOP *** [Jh 5h 5s]
Great_Kang: checks
SashaYuvelir: bets $3
Great_Kang: calls $3
*** TURN *** [Jh 5h 5s] [6s]
Great_Kang: checks
SashaYuvelir: bets $6
Great_Kang: calls $6
*** RIVER *** [Jh 5h 5s 6s] [Qs]
Great_Kang: checks
SashaYuvelir: bets $6
Great_Kang: calls $6
*** SHOW DOWN ***
SashaYuvelir: shows [6c 7h] (two pair, Sixes and Fives)
Great_Kang: shows [Kh 6h] (two pair, Sixes and Fives - King kicker)
Great_Kang collected $41.50 from pot
*** SUMMARY ***
Total pot $42 | Rake $0.50
Board [Jh 5h 5s 6s Qs]
Seat 3: SashaYuvelir (button) (small blind) showed [6c 7h] and lost with two pair, Sixes and Fives
Seat 4: Great_Kang (big blind) showed [Kh 6h] and won ($41.50) with two pair, Sixes and Fives


PokerStars Hand #144268013852:  Hold'em Limit ($3/$6 USD) - 2015/11/23 12:03:37 ET
Table 'Schilowa' 6-max Seat #4 is the button
Seat 1: Paulllchen ($120 in chips)
Seat 4: Great_Kang ($246.07 in chips)
Great_Kang: posts small blind $1
Paulllchen: posts big blind $3
*** HOLE CARDS ***
Great_Kang: raises $3 to $6
tamerlan459 leaves the table
Paulllchen: folds
Uncalled bet ($3) returned to Great_Kang
Great_Kang collected $6 from pot
Great_Kang: doesn't show hand
*** SUMMARY ***
Total pot $6 | Rake $0
Seat 1: Paulllchen (big blind) folded before Flop
Seat 4: Great_Kang (button) (small blind) collected ($6)


PokerStars Hand #144268002622:  Hold'em Limit ($3/$6 USD) - 2015/11/23 12:03:23 ET
Table 'Schilowa' 6-max Seat #4 is the button
Seat 1: Paulllchen ($120 in chips)
Seat 4: Great_Kang ($246.07 in chips)
Great_Kang: posts small blind $1
Paulllchen: posts big blind $3
*** HOLE CARDS ***
Great_Kang: folds
Uncalled bet ($2) returned to Paulllchen
Paulllchen collected $2 from pot
*** SUMMARY ***
Total pot $2 | Rake $0
Seat 1: Paulllchen (big blind) collected ($2)
Seat 4: Great_Kang (button) (small blind) folded before Flop


PokerStars Hand #144268023969:  Hold'em Limit ($3/$6 USD) - 2015/11/23 12:03:50 ET
Table 'Schilowa' 6-max Seat #1 is the button
Seat 1: Paulllchen ($117 in chips)
Seat 4: Great_Kang ($249.07 in chips)
Paulllchen: posts small blind $1
Great_Kang: posts big blind $3
*** HOLE CARDS ***
Paulllchen: calls $2
Great_Kang: checks
*** FLOP *** [2s Qc Jd]
Great_Kang: bets $3
Paulllchen: raises $3 to $6
Great_Kang: raises $3 to $9
Paulllchen: calls $3
*** TURN *** [2s Qc Jd] [3h]
Great_Kang: bets $6
Paulllchen: calls $6
*** RIVER *** [2s Qc Jd 3h] [Th]
Great_Kang: bets $6
Paulllchen: calls $6
*** SHOW DOWN ***
Great_Kang: shows [8h Qd] (a pair of Queens)
Paulllchen: mucks hand
Great_Kang collected $47.50 from pot
*** SUMMARY ***
Total pot $48 | Rake $0.50
Board [2s Qc Jd 3h Th]
Seat 1: Paulllchen (button) (small blind) mucked
Seat 4: Great_Kang (big blind) showed [8h Qd] and won ($47.50) with a pair of Queens


PokerStars Hand #144268053933:  Hold'em Limit ($3/$6 USD) - 2015/11/23 12:04:27 ET
Table 'Schilowa' 6-max Seat #1 is the button
Seat 1: Paulllchen ($94 in chips)
Seat 4: Great_Kang ($271.57 in chips)
Paulllchen: posts small blind $1
Great_Kang: posts big blind $3
*** HOLE CARDS ***
Paulllchen: calls $2
Great_Kang: checks
*** FLOP *** [6s Ts 4s]
Great_Kang: bets $3
Paulllchen: folds
Uncalled bet ($3) returned to Great_Kang
Great_Kang collected $5.88 from pot
Great_Kang: doesn't show hand
B_loJkl joins the table at seat #2
*** SUMMARY ***
Total pot $6 | Rake $0.12
Board [6s Ts 4s]
Seat 1: Paulllchen (button) (small blind) folded on the Flop
Seat 4: Great_Kang (big blind) collected ($5.88)


PokerStars Hand #144268062106:  Hold'em Limit ($3/$6 USD) - 2015/11/23 12:04:38 ET
Table 'Schilowa' 6-max Seat #4 is the button
Seat 1: Paulllchen ($91 in chips)
Seat 4: Great_Kang ($274.45 in chips)
Great_Kang: posts small blind $1
Paulllchen: posts big blind $3
*** HOLE CARDS ***
Great_Kang: raises $3 to $6
Paulllchen: folds
Uncalled bet ($3) returned to Great_Kang
Great_Kang collected $6 from pot
Great_Kang: doesn't show hand
*** SUMMARY ***
Total pot $6 | Rake $0
Seat 1: Paulllchen (big blind) folded before Flop
Seat 4: Great_Kang (button) (small blind) collected ($6)


PokerStars Hand #144273595911:  Hold'em Limit ($3/$6 USD) - 2015/11/23 13:50:45 ET
Table 'Schilowa' 6-max Seat #3 is the button
Seat 1: lennie1987 ($59 in chips)
Seat 3: oj_pimpson ($362.01 in chips)
oj_pimpson: posts small blind $1
Karpik09: is sitting out
SashaYuvelir: is sitting out
lennie1987: posts big blind $3
*** HOLE CARDS ***
oj_pimpson: raises $3 to $6
kolaz03 joins the table at seat #2
kolaz03 leaves the table
lennie1987: raises $3 to $9
oj_pimpson: calls $3
*** FLOP *** [Qh 2h 5d]
Karpik09 leaves the table
lennie1987: bets $3
oj_pimpson: calls $3
*** TURN *** [Qh 2h 5d] [9h]
SashaYuvelir leaves the table
B_loJkl joins the table at seat #4
lennie1987: bets $6
oj_pimpson: calls $6
*** RIVER *** [Qh 2h 5d 9h] [6d]
lennie1987: bets $6
oj_pimpson: folds
Uncalled bet ($6) returned to lennie1987
lennie1987 collected $35.50 from pot
*** SUMMARY ***
Total pot $36 | Rake $0.50
Board [Qh 2h 5d 9h 6d]
Seat 1: lennie1987 (big blind) collected ($35.50)
Seat 3: oj_pimpson (button) (small blind) folded on the River


PokerStars Hand #144273623051:  Hold'em Limit ($3/$6 USD) - 2015/11/23 13:51:14 ET
Table 'Schilowa' 6-max Seat #1 is the button
Seat 1: lennie1987 ($76.50 in chips)
Seat 4: B_loJkl ($150 in chips)
lennie1987: posts small blind $1
B_loJkl: posts big blind $3
*** HOLE CARDS ***
lennie1987: raises $3 to $6
B_loJkl: calls $3
*** FLOP *** [Ah 9d Qh]
B_loJkl: checks
lennie1987: bets $3
B_loJkl: calls $3
*** TURN *** [Ah 9d Qh] [6s]
B_loJkl: checks
lennie1987: checks
*** RIVER *** [Ah 9d Qh 6s] [9h]
B_loJkl: checks
lennie1987: checks
*** SHOW DOWN ***
B_loJkl: shows [Kh 8d] (a pair of Nines)
lennie1987: shows [Kc Jd] (a pair of Nines)
B_loJkl collected $8.82 from pot
lennie1987 collected $8.82 from pot
*** SUMMARY ***
Total pot $18 | Rake $0.36
Board [Ah 9d Qh 6s 9h]
Seat 1: lennie1987 (button) (small blind) showed [Kc Jd] and won ($8.82) with a pair of Nines
Seat 4: B_loJkl (big blind) showed [Kh 8d] and won ($8.82) with a pair of Nines


