PokerStars Hand #157149487243:  Hold'em Limit ($3/$6 USD) - 2016/08/11 13:54:30 ET
Table 'Schilowa II' 6-max Seat #1 is the button
Seat 1: RSA53 ($120 in chips)
Seat 3: simper11 ($120 in chips)
RSA53: posts small blind $1
simper11: posts big blind $3
*** HOLE CARDS ***
crash19867 joins the table at seat #2
RSA53: calls $2
simper11: checks
*** FLOP *** [4c Ts 9h]
simper11: checks
RSA53: bets $3
simper11: folds
Uncalled bet ($3) returned to RSA53
RSA53 collected $5.88 from pot
RSA53: doesn't show hand
*** SUMMARY ***
Total pot $6 | Rake $0.12
Board [4c Ts 9h]
Seat 1: RSA53 (button) (small blind) collected ($5.88)
Seat 3: simper11 (big blind) folded on the Flop


PokerStars Hand #157149513769:  Hold'em Limit ($3/$6 USD) - 2016/08/11 13:55:07 ET
Table 'Schilowa II' 6-max Seat #3 is the button
Seat 1: RSA53 ($122.88 in chips)
Seat 3: simper11 ($120 in chips)
simper11: posts small blind $1
RSA53: posts big blind $3
*** HOLE CARDS ***
simper11: raises $3 to $6
RSA53: calls $3
*** FLOP *** [Td 6d 3d]
RSA53: checks
simper11: bets $3
RSA53: calls $3
*** TURN *** [Td 6d 3d] [Qs]
RSA53: checks
simper11: bets $6
RSA53: folds
Uncalled bet ($6) returned to simper11
simper11 collected $17.64 from pot
simper11: doesn't show hand
*** SUMMARY ***
Total pot $18 | Rake $0.36
Board [Td 6d 3d Qs]
Seat 1: RSA53 (big blind) folded on the Turn
Seat 3: simper11 (button) (small blind) collected ($17.64)


PokerStars Hand #157149739428:  Hold'em Limit ($3/$6 USD) - 2016/08/11 14:01:35 ET
Table 'Schilowa II' 6-max Seat #3 is the button
Seat 3: simper11 ($137.67 in chips)
Seat 6: ChipsOrre ($125.21 in chips)
simper11: posts small blind $1
ChipsOrre: posts big blind $3
*** HOLE CARDS ***
simper11: raises $3 to $6
ChipsOrre: calls $3
*** FLOP *** [8h Kd Kh]
ChipsOrre: checks
simper11: bets $3
ChipsOrre: raises $3 to $6
simper11: calls $3
*** TURN *** [8h Kd Kh] [9s]
ChipsOrre: bets $6
simper11: calls $6
*** RIVER *** [8h Kd Kh 9s] [3d]
ChipsOrre: bets $6
simper11: calls $6
*** SHOW DOWN ***
ChipsOrre: shows [Js Tc] (a pair of Kings)
simper11: shows [Ad 7c] (a pair of Kings - Ace kicker)
simper11 collected $47.50 from pot
*** SUMMARY ***
Total pot $48 | Rake $0.50
Board [8h Kd Kh 9s 3d]
Seat 3: simper11 (button) (small blind) showed [Ad 7c] and won ($47.50) with a pair of Kings
Seat 6: ChipsOrre (big blind) showed [Js Tc] and lost with a pair of Kings


PokerStars Hand #157149728637:  Hold'em Limit ($3/$6 USD) - 2016/08/11 14:01:19 ET
Table 'Schilowa II' 6-max Seat #6 is the button
Seat 3: simper11 ($158.67 in chips)
Seat 6: ChipsOrre ($104.71 in chips)
ChipsOrre: posts small blind $1
simper11: posts big blind $3
*** HOLE CARDS ***
ChipsOrre: raises $3 to $6
simper11: calls $3
*** FLOP *** [Jc 7s As]
simper11: checks
ChipsOrre: bets $3
simper11: raises $3 to $6
ChipsOrre: raises $3 to $9
simper11: calls $3
*** TURN *** [Jc 7s As] [4c]
simper11: checks
ChipsOrre: bets $6
simper11: calls $6
*** RIVER *** [Jc 7s As 4c] [3h]
simper11: checks
ChipsOrre: checks
*** SHOW DOWN ***
simper11: shows [5d 5h] (a pair of Fives)
ChipsOrre: shows [Jh Ts] (a pair of Jacks)
ChipsOrre collected $41.50 from pot
*** SUMMARY ***
Total pot $42 | Rake $0.50
Board [Jc 7s As 4c 3h]
Seat 3: simper11 (big blind) showed [5d 5h] and lost with a pair of Fives
Seat 6: ChipsOrre (button) (small blind) showed [Jh Ts] and won ($41.50) with a pair of Jacks


PokerStars Hand #157149718292:  Hold'em Limit ($3/$6 USD) - 2016/08/11 14:01:03 ET
Table 'Schilowa II' 6-max Seat #3 is the button
Seat 3: simper11 ($144.17 in chips)
Seat 6: ChipsOrre ($119.71 in chips)
simper11: posts small blind $1
ChipsOrre: posts big blind $3
*** HOLE CARDS ***
simper11: raises $3 to $6
ChipsOrre: calls $3
*** FLOP *** [2c Ac Th]
ChipsOrre: checks
simper11: bets $3
ChipsOrre: calls $3
*** TURN *** [2c Ac Th] [Ad]
ChipsOrre: checks
simper11: bets $6
ChipsOrre: calls $6
*** RIVER *** [2c Ac Th Ad] [7s]
ChipsOrre: checks
simper11: checks
*** SHOW DOWN ***
ChipsOrre: shows [Qs 4s] (a pair of Aces)
simper11: shows [8s Ks] (a pair of Aces - King kicker)
simper11 collected $29.50 from pot
*** SUMMARY ***
Total pot $30 | Rake $0.50
Board [2c Ac Th Ad 7s]
Seat 3: simper11 (button) (small blind) showed [8s Ks] and won ($29.50) with a pair of Aces
Seat 6: ChipsOrre (big blind) showed [Qs 4s] and lost with a pair of Aces


PokerStars Hand #157149714431:  Hold'em Limit ($3/$6 USD) - 2016/08/11 14:00:57 ET
Table 'Schilowa II' 6-max Seat #6 is the button
Seat 3: simper11 ($143.17 in chips)
Seat 6: ChipsOrre ($120.71 in chips)
ChipsOrre: posts small blind $1
crash19867: is sitting out
simper11: posts big blind $3
*** HOLE CARDS ***
ChipsOrre: folds
Uncalled bet ($2) returned to simper11
simper11 collected $2 from pot
simper11: doesn't show hand
*** SUMMARY ***
Total pot $2 | Rake $0
Seat 3: simper11 (big blind) collected ($2)
Seat 6: ChipsOrre (button) (small blind) folded before Flop


PokerStars Hand #157149771712:  Hold'em Limit ($3/$6 USD) - 2016/08/11 14:02:22 ET
Table 'Schilowa II' 6-max Seat #3 is the button
Seat 3: simper11 ($120 in chips)
Seat 6: ChipsOrre ($142.47 in chips)
simper11: posts small blind $1
ChipsOrre: posts big blind $3
*** HOLE CARDS ***
simper11: raises $3 to $6
ChipsOrre: calls $3
*** FLOP *** [6s 5s Kc]
ChipsOrre: checks
simper11: bets $3
ChipsOrre: calls $3
*** TURN *** [6s 5s Kc] [Kd]
ChipsOrre: checks
simper11: bets $6
ChipsOrre: folds
Uncalled bet ($6) returned to simper11
simper11 collected $17.64 from pot
simper11: doesn't show hand
*** SUMMARY ***
Total pot $18 | Rake $0.36
Board [6s 5s Kc Kd]
Seat 3: simper11 (button) (small blind) collected ($17.64)
Seat 6: ChipsOrre (big blind) folded on the Turn


PokerStars Hand #157149766742:  Hold'em Limit ($3/$6 USD) - 2016/08/11 14:02:16 ET
Table 'Schilowa II' 6-max Seat #6 is the button
Seat 3: simper11 ($122.17 in chips)
Seat 6: ChipsOrre ($139.47 in chips)
ChipsOrre: posts small blind $1
simper11: posts big blind $3
*** HOLE CARDS ***
ChipsOrre: raises $3 to $6
simper11: folds
Uncalled bet ($3) returned to ChipsOrre
ChipsOrre collected $6 from pot
ChipsOrre: doesn't show hand
*** SUMMARY ***
Total pot $6 | Rake $0
Seat 3: simper11 (big blind) folded before Flop
Seat 6: ChipsOrre (button) (small blind) collected ($6)


PokerStars Hand #157149756031:  Hold'em Limit ($3/$6 USD) - 2016/08/11 14:02:00 ET
Table 'Schilowa II' 6-max Seat #3 is the button
Seat 3: simper11 ($155.17 in chips)
Seat 6: ChipsOrre ($106.97 in chips)
simper11: posts small blind $1
ChipsOrre: posts big blind $3
*** HOLE CARDS ***
simper11: raises $3 to $6
ChipsOrre: calls $3
*** FLOP *** [9s 8h 5c]
ChipsOrre: checks
simper11: bets $3
ChipsOrre: calls $3
*** TURN *** [9s 8h 5c] [Qs]
ChipsOrre: checks
simper11: bets $6
ChipsOrre: raises $6 to $12
simper11: raises $6 to $18
ChipsOrre: calls $6
*** RIVER *** [9s 8h 5c Qs] [Jd]
ChipsOrre: bets $6
simper11: calls $6
*** SHOW DOWN ***
ChipsOrre: shows [Tc 7s] (a straight, Eight to Queen)
simper11: mucks hand
ChipsOrre collected $65.50 from pot
*** SUMMARY ***
Total pot $66 | Rake $0.50
Board [9s 8h 5c Qs Jd]
Seat 3: simper11 (button) (small blind) mucked
Seat 6: ChipsOrre (big blind) showed [Tc 7s] and won ($65.50) with a straight, Eight to Queen


PokerStars Hand #157149750105:  Hold'em Limit ($3/$6 USD) - 2016/08/11 14:01:51 ET
Table 'Schilowa II' 6-max Seat #6 is the button
Seat 3: simper11 ($161.17 in chips)
Seat 6: ChipsOrre ($101.21 in chips)
ChipsOrre: posts small blind $1
simper11: posts big blind $3
*** HOLE CARDS ***
ChipsOrre: raises $3 to $6
simper11: calls $3
*** FLOP *** [2h Ah Qd]
simper11: checks
ChipsOrre: bets $3
simper11: folds
Uncalled bet ($3) returned to ChipsOrre
ChipsOrre collected $11.76 from pot
ChipsOrre: doesn't show hand
*** SUMMARY ***
Total pot $12 | Rake $0.24
Board [2h Ah Qd]
Seat 3: simper11 (big blind) folded on the Flop
Seat 6: ChipsOrre (button) (small blind) collected ($11.76)


PokerStars Hand #157149809169:  Hold'em Limit ($3/$6 USD) - 2016/08/11 14:03:15 ET
Table 'Schilowa II' 6-max Seat #3 is the button
Seat 3: simper11 ($164.14 in chips)
Seat 6: ChipsOrre ($97.47 in chips)
simper11: posts small blind $1
ChipsOrre: posts big blind $3
*** HOLE CARDS ***
simper11: raises $3 to $6
ChipsOrre: calls $3
*** FLOP *** [Jh 3c Qc]
ChipsOrre: checks
simper11: bets $3
ChipsOrre: calls $3
*** TURN *** [Jh 3c Qc] [Th]
ChipsOrre: checks
crash19867 leaves the table
simper11: bets $6
ChipsOrre: calls $6
*** RIVER *** [Jh 3c Qc Th] [4s]
ChipsOrre: checks
simper11: bets $6
crash19867 joins the table at seat #2
ChipsOrre: calls $6
*** SHOW DOWN ***
simper11: shows [Kd Jc] (a pair of Jacks)
ChipsOrre: mucks hand
simper11 collected $41.50 from pot
*** SUMMARY ***
Total pot $42 | Rake $0.50
Board [Jh 3c Qc Th 4s]
Seat 3: simper11 (button) (small blind) showed [Kd Jc] and won ($41.50) with a pair of Jacks
Seat 6: ChipsOrre (big blind) mucked


PokerStars Hand #157149787723:  Hold'em Limit ($3/$6 USD) - 2016/08/11 14:02:46 ET
Table 'Schilowa II' 6-max Seat #6 is the button
Seat 3: simper11 ($128.64 in chips)
Seat 6: ChipsOrre ($133.47 in chips)
ChipsOrre: posts small blind $1
simper11: posts big blind $3
*** HOLE CARDS ***
ChipsOrre: raises $3 to $6
simper11: raises $3 to $9
ChipsOrre: calls $3
*** FLOP *** [3s 6c 2h]
simper11: bets $3
ChipsOrre: calls $3
*** TURN *** [3s 6c 2h] [7c]
simper11: bets $6
ChipsOrre: raises $6 to $12
simper11: raises $6 to $18
ChipsOrre: calls $6
*** RIVER *** [3s 6c 2h 7c] [Ts]
simper11: bets $6
ChipsOrre: calls $6
*** SHOW DOWN ***
simper11: shows [6d 6s] (three of a kind, Sixes)
ChipsOrre: mucks hand
simper11 collected $71.50 from pot
*** SUMMARY ***
Total pot $72 | Rake $0.50
Board [3s 6c 2h 7c Ts]
Seat 3: simper11 (big blind) showed [6d 6s] and won ($71.50) with three of a kind, Sixes
Seat 6: ChipsOrre (button) (small blind) mucked


PokerStars Hand #157149864216:  Hold'em Limit ($3/$6 USD) - 2016/08/11 14:04:32 ET
Table 'Schilowa II' 6-max Seat #3 is the button
Seat 3: simper11 ($175.14 in chips)
Seat 6: ChipsOrre ($84.73 in chips)
simper11: posts small blind $1
ChipsOrre: posts big blind $3
*** HOLE CARDS ***
poooohpooh joins the table at seat #5
simper11: raises $3 to $6
ChipsOrre: raises $3 to $9
simper11: calls $3
*** FLOP *** [3h Td 3s]
ChipsOrre: bets $3
simper11: calls $3
*** TURN *** [3h Td 3s] [6s]
ChipsOrre: bets $6
simper11: raises $6 to $12
ChipsOrre: calls $6
*** RIVER *** [3h Td 3s 6s] [7d]
ChipsOrre: checks
simper11: bets $6
ChipsOrre: folds
Uncalled bet ($6) returned to simper11
simper11 collected $47.50 from pot
simper11: doesn't show hand
*** SUMMARY ***
Total pot $48 | Rake $0.50
Board [3h Td 3s 6s 7d]
Seat 3: simper11 (button) (small blind) collected ($47.50)
Seat 6: ChipsOrre (big blind) folded on the River


PokerStars Hand #157149853788:  Hold'em Limit ($3/$6 USD) - 2016/08/11 14:04:18 ET
Table 'Schilowa II' 6-max Seat #6 is the button
Seat 3: simper11 ($157.64 in chips)
Seat 6: ChipsOrre ($102.73 in chips)
ChipsOrre: posts small blind $1
simper11: posts big blind $3
*** HOLE CARDS ***
ChipsOrre: raises $3 to $6
simper11: calls $3
*** FLOP *** [Tc 6h 2d]
simper11: checks
ChipsOrre: bets $3
simper11: raises $3 to $6
ChipsOrre: calls $3
*** TURN *** [Tc 6h 2d] [4h]
simper11: bets $6
ChipsOrre: calls $6
*** RIVER *** [Tc 6h 2d 4h] [6c]
simper11: bets $6
ChipsOrre: folds
Uncalled bet ($6) returned to simper11
simper11 collected $35.50 from pot
simper11: doesn't show hand
*** SUMMARY ***
Total pot $36 | Rake $0.50
Board [Tc 6h 2d 4h 6c]
Seat 3: simper11 (big blind) collected ($35.50)
Seat 6: ChipsOrre (button) (small blind) folded on the River


PokerStars Hand #157149843635:  Hold'em Limit ($3/$6 USD) - 2016/08/11 14:04:03 ET
Table 'Schilowa II' 6-max Seat #3 is the button
Seat 3: simper11 ($163.64 in chips)
Seat 6: ChipsOrre ($96.97 in chips)
simper11: posts small blind $1
ChipsOrre: posts big blind $3
*** HOLE CARDS ***
simper11: raises $3 to $6
ChipsOrre: calls $3
*** FLOP *** [7s 8d 9s]
ChipsOrre: checks
simper11: checks
*** TURN *** [7s 8d 9s] [Qh]
ChipsOrre: checks
simper11: checks
*** RIVER *** [7s 8d 9s Qh] [3c]
ChipsOrre: bets $6
simper11: folds
Uncalled bet ($6) returned to ChipsOrre
ChipsOrre collected $11.76 from pot
ChipsOrre: doesn't show hand
*** SUMMARY ***
Total pot $12 | Rake $0.24
Board [7s 8d 9s Qh 3c]
Seat 3: simper11 (button) (small blind) folded on the River
Seat 6: ChipsOrre (big blind) collected ($11.76)


PokerStars Hand #157149833584:  Hold'em Limit ($3/$6 USD) - 2016/08/11 14:03:49 ET
Table 'Schilowa II' 6-max Seat #6 is the button
Seat 3: simper11 ($184.64 in chips)
Seat 6: ChipsOrre ($76.47 in chips)
ChipsOrre: posts small blind $1
simper11: posts big blind $3
*** HOLE CARDS ***
ChipsOrre: raises $3 to $6
simper11: calls $3
*** FLOP *** [5h Ac Qs]
simper11: checks
ChipsOrre: bets $3
simper11: calls $3
*** TURN *** [5h Ac Qs] [4s]
simper11: checks
ChipsOrre: checks
*** RIVER *** [5h Ac Qs 4s] [3c]
simper11: bets $6
ChipsOrre: raises $6 to $12
simper11: calls $6
*** SHOW DOWN ***
ChipsOrre: shows [3d Qd] (two pair, Queens and Threes)
simper11: mucks hand
ChipsOrre collected $41.50 from pot
*** SUMMARY ***
Total pot $42 | Rake $0.50
Board [5h Ac Qs 4s 3c]
Seat 3: simper11 (big blind) mucked
Seat 6: ChipsOrre (button) (small blind) showed [3d Qd] and won ($41.50) with two pair, Queens and Threes


PokerStars Hand #157149876000:  Hold'em Limit ($3/$6 USD) - 2016/08/11 14:04:49 ET
Table 'Schilowa II' 6-max Seat #6 is the button
Seat 3: simper11 ($198.64 in chips)
Seat 6: ChipsOrre ($60.73 in chips)
ChipsOrre: posts small blind $1
simper11: posts big blind $3
*** HOLE CARDS ***
ChipsOrre: raises $3 to $6
simper11: calls $3
*** FLOP *** [Ad Tc 9d]
simper11: checks
ChipsOrre: bets $3
simper11: calls $3
*** TURN *** [Ad Tc 9d] [5d]
simper11: checks
ChipsOrre: bets $6
simper11: raises $6 to $12
ChipsOrre: calls $6
*** RIVER *** [Ad Tc 9d 5d] [Ks]
simper11: bets $6
ChipsOrre: calls $6
*** SHOW DOWN ***
simper11: shows [9s 5c] (two pair, Nines and Fives)
ChipsOrre: mucks hand
simper11 collected $53.50 from pot
*** SUMMARY ***
Total pot $54 | Rake $0.50
Board [Ad Tc 9d 5d Ks]
Seat 3: simper11 (big blind) showed [9s 5c] and won ($53.50) with two pair, Nines and Fives
Seat 6: ChipsOrre (button) (small blind) mucked


