PokerStars Hand #175743358833:  Hold'em Limit ($3/$6 USD) - 2017/09/16 21:28:10 ET
Table 'Schilowa' 6-max Seat #1 is the button
Seat 1: aleks_4ym ($251.97 in chips)
Seat 4: B_loJkl ($118.69 in chips)
aleks_4ym: posts small blind $1
mkasd: is sitting out
fugu82 has timed out while disconnected
fugu82: is sitting out
B_loJkl: posts big blind $3
*** HOLE CARDS ***
aleks_4ym: raises $3 to $6
mkasd leaves the table
B_loJkl: folds
Uncalled bet ($3) returned to aleks_4ym
aleks_4ym collected $6 from pot
aleks_4ym: doesn't show hand
*** SUMMARY ***
Total pot $6 | Rake $0
Seat 1: aleks_4ym (button) (small blind) collected ($6)
Seat 4: B_loJkl (big blind) folded before Flop


PokerStars Hand #175743370724:  Hold'em Limit ($3/$6 USD) - 2017/09/16 21:28:40 ET
Table 'Schilowa' 6-max Seat #4 is the button
Seat 1: aleks_4ym ($254.97 in chips)
Seat 4: B_loJkl ($115.69 in chips)
B_loJkl: posts small blind $1
aleks_4ym: posts big blind $3
*** HOLE CARDS ***
B_loJkl: raises $3 to $6
aleks_4ym: folds
Uncalled bet ($3) returned to B_loJkl
B_loJkl collected $6 from pot
B_loJkl: doesn't show hand
*** SUMMARY ***
Total pot $6 | Rake $0
Seat 1: aleks_4ym (big blind) folded before Flop
Seat 4: B_loJkl (button) (small blind) collected ($6)


PokerStars Hand #175743395833:  Hold'em Limit ($3/$6 USD) - 2017/09/16 21:29:43 ET
Table 'Schilowa' 6-max Seat #4 is the button
Seat 2: SLiKK514 ($39.09 in chips)
Seat 4: B_loJkl ($119.69 in chips)
B_loJkl: posts small blind $1
SLiKK514: posts big blind $3
*** HOLE CARDS ***
B_loJkl: raises $3 to $6
SLiKK514: calls $3
*** FLOP *** [Ac Ah 7c]
SLiKK514: checks
B_loJkl: checks
*** TURN *** [Ac Ah 7c] [4c]
SLiKK514: bets $6
DirtyDouble2 joins the table at seat #1
B_loJkl: folds
Uncalled bet ($6) returned to SLiKK514
SLiKK514 collected $11.76 from pot
SLiKK514: doesn't show hand
*** SUMMARY ***
Total pot $12 | Rake $0.24
Board [Ac Ah 7c 4c]
Seat 2: SLiKK514 (big blind) collected ($11.76)
Seat 4: B_loJkl (button) (small blind) folded on the Turn


PokerStars Hand #175743390251:  Hold'em Limit ($3/$6 USD) - 2017/09/16 21:29:29 ET
Table 'Schilowa' 6-max Seat #2 is the button
Seat 2: SLiKK514 ($40.09 in chips)
Seat 4: B_loJkl ($118.69 in chips)
SLiKK514: posts small blind $1
B_loJkl: posts big blind $3
*** HOLE CARDS ***
SLiKK514: folds
Uncalled bet ($2) returned to B_loJkl
B_loJkl collected $2 from pot
B_loJkl: doesn't show hand
*** SUMMARY ***
Total pot $2 | Rake $0
Seat 2: SLiKK514 (button) (small blind) folded before Flop
Seat 4: B_loJkl (big blind) collected ($2)


PokerStars Hand #175745406452:  Hold'em Limit ($3/$6 USD) - 2017/09/16 23:06:51 ET
Table 'Schilowa' 6-max Seat #2 is the button
Seat 2: aleks_4ym ($101.23 in chips)
Seat 5: maik150371 ($280.41 in chips)
aleks_4ym: posts small blind $1
maik150371: posts big blind $3
*** HOLE CARDS ***
aleks_4ym: raises $3 to $6
maik150371: calls $3
*** FLOP *** [6c 5h 8h]
maik150371: checks
aleks_4ym: bets $3
maik150371: calls $3
*** TURN *** [6c 5h 8h] [3s]
maik150371: checks
aleks_4ym: bets $6
maik150371: calls $6
*** RIVER *** [6c 5h 8h 3s] [8c]
maik150371: checks
aleks_4ym: checks
*** SHOW DOWN ***
maik150371: shows [As 4h] (a pair of Eights)
aleks_4ym: shows [Ac 7h] (a pair of Eights - Ace+Seven kicker)
aleks_4ym collected $29.50 from pot
*** SUMMARY ***
Total pot $30 | Rake $0.50
Board [6c 5h 8h 3s 8c]
Seat 2: aleks_4ym (button) (small blind) showed [Ac 7h] and won ($29.50) with a pair of Eights
Seat 5: maik150371 (big blind) showed [As 4h] and lost with a pair of Eights


PokerStars Hand #175745404929:  Hold'em Limit ($3/$6 USD) - 2017/09/16 23:06:45 ET
Table 'Schilowa' 6-max Seat #5 is the button
Seat 2: aleks_4ym ($100.23 in chips)
Seat 5: maik150371 ($281.41 in chips)
maik150371: posts small blind $1
Velbor107: is sitting out
aleks_4ym: posts big blind $3
*** HOLE CARDS ***
maik150371: folds
Uncalled bet ($2) returned to aleks_4ym
Velbor107 leaves the table
aleks_4ym collected $2 from pot
aleks_4ym: doesn't show hand
*** SUMMARY ***
Total pot $2 | Rake $0
Seat 2: aleks_4ym (big blind) collected ($2)
Seat 5: maik150371 (button) (small blind) folded before Flop


