PokerStars Hand #168874358158:  Hold'em Limit ($3/$6 USD) - 2017/04/11 0:45:58 ET
Table 'Schlutia' 6-max Seat #6 is the button
Seat 5: LifeisagameX ($84 in chips)
Seat 6: clickmehot ($51.21 in chips)
clickmehot: posts small blind $1
LifeisagameX: posts big blind $3
*** HOLE CARDS ***
clickmehot: calls $2
LifeisagameX: checks
*** FLOP *** [4s Qh Ah]
LifeisagameX: bets $3
clickmehot: folds
Uncalled bet ($3) returned to LifeisagameX
LifeisagameX collected $5.88 from pot
LifeisagameX: doesn't show hand
*** SUMMARY ***
Total pot $6 | Rake $0.12
Board [4s Qh Ah]
Seat 5: LifeisagameX (big blind) collected ($5.88)
Seat 6: clickmehot (button) (small blind) folded on the Flop


PokerStars Hand #168874364455:  Hold'em Limit ($3/$6 USD) - 2017/04/11 0:46:21 ET
Table 'Schlutia' 6-max Seat #5 is the button
Seat 5: LifeisagameX ($86.88 in chips)
Seat 6: clickmehot ($48.21 in chips)
LifeisagameX: posts small blind $1
clickmehot: posts big blind $3
*** HOLE CARDS ***
LifeisagameX: raises $3 to $6
clickmehot: calls $3
*** FLOP *** [Th 5h Qc]
clickmehot: checks
LifeisagameX: bets $3
clickmehot: calls $3
*** TURN *** [Th 5h Qc] [Js]
clickmehot: checks
LifeisagameX: bets $6
clickmehot: calls $6
*** RIVER *** [Th 5h Qc Js] [8c]
clickmehot: checks
LifeisagameX: checks
*** SHOW DOWN ***
clickmehot: shows [7h Ad] (high card Ace)
LifeisagameX: shows [Tc 5s] (two pair, Tens and Fives)
LifeisagameX collected $29.50 from pot
*** SUMMARY ***
Total pot $30 | Rake $0.50
Board [Th 5h Qc Js 8c]
Seat 5: LifeisagameX (button) (small blind) showed [Tc 5s] and won ($29.50) with two pair, Tens and Fives
Seat 6: clickmehot (big blind) showed [7h Ad] and lost with high card Ace


PokerStars Hand #168874392375:  Hold'em Limit ($3/$6 USD) - 2017/04/11 0:48:04 ET
Table 'Schlutia' 6-max Seat #4 is the button
Seat 4: AzureCaper ($73 in chips)
Seat 6: clickmehot ($44.19 in chips)
AzureCaper: posts small blind $1
clickmehot: posts big blind $3
*** HOLE CARDS ***
AzureCaper: folds
Uncalled bet ($2) returned to clickmehot
clickmehot collected $2 from pot
clickmehot: doesn't show hand
*** SUMMARY ***
Total pot $2 | Rake $0
Seat 4: AzureCaper (button) (small blind) folded before Flop
Seat 6: clickmehot (big blind) collected ($2)


PokerStars Hand #168874391008:  Hold'em Limit ($3/$6 USD) - 2017/04/11 0:47:58 ET
Table 'Schlutia' 6-max Seat #6 is the button
Seat 4: AzureCaper ($72 in chips)
Seat 6: clickmehot ($45.19 in chips)
clickmehot: posts small blind $1
AzureCaper: posts big blind $3
*** HOLE CARDS ***
clickmehot: folds
Uncalled bet ($2) returned to AzureCaper
AzureCaper collected $2 from pot
AzureCaper: doesn't show hand
*** SUMMARY ***
Total pot $2 | Rake $0
Seat 4: AzureCaper (big blind) collected ($2)
Seat 6: clickmehot (button) (small blind) folded before Flop


PokerStars Hand #168874389423:  Hold'em Limit ($3/$6 USD) - 2017/04/11 0:47:53 ET
Table 'Schlutia' 6-max Seat #4 is the button
Seat 4: AzureCaper ($72 in chips)
Seat 6: clickmehot ($44.19 in chips)
AzureCaper: posts small blind $1
clickmehot: posts big blind $3
*** HOLE CARDS ***
AzureCaper: folds
Uncalled bet ($2) returned to clickmehot
clickmehot collected $2 from pot
clickmehot: doesn't show hand
*** SUMMARY ***
Total pot $2 | Rake $0
Seat 4: AzureCaper (button) (small blind) folded before Flop
Seat 6: clickmehot (big blind) collected ($2)


PokerStars Hand #168874382561:  Hold'em Limit ($3/$6 USD) - 2017/04/11 0:47:27 ET
Table 'Schlutia' 6-max Seat #6 is the button
Seat 4: AzureCaper ($72 in chips)
Seat 6: clickmehot ($41.31 in chips)
clickmehot: posts small blind $1
AzureCaper: posts big blind $3
*** HOLE CARDS ***
clickmehot: calls $2
AzureCaper: checks
*** FLOP *** [8d Qc Ah]
LifeisagameX leaves the table
AzureCaper: checks
clickmehot: checks
*** TURN *** [8d Qc Ah] [9h]
AzureCaper: checks
clickmehot: bets $6
AzureCaper: folds
Uncalled bet ($6) returned to clickmehot
clickmehot collected $5.88 from pot
clickmehot: doesn't show hand
*** SUMMARY ***
Total pot $6 | Rake $0.12
Board [8d Qc Ah 9h]
Seat 4: AzureCaper (big blind) folded on the Turn
Seat 6: clickmehot (button) (small blind) collected ($5.88)


PokerStars Hand #168874408362:  Hold'em Limit ($3/$6 USD) - 2017/04/11 0:49:03 ET
Table 'Schlutia' 6-max Seat #4 is the button
Seat 4: AzureCaper ($73.76 in chips)
Seat 6: clickmehot ($43.07 in chips)
AzureCaper: posts small blind $1
clickmehot: posts big blind $3
*** HOLE CARDS ***
AzureCaper: raises $3 to $6
clickmehot: folds
Uncalled bet ($3) returned to AzureCaper
AzureCaper collected $6 from pot
AzureCaper: doesn't show hand
*** SUMMARY ***
Total pot $6 | Rake $0
Seat 4: AzureCaper (button) (small blind) collected ($6)
Seat 6: clickmehot (big blind) folded before Flop


PokerStars Hand #168874404832:  Hold'em Limit ($3/$6 USD) - 2017/04/11 0:48:49 ET
Table 'Schlutia' 6-max Seat #4 is the button
Seat 4: AzureCaper ($73.76 in chips)
Seat 6: clickmehot ($43.07 in chips)
AzureCaper: posts small blind $1
clickmehot: posts big blind $3
*** HOLE CARDS ***
AzureCaper: folds
Uncalled bet ($2) returned to clickmehot
clickmehot collected $2 from pot
clickmehot: doesn't show hand
*** SUMMARY ***
Total pot $2 | Rake $0
Seat 4: AzureCaper (button) (small blind) folded before Flop
Seat 6: clickmehot (big blind) collected ($2)


PokerStars Hand #168874400291:  Hold'em Limit ($3/$6 USD) - 2017/04/11 0:48:33 ET
Table 'Schlutia' 6-max Seat #6 is the button
Seat 4: AzureCaper ($76.76 in chips)
Seat 6: clickmehot ($40.19 in chips)
clickmehot: posts small blind $1
AzureCaper: posts big blind $3
*** HOLE CARDS ***
clickmehot: calls $2
AzureCaper: checks
*** FLOP *** [Th Kd 4d]
AzureCaper: checks
clickmehot: checks
*** TURN *** [Th Kd 4d] [Jc]
AzureCaper: checks
clickmehot: bets $6
AzureCaper: folds
Uncalled bet ($6) returned to clickmehot
clickmehot collected $5.88 from pot
clickmehot: doesn't show hand
*** SUMMARY ***
Total pot $6 | Rake $0.12
Board [Th Kd 4d Jc]
Seat 4: AzureCaper (big blind) folded on the Turn
Seat 6: clickmehot (button) (small blind) collected ($5.88)


PokerStars Hand #168874398679:  Hold'em Limit ($3/$6 USD) - 2017/04/11 0:48:27 ET
Table 'Schlutia' 6-max Seat #4 is the button
Seat 4: AzureCaper ($77.76 in chips)
Seat 6: clickmehot ($39.19 in chips)
AzureCaper: posts small blind $1
clickmehot: posts big blind $3
*** HOLE CARDS ***
AzureCaper: folds
Uncalled bet ($2) returned to clickmehot
clickmehot collected $2 from pot
clickmehot: doesn't show hand
*** SUMMARY ***
Total pot $2 | Rake $0
Seat 4: AzureCaper (button) (small blind) folded before Flop
Seat 6: clickmehot (big blind) collected ($2)


PokerStars Hand #168874393921:  Hold'em Limit ($3/$6 USD) - 2017/04/11 0:48:09 ET
Table 'Schlutia' 6-max Seat #6 is the button
Seat 4: AzureCaper ($72 in chips)
Seat 6: clickmehot ($45.19 in chips)
clickmehot: posts small blind $1
AzureCaper: posts big blind $3
*** HOLE CARDS ***
clickmehot: calls $2
AzureCaper: raises $3 to $6
clickmehot: calls $3
*** FLOP *** [8s 5d Qs]
AzureCaper: bets $3
clickmehot: folds
Uncalled bet ($3) returned to AzureCaper
AzureCaper collected $11.76 from pot
AzureCaper: doesn't show hand
*** SUMMARY ***
Total pot $12 | Rake $0.24
Board [8s 5d Qs]
Seat 4: AzureCaper (big blind) collected ($11.76)
Seat 6: clickmehot (button) (small blind) folded on the Flop


PokerStars Hand #168874406967:  Hold'em Limit ($3/$6 USD) - 2017/04/11 0:48:57 ET
Table 'Schlutia' 6-max Seat #6 is the button
Seat 4: AzureCaper ($72.76 in chips)
Seat 6: clickmehot ($44.07 in chips)
clickmehot: posts small blind $1
AzureCaper: posts big blind $3
*** HOLE CARDS ***
clickmehot: folds
Uncalled bet ($2) returned to AzureCaper
AzureCaper collected $2 from pot
AzureCaper: doesn't show hand
*** SUMMARY ***
Total pot $2 | Rake $0
Seat 4: AzureCaper (big blind) collected ($2)
Seat 6: clickmehot (button) (small blind) folded before Flop


PokerStars Hand #168874418131:  Hold'em Limit ($3/$6 USD) - 2017/04/11 0:49:40 ET
Table 'Schlutia' 6-max Seat #4 is the button
Seat 4: AzureCaper ($91.26 in chips)
Seat 6: clickmehot ($25.07 in chips)
AzureCaper: posts small blind $1
clickmehot: posts big blind $3
*** HOLE CARDS ***
AzureCaper: raises $3 to $6
clickmehot: calls $3
*** FLOP *** [6s 6h 4s]
clickmehot: checks
AzureCaper: bets $3
clickmehot: calls $3
*** TURN *** [6s 6h 4s] [2h]
clickmehot: checks
AzureCaper: bets $6
clickmehot: calls $6
*** RIVER *** [6s 6h 4s 2h] [3h]
clickmehot: checks
AzureCaper: checks
*** SHOW DOWN ***
clickmehot: shows [9s 8s] (a pair of Sixes)
AzureCaper: shows [Qs Ac] (a pair of Sixes - Ace kicker)
AzureCaper collected $29.50 from pot
*** SUMMARY ***
Total pot $30 | Rake $0.50
Board [6s 6h 4s 2h 3h]
Seat 4: AzureCaper (button) (small blind) showed [Qs Ac] and won ($29.50) with a pair of Sixes
Seat 6: clickmehot (big blind) showed [9s 8s] and lost with a pair of Sixes


PokerStars Hand #168874423275:  Hold'em Limit ($3/$6 USD) - 2017/04/11 0:49:59 ET
Table 'Schlutia' 6-max Seat #6 is the button
Seat 4: AzureCaper ($105.76 in chips)
Seat 6: clickmehot ($10.07 in chips)
clickmehot: posts small blind $1
AzureCaper: posts big blind $3
*** HOLE CARDS ***
clickmehot: calls $2
AzureCaper: checks
*** FLOP *** [Kd Jc Qs]
AzureCaper: checks
clickmehot: bets $3
AzureCaper: folds
Uncalled bet ($3) returned to clickmehot
clickmehot collected $5.88 from pot
clickmehot: doesn't show hand
*** SUMMARY ***
Total pot $6 | Rake $0.12
Board [Kd Jc Qs]
Seat 4: AzureCaper (big blind) folded on the Flop
Seat 6: clickmehot (button) (small blind) collected ($5.88)


PokerStars Hand #168874410641:  Hold'em Limit ($3/$6 USD) - 2017/04/11 0:49:11 ET
Table 'Schlutia' 6-max Seat #6 is the button
Seat 4: AzureCaper ($76.76 in chips)
Seat 6: clickmehot ($40.07 in chips)
clickmehot: posts small blind $1
AzureCaper: posts big blind $3
*** HOLE CARDS ***
clickmehot: calls $2
AzureCaper: raises $3 to $6
clickmehot: calls $3
*** FLOP *** [Kd 9c Jc]
AzureCaper: bets $3
clickmehot: calls $3
*** TURN *** [Kd 9c Jc] [Ad]
AzureCaper: bets $6
clickmehot: calls $6
*** RIVER *** [Kd 9c Jc Ad] [5s]
AzureCaper: bets $6
clickmehot: folds
Uncalled bet ($6) returned to AzureCaper
AzureCaper collected $29.50 from pot
AzureCaper: doesn't show hand
*** SUMMARY ***
Total pot $30 | Rake $0.50
Board [Kd 9c Jc Ad 5s]
Seat 4: AzureCaper (big blind) collected ($29.50)
Seat 6: clickmehot (button) (small blind) folded on the River


PokerStars Hand #168874426978:  Hold'em Limit ($3/$6 USD) - 2017/04/11 0:50:12 ET
Table 'Schlutia' 6-max Seat #4 is the button
Seat 4: AzureCaper ($102.76 in chips)
Seat 6: clickmehot ($12.95 in chips)
AzureCaper: posts small blind $1
clickmehot: posts big blind $3
*** HOLE CARDS ***
AzureCaper: raises $3 to $6
clickmehot: calls $3
*** FLOP *** [9c 4h 6h]
clickmehot: checks
AzureCaper: checks
*** TURN *** [9c 4h 6h] [Jd]
clickmehot: checks
AzureCaper: bets $6
clickmehot: calls $6
*** RIVER *** [9c 4h 6h Jd] [7s]
clickmehot: checks
AzureCaper: bets $6
clickmehot: folds
Uncalled bet ($6) returned to AzureCaper
AzureCaper collected $23.52 from pot
AzureCaper: doesn't show hand
*** SUMMARY ***
Total pot $24 | Rake $0.48
Board [9c 4h 6h Jd 7s]
Seat 4: AzureCaper (button) (small blind) collected ($23.52)
Seat 6: clickmehot (big blind) folded on the River


