PokerStars Hand #176282707301:  Hold'em Limit ($3/$6 USD) - 2017/09/29 16:57:48 ET
Table 'Schlutia II' 6-max Seat #1 is the button
Seat 1: gorcea_vs ($95 in chips)
Seat 3: Ag3r0n ($72 in chips)
gorcea_vs: posts small blind $1
Ag3r0n: posts big blind $3
*** HOLE CARDS ***
gorcea_vs: raises $3 to $6
Ag3r0n: calls $3
*** FLOP *** [As 5d 4s]
Ag3r0n: checks
gorcea_vs: bets $3
Ag3r0n: folds
Uncalled bet ($3) returned to gorcea_vs
gorcea_vs collected $11.76 from pot
gorcea_vs: doesn't show hand
*** SUMMARY ***
Total pot $12 | Rake $0.24
Board [As 5d 4s]
Seat 1: gorcea_vs (button) (small blind) collected ($11.76)
Seat 3: Ag3r0n (big blind) folded on the Flop


PokerStars Hand #176282722214:  Hold'em Limit ($3/$6 USD) - 2017/09/29 16:58:11 ET
Table 'Schlutia II' 6-max Seat #3 is the button
Seat 1: gorcea_vs ($100.76 in chips)
Seat 3: Ag3r0n ($72 in chips)
Ag3r0n: posts small blind $1
gorcea_vs: posts big blind $3
*** HOLE CARDS ***
Ag3r0n: raises $3 to $6
gorcea_vs: raises $3 to $9
Ag3r0n: calls $3
*** FLOP *** [5d 6h 9c]
vestimokrec joins the table at seat #2
gorcea_vs: bets $3
Ag3r0n: calls $3
*** TURN *** [5d 6h 9c] [Jd]
gorcea_vs: checks
Ag3r0n: checks
*** RIVER *** [5d 6h 9c Jd] [6c]
gorcea_vs: bets $6
Ag3r0n: calls $6
*** SHOW DOWN ***
gorcea_vs: shows [Ac 7c] (a pair of Sixes)
Ag3r0n: shows [Ah 5h] (two pair, Sixes and Fives)
Ag3r0n collected $35.50 from pot
*** SUMMARY ***
Total pot $36 | Rake $0.50
Board [5d 6h 9c Jd 6c]
Seat 1: gorcea_vs (big blind) showed [Ac 7c] and lost with a pair of Sixes
Seat 3: Ag3r0n (button) (small blind) showed [Ah 5h] and won ($35.50) with two pair, Sixes and Fives


