PokerStars Hand #158902933337:  Hold'em Limit ($3/$6 USD) - 2016/09/21 12:25:54 ET
Table 'Schlutia' 10-max Seat #6 is the button
Seat 5: simper11 ($123 in chips)
Seat 6: moveoverover ($121 in chips)
moveoverover: posts small blind $1
simper11: posts big blind $3
*** HOLE CARDS ***
moveoverover: raises $3 to $6
simper11: calls $3
*** FLOP *** [7c Qh 2d]
simper11: checks
moveoverover: bets $3
simper11: calls $3
*** TURN *** [7c Qh 2d] [4d]
simper11: checks
moveoverover: checks
*** RIVER *** [7c Qh 2d 4d] [5d]
simper11: bets $6
moveoverover: folds
Uncalled bet ($6) returned to simper11
simper11 collected $17.64 from pot
simper11: doesn't show hand
*** SUMMARY ***
Total pot $18 | Rake $0.36
Board [7c Qh 2d 4d 5d]
Seat 5: simper11 (big blind) collected ($17.64)
Seat 6: moveoverover (button) (small blind) folded on the River


PokerStars Hand #158902926288:  Hold'em Limit ($3/$6 USD) - 2016/09/21 12:25:44 ET
Table 'Schlutia' 10-max Seat #5 is the button
Seat 5: simper11 ($120 in chips)
Seat 6: moveoverover ($124 in chips)
simper11: posts small blind $1
moveoverover: posts big blind $3
*** HOLE CARDS ***
simper11: raises $3 to $6
moveoverover: folds
Uncalled bet ($3) returned to simper11
simper11 collected $6 from pot
simper11: doesn't show hand
*** SUMMARY ***
Total pot $6 | Rake $0
Seat 5: simper11 (button) (small blind) collected ($6)
Seat 6: moveoverover (big blind) folded before Flop


PokerStars Hand #158902921560:  Hold'em Limit ($3/$6 USD) - 2016/09/21 12:25:37 ET
Table 'Schlutia' 10-max Seat #6 is the button
Seat 5: simper11 ($120 in chips)
Seat 6: moveoverover ($121 in chips)
moveoverover: posts small blind $1
simper11: posts big blind $3
*** HOLE CARDS ***
moveoverover: raises $3 to $6
simper11: folds
Uncalled bet ($3) returned to moveoverover
moveoverover collected $6 from pot
moveoverover: doesn't show hand
*** SUMMARY ***
Total pot $6 | Rake $0
Seat 5: simper11 (big blind) folded before Flop
Seat 6: moveoverover (button) (small blind) collected ($6)


PokerStars Hand #158902915916:  Hold'em Limit ($3/$6 USD) - 2016/09/21 12:25:28 ET
Table 'Schlutia' 10-max Seat #5 is the button
Seat 5: simper11 ($120 in chips)
Seat 6: moveoverover ($120 in chips)
simper11: posts small blind $1
moveoverover: posts big blind $3
*** HOLE CARDS ***
simper11: folds
Uncalled bet ($2) returned to moveoverover
moveoverover collected $2 from pot
*** SUMMARY ***
Total pot $2 | Rake $0
Seat 5: simper11 (button) (small blind) folded before Flop
Seat 6: moveoverover (big blind) collected ($2)


PokerStars Hand #158903520049:  Hold'em Limit ($3/$6 USD) - 2016/09/21 12:40:08 ET
Table 'Schlutia' 10-max Seat #6 is the button
Seat 5: simper11 ($130.64 in chips)
Seat 6: Goldvrn ($121 in chips)
Goldvrn: posts small blind $1
simper11: posts big blind $3
*** HOLE CARDS ***
Goldvrn: calls $2
simper11: raises $3 to $6
Goldvrn: calls $3
*** FLOP *** [Ah Td 4d]
simper11: bets $3
Goldvrn: folds
Uncalled bet ($3) returned to simper11
simper11 collected $11.76 from pot
simper11: doesn't show hand
*** SUMMARY ***
Total pot $12 | Rake $0.24
Board [Ah Td 4d]
Seat 5: simper11 (big blind) collected ($11.76)
Seat 6: Goldvrn (button) (small blind) folded on the Flop


PokerStars Hand #158903526827:  Hold'em Limit ($3/$6 USD) - 2016/09/21 12:40:18 ET
Table 'Schlutia' 10-max Seat #5 is the button
Seat 5: simper11 ($136.40 in chips)
Seat 6: Goldvrn ($115 in chips)
simper11: posts small blind $1
Goldvrn: posts big blind $3
*** HOLE CARDS ***
simper11: raises $3 to $6
Goldvrn: calls $3
*** FLOP *** [5s 3h Ts]
Goldvrn: checks
simper11: bets $3
Goldvrn: raises $3 to $6
simper11: calls $3
*** TURN *** [5s 3h Ts] [4d]
Goldvrn: bets $6
simper11: folds
Uncalled bet ($6) returned to Goldvrn
Goldvrn collected $23.52 from pot
Goldvrn: doesn't show hand
*** SUMMARY ***
Total pot $24 | Rake $0.48
Board [5s 3h Ts 4d]
Seat 5: simper11 (button) (small blind) folded on the Turn
Seat 6: Goldvrn (big blind) collected ($23.52)


PokerStars Hand #158903554188:  Hold'em Limit ($3/$6 USD) - 2016/09/21 12:40:57 ET
Table 'Schlutia' 10-max Seat #5 is the button
Seat 5: simper11 ($142.90 in chips)
Seat 6: Goldvrn ($107.52 in chips)
simper11: posts small blind $1
Goldvrn: posts big blind $3
*** HOLE CARDS ***
simper11: raises $3 to $6
Goldvrn: raises $3 to $9
simper11: calls $3
*** FLOP *** [9d 7d 6d]
Goldvrn: checks
simper11: checks
*** TURN *** [9d 7d 6d] [7c]
Goldvrn: bets $6
simper11: calls $6
*** RIVER *** [9d 7d 6d 7c] [6h]
Goldvrn: bets $6
simper11: calls $6
*** SHOW DOWN ***
Goldvrn: shows [Ac Kc] (two pair, Sevens and Sixes)
simper11: shows [5c As] (two pair, Sevens and Sixes)
Goldvrn collected $20.75 from pot
simper11 collected $20.75 from pot
*** SUMMARY ***
Total pot $42 | Rake $0.50
Board [9d 7d 6d 7c 6h]
Seat 5: simper11 (button) (small blind) showed [5c As] and won ($20.75) with two pair, Sevens and Sixes
Seat 6: Goldvrn (big blind) showed [Ac Kc] and won ($20.75) with two pair, Sevens and Sixes


PokerStars Hand #158903564921:  Hold'em Limit ($3/$6 USD) - 2016/09/21 12:41:13 ET
Table 'Schlutia' 10-max Seat #6 is the button
Seat 5: simper11 ($142.65 in chips)
Seat 6: Goldvrn ($107.27 in chips)
Goldvrn: posts small blind $1
simper11: posts big blind $3
*** HOLE CARDS ***
Goldvrn: raises $3 to $6
simper11: folds
Uncalled bet ($3) returned to Goldvrn
Goldvrn collected $6 from pot
Goldvrn: doesn't show hand
*** SUMMARY ***
Total pot $6 | Rake $0
Seat 5: simper11 (big blind) folded before Flop
Seat 6: Goldvrn (button) (small blind) collected ($6)


PokerStars Hand #158903568906:  Hold'em Limit ($3/$6 USD) - 2016/09/21 12:41:18 ET
Table 'Schlutia' 10-max Seat #5 is the button
Seat 5: simper11 ($139.65 in chips)
Seat 6: Goldvrn ($110.27 in chips)
simper11: posts small blind $1
Goldvrn: posts big blind $3
*** HOLE CARDS ***
simper11: raises $3 to $6
Goldvrn: calls $3
*** FLOP *** [As 3d Qc]
Goldvrn: checks
simper11: bets $3
Goldvrn: calls $3
*** TURN *** [As 3d Qc] [6h]
Goldvrn: checks
simper11: checks
*** RIVER *** [As 3d Qc 6h] [4d]
Goldvrn: bets $6
simper11: calls $6
*** SHOW DOWN ***
Goldvrn: shows [Qs 5c] (a pair of Queens)
simper11: mucks hand
Goldvrn collected $29.50 from pot
*** SUMMARY ***
Total pot $30 | Rake $0.50
Board [As 3d Qc 6h 4d]
Seat 5: simper11 (button) (small blind) mucked
Seat 6: Goldvrn (big blind) showed [Qs 5c] and won ($29.50) with a pair of Queens


PokerStars Hand #158903547296:  Hold'em Limit ($3/$6 USD) - 2016/09/21 12:40:47 ET
Table 'Schlutia' 10-max Seat #5 is the button
Seat 5: simper11 ($138.90 in chips)
Seat 6: Goldvrn ($111.52 in chips)
simper11: posts small blind $1
Goldvrn: posts big blind $3
*** HOLE CARDS ***
simper11: raises $3 to $6
Goldvrn: folds
Uncalled bet ($3) returned to simper11
simper11 collected $6 from pot
simper11: doesn't show hand
*** SUMMARY ***
Total pot $6 | Rake $0
Seat 5: simper11 (button) (small blind) collected ($6)
Seat 6: Goldvrn (big blind) folded before Flop


PokerStars Hand #158903535554:  Hold'em Limit ($3/$6 USD) - 2016/09/21 12:40:31 ET
Table 'Schlutia' 10-max Seat #6 is the button
Seat 5: simper11 ($124.40 in chips)
Seat 6: Goldvrn ($126.52 in chips)
Goldvrn: posts small blind $1
simper11: posts big blind $3
*** HOLE CARDS ***
Goldvrn: raises $3 to $6
simper11: calls $3
*** FLOP *** [7s Qd 3s]
simper11: checks
Goldvrn: bets $3
simper11: calls $3
*** TURN *** [7s Qd 3s] [Kh]
simper11: checks
Goldvrn: checks
*** RIVER *** [7s Qd 3s Kh] [6h]
simper11: bets $6
Goldvrn: calls $6
*** SHOW DOWN ***
simper11: shows [5h Kd] (a pair of Kings)
Goldvrn: mucks hand
simper11 collected $29.50 from pot
*** SUMMARY ***
Total pot $30 | Rake $0.50
Board [7s Qd 3s Kh 6h]
Seat 5: simper11 (big blind) showed [5h Kd] and won ($29.50) with a pair of Kings
Seat 6: Goldvrn (button) (small blind) mucked


PokerStars Hand #158903550857:  Hold'em Limit ($3/$6 USD) - 2016/09/21 12:40:52 ET
Table 'Schlutia' 10-max Seat #6 is the button
Seat 5: simper11 ($141.90 in chips)
Seat 6: Goldvrn ($108.52 in chips)
Goldvrn: posts small blind $1
simper11: posts big blind $3
*** HOLE CARDS ***
Goldvrn: folds
Uncalled bet ($2) returned to simper11
simper11 collected $2 from pot
simper11: doesn't show hand
*** SUMMARY ***
Total pot $2 | Rake $0
Seat 5: simper11 (big blind) collected ($2)
Seat 6: Goldvrn (button) (small blind) folded before Flop


PokerStars Hand #158903613841:  Hold'em Limit ($3/$6 USD) - 2016/09/21 12:42:23 ET
Table 'Schlutia' 10-max Seat #6 is the button
Seat 5: simper11 ($120 in chips)
Seat 6: Goldvrn ($155.79 in chips)
Goldvrn: posts small blind $1
simper11: posts big blind $3
*** HOLE CARDS ***
Goldvrn: folds
Uncalled bet ($2) returned to simper11
simper11 collected $2 from pot
simper11: doesn't show hand
*** SUMMARY ***
Total pot $2 | Rake $0
Seat 5: simper11 (big blind) collected ($2)
Seat 6: Goldvrn (button) (small blind) folded before Flop


PokerStars Hand #158903603401:  Hold'em Limit ($3/$6 USD) - 2016/09/21 12:42:08 ET
Table 'Schlutia' 10-max Seat #5 is the button
Seat 5: simper11 ($120 in chips)
Seat 6: Goldvrn ($135.29 in chips)
simper11: posts small blind $1
Goldvrn: posts big blind $3
*** HOLE CARDS ***
simper11: raises $3 to $6
Goldvrn: raises $3 to $9
simper11: calls $3
*** FLOP *** [2c 8c Js]
Goldvrn: checks
simper11: checks
*** TURN *** [2c 8c Js] [3c]
Goldvrn: bets $6
simper11: calls $6
*** RIVER *** [2c 8c Js 3c] [As]
Goldvrn: bets $6
simper11: calls $6
*** SHOW DOWN ***
Goldvrn: shows [Jd Jh] (three of a kind, Jacks)
simper11: mucks hand
Goldvrn collected $41.50 from pot
*** SUMMARY ***
Total pot $42 | Rake $0.50
Board [2c 8c Js 3c As]
Seat 5: simper11 (button) (small blind) mucked
Seat 6: Goldvrn (big blind) showed [Jd Jh] and won ($41.50) with three of a kind, Jacks


PokerStars Hand #158903594347:  Hold'em Limit ($3/$6 USD) - 2016/09/21 12:41:55 ET
Table 'Schlutia' 10-max Seat #6 is the button
Seat 5: simper11 ($120 in chips)
Seat 6: Goldvrn ($132.41 in chips)
Goldvrn: posts small blind $1
simper11: posts big blind $3
*** HOLE CARDS ***
Goldvrn: calls $2
simper11: checks
*** FLOP *** [Js Kc Qc]
simper11: checks
Goldvrn: checks
*** TURN *** [Js Kc Qc] [Kd]
simper11: checks
Goldvrn: bets $6
simper11: folds
Uncalled bet ($6) returned to Goldvrn
Goldvrn collected $5.88 from pot
Goldvrn: doesn't show hand
*** SUMMARY ***
Total pot $6 | Rake $0.12
Board [Js Kc Qc Kd]
Seat 5: simper11 (big blind) folded on the Turn
Seat 6: Goldvrn (button) (small blind) collected ($5.88)


PokerStars Hand #158903582603:  Hold'em Limit ($3/$6 USD) - 2016/09/21 12:41:38 ET
Table 'Schlutia' 10-max Seat #5 is the button
Seat 5: simper11 ($125.65 in chips)
Seat 6: Goldvrn ($123.77 in chips)
simper11: posts small blind $1
Goldvrn: posts big blind $3
*** HOLE CARDS ***
simper11: raises $3 to $6
Goldvrn: calls $3
*** FLOP *** [Qd Td 9c]
Goldvrn: checks
simper11: bets $3
Goldvrn: calls $3
*** TURN *** [Qd Td 9c] [4d]
Goldvrn: checks
simper11: checks
*** RIVER *** [Qd Td 9c 4d] [Jh]
Goldvrn: bets $6
simper11: folds
Uncalled bet ($6) returned to Goldvrn
Goldvrn collected $17.64 from pot
Goldvrn: doesn't show hand
*** SUMMARY ***
Total pot $18 | Rake $0.36
Board [Qd Td 9c 4d Jh]
Seat 5: simper11 (button) (small blind) folded on the River
Seat 6: Goldvrn (big blind) collected ($17.64)


PokerStars Hand #158903579438:  Hold'em Limit ($3/$6 USD) - 2016/09/21 12:41:33 ET
Table 'Schlutia' 10-max Seat #6 is the button
Seat 5: simper11 ($124.65 in chips)
Seat 6: Goldvrn ($124.77 in chips)
Goldvrn: posts small blind $1
simper11: posts big blind $3
*** HOLE CARDS ***
Goldvrn: folds
Uncalled bet ($2) returned to simper11
simper11 collected $2 from pot
simper11: doesn't show hand
*** SUMMARY ***
Total pot $2 | Rake $0
Seat 5: simper11 (big blind) collected ($2)
Seat 6: Goldvrn (button) (small blind) folded before Flop


PokerStars Hand #158903650628:  Hold'em Limit ($3/$6 USD) - 2016/09/21 12:43:16 ET
Table 'Schlutia' 10-max Seat #5 is the button
Seat 5: simper11 ($154.02 in chips)
Seat 6: Goldvrn ($120.79 in chips)
simper11: posts small blind $1
Goldvrn: posts big blind $3
*** HOLE CARDS ***
simper11: raises $3 to $6
Goldvrn: raises $3 to $9
simper11: calls $3
*** FLOP *** [2d 3s 5s]
Goldvrn: checks
simper11: bets $3
Goldvrn: calls $3
*** TURN *** [2d 3s 5s] [6h]
Goldvrn: checks
simper11: bets $6
Goldvrn: calls $6
*** RIVER *** [2d 3s 5s 6h] [Qs]
Goldvrn: checks
simper11: checks
*** SHOW DOWN ***
Goldvrn: shows [Kc Ad] (high card Ace)
simper11: shows [3d Ac] (a pair of Threes)
simper11 collected $35.50 from pot
*** SUMMARY ***
Total pot $36 | Rake $0.50
Board [2d 3s 5s 6h Qs]
Seat 5: simper11 (button) (small blind) showed [3d Ac] and won ($35.50) with a pair of Threes
Seat 6: Goldvrn (big blind) showed [Kc Ad] and lost with high card Ace


PokerStars Hand #158903617345:  Hold'em Limit ($3/$6 USD) - 2016/09/21 12:42:28 ET
Table 'Schlutia' 10-max Seat #5 is the button
Seat 5: simper11 ($121 in chips)
Seat 6: Goldvrn ($154.79 in chips)
simper11: posts small blind $1
Goldvrn: posts big blind $3
*** HOLE CARDS ***
simper11: raises $3 to $6
Goldvrn: calls $3
*** FLOP *** [2s 2h 7s]
Goldvrn: checks
simper11: bets $3
Goldvrn: folds
Uncalled bet ($3) returned to simper11
simper11 collected $11.76 from pot
simper11: doesn't show hand
*** SUMMARY ***
Total pot $12 | Rake $0.24
Board [2s 2h 7s]
Seat 5: simper11 (button) (small blind) collected ($11.76)
Seat 6: Goldvrn (big blind) folded on the Flop


PokerStars Hand #158903647406:  Hold'em Limit ($3/$6 USD) - 2016/09/21 12:43:11 ET
Table 'Schlutia' 10-max Seat #6 is the button
Seat 5: simper11 ($153.02 in chips)
Seat 6: Goldvrn ($121.79 in chips)
Goldvrn: posts small blind $1
simper11: posts big blind $3
*** HOLE CARDS ***
Goldvrn: folds
Uncalled bet ($2) returned to simper11
simper11 collected $2 from pot
simper11: doesn't show hand
*** SUMMARY ***
Total pot $2 | Rake $0
Seat 5: simper11 (big blind) collected ($2)
Seat 6: Goldvrn (button) (small blind) folded before Flop


PokerStars Hand #158903637291:  Hold'em Limit ($3/$6 USD) - 2016/09/21 12:42:57 ET
Table 'Schlutia' 10-max Seat #5 is the button
Seat 5: simper11 ($132.52 in chips)
Seat 6: Goldvrn ($142.79 in chips)
simper11: posts small blind $1
Goldvrn: posts big blind $3
*** HOLE CARDS ***
simper11: raises $3 to $6
Goldvrn: raises $3 to $9
simper11: calls $3
*** FLOP *** [Jd 3c 4c]
Goldvrn: checks
simper11: checks
*** TURN *** [Jd 3c 4c] [9h]
Goldvrn: bets $6
simper11: calls $6
*** RIVER *** [Jd 3c 4c 9h] [4h]
Goldvrn: bets $6
simper11: calls $6
*** SHOW DOWN ***
Goldvrn: shows [8c Kh] (a pair of Fours)
simper11: shows [7d 9d] (two pair, Nines and Fours)
simper11 collected $41.50 from pot
*** SUMMARY ***
Total pot $42 | Rake $0.50
Board [Jd 3c 4c 9h 4h]
Seat 5: simper11 (button) (small blind) showed [7d 9d] and won ($41.50) with two pair, Nines and Fours
Seat 6: Goldvrn (big blind) showed [8c Kh] and lost with a pair of Fours


PokerStars Hand #158903633602:  Hold'em Limit ($3/$6 USD) - 2016/09/21 12:42:51 ET
Table 'Schlutia' 10-max Seat #6 is the button
Seat 5: simper11 ($131.52 in chips)
Seat 6: Goldvrn ($143.79 in chips)
Goldvrn: posts small blind $1
simper11: posts big blind $3
*** HOLE CARDS ***
Goldvrn: folds
Uncalled bet ($2) returned to simper11
simper11 collected $2 from pot
simper11: doesn't show hand
*** SUMMARY ***
Total pot $2 | Rake $0
Seat 5: simper11 (big blind) collected ($2)
Seat 6: Goldvrn (button) (small blind) folded before Flop


PokerStars Hand #158903630376:  Hold'em Limit ($3/$6 USD) - 2016/09/21 12:42:47 ET
Table 'Schlutia' 10-max Seat #5 is the button
Seat 5: simper11 ($132.52 in chips)
Seat 6: Goldvrn ($142.79 in chips)
simper11: posts small blind $1
Goldvrn: posts big blind $3
*** HOLE CARDS ***
simper11: folds
Uncalled bet ($2) returned to Goldvrn
Goldvrn collected $2 from pot
Goldvrn: doesn't show hand
*** SUMMARY ***
Total pot $2 | Rake $0
Seat 5: simper11 (button) (small blind) folded before Flop
Seat 6: Goldvrn (big blind) collected ($2)


PokerStars Hand #158903623648:  Hold'em Limit ($3/$6 USD) - 2016/09/21 12:42:37 ET
Table 'Schlutia' 10-max Seat #6 is the button
Seat 5: simper11 ($126.76 in chips)
Seat 6: Goldvrn ($148.79 in chips)
Goldvrn: posts small blind $1
simper11: posts big blind $3
*** HOLE CARDS ***
Goldvrn: calls $2
simper11: raises $3 to $6
Goldvrn: calls $3
*** FLOP *** [Qh 4h 6s]
simper11: bets $3
Goldvrn: folds
Uncalled bet ($3) returned to simper11
simper11 collected $11.76 from pot
simper11: doesn't show hand
*** SUMMARY ***
Total pot $12 | Rake $0.24
Board [Qh 4h 6s]
Seat 5: simper11 (big blind) collected ($11.76)
Seat 6: Goldvrn (button) (small blind) folded on the Flop


PokerStars Hand #158903695158:  Hold'em Limit ($3/$6 USD) - 2016/09/21 12:44:20 ET
Table 'Schlutia' 10-max Seat #6 is the button
Seat 5: simper11 ($137.52 in chips)
Seat 6: Goldvrn ($136.05 in chips)
Goldvrn: posts small blind $1
simper11: posts big blind $3
*** HOLE CARDS ***
Goldvrn: raises $3 to $6
simper11: calls $3
*** FLOP *** [6d 7c 4h]
simper11: checks
Goldvrn: bets $3
simper11: calls $3
*** TURN *** [6d 7c 4h] [Ad]
simper11: checks
Goldvrn: bets $6
simper11: raises $6 to $12
Goldvrn: folds
Uncalled bet ($6) returned to simper11
simper11 collected $29.50 from pot
simper11: doesn't show hand
*** SUMMARY ***
Total pot $30 | Rake $0.50
Board [6d 7c 4h Ad]
Seat 5: simper11 (big blind) collected ($29.50)
Seat 6: Goldvrn (button) (small blind) folded on the Turn


PokerStars Hand #158903682464:  Hold'em Limit ($3/$6 USD) - 2016/09/21 12:44:02 ET
Table 'Schlutia' 10-max Seat #5 is the button
Seat 5: simper11 ($161.52 in chips)
Seat 6: Goldvrn ($112.55 in chips)
simper11: posts small blind $1
Goldvrn: posts big blind $3
*** HOLE CARDS ***
simper11: raises $3 to $6
Goldvrn: calls $3
*** FLOP *** [2c 6d 5h]
Goldvrn: checks
simper11: bets $3
Goldvrn: raises $3 to $6
simper11: calls $3
*** TURN *** [2c 6d 5h] [Qh]
Goldvrn: bets $6
simper11: calls $6
*** RIVER *** [2c 6d 5h Qh] [7c]
Goldvrn: bets $6
simper11: calls $6
*** SHOW DOWN ***
Goldvrn: shows [7d Qc] (two pair, Queens and Sevens)
simper11: mucks hand
Goldvrn collected $47.50 from pot
*** SUMMARY ***
Total pot $48 | Rake $0.50
Board [2c 6d 5h Qh 7c]
Seat 5: simper11 (button) (small blind) mucked
Seat 6: Goldvrn (big blind) showed [7d Qc] and won ($47.50) with two pair, Queens and Sevens


PokerStars Hand #158903668477:  Hold'em Limit ($3/$6 USD) - 2016/09/21 12:43:42 ET
Table 'Schlutia' 10-max Seat #6 is the button
Seat 5: simper11 ($171.52 in chips)
Seat 6: Goldvrn ($102.79 in chips)
Goldvrn: posts small blind $1
simper11: posts big blind $3
*** HOLE CARDS ***
Goldvrn: raises $3 to $6
simper11: calls $3
*** FLOP *** [2h 3d As]
simper11: checks
Goldvrn: bets $3
simper11: folds
Uncalled bet ($3) returned to Goldvrn
Goldvrn collected $11.76 from pot
Goldvrn: doesn't show hand
*** SUMMARY ***
Total pot $12 | Rake $0.24
Board [2h 3d As]
Seat 5: simper11 (big blind) folded on the Flop
Seat 6: Goldvrn (button) (small blind) collected ($11.76)


PokerStars Hand #158903678592:  Hold'em Limit ($3/$6 USD) - 2016/09/21 12:43:56 ET
Table 'Schlutia' 10-max Seat #6 is the button
Seat 5: simper11 ($164.52 in chips)
Seat 6: Goldvrn ($109.55 in chips)
Goldvrn: posts small blind $1
simper11: posts big blind $3
*** HOLE CARDS ***
Goldvrn: raises $3 to $6
simper11: folds
Uncalled bet ($3) returned to Goldvrn
Goldvrn collected $6 from pot
Goldvrn: doesn't show hand
*** SUMMARY ***
Total pot $6 | Rake $0
Seat 5: simper11 (big blind) folded before Flop
Seat 6: Goldvrn (button) (small blind) collected ($6)


PokerStars Hand #158903675486:  Hold'em Limit ($3/$6 USD) - 2016/09/21 12:43:52 ET
Table 'Schlutia' 10-max Seat #5 is the button
Seat 5: simper11 ($165.52 in chips)
Seat 6: Goldvrn ($108.55 in chips)
simper11: posts small blind $1
Goldvrn: posts big blind $3
*** HOLE CARDS ***
simper11: folds
Uncalled bet ($2) returned to Goldvrn
Goldvrn collected $2 from pot
Goldvrn: doesn't show hand
*** SUMMARY ***
Total pot $2 | Rake $0
Seat 5: simper11 (button) (small blind) folded before Flop
Seat 6: Goldvrn (big blind) collected ($2)


PokerStars Hand #158903665222:  Hold'em Limit ($3/$6 USD) - 2016/09/21 12:43:37 ET
Table 'Schlutia' 10-max Seat #5 is the button
Seat 5: simper11 ($172.52 in chips)
Seat 6: Goldvrn ($101.79 in chips)
simper11: posts small blind $1
Goldvrn: posts big blind $3
*** HOLE CARDS ***
simper11: folds
Uncalled bet ($2) returned to Goldvrn
Goldvrn collected $2 from pot
Goldvrn: doesn't show hand
*** SUMMARY ***
Total pot $2 | Rake $0
Seat 5: simper11 (button) (small blind) folded before Flop
Seat 6: Goldvrn (big blind) collected ($2)


PokerStars Hand #158903662009:  Hold'em Limit ($3/$6 USD) - 2016/09/21 12:43:32 ET
Table 'Schlutia' 10-max Seat #6 is the button
Seat 5: simper11 ($171.52 in chips)
Seat 6: Goldvrn ($102.79 in chips)
Goldvrn: posts small blind $1
simper11: posts big blind $3
*** HOLE CARDS ***
Goldvrn: folds
Uncalled bet ($2) returned to simper11
simper11 collected $2 from pot
simper11: doesn't show hand
*** SUMMARY ***
Total pot $2 | Rake $0
Seat 5: simper11 (big blind) collected ($2)
Seat 6: Goldvrn (button) (small blind) folded before Flop


PokerStars Hand #158903737730:  Hold'em Limit ($3/$6 USD) - 2016/09/21 12:45:21 ET
Table 'Schlutia' 10-max Seat #6 is the button
Seat 5: simper11 ($149.78 in chips)
Seat 6: Goldvrn ($122.57 in chips)
Goldvrn: posts small blind $1
simper11: posts big blind $3
*** HOLE CARDS ***
Goldvrn: calls $2
simper11: checks
*** FLOP *** [2s Qd 6c]
simper11: checks
Goldvrn: checks
*** TURN *** [2s Qd 6c] [9s]
simper11: checks
Goldvrn: checks
*** RIVER *** [2s Qd 6c 9s] [4c]
simper11: checks
Goldvrn: checks
*** SHOW DOWN ***
simper11: shows [7h 5s] (high card Queen)
Goldvrn: shows [Kh 7s] (high card King)
Goldvrn collected $5.88 from pot
*** SUMMARY ***
Total pot $6 | Rake $0.12
Board [2s Qd 6c 9s 4c]
Seat 5: simper11 (big blind) showed [7h 5s] and lost with high card Queen
Seat 6: Goldvrn (button) (small blind) showed [Kh 7s] and won ($5.88) with high card King


PokerStars Hand #158903730911:  Hold'em Limit ($3/$6 USD) - 2016/09/21 12:45:12 ET
Table 'Schlutia' 10-max Seat #5 is the button
Seat 5: simper11 ($158.78 in chips)
Seat 6: Goldvrn ($113.93 in chips)
simper11: posts small blind $1
Goldvrn: posts big blind $3
*** HOLE CARDS ***
simper11: raises $3 to $6
Goldvrn: raises $3 to $9
simper11: calls $3
*** FLOP *** [Qc Ks Ac]
Goldvrn: bets $3
simper11: folds
Uncalled bet ($3) returned to Goldvrn
Goldvrn collected $17.64 from pot
Goldvrn: doesn't show hand
*** SUMMARY ***
Total pot $18 | Rake $0.36
Board [Qc Ks Ac]
Seat 5: simper11 (button) (small blind) folded on the Flop
Seat 6: Goldvrn (big blind) collected ($17.64)


PokerStars Hand #158903724791:  Hold'em Limit ($3/$6 USD) - 2016/09/21 12:45:03 ET
Table 'Schlutia' 10-max Seat #6 is the button
Seat 5: simper11 ($161.78 in chips)
Seat 6: Goldvrn ($111.05 in chips)
Goldvrn: posts small blind $1
simper11: posts big blind $3
*** HOLE CARDS ***
Goldvrn: calls $2
simper11: checks
*** FLOP *** [8h Td 6h]
simper11: checks
Goldvrn: bets $3
simper11: folds
Uncalled bet ($3) returned to Goldvrn
Goldvrn collected $5.88 from pot
Goldvrn: doesn't show hand
*** SUMMARY ***
Total pot $6 | Rake $0.12
Board [8h Td 6h]
Seat 5: simper11 (big blind) folded on the Flop
Seat 6: Goldvrn (button) (small blind) collected ($5.88)


PokerStars Hand #158903721546:  Hold'em Limit ($3/$6 USD) - 2016/09/21 12:44:58 ET
Table 'Schlutia' 10-max Seat #5 is the button
Seat 5: simper11 ($162.78 in chips)
Seat 6: Goldvrn ($110.05 in chips)
simper11: posts small blind $1
Goldvrn: posts big blind $3
*** HOLE CARDS ***
simper11: folds
Uncalled bet ($2) returned to Goldvrn
Goldvrn collected $2 from pot
Goldvrn: doesn't show hand
*** SUMMARY ***
Total pot $2 | Rake $0
Seat 5: simper11 (button) (small blind) folded before Flop
Seat 6: Goldvrn (big blind) collected ($2)


PokerStars Hand #158903718345:  Hold'em Limit ($3/$6 USD) - 2016/09/21 12:44:53 ET
Table 'Schlutia' 10-max Seat #6 is the button
Seat 5: simper11 ($161.78 in chips)
Seat 6: Goldvrn ($111.05 in chips)
Goldvrn: posts small blind $1
simper11: posts big blind $3
*** HOLE CARDS ***
Goldvrn: folds
Uncalled bet ($2) returned to simper11
simper11 collected $2 from pot
simper11: doesn't show hand
*** SUMMARY ***
Total pot $2 | Rake $0
Seat 5: simper11 (big blind) collected ($2)
Seat 6: Goldvrn (button) (small blind) folded before Flop


PokerStars Hand #158903712277:  Hold'em Limit ($3/$6 USD) - 2016/09/21 12:44:45 ET
Table 'Schlutia' 10-max Seat #5 is the button
Seat 5: simper11 ($156.02 in chips)
Seat 6: Goldvrn ($117.05 in chips)
simper11: posts small blind $1
Goldvrn: posts big blind $3
*** HOLE CARDS ***
simper11: raises $3 to $6
Goldvrn: calls $3
*** FLOP *** [7s Qs Td]
Goldvrn: checks
simper11: bets $3
Goldvrn: folds
Uncalled bet ($3) returned to simper11
simper11 collected $11.76 from pot
simper11: doesn't show hand
*** SUMMARY ***
Total pot $12 | Rake $0.24
Board [7s Qs Td]
Seat 5: simper11 (button) (small blind) collected ($11.76)
Seat 6: Goldvrn (big blind) folded on the Flop


PokerStars Hand #158903709028:  Hold'em Limit ($3/$6 USD) - 2016/09/21 12:44:40 ET
Table 'Schlutia' 10-max Seat #6 is the button
Seat 5: simper11 ($155.02 in chips)
Seat 6: Goldvrn ($118.05 in chips)
Goldvrn: posts small blind $1
simper11: posts big blind $3
*** HOLE CARDS ***
Goldvrn: folds
Uncalled bet ($2) returned to simper11
simper11 collected $2 from pot
simper11: doesn't show hand
*** SUMMARY ***
Total pot $2 | Rake $0
Seat 5: simper11 (big blind) collected ($2)
Seat 6: Goldvrn (button) (small blind) folded before Flop


PokerStars Hand #158903705657:  Hold'em Limit ($3/$6 USD) - 2016/09/21 12:44:35 ET
Table 'Schlutia' 10-max Seat #5 is the button
Seat 5: simper11 ($152.02 in chips)
Seat 6: Goldvrn ($121.05 in chips)
simper11: posts small blind $1
Goldvrn: posts big blind $3
*** HOLE CARDS ***
simper11: raises $3 to $6
Goldvrn: folds
Uncalled bet ($3) returned to simper11
simper11 collected $6 from pot
simper11: doesn't show hand
*** SUMMARY ***
Total pot $6 | Rake $0
Seat 5: simper11 (button) (small blind) collected ($6)
Seat 6: Goldvrn (big blind) folded before Flop


PokerStars Hand #158903764889:  Hold'em Limit ($3/$6 USD) - 2016/09/21 12:46:00 ET
Table 'Schlutia' 10-max Seat #5 is the button
Seat 5: simper11 ($137.54 in chips)
Seat 6: Goldvrn ($133.95 in chips)
simper11: posts small blind $1
Goldvrn: posts big blind $3
*** HOLE CARDS ***
simper11: raises $3 to $6
Goldvrn: calls $3
*** FLOP *** [Ts 5d 4c]
Goldvrn: checks
belik555 joins the table at seat #7
simper11: bets $3
Goldvrn: calls $3
*** TURN *** [Ts 5d 4c] [Jd]
Goldvrn: checks
simper11: bets $6
Goldvrn: calls $6
*** RIVER *** [Ts 5d 4c Jd] [Ks]
Goldvrn: checks
simper11: bets $6
Goldvrn: folds
Uncalled bet ($6) returned to simper11
simper11 collected $29.50 from pot
simper11: doesn't show hand
*** SUMMARY ***
Total pot $30 | Rake $0.50
Board [Ts 5d 4c Jd Ks]
Seat 5: simper11 (button) (small blind) collected ($29.50)
Seat 6: Goldvrn (big blind) folded on the River


PokerStars Hand #158903752901:  Hold'em Limit ($3/$6 USD) - 2016/09/21 12:45:43 ET
Table 'Schlutia' 10-max Seat #6 is the button
Seat 5: simper11 ($152.54 in chips)
Seat 6: Goldvrn ($119.45 in chips)
Goldvrn: posts small blind $1
simper11: posts big blind $3
*** HOLE CARDS ***
Goldvrn: raises $3 to $6
simper11: calls $3
*** FLOP *** [5s 8h Qc]
simper11: checks
Goldvrn: bets $3
simper11: calls $3
*** TURN *** [5s 8h Qc] [6s]
simper11: checks
Goldvrn: bets $6
simper11: calls $6
*** RIVER *** [5s 8h Qc 6s] [As]
simper11: checks
Goldvrn: bets $6
simper11: folds
Uncalled bet ($6) returned to Goldvrn
Goldvrn collected $29.50 from pot
Goldvrn: doesn't show hand
*** SUMMARY ***
Total pot $30 | Rake $0.50
Board [5s 8h Qc 6s As]
Seat 5: simper11 (big blind) folded on the River
Seat 6: Goldvrn (button) (small blind) collected ($29.50)


PokerStars Hand #158903746698:  Hold'em Limit ($3/$6 USD) - 2016/09/21 12:45:34 ET
Table 'Schlutia' 10-max Seat #5 is the button
Seat 5: simper11 ($146.78 in chips)
Seat 6: Goldvrn ($125.45 in chips)
simper11: posts small blind $1
Goldvrn: posts big blind $3
*** HOLE CARDS ***
simper11: raises $3 to $6
Goldvrn: calls $3
*** FLOP *** [Ts Kd Jh]
Goldvrn: checks
simper11: bets $3
Goldvrn: folds
Uncalled bet ($3) returned to simper11
simper11 collected $11.76 from pot
simper11: doesn't show hand
*** SUMMARY ***
Total pot $12 | Rake $0.24
Board [Ts Kd Jh]
Seat 5: simper11 (button) (small blind) collected ($11.76)
Seat 6: Goldvrn (big blind) folded on the Flop


PokerStars Hand #158905150684:  Hold'em Limit ($3/$6 USD) - 2016/09/21 13:18:14 ET
Table 'Schlutia' 10-max Seat #8 is the button
Seat 1: Ag3r0n ($290.50 in chips)
Seat 8: Chessnok ($60 in chips)
Chessnok: posts small blind $1
Ronasty: is sitting out
Ag3r0n: posts big blind $3
*** HOLE CARDS ***
Chessnok: folds
Uncalled bet ($2) returned to Ag3r0n
Ag3r0n collected $2 from pot
*** SUMMARY ***
Total pot $2 | Rake $0
Seat 1: Ag3r0n (big blind) collected ($2)
Seat 8: Chessnok (button) (small blind) folded before Flop


