PokerStars Hand #156030371126:  Hold'em Limit ($3/$6 USD) - 2016/07/16 4:20:07 ET
Table 'Schlutia' 6-max Seat #3 is the button
Seat 2: Agrotait ($68 in chips)
Seat 3: Tryptamean ($152.11 in chips)
Tryptamean: posts small blind $1
perten: is sitting out
Agrotait: posts big blind $3
*** HOLE CARDS ***
Tryptamean: raises $3 to $6
Agrotait: calls $3
*** FLOP *** [4h 6s 5h]
Agrotait: checks
Tryptamean: checks
*** TURN *** [4h 6s 5h] [Ac]
Agrotait: checks
Tryptamean: bets $6
Agrotait: calls $6
*** RIVER *** [4h 6s 5h Ac] [Jh]
Agrotait: checks
Tryptamean: bets $6
Agrotait: folds
Uncalled bet ($6) returned to Tryptamean
Tryptamean collected $23.52 from pot
Tryptamean: doesn't show hand
*** SUMMARY ***
Total pot $24 | Rake $0.48
Board [4h 6s 5h Ac Jh]
Seat 2: Agrotait (big blind) folded on the River
Seat 3: Tryptamean (button) (small blind) collected ($23.52)


PokerStars Hand #156030380746:  Hold'em Limit ($3/$6 USD) - 2016/07/16 4:20:38 ET
Table 'Schlutia' 6-max Seat #2 is the button
Seat 2: Agrotait ($72 in chips)
Seat 3: Tryptamean ($163.63 in chips)
Agrotait: posts small blind $1
Tryptamean: posts big blind $3
*** HOLE CARDS ***
Agrotait: raises $3 to $6
Tryptamean: raises $3 to $9
Agrotait: calls $3
*** FLOP *** [6c 8d Td]
Tryptamean: bets $3
Agrotait: calls $3
*** TURN *** [6c 8d Td] [Qs]
Tryptamean: bets $6
Agrotait: calls $6
*** RIVER *** [6c 8d Td Qs] [Jh]
Tryptamean: checks
Agrotait: checks
*** SHOW DOWN ***
Tryptamean: shows [Kd Jc] (a pair of Jacks)
Agrotait: mucks hand
Fabulous108 joins the table at seat #4
Tryptamean collected $35.50 from pot
*** SUMMARY ***
Total pot $36 | Rake $0.50
Board [6c 8d Td Qs Jh]
Seat 2: Agrotait (button) (small blind) mucked
Seat 3: Tryptamean (big blind) showed [Kd Jc] and won ($35.50) with a pair of Jacks


PokerStars Hand #156030407750:  Hold'em Limit ($3/$6 USD) - 2016/07/16 4:22:05 ET
Table 'Schlutia' 6-max Seat #4 is the button
Seat 3: Tryptamean ($172.13 in chips)
Seat 4: Fabulous108 ($106.13 in chips)
Fabulous108: posts small blind $1
Agrotait: is sitting out
Tryptamean: posts big blind $3
*** HOLE CARDS ***
Fabulous108: calls $2
Tryptamean: raises $3 to $6
Fabulous108: raises $3 to $9
Tryptamean: calls $3
*** FLOP *** [7h Jh 6s]
Tryptamean: checks
Fabulous108: bets $3
Tryptamean: calls $3
*** TURN *** [7h Jh 6s] [6d]
Tryptamean: checks
Fabulous108: checks
*** RIVER *** [7h Jh 6s 6d] [Ks]
Tryptamean: checks
Fabulous108: checks
*** SHOW DOWN ***
Tryptamean: shows [Td Qh] (a pair of Sixes)
Fabulous108: shows [Ac Tc] (a pair of Sixes - Ace kicker)
Fabulous108 collected $23.52 from pot
*** SUMMARY ***
Total pot $24 | Rake $0.48
Board [7h Jh 6s 6d Ks]
Seat 3: Tryptamean (big blind) showed [Td Qh] and lost with a pair of Sixes
Seat 4: Fabulous108 (button) (small blind) showed [Ac Tc] and won ($23.52) with a pair of Sixes


PokerStars Hand #156030639071:  Hold'em Limit ($3/$6 USD) - 2016/07/16 4:34:34 ET
Table 'Schlutia' 6-max Seat #5 is the button
Seat 1: Agrotait ($72 in chips)
Seat 5: perten ($24.43 in chips)
perten: posts small blind $1
Agrotait: posts big blind $3
*** HOLE CARDS ***
perten: raises $3 to $6
Agrotait: calls $3
*** FLOP *** [7d 6c 6s]
7superpoker joins the table at seat #3
Agrotait: checks
perten: bets $3
Agrotait: calls $3
*** TURN *** [7d 6c 6s] [3s]
Agrotait: checks
perten: bets $6
Agrotait: calls $6
*** RIVER *** [7d 6c 6s 3s] [8d]
Agrotait: checks
perten: bets $6
Agrotait: calls $6
*** SHOW DOWN ***
perten: shows [Ad 7c] (two pair, Sevens and Sixes)
Agrotait: mucks hand
perten collected $41.50 from pot
*** SUMMARY ***
Total pot $42 | Rake $0.50
Board [7d 6c 6s 3s 8d]
Seat 1: Agrotait (big blind) mucked
Seat 5: perten (button) (small blind) showed [Ad 7c] and won ($41.50) with two pair, Sevens and Sixes


PokerStars Hand #156032170941:  Hold'em Limit ($3/$6 USD) - 2016/07/16 5:48:21 ET
Table 'Schlutia' 6-max Seat #3 is the button
Seat 1: dang42 ($123.71 in chips)
Seat 3: 7superpoker ($74.62 in chips)
7superpoker: posts small blind $1
wobetting: is sitting out
dang42: posts big blind $3
*** HOLE CARDS ***
7superpoker: folds
Uncalled bet ($2) returned to dang42
dang42 collected $2 from pot
dang42: doesn't show hand
*** SUMMARY ***
Total pot $2 | Rake $0
Seat 1: dang42 (big blind) collected ($2)
Seat 3: 7superpoker (button) (small blind) folded before Flop


PokerStars Hand #156032176617:  Hold'em Limit ($3/$6 USD) - 2016/07/16 5:48:37 ET
Table 'Schlutia' 6-max Seat #3 is the button
Seat 1: dang42 ($127.71 in chips)
Seat 3: 7superpoker ($70.62 in chips)
7superpoker: posts small blind $1
dang42: posts big blind $3
*** HOLE CARDS ***
7superpoker: raises $3 to $6
dang42: calls $3
*** FLOP *** [Th 2s Tc]
dang42: checks
7superpoker: bets $3
dang42: calls $3
*** TURN *** [Th 2s Tc] [7s]
dang42: checks
7superpoker: bets $6
dang42: folds
Uncalled bet ($6) returned to 7superpoker
7superpoker collected $17.64 from pot
*** SUMMARY ***
Total pot $18 | Rake $0.36
Board [Th 2s Tc 7s]
Seat 1: dang42 (big blind) folded on the Turn
Seat 3: 7superpoker (button) (small blind) collected ($17.64)


PokerStars Hand #156032185585:  Hold'em Limit ($3/$6 USD) - 2016/07/16 5:49:01 ET
Table 'Schlutia' 6-max Seat #1 is the button
Seat 1: dang42 ($118.71 in chips)
Seat 3: 7superpoker ($79.26 in chips)
dang42: posts small blind $1
zimin10 was removed from the table for failing to post
7superpoker: posts big blind $3
*** HOLE CARDS ***
dang42: raises $3 to $6
7superpoker: calls $3
*** FLOP *** [7d As 6c]
7superpoker: checks
dang42: bets $3
7superpoker: folds
Uncalled bet ($3) returned to dang42
dang42 collected $11.76 from pot
*** SUMMARY ***
Total pot $12 | Rake $0.24
Board [7d As 6c]
Seat 1: dang42 (button) (small blind) collected ($11.76)
Seat 3: 7superpoker (big blind) folded on the Flop


PokerStars Hand #156032173082:  Hold'em Limit ($3/$6 USD) - 2016/07/16 5:48:27 ET
Table 'Schlutia' 6-max Seat #1 is the button
Seat 1: dang42 ($124.71 in chips)
Seat 3: 7superpoker ($73.62 in chips)
dang42: posts small blind $1
7superpoker: posts big blind $3
*** HOLE CARDS ***
dang42: raises $3 to $6
7superpoker: folds
Uncalled bet ($3) returned to dang42
dang42 collected $6 from pot
*** SUMMARY ***
Total pot $6 | Rake $0
Seat 1: dang42 (button) (small blind) collected ($6)
Seat 3: 7superpoker (big blind) folded before Flop


