PokerStars Hand #156913490671:  Hold'em Limit ($3/$6 USD) - 2016/08/05 18:26:48 ET
Table 'Schlutia II' 6-max Seat #3 is the button
Seat 3: Kasinojunge* ($30 in chips)
Seat 4: AzureCaper ($72 in chips)
Kasinojunge*: posts small blind $1
AzureCaper: posts big blind $3
*** HOLE CARDS ***
Kasinojunge*: raises $3 to $6
AzureCaper: calls $3
*** FLOP *** [Qh Th Ah]
AzureCaper: checks
Kasinojunge*: bets $3
AzureCaper: calls $3
*** TURN *** [Qh Th Ah] [Ac]
AzureCaper: checks
Kasinojunge*: bets $6
AzureCaper: calls $6
*** RIVER *** [Qh Th Ah Ac] [3h]
AzureCaper: checks
Kasinojunge*: checks
*** SHOW DOWN ***
AzureCaper: shows [2d As] (three of a kind, Aces)
Kasinojunge*: mucks hand
AzureCaper collected $29.50 from pot
*** SUMMARY ***
Total pot $30 | Rake $0.50
Board [Qh Th Ah Ac 3h]
Seat 3: Kasinojunge* (button) (small blind) mucked
Seat 4: AzureCaper (big blind) showed [2d As] and won ($29.50) with three of a kind, Aces


PokerStars Hand #156913519270:  Hold'em Limit ($3/$6 USD) - 2016/08/05 18:27:32 ET
Table 'Schlutia II' 6-max Seat #3 is the button
Seat 3: Kasinojunge* ($16 in chips)
Seat 4: AzureCaper ($85.50 in chips)
Kasinojunge*: posts small blind $1
AzureCaper: posts big blind $3
*** HOLE CARDS ***
Kasinojunge*: folds
Uncalled bet ($2) returned to AzureCaper
AzureCaper collected $2 from pot
AzureCaper: doesn't show hand
*** SUMMARY ***
Total pot $2 | Rake $0
Seat 3: Kasinojunge* (button) (small blind) folded before Flop
Seat 4: AzureCaper (big blind) collected ($2)


PokerStars Hand #156913516483:  Hold'em Limit ($3/$6 USD) - 2016/08/05 18:27:28 ET
Table 'Schlutia II' 6-max Seat #4 is the button
Seat 3: Kasinojunge* ($15 in chips)
Seat 4: AzureCaper ($86.50 in chips)
AzureCaper: posts small blind $1
Kasinojunge*: posts big blind $3
*** HOLE CARDS ***
AzureCaper: folds
Uncalled bet ($2) returned to Kasinojunge*
Kasinojunge* collected $2 from pot
Kasinojunge*: doesn't show hand
*** SUMMARY ***
Total pot $2 | Rake $0
Seat 3: Kasinojunge* (big blind) collected ($2)
Seat 4: AzureCaper (button) (small blind) folded before Flop


PokerStars Hand #156913523150:  Hold'em Limit ($3/$6 USD) - 2016/08/05 18:27:38 ET
Table 'Schlutia II' 6-max Seat #4 is the button
Seat 3: Kasinojunge* ($15 in chips)
Seat 4: AzureCaper ($86.50 in chips)
AzureCaper: posts small blind $1
Kasinojunge*: posts big blind $3
*** HOLE CARDS ***
AzureCaper: folds
Uncalled bet ($2) returned to Kasinojunge*
Kasinojunge* collected $2 from pot
Kasinojunge*: doesn't show hand
*** SUMMARY ***
Total pot $2 | Rake $0
Seat 3: Kasinojunge* (big blind) collected ($2)
Seat 4: AzureCaper (button) (small blind) folded before Flop


PokerStars Hand #156913571683:  Hold'em Limit ($3/$6 USD) - 2016/08/05 18:28:53 ET
Table 'Schlutia II' 6-max Seat #4 is the button
Seat 3: Kasinojunge* ($49.76 in chips)
Seat 4: AzureCaper ($73 in chips)
AzureCaper: posts small blind $1
Kasinojunge*: posts big blind $3
*** HOLE CARDS ***
AzureCaper: raises $3 to $6
Kasinojunge*: folds
Uncalled bet ($3) returned to AzureCaper
AzureCaper collected $6 from pot
AzureCaper: doesn't show hand
*** SUMMARY ***
Total pot $6 | Rake $0
Seat 3: Kasinojunge* (big blind) folded before Flop
Seat 4: AzureCaper (button) (small blind) collected ($6)


PokerStars Hand #156913568631:  Hold'em Limit ($3/$6 USD) - 2016/08/05 18:28:48 ET
Table 'Schlutia II' 6-max Seat #3 is the button
Seat 3: Kasinojunge* ($50.76 in chips)
Seat 4: AzureCaper ($72 in chips)
Kasinojunge*: posts small blind $1
AzureCaper: posts big blind $3
*** HOLE CARDS ***
Kasinojunge*: folds
Uncalled bet ($2) returned to AzureCaper
AzureCaper collected $2 from pot
AzureCaper: doesn't show hand
*** SUMMARY ***
Total pot $2 | Rake $0
Seat 3: Kasinojunge* (button) (small blind) folded before Flop
Seat 4: AzureCaper (big blind) collected ($2)


PokerStars Hand #156913544352:  Hold'em Limit ($3/$6 USD) - 2016/08/05 18:28:10 ET
Table 'Schlutia II' 6-max Seat #4 is the button
Seat 3: Kasinojunge* ($18.88 in chips)
Seat 4: AzureCaper ($82.50 in chips)
AzureCaper: posts small blind $1
Kasinojunge*: posts big blind $3
*** HOLE CARDS ***
AzureCaper: raises $3 to $6
Kasinojunge*: raises $3 to $9
AzureCaper: calls $3
*** FLOP *** [Ah 3s Js]
Kasinojunge*: bets $3
AzureCaper: calls $3
*** TURN *** [Ah 3s Js] [Jd]
Kasinojunge*: bets $6
AzureCaper: calls $6
*** RIVER *** [Ah 3s Js Jd] [Th]
Kasinojunge*: bets $0.88 and is all-in
AzureCaper: calls $0.88
*** SHOW DOWN ***
Kasinojunge*: shows [Kc As] (two pair, Aces and Jacks)
AzureCaper: shows [Qd Ts] (two pair, Jacks and Tens)
Kasinojunge* collected $37.26 from pot
*** SUMMARY ***
Total pot $37.76 | Rake $0.50
Board [Ah 3s Js Jd Th]
Seat 3: Kasinojunge* (big blind) showed [Kc As] and won ($37.26) with two pair, Aces and Jacks
Seat 4: AzureCaper (button) (small blind) showed [Qd Ts] and lost with two pair, Jacks and Tens


PokerStars Hand #156913525958:  Hold'em Limit ($3/$6 USD) - 2016/08/05 18:27:42 ET
Table 'Schlutia II' 6-max Seat #3 is the button
Seat 3: Kasinojunge* ($16 in chips)
Seat 4: AzureCaper ($85.50 in chips)
Kasinojunge*: posts small blind $1
AzureCaper: posts big blind $3
*** HOLE CARDS ***
Kasinojunge*: calls $2
AzureCaper: checks
*** FLOP *** [5s Qh 9h]
AzureCaper: checks
Kasinojunge*: bets $3
AzureCaper: folds
Uncalled bet ($3) returned to Kasinojunge*
Kasinojunge* collected $5.88 from pot
Kasinojunge*: doesn't show hand
*** SUMMARY ***
Total pot $6 | Rake $0.12
Board [5s Qh 9h]
Seat 3: Kasinojunge* (button) (small blind) collected ($5.88)
Seat 4: AzureCaper (big blind) folded on the Flop


PokerStars Hand #156913556487:  Hold'em Limit ($3/$6 USD) - 2016/08/05 18:28:29 ET
Table 'Schlutia II' 6-max Seat #3 is the button
Seat 3: Kasinojunge* ($37.26 in chips)
Seat 4: AzureCaper ($72 in chips)
Kasinojunge*: posts small blind $1
AzureCaper: posts big blind $3
*** HOLE CARDS ***
Kasinojunge*: folds
Uncalled bet ($2) returned to AzureCaper
AzureCaper collected $2 from pot
AzureCaper: doesn't show hand
*** SUMMARY ***
Total pot $2 | Rake $0
Seat 3: Kasinojunge* (button) (small blind) folded before Flop
Seat 4: AzureCaper (big blind) collected ($2)


PokerStars Hand #156913559131:  Hold'em Limit ($3/$6 USD) - 2016/08/05 18:28:33 ET
Table 'Schlutia II' 6-max Seat #4 is the button
Seat 3: Kasinojunge* ($36.26 in chips)
Seat 4: AzureCaper ($73 in chips)
AzureCaper: posts small blind $1
Kasinojunge*: posts big blind $3
*** HOLE CARDS ***
AzureCaper: raises $3 to $6
Kasinojunge*: calls $3
*** FLOP *** [3h Ts 5h]
Kasinojunge*: checks
AzureCaper: bets $3
Kasinojunge*: calls $3
*** TURN *** [3h Ts 5h] [5c]
Kasinojunge*: checks
AzureCaper: bets $6
Kasinojunge*: calls $6
*** RIVER *** [3h Ts 5h 5c] [Jh]
Kasinojunge*: checks
AzureCaper: checks
*** SHOW DOWN ***
Kasinojunge*: shows [Td 6s] (two pair, Tens and Fives)
AzureCaper: mucks hand
Kasinojunge* collected $29.50 from pot
*** SUMMARY ***
Total pot $30 | Rake $0.50
Board [3h Ts 5h 5c Jh]
Seat 3: Kasinojunge* (big blind) showed [Td 6s] and won ($29.50) with two pair, Tens and Fives
Seat 4: AzureCaper (button) (small blind) mucked


PokerStars Hand #156913576764:  Hold'em Limit ($3/$6 USD) - 2016/08/05 18:29:00 ET
Table 'Schlutia II' 6-max Seat #3 is the button
Seat 3: Kasinojunge* ($46.76 in chips)
Seat 4: AzureCaper ($76 in chips)
Kasinojunge*: posts small blind $1
AzureCaper: posts big blind $3
*** HOLE CARDS ***
Kasinojunge*: calls $2
AzureCaper: checks
*** FLOP *** [3h Kh 7c]
AzureCaper: checks
Kasinojunge*: bets $3
AzureCaper: folds
Uncalled bet ($3) returned to Kasinojunge*
Kasinojunge* collected $5.88 from pot
Kasinojunge*: doesn't show hand
*** SUMMARY ***
Total pot $6 | Rake $0.12
Board [3h Kh 7c]
Seat 3: Kasinojunge* (button) (small blind) collected ($5.88)
Seat 4: AzureCaper (big blind) folded on the Flop


PokerStars Hand #156913588606:  Hold'em Limit ($3/$6 USD) - 2016/08/05 18:29:19 ET
Table 'Schlutia II' 6-max Seat #4 is the button
Seat 3: Kasinojunge* ($49.64 in chips)
Seat 4: AzureCaper ($73 in chips)
AzureCaper: posts small blind $1
Kasinojunge*: posts big blind $3
*** HOLE CARDS ***
AzureCaper: folds
Uncalled bet ($2) returned to Kasinojunge*
Kasinojunge* collected $2 from pot
Kasinojunge*: doesn't show hand
*** SUMMARY ***
Total pot $2 | Rake $0
Seat 3: Kasinojunge* (big blind) collected ($2)
Seat 4: AzureCaper (button) (small blind) folded before Flop


PokerStars Hand #156913601367:  Hold'em Limit ($3/$6 USD) - 2016/08/05 18:29:39 ET
Table 'Schlutia II' 6-max Seat #4 is the button
Seat 3: Kasinojunge* ($56.40 in chips)
Seat 4: AzureCaper ($72 in chips)
AzureCaper: posts small blind $1
Kasinojunge*: posts big blind $3
*** HOLE CARDS ***
AzureCaper: raises $3 to $6
Kasinojunge*: folds
Uncalled bet ($3) returned to AzureCaper
AzureCaper collected $6 from pot
AzureCaper: doesn't show hand
*** SUMMARY ***
Total pot $6 | Rake $0
Seat 3: Kasinojunge* (big blind) folded before Flop
Seat 4: AzureCaper (button) (small blind) collected ($6)


PokerStars Hand #156913593061:  Hold'em Limit ($3/$6 USD) - 2016/08/05 18:29:26 ET
Table 'Schlutia II' 6-max Seat #3 is the button
Seat 3: Kasinojunge* ($50.64 in chips)
Seat 4: AzureCaper ($72 in chips)
Kasinojunge*: posts small blind $1
AzureCaper: posts big blind $3
*** HOLE CARDS ***
Kasinojunge*: raises $3 to $6
AzureCaper: calls $3
*** FLOP *** [Td Ad Kd]
AzureCaper: checks
Kasinojunge*: bets $3
AzureCaper: folds
Uncalled bet ($3) returned to Kasinojunge*
Kasinojunge* collected $11.76 from pot
Kasinojunge*: doesn't show hand
*** SUMMARY ***
Total pot $12 | Rake $0.24
Board [Td Ad Kd]
Seat 3: Kasinojunge* (button) (small blind) collected ($11.76)
Seat 4: AzureCaper (big blind) folded on the Flop


PokerStars Hand #156913622560:  Hold'em Limit ($3/$6 USD) - 2016/08/05 18:30:12 ET
Table 'Schlutia II' 6-max Seat #4 is the button
Seat 3: Kasinojunge* ($76.90 in chips)
Seat 4: AzureCaper ($72 in chips)
AzureCaper: posts small blind $1
Kasinojunge*: posts big blind $3
*** HOLE CARDS ***
AzureCaper: raises $3 to $6
Kasinojunge*: calls $3
*** FLOP *** [8d 7s 4s]
Kasinojunge*: checks
AzureCaper: bets $3
Kasinojunge*: calls $3
*** TURN *** [8d 7s 4s] [As]
Kasinojunge*: checks
AzureCaper: checks
*** RIVER *** [8d 7s 4s As] [Ts]
Kasinojunge*: bets $6
AzureCaper: calls $6
*** SHOW DOWN ***
Kasinojunge*: shows [Qs Tc] (a flush, Ace high)
AzureCaper: mucks hand
Kasinojunge* collected $29.50 from pot
*** SUMMARY ***
Total pot $30 | Rake $0.50
Board [8d 7s 4s As Ts]
Seat 3: Kasinojunge* (big blind) showed [Qs Tc] and won ($29.50) with a flush, Ace high
Seat 4: AzureCaper (button) (small blind) mucked


PokerStars Hand #156913650447:  Hold'em Limit ($3/$6 USD) - 2016/08/05 18:30:55 ET
Table 'Schlutia II' 6-max Seat #3 is the button
Seat 3: Kasinojunge* ($98.16 in chips)
Seat 4: AzureCaper ($72 in chips)
Kasinojunge*: posts small blind $1
AzureCaper: posts big blind $3
*** HOLE CARDS ***
Kasinojunge*: folds
Uncalled bet ($2) returned to AzureCaper
AzureCaper collected $2 from pot
AzureCaper: doesn't show hand
*** SUMMARY ***
Total pot $2 | Rake $0
Seat 3: Kasinojunge* (button) (small blind) folded before Flop
Seat 4: AzureCaper (big blind) collected ($2)


PokerStars Hand #156913646037:  Hold'em Limit ($3/$6 USD) - 2016/08/05 18:30:48 ET
Table 'Schlutia II' 6-max Seat #4 is the button
Seat 3: Kasinojunge* ($97.16 in chips)
Seat 4: AzureCaper ($72 in chips)
AzureCaper: posts small blind $1
Kasinojunge*: posts big blind $3
*** HOLE CARDS ***
AzureCaper: folds
Uncalled bet ($2) returned to Kasinojunge*
Kasinojunge* collected $2 from pot
Kasinojunge*: doesn't show hand
*** SUMMARY ***
Total pot $2 | Rake $0
Seat 3: Kasinojunge* (big blind) collected ($2)
Seat 4: AzureCaper (button) (small blind) folded before Flop


PokerStars Hand #156913606042:  Hold'em Limit ($3/$6 USD) - 2016/08/05 18:29:46 ET
Table 'Schlutia II' 6-max Seat #3 is the button
Seat 3: Kasinojunge* ($53.40 in chips)
Seat 4: AzureCaper ($75 in chips)
Kasinojunge*: posts small blind $1
AzureCaper: posts big blind $3
*** HOLE CARDS ***
Kasinojunge*: calls $2
AzureCaper: checks
*** FLOP *** [5s 3c Ac]
AzureCaper: checks
Kasinojunge*: bets $3
AzureCaper: calls $3
*** TURN *** [5s 3c Ac] [Ts]
AzureCaper: checks
Kasinojunge*: bets $6
AzureCaper: raises $6 to $12
Kasinojunge*: calls $6
*** RIVER *** [5s 3c Ac Ts] [2s]
AzureCaper: bets $6
Kasinojunge*: raises $6 to $12
AzureCaper: folds
Uncalled bet ($6) returned to Kasinojunge*
Kasinojunge* collected $47.50 from pot
Kasinojunge*: doesn't show hand
*** SUMMARY ***
Total pot $48 | Rake $0.50
Board [5s 3c Ac Ts 2s]
Seat 3: Kasinojunge* (button) (small blind) collected ($47.50)
Seat 4: AzureCaper (big blind) folded on the River


PokerStars Hand #156913635615:  Hold'em Limit ($3/$6 USD) - 2016/08/05 18:30:32 ET
Table 'Schlutia II' 6-max Seat #3 is the button
Seat 3: Kasinojunge* ($91.40 in chips)
Seat 4: AzureCaper ($72 in chips)
Kasinojunge*: posts small blind $1
AzureCaper: posts big blind $3
*** HOLE CARDS ***
Kasinojunge*: raises $3 to $6
AzureCaper: calls $3
*** FLOP *** [2h Ts 4d]
AzureCaper: checks
Kasinojunge*: bets $3
AzureCaper: folds
Uncalled bet ($3) returned to Kasinojunge*
Kasinojunge* collected $11.76 from pot
Kasinojunge*: doesn't show hand
*** SUMMARY ***
Total pot $12 | Rake $0.24
Board [2h Ts 4d]
Seat 3: Kasinojunge* (button) (small blind) collected ($11.76)
Seat 4: AzureCaper (big blind) folded on the Flop


PokerStars Hand #156913669297:  Hold'em Limit ($3/$6 USD) - 2016/08/05 18:31:25 ET
Table 'Schlutia II' 6-max Seat #4 is the button
Seat 3: Kasinojunge* ($102.67 in chips)
Seat 4: AzureCaper ($72 in chips)
AzureCaper: posts small blind $1
Kasinojunge*: posts big blind $3
*** HOLE CARDS ***
AzureCaper: raises $3 to $6
Kasinojunge*: calls $3
*** FLOP *** [Jh 4h Qc]
Kasinojunge*: checks
AzureCaper: bets $3
Kasinojunge*: folds
Uncalled bet ($3) returned to AzureCaper
AzureCaper collected $11.76 from pot
AzureCaper: doesn't show hand
*** SUMMARY ***
Total pot $12 | Rake $0.24
Board [Jh 4h Qc]
Seat 3: Kasinojunge* (big blind) folded on the Flop
Seat 4: AzureCaper (button) (small blind) collected ($11.76)


PokerStars Hand #156913663384:  Hold'em Limit ($3/$6 USD) - 2016/08/05 18:31:15 ET
Table 'Schlutia II' 6-max Seat #3 is the button
Seat 3: Kasinojunge* ($96.91 in chips)
Seat 4: AzureCaper ($72.75 in chips)
Kasinojunge*: posts small blind $1
AzureCaper: posts big blind $3
*** HOLE CARDS ***
Kasinojunge*: raises $3 to $6
AzureCaper: calls $3
*** FLOP *** [4d 2s 8s]
AzureCaper: checks
Kasinojunge*: bets $3
AzureCaper: folds
Uncalled bet ($3) returned to Kasinojunge*
Kasinojunge* collected $11.76 from pot
Kasinojunge*: doesn't show hand
*** SUMMARY ***
Total pot $12 | Rake $0.24
Board [4d 2s 8s]
Seat 3: Kasinojunge* (button) (small blind) collected ($11.76)
Seat 4: AzureCaper (big blind) folded on the Flop


PokerStars Hand #156913676229:  Hold'em Limit ($3/$6 USD) - 2016/08/05 18:31:35 ET
Table 'Schlutia II' 6-max Seat #3 is the button
Seat 3: Kasinojunge* ($96.67 in chips)
Seat 4: AzureCaper ($77.76 in chips)
Kasinojunge*: posts small blind $1
AzureCaper: posts big blind $3
*** HOLE CARDS ***
Kasinojunge*: raises $3 to $6
AzureCaper: folds
Uncalled bet ($3) returned to Kasinojunge*
Kasinojunge* collected $6 from pot
Kasinojunge*: doesn't show hand
*** SUMMARY ***
Total pot $6 | Rake $0
Seat 3: Kasinojunge* (button) (small blind) collected ($6)
Seat 4: AzureCaper (big blind) folded before Flop


PokerStars Hand #156913653397:  Hold'em Limit ($3/$6 USD) - 2016/08/05 18:31:00 ET
Table 'Schlutia II' 6-max Seat #4 is the button
Seat 3: Kasinojunge* ($97.16 in chips)
Seat 4: AzureCaper ($73 in chips)
AzureCaper: posts small blind $1
Kasinojunge*: posts big blind $3
*** HOLE CARDS ***
AzureCaper: raises $3 to $6
Kasinojunge*: calls $3
*** FLOP *** [7c 4d 4s]
Kasinojunge*: checks
AzureCaper: bets $3
Kasinojunge*: calls $3
*** TURN *** [7c 4d 4s] [9d]
Kasinojunge*: checks
AzureCaper: bets $6
Kasinojunge*: calls $6
*** RIVER *** [7c 4d 4s 9d] [3d]
Kasinojunge*: checks
AzureCaper: bets $6
Kasinojunge*: calls $6
*** SHOW DOWN ***
AzureCaper: shows [9h 8s] (two pair, Nines and Fours)
Kasinojunge*: shows [8h 9s] (two pair, Nines and Fours)
Kasinojunge* collected $20.75 from pot
AzureCaper collected $20.75 from pot
*** SUMMARY ***
Total pot $42 | Rake $0.50
Board [7c 4d 4s 9d 3d]
Seat 3: Kasinojunge* (big blind) showed [8h 9s] and won ($20.75) with two pair, Nines and Fours
Seat 4: AzureCaper (button) (small blind) showed [9h 8s] and won ($20.75) with two pair, Nines and Fours


PokerStars Hand #156913681512:  Hold'em Limit ($3/$6 USD) - 2016/08/05 18:31:44 ET
Table 'Schlutia II' 6-max Seat #4 is the button
Seat 3: Kasinojunge* ($99.67 in chips)
Seat 4: AzureCaper ($74.76 in chips)
AzureCaper: posts small blind $1
Kasinojunge*: posts big blind $3
*** HOLE CARDS ***
AzureCaper: raises $3 to $6
Kasinojunge*: folds
Uncalled bet ($3) returned to AzureCaper
AzureCaper collected $6 from pot
AzureCaper: doesn't show hand
*** SUMMARY ***
Total pot $6 | Rake $0
Seat 3: Kasinojunge* (big blind) folded before Flop
Seat 4: AzureCaper (button) (small blind) collected ($6)


PokerStars Hand #156913726073:  Hold'em Limit ($3/$6 USD) - 2016/08/05 18:32:53 ET
Table 'Schlutia II' 6-max Seat #4 is the button
Seat 3: Kasinojunge* ($120.83 in chips)
Seat 4: AzureCaper ($72 in chips)
AzureCaper: posts small blind $1
Kasinojunge*: posts big blind $3
*** HOLE CARDS ***
AzureCaper: raises $3 to $6
Kasinojunge*: folds
Uncalled bet ($3) returned to AzureCaper
AzureCaper collected $6 from pot
AzureCaper: doesn't show hand
*** SUMMARY ***
Total pot $6 | Rake $0
Seat 3: Kasinojunge* (big blind) folded before Flop
Seat 4: AzureCaper (button) (small blind) collected ($6)


PokerStars Hand #156913705721:  Hold'em Limit ($3/$6 USD) - 2016/08/05 18:32:21 ET
Table 'Schlutia II' 6-max Seat #3 is the button
Seat 3: Kasinojunge* ($103.43 in chips)
Seat 4: AzureCaper ($72 in chips)
Kasinojunge*: posts small blind $1
AzureCaper: posts big blind $3
*** HOLE CARDS ***
Kasinojunge*: raises $3 to $6
AzureCaper: calls $3
*** FLOP *** [Qc Jd Ah]
AzureCaper: checks
Kasinojunge*: bets $3
AzureCaper: folds
Uncalled bet ($3) returned to Kasinojunge*
Kasinojunge* collected $11.76 from pot
Kasinojunge*: doesn't show hand
*** SUMMARY ***
Total pot $12 | Rake $0.24
Board [Qc Jd Ah]
Seat 3: Kasinojunge* (button) (small blind) collected ($11.76)
Seat 4: AzureCaper (big blind) folded on the Flop


PokerStars Hand #156913722440:  Hold'em Limit ($3/$6 USD) - 2016/08/05 18:32:47 ET
Table 'Schlutia II' 6-max Seat #3 is the button
Seat 3: Kasinojunge* ($117.83 in chips)
Seat 4: AzureCaper ($72 in chips)
Kasinojunge*: posts small blind $1
AzureCaper: posts big blind $3
*** HOLE CARDS ***
Kasinojunge*: raises $3 to $6
AzureCaper: folds
Uncalled bet ($3) returned to Kasinojunge*
Kasinojunge* collected $6 from pot
Kasinojunge*: doesn't show hand
*** SUMMARY ***
Total pot $6 | Rake $0
Seat 3: Kasinojunge* (button) (small blind) collected ($6)
Seat 4: AzureCaper (big blind) folded before Flop


PokerStars Hand #156913712863:  Hold'em Limit ($3/$6 USD) - 2016/08/05 18:32:32 ET
Table 'Schlutia II' 6-max Seat #4 is the button
Seat 3: Kasinojunge* ($109.19 in chips)
Seat 4: AzureCaper ($72 in chips)
AzureCaper: posts small blind $1
Kasinojunge*: posts big blind $3
*** HOLE CARDS ***
AzureCaper: raises $3 to $6
Kasinojunge*: calls $3
*** FLOP *** [3d 6d 6c]
Kasinojunge*: checks
AzureCaper: bets $3
Kasinojunge*: calls $3
*** TURN *** [3d 6d 6c] [8d]
Kasinojunge*: checks
AzureCaper: checks
*** RIVER *** [3d 6d 6c 8d] [Ts]
Kasinojunge*: bets $6
AzureCaper: folds
Uncalled bet ($6) returned to Kasinojunge*
Kasinojunge* collected $17.64 from pot
Kasinojunge*: doesn't show hand
*** SUMMARY ***
Total pot $18 | Rake $0.36
Board [3d 6d 6c 8d Ts]
Seat 3: Kasinojunge* (big blind) collected ($17.64)
Seat 4: AzureCaper (button) (small blind) folded on the River


PokerStars Hand #156913701852:  Hold'em Limit ($3/$6 USD) - 2016/08/05 18:32:15 ET
Table 'Schlutia II' 6-max Seat #4 is the button
Seat 3: Kasinojunge* ($102.43 in chips)
Seat 4: AzureCaper ($72 in chips)
AzureCaper: posts small blind $1
Kasinojunge*: posts big blind $3
*** HOLE CARDS ***
AzureCaper: folds
Uncalled bet ($2) returned to Kasinojunge*
Kasinojunge* collected $2 from pot
Kasinojunge*: doesn't show hand
*** SUMMARY ***
Total pot $2 | Rake $0
Seat 3: Kasinojunge* (big blind) collected ($2)
Seat 4: AzureCaper (button) (small blind) folded before Flop


PokerStars Hand #156913688985:  Hold'em Limit ($3/$6 USD) - 2016/08/05 18:31:55 ET
Table 'Schlutia II' 6-max Seat #3 is the button
Seat 3: Kasinojunge* ($96.67 in chips)
Seat 4: AzureCaper ($77.76 in chips)
Kasinojunge*: posts small blind $1
AzureCaper: posts big blind $3
*** HOLE CARDS ***
Kasinojunge*: raises $3 to $6
AzureCaper: calls $3
*** FLOP *** [Ad Qd 8c]
AzureCaper: checks
Kasinojunge*: bets $3
AzureCaper: folds
Uncalled bet ($3) returned to Kasinojunge*
Kasinojunge* collected $11.76 from pot
Kasinojunge*: doesn't show hand
*** SUMMARY ***
Total pot $12 | Rake $0.24
Board [Ad Qd 8c]
Seat 3: Kasinojunge* (button) (small blind) collected ($11.76)
Seat 4: AzureCaper (big blind) folded on the Flop


PokerStars Hand #156913735861:  Hold'em Limit ($3/$6 USD) - 2016/08/05 18:33:08 ET
Table 'Schlutia II' 6-max Seat #3 is the button
Seat 3: Kasinojunge* ($117.83 in chips)
Seat 4: AzureCaper ($75 in chips)
Kasinojunge*: posts small blind $1
AzureCaper: posts big blind $3
*** HOLE CARDS ***
Kasinojunge*: raises $3 to $6
AzureCaper: calls $3
*** FLOP *** [5c 9d 6h]
AzureCaper: checks
Kasinojunge*: bets $3
AzureCaper: calls $3
*** TURN *** [5c 9d 6h] [8d]
AzureCaper: checks
Kasinojunge*: bets $6
AzureCaper: calls $6
*** RIVER *** [5c 9d 6h 8d] [Jd]
AzureCaper: bets $6
Kasinojunge*: raises $6 to $12
AzureCaper: folds
Uncalled bet ($6) returned to Kasinojunge*
Kasinojunge* collected $41.50 from pot
Kasinojunge*: doesn't show hand
*** SUMMARY ***
Total pot $42 | Rake $0.50
Board [5c 9d 6h 8d Jd]
Seat 3: Kasinojunge* (button) (small blind) collected ($41.50)
Seat 4: AzureCaper (big blind) folded on the River


PokerStars Hand #156913756172:  Hold'em Limit ($3/$6 USD) - 2016/08/05 18:33:40 ET
Table 'Schlutia II' 6-max Seat #4 is the button
Seat 3: Kasinojunge* ($138.33 in chips)
Seat 4: AzureCaper ($72 in chips)
AzureCaper: posts small blind $1
Kasinojunge*: posts big blind $3
*** HOLE CARDS ***
AzureCaper: folds
Uncalled bet ($2) returned to Kasinojunge*
Kasinojunge* collected $2 from pot
Kasinojunge*: doesn't show hand
*** SUMMARY ***
Total pot $2 | Rake $0
Seat 3: Kasinojunge* (big blind) collected ($2)
Seat 4: AzureCaper (button) (small blind) folded before Flop


PokerStars Hand #156913765154:  Hold'em Limit ($3/$6 USD) - 2016/08/05 18:33:54 ET
Table 'Schlutia II' 6-max Seat #4 is the button
Seat 3: Kasinojunge* ($145.09 in chips)
Seat 4: AzureCaper ($72 in chips)
AzureCaper: posts small blind $1
Kasinojunge*: posts big blind $3
*** HOLE CARDS ***
AzureCaper: folds
Uncalled bet ($2) returned to Kasinojunge*
Kasinojunge* collected $2 from pot
Kasinojunge*: doesn't show hand
*** SUMMARY ***
Total pot $2 | Rake $0
Seat 3: Kasinojunge* (big blind) collected ($2)
Seat 4: AzureCaper (button) (small blind) folded before Flop


PokerStars Hand #156913758862:  Hold'em Limit ($3/$6 USD) - 2016/08/05 18:33:45 ET
Table 'Schlutia II' 6-max Seat #3 is the button
Seat 3: Kasinojunge* ($139.33 in chips)
Seat 4: AzureCaper ($72 in chips)
Kasinojunge*: posts small blind $1
AzureCaper: posts big blind $3
*** HOLE CARDS ***
Kasinojunge*: raises $3 to $6
AzureCaper: calls $3
*** FLOP *** [Qs 3h Ac]
AzureCaper: checks
Kasinojunge*: bets $3
AzureCaper: folds
Uncalled bet ($3) returned to Kasinojunge*
Kasinojunge* collected $11.76 from pot
Kasinojunge*: doesn't show hand
*** SUMMARY ***
Total pot $12 | Rake $0.24
Board [Qs 3h Ac]
Seat 3: Kasinojunge* (button) (small blind) collected ($11.76)
Seat 4: AzureCaper (big blind) folded on the Flop


PokerStars Hand #156913733299:  Hold'em Limit ($3/$6 USD) - 2016/08/05 18:33:04 ET
Table 'Schlutia II' 6-max Seat #4 is the button
Seat 3: Kasinojunge* ($116.83 in chips)
Seat 4: AzureCaper ($76 in chips)
AzureCaper: posts small blind $1
Kasinojunge*: posts big blind $3
*** HOLE CARDS ***
AzureCaper: folds
Uncalled bet ($2) returned to Kasinojunge*
Kasinojunge* collected $2 from pot
Kasinojunge*: doesn't show hand
*** SUMMARY ***
Total pot $2 | Rake $0
Seat 3: Kasinojunge* (big blind) collected ($2)
Seat 4: AzureCaper (button) (small blind) folded before Flop


PokerStars Hand #156913729435:  Hold'em Limit ($3/$6 USD) - 2016/08/05 18:32:58 ET
Table 'Schlutia II' 6-max Seat #3 is the button
Seat 3: Kasinojunge* ($117.83 in chips)
Seat 4: AzureCaper ($75 in chips)
Kasinojunge*: posts small blind $1
AzureCaper: posts big blind $3
*** HOLE CARDS ***
Kasinojunge*: folds
Uncalled bet ($2) returned to AzureCaper
AzureCaper collected $2 from pot
AzureCaper: doesn't show hand
*** SUMMARY ***
Total pot $2 | Rake $0
Seat 3: Kasinojunge* (button) (small blind) folded before Flop
Seat 4: AzureCaper (big blind) collected ($2)


PokerStars Hand #156913775218:  Hold'em Limit ($3/$6 USD) - 2016/08/05 18:34:10 ET
Table 'Schlutia II' 6-max Seat #4 is the button
Seat 3: Kasinojunge* ($140.09 in chips)
Seat 4: AzureCaper ($77.76 in chips)
AzureCaper: posts small blind $1
Kasinojunge*: posts big blind $3
*** HOLE CARDS ***
AzureCaper: raises $3 to $6
Kasinojunge*: calls $3
*** FLOP *** [9c 3s 7c]
Kasinojunge*: checks
AzureCaper: bets $3
Kasinojunge*: calls $3
*** TURN *** [9c 3s 7c] [5d]
Kasinojunge*: checks
AzureCaper: bets $6
Kasinojunge*: raises $6 to $12
AzureCaper: calls $6
*** RIVER *** [9c 3s 7c 5d] [3h]
Kasinojunge*: bets $6
AzureCaper: calls $6
*** SHOW DOWN ***
Kasinojunge*: shows [7h 7s] (a full house, Sevens full of Threes)
AzureCaper: mucks hand
Kasinojunge* collected $53.50 from pot
*** SUMMARY ***
Total pot $54 | Rake $0.50
Board [9c 3s 7c 5d 3h]
Seat 3: Kasinojunge* (big blind) showed [7h 7s] and won ($53.50) with a full house, Sevens full of Threes
Seat 4: AzureCaper (button) (small blind) mucked


PokerStars Hand #156913785561:  Hold'em Limit ($3/$6 USD) - 2016/08/05 18:34:26 ET
Table 'Schlutia II' 6-max Seat #3 is the button
Seat 3: Kasinojunge* ($166.59 in chips)
Seat 4: AzureCaper ($72 in chips)
Kasinojunge*: posts small blind $1
AzureCaper: posts big blind $3
*** HOLE CARDS ***
Kasinojunge*: raises $3 to $6
AzureCaper: calls $3
*** FLOP *** [As 3s Ac]
AzureCaper: checks
Kasinojunge*: bets $3
AzureCaper: raises $3 to $6
Kasinojunge*: calls $3
*** TURN *** [As 3s Ac] [3c]
AzureCaper: bets $6
Kasinojunge*: calls $6
*** RIVER *** [As 3s Ac 3c] [Kd]
AzureCaper: checks
Kasinojunge*: bets $6
AzureCaper: folds
Uncalled bet ($6) returned to Kasinojunge*
Kasinojunge* collected $35.50 from pot
Kasinojunge*: doesn't show hand
*** SUMMARY ***
Total pot $36 | Rake $0.50
Board [As 3s Ac 3c Kd]
Seat 3: Kasinojunge* (button) (small blind) collected ($35.50)
Seat 4: AzureCaper (big blind) folded on the River


PokerStars Hand #156913806023:  Hold'em Limit ($3/$6 USD) - 2016/08/05 18:34:59 ET
Table 'Schlutia II' 6-max Seat #3 is the button
Seat 3: Kasinojunge* ($192.73 in chips)
Seat 4: AzureCaper ($72 in chips)
Kasinojunge*: posts small blind $1
AzureCaper: posts big blind $3
*** HOLE CARDS ***
Kasinojunge*: folds
Uncalled bet ($2) returned to AzureCaper
AzureCaper collected $2 from pot
AzureCaper: doesn't show hand
*** SUMMARY ***
Total pot $2 | Rake $0
Seat 3: Kasinojunge* (button) (small blind) folded before Flop
Seat 4: AzureCaper (big blind) collected ($2)


PokerStars Hand #156913795516:  Hold'em Limit ($3/$6 USD) - 2016/08/05 18:34:42 ET
Table 'Schlutia II' 6-max Seat #4 is the button
Seat 3: Kasinojunge* ($184.09 in chips)
Seat 4: AzureCaper ($72 in chips)
AzureCaper: posts small blind $1
Kasinojunge*: posts big blind $3
*** HOLE CARDS ***
AzureCaper: raises $3 to $6
Kasinojunge*: calls $3
*** FLOP *** [Kc 6h 4d]
Kasinojunge*: checks
AzureCaper: bets $3
Kasinojunge*: calls $3
*** TURN *** [Kc 6h 4d] [3h]
Kasinojunge*: checks
AzureCaper: checks
*** RIVER *** [Kc 6h 4d 3h] [6c]
Kasinojunge*: bets $6
AzureCaper: folds
Uncalled bet ($6) returned to Kasinojunge*
Kasinojunge* collected $17.64 from pot
Kasinojunge*: doesn't show hand
*** SUMMARY ***
Total pot $18 | Rake $0.36
Board [Kc 6h 4d 3h 6c]
Seat 3: Kasinojunge* (big blind) collected ($17.64)
Seat 4: AzureCaper (button) (small blind) folded on the River


PokerStars Hand #156913768232:  Hold'em Limit ($3/$6 USD) - 2016/08/05 18:33:59 ET
Table 'Schlutia II' 6-max Seat #3 is the button
Seat 3: Kasinojunge* ($146.09 in chips)
Seat 4: AzureCaper ($72 in chips)
Kasinojunge*: posts small blind $1
AzureCaper: posts big blind $3
*** HOLE CARDS ***
Kasinojunge*: calls $2
AzureCaper: raises $3 to $6
Kasinojunge*: calls $3
*** FLOP *** [7c Qc Jd]
AzureCaper: bets $3
Kasinojunge*: folds
Uncalled bet ($3) returned to AzureCaper
AzureCaper collected $11.76 from pot
AzureCaper: doesn't show hand
*** SUMMARY ***
Total pot $12 | Rake $0.24
Board [7c Qc Jd]
Seat 3: Kasinojunge* (button) (small blind) folded on the Flop
Seat 4: AzureCaper (big blind) collected ($11.76)


PokerStars Hand #156913823831:  Hold'em Limit ($3/$6 USD) - 2016/08/05 18:35:27 ET
Table 'Schlutia II' 6-max Seat #4 is the button
Seat 3: Kasinojunge* ($186.73 in chips)
Seat 4: AzureCaper ($77.76 in chips)
AzureCaper: posts small blind $1
Kasinojunge*: posts big blind $3
*** HOLE CARDS ***
AzureCaper: folds
Uncalled bet ($2) returned to Kasinojunge*
Kasinojunge* collected $2 from pot
Kasinojunge*: doesn't show hand
*** SUMMARY ***
Total pot $2 | Rake $0
Seat 3: Kasinojunge* (big blind) collected ($2)
Seat 4: AzureCaper (button) (small blind) folded before Flop


PokerStars Hand #156913811741:  Hold'em Limit ($3/$6 USD) - 2016/08/05 18:35:08 ET
Table 'Schlutia II' 6-max Seat #3 is the button
Seat 3: Kasinojunge* ($192.73 in chips)
Seat 4: AzureCaper ($72 in chips)
Kasinojunge*: posts small blind $1
AzureCaper: posts big blind $3
*** HOLE CARDS ***
Kasinojunge*: calls $2
AzureCaper: raises $3 to $6
Kasinojunge*: calls $3
*** FLOP *** [Ac 2h 9h]
AzureCaper: bets $3
Kasinojunge*: folds
Uncalled bet ($3) returned to AzureCaper
AzureCaper collected $11.76 from pot
AzureCaper: doesn't show hand
*** SUMMARY ***
Total pot $12 | Rake $0.24
Board [Ac 2h 9h]
Seat 3: Kasinojunge* (button) (small blind) folded on the Flop
Seat 4: AzureCaper (big blind) collected ($11.76)


PokerStars Hand #156913808999:  Hold'em Limit ($3/$6 USD) - 2016/08/05 18:35:03 ET
Table 'Schlutia II' 6-max Seat #4 is the button
Seat 3: Kasinojunge* ($191.73 in chips)
Seat 4: AzureCaper ($73 in chips)
AzureCaper: posts small blind $1
Kasinojunge*: posts big blind $3
*** HOLE CARDS ***
AzureCaper: folds
Uncalled bet ($2) returned to Kasinojunge*
Kasinojunge* collected $2 from pot
Kasinojunge*: doesn't show hand
*** SUMMARY ***
Total pot $2 | Rake $0
Seat 3: Kasinojunge* (big blind) collected ($2)
Seat 4: AzureCaper (button) (small blind) folded before Flop


PokerStars Hand #156913826329:  Hold'em Limit ($3/$6 USD) - 2016/08/05 18:35:31 ET
Table 'Schlutia II' 6-max Seat #3 is the button
Seat 3: Kasinojunge* ($187.73 in chips)
Seat 4: AzureCaper ($76.76 in chips)
Kasinojunge*: posts small blind $1
AzureCaper: posts big blind $3
*** HOLE CARDS ***
Kasinojunge*: raises $3 to $6
AzureCaper: calls $3
*** FLOP *** [Jd 8h 2d]
AzureCaper: checks
Kasinojunge*: bets $3
AzureCaper: raises $3 to $6
Chessnok joins the table at seat #5
Kasinojunge*: calls $3
*** TURN *** [Jd 8h 2d] [4s]
AzureCaper: bets $6
Kasinojunge*: calls $6
*** RIVER *** [Jd 8h 2d 4s] [7d]
AzureCaper: bets $6
Kasinojunge*: calls $6
*** SHOW DOWN ***
AzureCaper: shows [Jc Kd] (a pair of Jacks)
Kasinojunge*: mucks hand
AzureCaper collected $47.50 from pot
*** SUMMARY ***
Total pot $48 | Rake $0.50
Board [Jd 8h 2d 4s 7d]
Seat 3: Kasinojunge* (button) (small blind) mucked
Seat 4: AzureCaper (big blind) showed [Jc Kd] and won ($47.50) with a pair of Jacks


