PokerStars Hand #144401526247:  Hold'em Limit ($3/$6 USD) - 2015/11/26 5:46:44 ET
Table 'Schlutia' 2-max Seat #1 is the button
Seat 1: TheU10 ($117 in chips)
Seat 2: jl45259071 ($57.70 in chips)
TheU10: posts small blind $1
jl45259071: posts big blind $3
*** HOLE CARDS ***
TheU10: raises $3 to $6
jl45259071: calls $3
*** FLOP *** [3c Ts 5h]
jl45259071: bets $3
TheU10: calls $3
*** TURN *** [3c Ts 5h] [Qh]
jl45259071: bets $6
TheU10: calls $6
*** RIVER *** [3c Ts 5h Qh] [2h]
jl45259071: bets $6
TheU10: calls $6
*** SHOW DOWN ***
jl45259071: shows [Kh 9h] (a flush, King high)
TheU10: mucks hand
jl45259071 collected $41.50 from pot
*** SUMMARY ***
Total pot $42 | Rake $0.50
Board [3c Ts 5h Qh 2h]
Seat 1: TheU10 (button) (small blind) mucked
Seat 2: jl45259071 (big blind) showed [Kh 9h] and won ($41.50) with a flush, King high


PokerStars Hand #144401535677:  Hold'em Limit ($3/$6 USD) - 2015/11/26 5:47:06 ET
Table 'Schlutia' 2-max Seat #2 is the button
Seat 1: TheU10 ($96 in chips)
Seat 2: jl45259071 ($78.20 in chips)
jl45259071: posts small blind $1
TheU10: posts big blind $3
*** HOLE CARDS ***
jl45259071: calls $2
TheU10: raises $3 to $6
jl45259071: calls $3
*** FLOP *** [Qs Tc Th]
TheU10: bets $3
jl45259071: calls $3
*** TURN *** [Qs Tc Th] [Jc]
TheU10: bets $6
jl45259071: calls $6
*** RIVER *** [Qs Tc Th Jc] [Ks]
TheU10: bets $6
jl45259071: calls $6
*** SHOW DOWN ***
TheU10: shows [Ah 2h] (a straight, Ten to Ace)
jl45259071: mucks hand
TheU10 collected $41.50 from pot
*** SUMMARY ***
Total pot $42 | Rake $0.50
Board [Qs Tc Th Jc Ks]
Seat 1: TheU10 (big blind) showed [Ah 2h] and won ($41.50) with a straight, Ten to Ace
Seat 2: jl45259071 (button) (small blind) mucked


PokerStars Hand #144401544637:  Hold'em Limit ($3/$6 USD) - 2015/11/26 5:47:26 ET
Table 'Schlutia' 2-max Seat #1 is the button
Seat 1: TheU10 ($116.50 in chips)
Seat 2: jl45259071 ($57.20 in chips)
TheU10: posts small blind $1
jl45259071: posts big blind $3
*** HOLE CARDS ***
TheU10: raises $3 to $6
jl45259071: calls $3
*** FLOP *** [2c 5h Ks]
jl45259071: bets $3
TheU10: calls $3
*** TURN *** [2c 5h Ks] [Qs]
jl45259071: bets $6
TheU10: raises $6 to $12
jl45259071: calls $6
*** RIVER *** [2c 5h Ks Qs] [2d]
jl45259071: checks
TheU10: bets $6
jl45259071: calls $6
*** SHOW DOWN ***
TheU10: shows [Kd 9d] (two pair, Kings and Deuces)
jl45259071: mucks hand
TheU10 collected $53.50 from pot
*** SUMMARY ***
Total pot $54 | Rake $0.50
Board [2c 5h Ks Qs 2d]
Seat 1: TheU10 (button) (small blind) showed [Kd 9d] and won ($53.50) with two pair, Kings and Deuces
Seat 2: jl45259071 (big blind) mucked


PokerStars Hand #144401554308:  Hold'em Limit ($3/$6 USD) - 2015/11/26 5:47:49 ET
Table 'Schlutia' 2-max Seat #2 is the button
Seat 1: TheU10 ($143 in chips)
Seat 2: jl45259071 ($30.20 in chips)
jl45259071: posts small blind $1
TheU10: posts big blind $3
*** HOLE CARDS ***
jl45259071: calls $2
TheU10: checks
*** FLOP *** [Ts 9h Td]
TheU10: checks
jl45259071: checks
*** TURN *** [Ts 9h Td] [5d]
TheU10: checks
jl45259071: bets $6
TheU10: folds
Uncalled bet ($6) returned to jl45259071
jl45259071 collected $5.88 from pot
*** SUMMARY ***
Total pot $6 | Rake $0.12
Board [Ts 9h Td 5d]
Seat 1: TheU10 (big blind) folded on the Turn
Seat 2: jl45259071 (button) (small blind) collected ($5.88)


PokerStars Hand #144401559070:  Hold'em Limit ($3/$6 USD) - 2015/11/26 5:48:00 ET
Table 'Schlutia' 2-max Seat #1 is the button
Seat 1: TheU10 ($140 in chips)
Seat 2: jl45259071 ($33.08 in chips)
TheU10: posts small blind $1
jl45259071: posts big blind $3
*** HOLE CARDS ***
TheU10: calls $2
jl45259071: checks
*** FLOP *** [Ad 6d 8c]
jl45259071: bets $3
TheU10: folds
Uncalled bet ($3) returned to jl45259071
jl45259071 collected $5.88 from pot
*** SUMMARY ***
Total pot $6 | Rake $0.12
Board [Ad 6d 8c]
Seat 1: TheU10 (button) (small blind) folded on the Flop
Seat 2: jl45259071 (big blind) collected ($5.88)


PokerStars Hand #144401562341:  Hold'em Limit ($3/$6 USD) - 2015/11/26 5:48:07 ET
Table 'Schlutia' 2-max Seat #2 is the button
Seat 1: TheU10 ($137 in chips)
Seat 2: jl45259071 ($35.96 in chips)
jl45259071: posts small blind $1
TheU10: posts big blind $3
*** HOLE CARDS ***
jl45259071: calls $2
TheU10: checks
*** FLOP *** [Qs 5d 2h]
TheU10: checks
jl45259071: checks
*** TURN *** [Qs 5d 2h] [Ks]
TheU10: checks
jl45259071: checks
*** RIVER *** [Qs 5d 2h Ks] [Td]
TheU10: checks
jl45259071: checks
*** SHOW DOWN ***
TheU10: shows [8c 4d] (high card King)
jl45259071: shows [6h As] (high card Ace)
jl45259071 collected $5.88 from pot
*** SUMMARY ***
Total pot $6 | Rake $0.12
Board [Qs 5d 2h Ks Td]
Seat 1: TheU10 (big blind) showed [8c 4d] and lost with high card King
Seat 2: jl45259071 (button) (small blind) showed [6h As] and won ($5.88) with high card Ace


PokerStars Hand #144401569293:  Hold'em Limit ($3/$6 USD) - 2015/11/26 5:48:23 ET
Table 'Schlutia' 2-max Seat #1 is the button
Seat 1: TheU10 ($134 in chips)
Seat 2: jl45259071 ($38.84 in chips)
TheU10: posts small blind $1
jl45259071: posts big blind $3
*** HOLE CARDS ***
TheU10: raises $3 to $6
jl45259071: calls $3
*** FLOP *** [2c 9h Kh]
jl45259071: checks
TheU10: bets $3
jl45259071: calls $3
*** TURN *** [2c 9h Kh] [Ac]
jl45259071: checks
TheU10: bets $6
jl45259071: calls $6
*** RIVER *** [2c 9h Kh Ac] [3c]
jl45259071: checks
TheU10: bets $6
jl45259071: raises $6 to $12
TheU10: folds
Uncalled bet ($6) returned to jl45259071
jl45259071 collected $41.50 from pot
*** SUMMARY ***
Total pot $42 | Rake $0.50
Board [2c 9h Kh Ac 3c]
Seat 1: TheU10 (button) (small blind) folded on the River
Seat 2: jl45259071 (big blind) collected ($41.50)


PokerStars Hand #144401579714:  Hold'em Limit ($3/$6 USD) - 2015/11/26 5:48:47 ET
Table 'Schlutia' 2-max Seat #2 is the button
Seat 1: TheU10 ($113 in chips)
Seat 2: jl45259071 ($59.34 in chips)
jl45259071: posts small blind $1
TheU10: posts big blind $3
*** HOLE CARDS ***
jl45259071: folds
Uncalled bet ($2) returned to TheU10
TheU10 collected $2 from pot
TheU10: doesn't show hand
*** SUMMARY ***
Total pot $2 | Rake $0
Seat 1: TheU10 (big blind) collected ($2)
Seat 2: jl45259071 (button) (small blind) folded before Flop


PokerStars Hand #144401590903:  Hold'em Limit ($3/$6 USD) - 2015/11/26 5:49:13 ET
Table 'Schlutia' 2-max Seat #2 is the button
Seat 1: TheU10 ($99 in chips)
Seat 2: jl45259071 ($72.84 in chips)
jl45259071: posts small blind $1
TheU10: posts big blind $3
*** HOLE CARDS ***
jl45259071: folds
Uncalled bet ($2) returned to TheU10
TheU10 collected $2 from pot
TheU10: doesn't show hand
*** SUMMARY ***
Total pot $2 | Rake $0
Seat 1: TheU10 (big blind) collected ($2)
Seat 2: jl45259071 (button) (small blind) folded before Flop


PokerStars Hand #144401581952:  Hold'em Limit ($3/$6 USD) - 2015/11/26 5:48:52 ET
Table 'Schlutia' 2-max Seat #1 is the button
Seat 1: TheU10 ($114 in chips)
Seat 2: jl45259071 ($58.34 in chips)
TheU10: posts small blind $1
jl45259071: posts big blind $3
*** HOLE CARDS ***
TheU10: raises $3 to $6
jl45259071: calls $3
*** FLOP *** [3s Jh 6c]
jl45259071: checks
TheU10: bets $3
jl45259071: calls $3
*** TURN *** [3s Jh 6c] [3d]
jl45259071: checks
TheU10: bets $6
jl45259071: calls $6
*** RIVER *** [3s Jh 6c 3d] [4h]
jl45259071: checks
TheU10: checks
*** SHOW DOWN ***
jl45259071: shows [8d Js] (two pair, Jacks and Threes)
TheU10: mucks hand
jl45259071 collected $29.50 from pot
*** SUMMARY ***
Total pot $30 | Rake $0.50
Board [3s Jh 6c 3d 4h]
Seat 1: TheU10 (button) (small blind) mucked
Seat 2: jl45259071 (big blind) showed [8d Js] and won ($29.50) with two pair, Jacks and Threes


PokerStars Hand #144401618878:  Hold'em Limit ($3/$6 USD) - 2015/11/26 5:50:18 ET
Table 'Schlutia' 2-max Seat #1 is the button
Seat 1: TheU10 ($48 in chips)
Seat 2: jl45259071 ($122.34 in chips)
TheU10: posts small blind $1
jl45259071: posts big blind $3
*** HOLE CARDS ***
TheU10: raises $3 to $6
jl45259071: raises $3 to $9
TheU10: calls $3
*** FLOP *** [2c 2s Ad]
jl45259071: bets $3
TheU10: folds
Uncalled bet ($3) returned to jl45259071
jl45259071 collected $17.64 from pot
*** SUMMARY ***
Total pot $18 | Rake $0.36
Board [2c 2s Ad]
Seat 1: TheU10 (button) (small blind) folded on the Flop
Seat 2: jl45259071 (big blind) collected ($17.64)


PokerStars Hand #144401608928:  Hold'em Limit ($3/$6 USD) - 2015/11/26 5:49:55 ET
Table 'Schlutia' 2-max Seat #1 is the button
Seat 1: TheU10 ($64 in chips)
Seat 2: jl45259071 ($106.84 in chips)
TheU10: posts small blind $1
jl45259071: posts big blind $3
*** HOLE CARDS ***
TheU10: folds
Uncalled bet ($2) returned to jl45259071
jl45259071 collected $2 from pot
*** SUMMARY ***
Total pot $2 | Rake $0
Seat 1: TheU10 (button) (small blind) folded before Flop
Seat 2: jl45259071 (big blind) collected ($2)


PokerStars Hand #144401601877:  Hold'em Limit ($3/$6 USD) - 2015/11/26 5:49:38 ET
Table 'Schlutia' 2-max Seat #2 is the button
Seat 1: TheU10 ($85 in chips)
Seat 2: jl45259071 ($86.34 in chips)
jl45259071: posts small blind $1
TheU10: posts big blind $3
*** HOLE CARDS ***
jl45259071: raises $3 to $6
TheU10: calls $3
*** FLOP *** [4h 2c Kc]
TheU10: checks
jl45259071: bets $3
TheU10: calls $3
*** TURN *** [4h 2c Kc] [Jh]
TheU10: checks
jl45259071: bets $6
TheU10: calls $6
*** RIVER *** [4h 2c Kc Jh] [Kh]
TheU10: checks
jl45259071: bets $6
TheU10: calls $6
*** SHOW DOWN ***
jl45259071: shows [Ks Ac] (three of a kind, Kings)
TheU10: mucks hand
jl45259071 collected $41.50 from pot
*** SUMMARY ***
Total pot $42 | Rake $0.50
Board [4h 2c Kc Jh Kh]
Seat 1: TheU10 (big blind) mucked
Seat 2: jl45259071 (button) (small blind) showed [Ks Ac] and won ($41.50) with three of a kind, Kings


PokerStars Hand #144401610891:  Hold'em Limit ($3/$6 USD) - 2015/11/26 5:50:00 ET
Table 'Schlutia' 2-max Seat #2 is the button
Seat 1: TheU10 ($63 in chips)
Seat 2: jl45259071 ($107.84 in chips)
jl45259071: posts small blind $1
TheU10: posts big blind $3
*** HOLE CARDS ***
jl45259071: raises $3 to $6
TheU10: calls $3
*** FLOP *** [7h Ks 2d]
TheU10: checks
jl45259071: bets $3
TheU10: calls $3
*** TURN *** [7h Ks 2d] [6s]
TheU10: checks
jl45259071: checks
*** RIVER *** [7h Ks 2d 6s] [Qd]
TheU10: checks
jl45259071: bets $6
TheU10: calls $6
*** SHOW DOWN ***
jl45259071: shows [Th Td] (a pair of Tens)
TheU10: mucks hand
jl45259071 collected $29.50 from pot
*** SUMMARY ***
Total pot $30 | Rake $0.50
Board [7h Ks 2d 6s Qd]
Seat 1: TheU10 (big blind) mucked
Seat 2: jl45259071 (button) (small blind) showed [Th Td] and won ($29.50) with a pair of Tens


PokerStars Hand #144401623646:  Hold'em Limit ($3/$6 USD) - 2015/11/26 5:50:29 ET
Table 'Schlutia' 2-max Seat #2 is the button
Seat 1: TheU10 ($119 in chips)
Seat 2: jl45259071 ($130.98 in chips)
jl45259071: posts small blind $1
TheU10: posts big blind $3
*** HOLE CARDS ***
jl45259071: calls $2
TheU10: checks
*** FLOP *** [3s 8s 5d]
TheU10: checks
jl45259071: bets $3
TheU10: calls $3
*** TURN *** [3s 8s 5d] [5s]
TheU10: checks
jl45259071: bets $6
TheU10: raises $6 to $12
jl45259071: folds
Uncalled bet ($6) returned to TheU10
TheU10 collected $23.52 from pot
TheU10: doesn't show hand
*** SUMMARY ***
Total pot $24 | Rake $0.48
Board [3s 8s 5d 5s]
Seat 1: TheU10 (big blind) collected ($23.52)
Seat 2: jl45259071 (button) (small blind) folded on the Turn


PokerStars Hand #144401630684:  Hold'em Limit ($3/$6 USD) - 2015/11/26 5:50:45 ET
Table 'Schlutia' 2-max Seat #1 is the button
Seat 1: TheU10 ($130.52 in chips)
Seat 2: jl45259071 ($118.98 in chips)
TheU10: posts small blind $1
jl45259071: posts big blind $3
*** HOLE CARDS ***
TheU10: raises $3 to $6
jl45259071: raises $3 to $9
TheU10: calls $3
*** FLOP *** [5d Qh Js]
jl45259071: bets $3
TheU10: calls $3
*** TURN *** [5d Qh Js] [8s]
jl45259071: bets $6
TheU10: raises $6 to $12
jl45259071: calls $6
*** RIVER *** [5d Qh Js 8s] [2d]
jl45259071: checks
TheU10: bets $6
jl45259071: calls $6
*** SHOW DOWN ***
TheU10: shows [5h 8c] (two pair, Eights and Fives)
jl45259071: mucks hand
TheU10 collected $59.50 from pot
*** SUMMARY ***
Total pot $60 | Rake $0.50
Board [5d Qh Js 8s 2d]
Seat 1: TheU10 (button) (small blind) showed [5h 8c] and won ($59.50) with two pair, Eights and Fives
Seat 2: jl45259071 (big blind) mucked


PokerStars Hand #144401640526:  Hold'em Limit ($3/$6 USD) - 2015/11/26 5:51:08 ET
Table 'Schlutia' 2-max Seat #2 is the button
Seat 1: TheU10 ($160.02 in chips)
Seat 2: jl45259071 ($88.98 in chips)
jl45259071: posts small blind $1
TheU10: posts big blind $3
*** HOLE CARDS ***
jl45259071: calls $2
TheU10: checks
*** FLOP *** [8s 7h Ks]
TheU10: checks
jl45259071: bets $3
TheU10: folds
Uncalled bet ($3) returned to jl45259071
jl45259071 collected $5.88 from pot
*** SUMMARY ***
Total pot $6 | Rake $0.12
Board [8s 7h Ks]
Seat 1: TheU10 (big blind) folded on the Flop
Seat 2: jl45259071 (button) (small blind) collected ($5.88)


PokerStars Hand #144401645040:  Hold'em Limit ($3/$6 USD) - 2015/11/26 5:51:19 ET
Table 'Schlutia' 2-max Seat #1 is the button
Seat 1: TheU10 ($157.02 in chips)
Seat 2: jl45259071 ($91.86 in chips)
TheU10: posts small blind $1
jl45259071: posts big blind $3
*** HOLE CARDS ***
TheU10: raises $3 to $6
jl45259071: calls $3
*** FLOP *** [Tc Ts 3c]
jl45259071: checks
TheU10: bets $3
jl45259071: calls $3
*** TURN *** [Tc Ts 3c] [6d]
jl45259071: checks
TheU10: bets $6
jl45259071: folds
Uncalled bet ($6) returned to TheU10
TheU10 collected $17.64 from pot
TheU10: doesn't show hand
*** SUMMARY ***
Total pot $18 | Rake $0.36
Board [Tc Ts 3c 6d]
Seat 1: TheU10 (button) (small blind) collected ($17.64)
Seat 2: jl45259071 (big blind) folded on the Turn


PokerStars Hand #144401659486:  Hold'em Limit ($3/$6 USD) - 2015/11/26 5:51:52 ET
Table 'Schlutia' 2-max Seat #1 is the button
Seat 1: TheU10 ($189.16 in chips)
Seat 2: jl45259071 ($58.86 in chips)
TheU10: posts small blind $1
jl45259071: posts big blind $3
*** HOLE CARDS ***
TheU10: folds
Uncalled bet ($2) returned to jl45259071
jl45259071 collected $2 from pot
*** SUMMARY ***
Total pot $2 | Rake $0
Seat 1: TheU10 (button) (small blind) folded before Flop
Seat 2: jl45259071 (big blind) collected ($2)


PokerStars Hand #144401651102:  Hold'em Limit ($3/$6 USD) - 2015/11/26 5:51:33 ET
Table 'Schlutia' 2-max Seat #2 is the button
Seat 1: TheU10 ($165.66 in chips)
Seat 2: jl45259071 ($82.86 in chips)
jl45259071: posts small blind $1
TheU10: posts big blind $3
*** HOLE CARDS ***
jl45259071: calls $2
TheU10: checks
*** FLOP *** [Kc Tc Ad]
TheU10: checks
jl45259071: bets $3
TheU10: calls $3
*** TURN *** [Kc Tc Ad] [9s]
TheU10: checks
jl45259071: bets $6
TheU10: raises $6 to $12
jl45259071: calls $6
*** RIVER *** [Kc Tc Ad 9s] [9c]
TheU10: bets $6
jl45259071: calls $6
*** SHOW DOWN ***
TheU10: shows [2h As] (two pair, Aces and Nines)
jl45259071: mucks hand
TheU10 collected $47.50 from pot
*** SUMMARY ***
Total pot $48 | Rake $0.50
Board [Kc Tc Ad 9s 9c]
Seat 1: TheU10 (big blind) showed [2h As] and won ($47.50) with two pair, Aces and Nines
Seat 2: jl45259071 (button) (small blind) mucked


PokerStars Hand #144401661555:  Hold'em Limit ($3/$6 USD) - 2015/11/26 5:51:57 ET
Table 'Schlutia' 2-max Seat #2 is the button
Seat 1: TheU10 ($188.16 in chips)
Seat 2: jl45259071 ($59.86 in chips)
jl45259071: posts small blind $1
TheU10: posts big blind $3
*** HOLE CARDS ***
jl45259071: calls $2
TheU10: checks
*** FLOP *** [Jh Ks 2h]
TheU10: checks
jl45259071: checks
*** TURN *** [Jh Ks 2h] [Jd]
TheU10: checks
jl45259071: checks
*** RIVER *** [Jh Ks 2h Jd] [4h]
TheU10: checks
jl45259071: bets $6
TheU10: calls $6
*** SHOW DOWN ***
jl45259071: shows [9d 4d] (two pair, Jacks and Fours)
TheU10: mucks hand
jl45259071 collected $17.64 from pot
*** SUMMARY ***
Total pot $18 | Rake $0.36
Board [Jh Ks 2h Jd 4h]
Seat 1: TheU10 (big blind) mucked
Seat 2: jl45259071 (button) (small blind) showed [9d 4d] and won ($17.64) with two pair, Jacks and Fours


PokerStars Hand #144401667996:  Hold'em Limit ($3/$6 USD) - 2015/11/26 5:52:12 ET
Table 'Schlutia' 2-max Seat #1 is the button
Seat 1: TheU10 ($179.16 in chips)
Seat 2: jl45259071 ($68.50 in chips)
TheU10: posts small blind $1
jl45259071: posts big blind $3
*** HOLE CARDS ***
TheU10: raises $3 to $6
jl45259071: calls $3
*** FLOP *** [8s Ts 5c]
jl45259071: bets $3
TheU10: calls $3
*** TURN *** [8s Ts 5c] [7s]
jl45259071: checks
TheU10: bets $6
jl45259071: calls $6
*** RIVER *** [8s Ts 5c 7s] [9s]
jl45259071: checks
TheU10: bets $6
jl45259071: calls $6
*** SHOW DOWN ***
TheU10: shows [Kd Js] (a straight flush, Seven to Jack)
jl45259071: mucks hand
TheU10 collected $41.50 from pot
*** SUMMARY ***
Total pot $42 | Rake $0.50
Board [8s Ts 5c 7s 9s]
Seat 1: TheU10 (button) (small blind) showed [Kd Js] and won ($41.50) with a straight flush, Seven to Jack
Seat 2: jl45259071 (big blind) mucked


PokerStars Hand #144401677023:  Hold'em Limit ($3/$6 USD) - 2015/11/26 5:52:33 ET
Table 'Schlutia' 2-max Seat #2 is the button
Seat 1: TheU10 ($199.66 in chips)
Seat 2: jl45259071 ($47.50 in chips)
jl45259071: posts small blind $1
TheU10: posts big blind $3
*** HOLE CARDS ***
jl45259071: raises $3 to $6
TheU10: calls $3
*** FLOP *** [9h 9c Js]
TheU10: checks
jl45259071: bets $3
TheU10: calls $3
*** TURN *** [9h 9c Js] [2d]
TheU10: checks
jl45259071: bets $6
TheU10: calls $6
*** RIVER *** [9h 9c Js 2d] [5h]
TheU10: bets $6
jl45259071: raises $6 to $12
TheU10: raises $6 to $18
jl45259071: raises $6 to $24
Betting is capped
TheU10: calls $6
*** SHOW DOWN ***
jl45259071: shows [5d 5s] (a full house, Fives full of Nines)
TheU10: shows [9d 5c] (a full house, Nines full of Fives)
TheU10 collected $77.50 from pot
*** SUMMARY ***
Total pot $78 | Rake $0.50
Board [9h 9c Js 2d 5h]
Seat 1: TheU10 (big blind) showed [9d 5c] and won ($77.50) with a full house, Nines full of Fives
Seat 2: jl45259071 (button) (small blind) showed [5d 5s] and lost with a full house, Fives full of Nines


PokerStars Hand #144401687022:  Hold'em Limit ($3/$6 USD) - 2015/11/26 5:52:56 ET
Table 'Schlutia' 2-max Seat #1 is the button
Seat 1: TheU10 ($238.16 in chips)
Seat 2: jl45259071 ($8.50 in chips)
TheU10: posts small blind $1
jl45259071: posts big blind $3
*** HOLE CARDS ***
TheU10: raises $3 to $6
jl45259071: calls $3
*** FLOP *** [Qs Jd 2s]
jl45259071: bets $2.50 and is all-in
TheU10: calls $2.50
*** TURN *** [Qs Jd 2s] [Jh]
*** RIVER *** [Qs Jd 2s Jh] [2d]
*** SHOW DOWN ***
jl45259071: shows [7c Td] (two pair, Jacks and Deuces)
TheU10: shows [6h Kc] (two pair, Jacks and Deuces - King kicker)
TheU10 collected $16.66 from pot
*** SUMMARY ***
Total pot $17 | Rake $0.34
Board [Qs Jd 2s Jh 2d]
Seat 1: TheU10 (button) (small blind) showed [6h Kc] and won ($16.66) with two pair, Jacks and Deuces
Seat 2: jl45259071 (big blind) showed [7c Td] and lost with two pair, Jacks and Deuces


PokerStars Hand #144405050371:  Hold'em Limit ($3/$6 USD) - 2015/11/26 7:50:22 ET
Table 'Schlutia' 2-max Seat #1 is the button
Seat 1: TheU10 ($233.32 in chips)
Seat 2: NEST201300 ($118.64 in chips)
TheU10: posts small blind $1
NEST201300: posts big blind $3
*** HOLE CARDS ***
TheU10: raises $3 to $6
NEST201300: folds
Uncalled bet ($3) returned to TheU10
TheU10 collected $6 from pot
TheU10: doesn't show hand
*** SUMMARY ***
Total pot $6 | Rake $0
Seat 1: TheU10 (button) (small blind) collected ($6)
Seat 2: NEST201300 (big blind) folded before Flop


PokerStars Hand #144405044876:  Hold'em Limit ($3/$6 USD) - 2015/11/26 7:50:11 ET
Table 'Schlutia' 2-max Seat #2 is the button
Seat 1: TheU10 ($236.32 in chips)
Seat 2: NEST201300 ($115.76 in chips)
NEST201300: posts small blind $1
TheU10: posts big blind $3
*** HOLE CARDS ***
NEST201300: calls $2
TheU10: checks
*** FLOP *** [9h Td 2c]
TheU10: checks
NEST201300: checks
*** TURN *** [9h Td 2c] [Jd]
TheU10: checks
NEST201300: bets $6
TheU10: folds
Uncalled bet ($6) returned to NEST201300
NEST201300 collected $5.88 from pot
NEST201300: doesn't show hand
*** SUMMARY ***
Total pot $6 | Rake $0.12
Board [9h Td 2c Jd]
Seat 1: TheU10 (big blind) folded on the Turn
Seat 2: NEST201300 (button) (small blind) collected ($5.88)


PokerStars Hand #144405077587:  Hold'em Limit ($3/$6 USD) - 2015/11/26 7:51:14 ET
Table 'Schlutia' 2-max Seat #2 is the button
Seat 1: TheU10 ($265.32 in chips)
Seat 2: NEST201300 ($85.16 in chips)
NEST201300: posts small blind $1
TheU10: posts big blind $3
*** HOLE CARDS ***
NEST201300: raises $3 to $6
TheU10: calls $3
*** FLOP *** [5s 5d 6s]
TheU10: checks
NEST201300: bets $3
TheU10: calls $3
*** TURN *** [5s 5d 6s] [4s]
TheU10: checks
NEST201300: checks
*** RIVER *** [5s 5d 6s 4s] [8h]
TheU10: checks
NEST201300: checks
*** SHOW DOWN ***
TheU10: shows [5h 3s] (three of a kind, Fives)
NEST201300: mucks hand
TheU10 collected $17.64 from pot
*** SUMMARY ***
Total pot $18 | Rake $0.36
Board [5s 5d 6s 4s 8h]
Seat 1: TheU10 (big blind) showed [5h 3s] and won ($17.64) with three of a kind, Fives
Seat 2: NEST201300 (button) (small blind) mucked


PokerStars Hand #144405073511:  Hold'em Limit ($3/$6 USD) - 2015/11/26 7:51:06 ET
Table 'Schlutia' 2-max Seat #1 is the button
Seat 1: TheU10 ($271.32 in chips)
Seat 2: NEST201300 ($79.40 in chips)
TheU10: posts small blind $1
NEST201300: posts big blind $3
*** HOLE CARDS ***
TheU10: calls $2
NEST201300: raises $3 to $6
TheU10: calls $3
*** FLOP *** [4d Ts 4c]
NEST201300: bets $3
TheU10: folds
Uncalled bet ($3) returned to NEST201300
NEST201300 collected $11.76 from pot
NEST201300: doesn't show hand
*** SUMMARY ***
Total pot $12 | Rake $0.24
Board [4d Ts 4c]
Seat 1: TheU10 (button) (small blind) folded on the Flop
Seat 2: NEST201300 (big blind) collected ($11.76)


PokerStars Hand #144405068963:  Hold'em Limit ($3/$6 USD) - 2015/11/26 7:50:57 ET
Table 'Schlutia' 2-max Seat #2 is the button
Seat 1: TheU10 ($277.32 in chips)
Seat 2: NEST201300 ($73.64 in chips)
NEST201300: posts small blind $1
TheU10: posts big blind $3
*** HOLE CARDS ***
TheU10 said, "nh"
NEST201300: raises $3 to $6
TheU10 said, ";)"
TheU10: calls $3
*** FLOP *** [7c Jd Td]
TheU10: checks
NEST201300: bets $3
TheU10: folds
Uncalled bet ($3) returned to NEST201300
NEST201300 collected $11.76 from pot
NEST201300: doesn't show hand
*** SUMMARY ***
Total pot $12 | Rake $0.24
Board [7c Jd Td]
Seat 1: TheU10 (big blind) folded on the Flop
Seat 2: NEST201300 (button) (small blind) collected ($11.76)


PokerStars Hand #144405060935:  Hold'em Limit ($3/$6 USD) - 2015/11/26 7:50:42 ET
Table 'Schlutia' 2-max Seat #1 is the button
Seat 1: TheU10 ($253.82 in chips)
Seat 2: NEST201300 ($97.64 in chips)
TheU10: posts small blind $1
NEST201300: posts big blind $3
*** HOLE CARDS ***
TheU10: raises $3 to $6
NEST201300: raises $3 to $9
TheU10: calls $3
*** FLOP *** [As Td Ks]
NEST201300: bets $3
TheU10: calls $3
*** TURN *** [As Td Ks] [4h]
NEST201300: bets $6
TheU10: calls $6
*** RIVER *** [As Td Ks 4h] [Ad]
NEST201300: bets $6
TheU10: calls $6
*** SHOW DOWN ***
NEST201300: shows [6c 3s] (a pair of Aces)
TheU10: shows [Qs Tc] (two pair, Aces and Tens)
TheU10 collected $47.50 from pot
*** SUMMARY ***
Total pot $48 | Rake $0.50
Board [As Td Ks 4h Ad]
Seat 1: TheU10 (button) (small blind) showed [Qs Tc] and won ($47.50) with two pair, Aces and Tens
Seat 2: NEST201300 (big blind) showed [6c 3s] and lost with a pair of Aces


PokerStars Hand #144405052992:  Hold'em Limit ($3/$6 USD) - 2015/11/26 7:50:27 ET
Table 'Schlutia' 2-max Seat #2 is the button
Seat 1: TheU10 ($236.32 in chips)
Seat 2: NEST201300 ($115.64 in chips)
NEST201300: posts small blind $1
TheU10: posts big blind $3
*** HOLE CARDS ***
NEST201300: raises $3 to $6
TheU10: calls $3
*** FLOP *** [4c 5h Kc]
TheU10: checks
NEST201300: checks
*** TURN *** [4c 5h Kc] [Qd]
TheU10: checks
NEST201300: bets $6
TheU10: calls $6
*** RIVER *** [4c 5h Kc Qd] [Td]
TheU10: checks
NEST201300: bets $6
TheU10: raises $6 to $12
NEST201300: folds
Uncalled bet ($6) returned to TheU10
TheU10 collected $35.50 from pot
TheU10: doesn't show hand
*** SUMMARY ***
Total pot $36 | Rake $0.50
Board [4c 5h Kc Qd Td]
Seat 1: TheU10 (big blind) collected ($35.50)
Seat 2: NEST201300 (button) (small blind) folded on the River


PokerStars Hand #144405105471:  Hold'em Limit ($3/$6 USD) - 2015/11/26 7:52:08 ET
Table 'Schlutia' 2-max Seat #1 is the button
Seat 1: TheU10 ($290.98 in chips)
Seat 2: NEST201300 ($57.68 in chips)
TheU10: posts small blind $1
NEST201300: posts big blind $3
*** HOLE CARDS ***
TheU10: calls $2
NEST201300: raises $3 to $6
TheU10: calls $3
*** FLOP *** [4h 7h Js]
NEST201300: bets $3
TheU10: calls $3
*** TURN *** [4h 7h Js] [Kc]
NEST201300: bets $6
TheU10: calls $6
*** RIVER *** [4h 7h Js Kc] [4s]
NEST201300: bets $6
TheU10: calls $6
*** SHOW DOWN ***
NEST201300: shows [6h 3s] (a pair of Fours)
TheU10: shows [7c 8s] (two pair, Sevens and Fours)
TheU10 collected $41.50 from pot
*** SUMMARY ***
Total pot $42 | Rake $0.50
Board [4h 7h Js Kc 4s]
Seat 1: TheU10 (button) (small blind) showed [7c 8s] and won ($41.50) with two pair, Sevens and Fours
Seat 2: NEST201300 (big blind) showed [6h 3s] and lost with a pair of Fours


PokerStars Hand #144405099264:  Hold'em Limit ($3/$6 USD) - 2015/11/26 7:51:56 ET
Table 'Schlutia' 2-max Seat #2 is the button
Seat 1: TheU10 ($279.46 in chips)
Seat 2: NEST201300 ($69.68 in chips)
NEST201300: posts small blind $1
TheU10: posts big blind $3
*** HOLE CARDS ***
NEST201300: raises $3 to $6
TheU10: calls $3
*** FLOP *** [7d 5d 4h]
TheU10: checks
NEST201300: checks
*** TURN *** [7d 5d 4h] [6c]
TheU10: checks
NEST201300: checks
*** RIVER *** [7d 5d 4h 6c] [7c]
TheU10: checks
NEST201300: bets $6
TheU10: calls $6
*** SHOW DOWN ***
NEST201300: shows [Ts As] (a pair of Sevens)
TheU10: shows [5s 2d] (two pair, Sevens and Fives)
TheU10 collected $23.52 from pot
*** SUMMARY ***
Total pot $24 | Rake $0.48
Board [7d 5d 4h 6c 7c]
Seat 1: TheU10 (big blind) showed [5s 2d] and won ($23.52) with two pair, Sevens and Fives
Seat 2: NEST201300 (button) (small blind) showed [Ts As] and lost with a pair of Sevens


PokerStars Hand #144405095425:  Hold'em Limit ($3/$6 USD) - 2015/11/26 7:51:48 ET
Table 'Schlutia' 2-max Seat #1 is the button
Seat 1: TheU10 ($285.46 in chips)
Seat 2: NEST201300 ($63.92 in chips)
TheU10: posts small blind $1
NEST201300: posts big blind $3
*** HOLE CARDS ***
TheU10: calls $2
NEST201300: raises $3 to $6
TheU10: calls $3
*** FLOP *** [2s Jd Js]
NEST201300: bets $3
TheU10: folds
Uncalled bet ($3) returned to NEST201300
NEST201300 collected $11.76 from pot
NEST201300: doesn't show hand
*** SUMMARY ***
Total pot $12 | Rake $0.24
Board [2s Jd Js]
Seat 1: TheU10 (button) (small blind) folded on the Flop
Seat 2: NEST201300 (big blind) collected ($11.76)


PokerStars Hand #144405091691:  Hold'em Limit ($3/$6 USD) - 2015/11/26 7:51:41 ET
Table 'Schlutia' 2-max Seat #2 is the button
Seat 1: TheU10 ($291.46 in chips)
Seat 2: NEST201300 ($58.16 in chips)
NEST201300: posts small blind $1
TheU10: posts big blind $3
*** HOLE CARDS ***
NEST201300: raises $3 to $6
TheU10: calls $3
*** FLOP *** [5h Js 4h]
TheU10: checks
NEST201300: bets $3
TheU10: folds
Uncalled bet ($3) returned to NEST201300
NEST201300 collected $11.76 from pot
NEST201300: doesn't show hand
*** SUMMARY ***
Total pot $12 | Rake $0.24
Board [5h Js 4h]
Seat 1: TheU10 (big blind) folded on the Flop
Seat 2: NEST201300 (button) (small blind) collected ($11.76)


PokerStars Hand #144405084034:  Hold'em Limit ($3/$6 USD) - 2015/11/26 7:51:26 ET
Table 'Schlutia' 2-max Seat #1 is the button
Seat 1: TheU10 ($273.96 in chips)
Seat 2: NEST201300 ($76.16 in chips)
TheU10: posts small blind $1
NEST201300: posts big blind $3
*** HOLE CARDS ***
TheU10: raises $3 to $6
NEST201300: raises $3 to $9
TheU10: calls $3
*** FLOP *** [9h 2s Tc]
NEST201300: bets $3
TheU10: calls $3
*** TURN *** [9h 2s Tc] [4c]
NEST201300: checks
TheU10: bets $6
NEST201300: calls $6
*** RIVER *** [9h 2s Tc 4c] [2d]
NEST201300: checks
TheU10: bets $6
NEST201300: folds
Uncalled bet ($6) returned to TheU10
TheU10 collected $35.50 from pot
TheU10: doesn't show hand
*** SUMMARY ***
Total pot $36 | Rake $0.50
Board [9h 2s Tc 4c 2d]
Seat 1: TheU10 (button) (small blind) collected ($35.50)
Seat 2: NEST201300 (big blind) folded on the River


PokerStars Hand #144405121405:  Hold'em Limit ($3/$6 USD) - 2015/11/26 7:52:38 ET
Table 'Schlutia' 2-max Seat #1 is the button
Seat 1: TheU10 ($337.98 in chips)
Seat 2: NEST201300 ($9.68 in chips)
TheU10: posts small blind $1
NEST201300: posts big blind $3
*** HOLE CARDS ***
TheU10 said, "^^"
TheU10 said, "call river"
TheU10 said, ":*"
TheU10: raises $3 to $6
NEST201300: raises $3 to $9
TheU10: calls $3
*** FLOP *** [Qs 7h Kh]
NEST201300: bets $0.68 and is all-in
TheU10 said, "hmmm"
TheU10: calls $0.68
*** TURN *** [Qs 7h Kh] [6h]
*** RIVER *** [Qs 7h Kh 6h] [Tc]
*** SHOW DOWN ***
NEST201300: shows [2d 7c] (a pair of Sevens)
TheU10: shows [Td Js] (a pair of Tens)
TheU10 collected $18.97 from pot
NEST201300 leaves the table
*** SUMMARY ***
Total pot $19.36 | Rake $0.39
Board [Qs 7h Kh 6h Tc]
Seat 1: TheU10 (button) (small blind) showed [Td Js] and won ($18.97) with a pair of Tens
Seat 2: NEST201300 (big blind) showed [2d 7c] and lost with a pair of Sevens


PokerStars Hand #144405111955:  Hold'em Limit ($3/$6 USD) - 2015/11/26 7:52:20 ET
Table 'Schlutia' 2-max Seat #2 is the button
Seat 1: TheU10 ($311.48 in chips)
Seat 2: NEST201300 ($36.68 in chips)
NEST201300: posts small blind $1
TheU10: posts big blind $3
*** HOLE CARDS ***
NEST201300: raises $3 to $6
TheU10: calls $3
*** FLOP *** [9h Ac 3s]
TheU10 said, "^^"
TheU10: checks
NEST201300: bets $3
TheU10: calls $3
*** TURN *** [9h Ac 3s] [7d]
TheU10: checks
NEST201300: bets $6
TheU10: calls $6
*** RIVER *** [9h Ac 3s 7d] [Kd]
TheU10: checks
NEST201300: bets $6
TheU10: raises $6 to $12
NEST201300: calls $6
*** SHOW DOWN ***
TheU10: shows [9s 3d] (two pair, Nines and Threes)
NEST201300: mucks hand
TheU10 collected $53.50 from pot
*** SUMMARY ***
Total pot $54 | Rake $0.50
Board [9h Ac 3s 7d Kd]
Seat 1: TheU10 (big blind) showed [9s 3d] and won ($53.50) with two pair, Nines and Threes
Seat 2: NEST201300 (button) (small blind) mucked


