PokerStars Hand #150996280572:  Hold'em Limit ($3/$6 USD) - 2016/03/27 3:35:37 ET
Table 'Schlutia' 6-max Seat #6 is the button
Seat 4: Agrotait ($92.50 in chips)
Seat 6: cyco14 ($52.03 in chips)
cyco14: posts small blind $1
Agrotait: posts big blind $3
*** HOLE CARDS ***
cyco14: folds
Uncalled bet ($2) returned to Agrotait
Agrotait collected $2 from pot
Agrotait: doesn't show hand
*** SUMMARY ***
Total pot $2 | Rake $0
Seat 4: Agrotait (big blind) collected ($2)
Seat 6: cyco14 (button) (small blind) folded before Flop


PokerStars Hand #150996266508:  Hold'em Limit ($3/$6 USD) - 2016/03/27 3:34:54 ET
Table 'Schlutia' 6-max Seat #4 is the button
Seat 4: Agrotait ($69 in chips)
Seat 6: cyco14 ($76.03 in chips)
Agrotait: posts small blind $1
cyco14: posts big blind $3
*** HOLE CARDS ***
Agrotait: raises $3 to $6
cyco14: calls $3
*** FLOP *** [8d Td 7c]
cyco14: checks
Agrotait: bets $3
cyco14: raises $3 to $6
Agrotait: calls $3
*** TURN *** [8d Td 7c] [Ks]
cyco14: bets $6
Agrotait: calls $6
*** RIVER *** [8d Td 7c Ks] [4s]
cyco14: checks
Agrotait: bets $6
cyco14: calls $6
*** SHOW DOWN ***
Agrotait: shows [Tc Jd] (a pair of Tens)
cyco14: mucks hand
Agrotait collected $47.50 from pot
*** SUMMARY ***
Total pot $48 | Rake $0.50
Board [8d Td 7c Ks 4s]
Seat 4: Agrotait (button) (small blind) showed [Tc Jd] and won ($47.50) with a pair of Tens
Seat 6: cyco14 (big blind) mucked


PokerStars Hand #150996291093:  Hold'em Limit ($3/$6 USD) - 2016/03/27 3:36:10 ET
Table 'Schlutia' 6-max Seat #6 is the button
Seat 4: Agrotait ($84.50 in chips)
Seat 6: cyco14 ($59.67 in chips)
cyco14: posts small blind $1
Agrotait: posts big blind $3
*** HOLE CARDS ***
cyco14: raises $3 to $6
Puzanchik 11 joins the table at seat #5
Agrotait: calls $3
*** FLOP *** [4h 8c 9c]
Agrotait: checks
cyco14: bets $3
Agrotait: calls $3
*** TURN *** [4h 8c 9c] [Js]
Agrotait: checks
cyco14: bets $6
alpha2777 joins the table at seat #1
Agrotait: folds
Uncalled bet ($6) returned to cyco14
cyco14 collected $17.64 from pot
*** SUMMARY ***
Total pot $18 | Rake $0.36
Board [4h 8c 9c Js]
Seat 4: Agrotait (big blind) folded on the Turn
Seat 6: cyco14 (button) (small blind) collected ($17.64)


PokerStars Hand #150996283799:  Hold'em Limit ($3/$6 USD) - 2016/03/27 3:35:47 ET
Table 'Schlutia' 6-max Seat #4 is the button
Seat 4: Agrotait ($93.50 in chips)
Seat 6: cyco14 ($51.03 in chips)
Agrotait: posts small blind $1
cyco14: posts big blind $3
*** HOLE CARDS ***
Agrotait: raises $3 to $6
cyco14: raises $3 to $9
Agrotait: calls $3
*** FLOP *** [7c 4h Kd]
cyco14: bets $3
Agrotait: folds
Uncalled bet ($3) returned to cyco14
cyco14 collected $17.64 from pot
*** SUMMARY ***
Total pot $18 | Rake $0.36
Board [7c 4h Kd]
Seat 4: Agrotait (button) (small blind) folded on the Flop
Seat 6: cyco14 (big blind) collected ($17.64)


PokerStars Hand #150996962000:  Hold'em Limit ($3/$6 USD) - 2016/03/27 4:09:34 ET
Table 'Schlutia' 6-max Seat #4 is the button
Seat 1: alpha2777 ($177.48 in chips)
Seat 4: starfish1 ($108.34 in chips)
starfish1: posts small blind $1
alpha2777: posts big blind $3
*** HOLE CARDS ***
starfish1: folds
Uncalled bet ($2) returned to alpha2777
alpha2777 collected $2 from pot
alpha2777: doesn't show hand
*** SUMMARY ***
Total pot $2 | Rake $0
Seat 1: alpha2777 (big blind) collected ($2)
Seat 4: starfish1 (button) (small blind) folded before Flop


PokerStars Hand #150996954850:  Hold'em Limit ($3/$6 USD) - 2016/03/27 4:09:14 ET
Table 'Schlutia' 6-max Seat #1 is the button
Seat 1: alpha2777 ($168.84 in chips)
Seat 4: starfish1 ($117.34 in chips)
alpha2777: posts small blind $1
starfish1: posts big blind $3
*** HOLE CARDS ***
alpha2777: raises $3 to $6
starfish1: calls $3
*** FLOP *** [As 9s Ks]
starfish1: checks
alpha2777: bets $3
starfish1: calls $3
*** TURN *** [As 9s Ks] [5c]
starfish1: checks
alpha2777: bets $6
starfish1: folds
Uncalled bet ($6) returned to alpha2777
alpha2777 collected $17.64 from pot
alpha2777: doesn't show hand
*** SUMMARY ***
Total pot $18 | Rake $0.36
Board [As 9s Ks 5c]
Seat 1: alpha2777 (button) (small blind) collected ($17.64)
Seat 4: starfish1 (big blind) folded on the Turn


PokerStars Hand #150996952979:  Hold'em Limit ($3/$6 USD) - 2016/03/27 4:09:09 ET
Table 'Schlutia' 6-max Seat #4 is the button
Seat 1: alpha2777 ($167.84 in chips)
Seat 4: starfish1 ($118.34 in chips)
starfish1: posts small blind $1
alpha2777: posts big blind $3
*** HOLE CARDS ***
starfish1: folds
Uncalled bet ($2) returned to alpha2777
alpha2777 collected $2 from pot
alpha2777: doesn't show hand
*** SUMMARY ***
Total pot $2 | Rake $0
Seat 1: alpha2777 (big blind) collected ($2)
Seat 4: starfish1 (button) (small blind) folded before Flop


