PokerStars Hand #170382049544:  Hold'em Limit ($3/$6 USD) - 2017/05/13 18:43:41 ET
Table 'Schlutia' 6-max Seat #3 is the button
Seat 3: Eklund_1891 ($120 in chips)
Seat 4: Actionni13 ($150 in chips)
Eklund_1891: posts small blind $1
Actionni13: posts big blind $3
*** HOLE CARDS ***
Eklund_1891: raises $3 to $6
Actionni13: calls $3
*** FLOP *** [9c 5c 9s]
Actionni13: checks
Eklund_1891: checks
*** TURN *** [9c 5c 9s] [Ts]
Actionni13: bets $6
Eklund_1891: calls $6
*** RIVER *** [9c 5c 9s Ts] [Kc]
Actionni13: bets $6
Eklund_1891: folds
Uncalled bet ($6) returned to Actionni13
Actionni13 collected $23.52 from pot
Actionni13: doesn't show hand
*** SUMMARY ***
Total pot $24 | Rake $0.48
Board [9c 5c 9s Ts Kc]
Seat 3: Eklund_1891 (button) (small blind) folded on the River
Seat 4: Actionni13 (big blind) collected ($23.52)


PokerStars Hand #170382093320:  Hold'em Limit ($3/$6 USD) - 2017/05/13 18:44:48 ET
Table 'Schlutia' 6-max Seat #4 is the button
Seat 3: Eklund_1891 ($149.14 in chips)
Seat 4: Actionni13 ($150 in chips)
Actionni13: posts small blind $1
Eklund_1891: posts big blind $3
*** HOLE CARDS ***
Actionni13: raises $3 to $6
Eklund_1891: raises $3 to $9
Actionni13: raises $3 to $12
Betting is capped
Eklund_1891: calls $3
*** FLOP *** [2h 9c 4c]
Eklund_1891: checks
Actionni13: bets $3
Eklund_1891: calls $3
*** TURN *** [2h 9c 4c] [6h]
Eklund_1891: checks
Actionni13: checks
*** RIVER *** [2h 9c 4c 6h] [8d]
Eklund_1891: checks
Actionni13: bets $6
Eklund_1891: calls $6
*** SHOW DOWN ***
Actionni13: shows [Jc Kh] (high card King)
Eklund_1891: shows [7s 7h] (a pair of Sevens)
Eklund_1891 collected $41.50 from pot
*** SUMMARY ***
Total pot $42 | Rake $0.50
Board [2h 9c 4c 6h 8d]
Seat 3: Eklund_1891 (big blind) showed [7s 7h] and won ($41.50) with a pair of Sevens
Seat 4: Actionni13 (button) (small blind) showed [Jc Kh] and lost with high card King


PokerStars Hand #170382077915:  Hold'em Limit ($3/$6 USD) - 2017/05/13 18:44:25 ET
Table 'Schlutia' 6-max Seat #3 is the button
Seat 3: Eklund_1891 ($116.64 in chips)
Seat 4: Actionni13 ($152.52 in chips)
Eklund_1891: posts small blind $1
Actionni13: posts big blind $3
*** HOLE CARDS ***
Eklund_1891: raises $3 to $6
Actionni13: raises $3 to $9
Eklund_1891: calls $3
*** FLOP *** [Jd 7c 5s]
Actionni13: bets $3
Eklund_1891: raises $3 to $6
Actionni13: raises $3 to $9
Eklund_1891: raises $3 to $12
Betting is capped
Actionni13: calls $3
*** TURN *** [Jd 7c 5s] [4s]
Actionni13: bets $6
Eklund_1891: raises $6 to $12
Actionni13: calls $6
*** RIVER *** [Jd 7c 5s 4s] [2s]
Actionni13: checks
Eklund_1891: checks
*** SHOW DOWN ***
Actionni13: shows [Ac As] (a pair of Aces)
Eklund_1891: shows [7h Jc] (two pair, Jacks and Sevens)
Eklund_1891 collected $65.50 from pot
*** SUMMARY ***
Total pot $66 | Rake $0.50
Board [Jd 7c 5s 4s 2s]
Seat 3: Eklund_1891 (button) (small blind) showed [7h Jc] and won ($65.50) with two pair, Jacks and Sevens
Seat 4: Actionni13 (big blind) showed [Ac As] and lost with a pair of Aces


PokerStars Hand #170382066244:  Hold'em Limit ($3/$6 USD) - 2017/05/13 18:44:07 ET
Table 'Schlutia' 6-max Seat #4 is the button
Seat 3: Eklund_1891 ($108 in chips)
Seat 4: Actionni13 ($161.52 in chips)
Actionni13: posts small blind $1
Eklund_1891: posts big blind $3
*** HOLE CARDS ***
Actionni13: raises $3 to $6
Eklund_1891: calls $3
*** FLOP *** [Qh Kd 3c]
Eklund_1891: checks
Actionni13: bets $3
Eklund_1891: calls $3
*** TURN *** [Qh Kd 3c] [Jd]
Eklund_1891: checks
Actionni13: checks
*** RIVER *** [Qh Kd 3c Jd] [4s]
Eklund_1891: checks
Actionni13: checks
*** SHOW DOWN ***
Eklund_1891: shows [Th Qc] (a pair of Queens)
Actionni13: mucks hand
Eklund_1891 collected $17.64 from pot
*** SUMMARY ***
Total pot $18 | Rake $0.36
Board [Qh Kd 3c Jd 4s]
Seat 3: Eklund_1891 (big blind) showed [Th Qc] and won ($17.64) with a pair of Queens
Seat 4: Actionni13 (button) (small blind) mucked


PokerStars Hand #170382146265:  Hold'em Limit ($3/$6 USD) - 2017/05/13 18:46:10 ET
Table 'Schlutia' 6-max Seat #3 is the button
Seat 3: Eklund_1891 ($114.64 in chips)
Seat 4: Actionni13 ($203.76 in chips)
Eklund_1891: posts small blind $1
Actionni13: posts big blind $3
*** HOLE CARDS ***
Eklund_1891: folds
Uncalled bet ($2) returned to Actionni13
Actionni13 collected $2 from pot
Actionni13: doesn't show hand
*** SUMMARY ***
Total pot $2 | Rake $0
Seat 3: Eklund_1891 (button) (small blind) folded before Flop
Seat 4: Actionni13 (big blind) collected ($2)


PokerStars Hand #170382139751:  Hold'em Limit ($3/$6 USD) - 2017/05/13 18:46:00 ET
Table 'Schlutia' 6-max Seat #4 is the button
Seat 3: Eklund_1891 ($120.64 in chips)
Seat 4: Actionni13 ($198 in chips)
Actionni13: posts small blind $1
Eklund_1891: posts big blind $3
*** HOLE CARDS ***
krytalex joins the table at seat #5
Actionni13: raises $3 to $6
Eklund_1891: calls $3
*** FLOP *** [4c Jd Ac]
Eklund_1891: checks
Actionni13: bets $3
Eklund_1891: folds
Uncalled bet ($3) returned to Actionni13
Actionni13 collected $11.76 from pot
Actionni13: doesn't show hand
*** SUMMARY ***
Total pot $12 | Rake $0.24
Board [4c Jd Ac]
Seat 3: Eklund_1891 (big blind) folded on the Flop
Seat 4: Actionni13 (button) (small blind) collected ($11.76)


PokerStars Hand #170382136452:  Hold'em Limit ($3/$6 USD) - 2017/05/13 18:45:55 ET
Table 'Schlutia' 6-max Seat #3 is the button
Seat 3: Eklund_1891 ($121.64 in chips)
Seat 4: Actionni13 ($197 in chips)
Eklund_1891: posts small blind $1
Actionni13: posts big blind $3
*** HOLE CARDS ***
Eklund_1891: folds
Uncalled bet ($2) returned to Actionni13
Actionni13 collected $2 from pot
Actionni13: doesn't show hand
*** SUMMARY ***
Total pot $2 | Rake $0
Seat 3: Eklund_1891 (button) (small blind) folded before Flop
Seat 4: Actionni13 (big blind) collected ($2)


PokerStars Hand #170382107823:  Hold'em Limit ($3/$6 USD) - 2017/05/13 18:45:10 ET
Table 'Schlutia' 6-max Seat #3 is the button
Seat 3: Eklund_1891 ($169.64 in chips)
Seat 4: Actionni13 ($150 in chips)
Eklund_1891: posts small blind $1
Actionni13: posts big blind $3
*** HOLE CARDS ***
Eklund_1891: raises $3 to $6
Actionni13: calls $3
*** FLOP *** [6c 4s 3c]
Actionni13: bets $3
Eklund_1891: raises $3 to $6
Actionni13: raises $3 to $9
Eklund_1891: calls $3
*** TURN *** [6c 4s 3c] [5s]
Actionni13: bets $6
Eklund_1891: calls $6
*** RIVER *** [6c 4s 3c 5s] [Jh]
Actionni13: bets $6
Eklund_1891: calls $6
*** SHOW DOWN ***
Actionni13: shows [Ac 6d] (a pair of Sixes)
Eklund_1891: mucks hand
Actionni13 collected $53.50 from pot
*** SUMMARY ***
Total pot $54 | Rake $0.50
Board [6c 4s 3c 5s Jh]
Seat 3: Eklund_1891 (button) (small blind) mucked
Seat 4: Actionni13 (big blind) showed [Ac 6d] and won ($53.50) with a pair of Sixes


PokerStars Hand #170382121566:  Hold'em Limit ($3/$6 USD) - 2017/05/13 18:45:32 ET
Table 'Schlutia' 6-max Seat #4 is the button
Seat 3: Eklund_1891 ($142.64 in chips)
Seat 4: Actionni13 ($176.50 in chips)
Actionni13: posts small blind $1
Eklund_1891: posts big blind $3
*** HOLE CARDS ***
Actionni13: raises $3 to $6
Eklund_1891: raises $3 to $9
Actionni13: calls $3
*** FLOP *** [7c Th 6d]
Eklund_1891: bets $3
Actionni13: raises $3 to $6
Eklund_1891: calls $3
*** TURN *** [7c Th 6d] [8h]
Eklund_1891: checks
Actionni13: bets $6
Eklund_1891: calls $6
*** RIVER *** [7c Th 6d 8h] [5d]
Eklund_1891: checks
Actionni13: bets $6
Eklund_1891: folds
Uncalled bet ($6) returned to Actionni13
Actionni13 collected $41.50 from pot
Actionni13: doesn't show hand
*** SUMMARY ***
Total pot $42 | Rake $0.50
Board [7c Th 6d 8h 5d]
Seat 3: Eklund_1891 (big blind) folded on the River
Seat 4: Actionni13 (button) (small blind) collected ($41.50)


PokerStars Hand #170383273522:  Hold'em Limit ($3/$6 USD) - 2017/05/13 19:16:34 ET
Table 'Schlutia' 6-max Seat #4 is the button
Seat 3: ArchiLangust ($124.15 in chips)
Seat 4: Chessnok ($69.53 in chips)
Chessnok: posts small blind $1
ArchiLangust: posts big blind $3
*** HOLE CARDS ***
Chessnok: raises $3 to $6
ArchiLangust: folds
Uncalled bet ($3) returned to Chessnok
Chessnok collected $6 from pot
Chessnok: doesn't show hand
*** SUMMARY ***
Total pot $6 | Rake $0
Seat 3: ArchiLangust (big blind) folded before Flop
Seat 4: Chessnok (button) (small blind) collected ($6)


PokerStars Hand #170383268692:  Hold'em Limit ($3/$6 USD) - 2017/05/13 19:16:26 ET
Table 'Schlutia' 6-max Seat #3 is the button
Seat 3: ArchiLangust ($121.15 in chips)
Seat 4: Chessnok ($72.53 in chips)
ArchiLangust: posts small blind $1
Chessnok: posts big blind $3
*** HOLE CARDS ***
ArchiLangust: raises $3 to $6
Chessnok: folds
Uncalled bet ($3) returned to ArchiLangust
ArchiLangust collected $6 from pot
*** SUMMARY ***
Total pot $6 | Rake $0
Seat 3: ArchiLangust (button) (small blind) collected ($6)
Seat 4: Chessnok (big blind) folded before Flop


PokerStars Hand #170383277682:  Hold'em Limit ($3/$6 USD) - 2017/05/13 19:16:41 ET
Table 'Schlutia' 6-max Seat #3 is the button
Seat 3: ArchiLangust ($121.15 in chips)
Seat 4: Chessnok ($72.53 in chips)
ArchiLangust: posts small blind $1
Chessnok: posts big blind $3
*** HOLE CARDS ***
ArchiLangust: folds
Uncalled bet ($2) returned to Chessnok
Chessnok collected $2 from pot
Chessnok: doesn't show hand
*** SUMMARY ***
Total pot $2 | Rake $0
Seat 3: ArchiLangust (button) (small blind) folded before Flop
Seat 4: Chessnok (big blind) collected ($2)


PokerStars Hand #170383281604:  Hold'em Limit ($3/$6 USD) - 2017/05/13 19:16:47 ET
Table 'Schlutia' 6-max Seat #4 is the button
Seat 3: ArchiLangust ($120.15 in chips)
Seat 4: Chessnok ($73.53 in chips)
Chessnok: posts small blind $1
ArchiLangust: posts big blind $3
*** HOLE CARDS ***
Chessnok: raises $3 to $6
ArchiLangust: raises $3 to $9
Chessnok: calls $3
*** FLOP *** [Th 4d 3s]
ArchiLangust: bets $3
Chessnok: calls $3
*** TURN *** [Th 4d 3s] [8d]
ArchiLangust: bets $6
Chessnok: folds
Uncalled bet ($6) returned to ArchiLangust
ArchiLangust collected $23.52 from pot
*** SUMMARY ***
Total pot $24 | Rake $0.48
Board [Th 4d 3s 8d]
Seat 3: ArchiLangust (big blind) collected ($23.52)
Seat 4: Chessnok (button) (small blind) folded on the Turn


PokerStars Hand #170383321198:  Hold'em Limit ($3/$6 USD) - 2017/05/13 19:17:52 ET
Table 'Schlutia' 6-max Seat #3 is the button
Seat 3: ArchiLangust ($134.30 in chips)
Seat 4: Chessnok ($60 in chips)
ArchiLangust: posts small blind $1
Chessnok: posts big blind $3
*** HOLE CARDS ***
ArchiLangust: raises $3 to $6
Chessnok: calls $3
*** FLOP *** [Ts Ks Kd]
Chessnok: checks
ArchiLangust: bets $3
Chessnok: folds
Uncalled bet ($3) returned to ArchiLangust
ArchiLangust collected $11.76 from pot
*** SUMMARY ***
Total pot $12 | Rake $0.24
Board [Ts Ks Kd]
Seat 3: ArchiLangust (button) (small blind) collected ($11.76)
Seat 4: Chessnok (big blind) folded on the Flop


PokerStars Hand #170383328979:  Hold'em Limit ($3/$6 USD) - 2017/05/13 19:18:05 ET
Table 'Schlutia' 6-max Seat #4 is the button
Seat 3: ArchiLangust ($140.06 in chips)
Seat 4: Chessnok ($60 in chips)
Chessnok: posts small blind $1
ArchiLangust: posts big blind $3
*** HOLE CARDS ***
Chessnok: raises $3 to $6
ArchiLangust: folds
Uncalled bet ($3) returned to Chessnok
Chessnok collected $6 from pot
Chessnok: doesn't show hand
*** SUMMARY ***
Total pot $6 | Rake $0
Seat 3: ArchiLangust (big blind) folded before Flop
Seat 4: Chessnok (button) (small blind) collected ($6)


PokerStars Hand #170383302969:  Hold'em Limit ($3/$6 USD) - 2017/05/13 19:17:22 ET
Table 'Schlutia' 6-max Seat #4 is the button
Seat 3: ArchiLangust ($134.55 in chips)
Seat 4: Chessnok ($60 in chips)
Chessnok: posts small blind $1
ArchiLangust: posts big blind $3
*** HOLE CARDS ***
Chessnok: raises $3 to $6
ArchiLangust: calls $3
*** FLOP *** [8c 7c Ad]
ArchiLangust: checks
Chessnok: checks
*** TURN *** [8c 7c Ad] [2d]
ArchiLangust: bets $6
Chessnok: calls $6
*** RIVER *** [8c 7c Ad 2d] [7d]
ArchiLangust: bets $6
Chessnok: calls $6
*** SHOW DOWN ***
ArchiLangust: shows [4h Ks] (a pair of Sevens)
Chessnok: shows [Kh 5c] (a pair of Sevens)
ArchiLangust collected $17.75 from pot
Chessnok collected $17.75 from pot
*** SUMMARY ***
Total pot $36 | Rake $0.50
Board [8c 7c Ad 2d 7d]
Seat 3: ArchiLangust (big blind) showed [4h Ks] and won ($17.75) with a pair of Sevens
Seat 4: Chessnok (button) (small blind) showed [Kh 5c] and won ($17.75) with a pair of Sevens


PokerStars Hand #170383291848:  Hold'em Limit ($3/$6 USD) - 2017/05/13 19:17:04 ET
Table 'Schlutia' 6-max Seat #3 is the button
Seat 3: ArchiLangust ($131.67 in chips)
Seat 4: Chessnok ($61.53 in chips)
ArchiLangust: posts small blind $1
Chessnok: posts big blind $3
*** HOLE CARDS ***
ArchiLangust: calls $2
Chessnok: checks
*** FLOP *** [Kh Qh Ac]
Chessnok: checks
ArchiLangust: checks
*** TURN *** [Kh Qh Ac] [Ah]
Chessnok: checks
ArchiLangust: checks
*** RIVER *** [Kh Qh Ac Ah] [Jd]
Chessnok: checks
ArchiLangust: checks
*** SHOW DOWN ***
Chessnok: shows [7c 3s] (a pair of Aces)
ArchiLangust: shows [Qs 8s] (two pair, Aces and Queens)
ArchiLangust collected $5.88 from pot
*** SUMMARY ***
Total pot $6 | Rake $0.12
Board [Kh Qh Ac Ah Jd]
Seat 3: ArchiLangust (button) (small blind) showed [Qs 8s] and won ($5.88) with two pair, Aces and Queens
Seat 4: Chessnok (big blind) showed [7c 3s] and lost with a pair of Aces


PokerStars Hand #170383364314:  Hold'em Limit ($3/$6 USD) - 2017/05/13 19:19:03 ET
Table 'Schlutia' 6-max Seat #3 is the button
Seat 3: ArchiLangust ($118.06 in chips)
Seat 4: Chessnok ($81.52 in chips)
ArchiLangust: posts small blind $1
Chessnok: posts big blind $3
*** HOLE CARDS ***
ArchiLangust: raises $3 to $6
Chessnok: calls $3
*** FLOP *** [Ah Jc 3c]
Chessnok: checks
ArchiLangust: bets $3
Chessnok: calls $3
*** TURN *** [Ah Jc 3c] [3s]
Chessnok: checks
ArchiLangust: bets $6
Chessnok: calls $6
*** RIVER *** [Ah Jc 3c 3s] [6h]
Chessnok: checks
ArchiLangust: bets $6
Chessnok: calls $6
*** SHOW DOWN ***
ArchiLangust: shows [4s 4h] (two pair, Fours and Threes)
Chessnok: mucks hand
ArchiLangust collected $41.50 from pot
*** SUMMARY ***
Total pot $42 | Rake $0.50
Board [Ah Jc 3c 3s 6h]
Seat 3: ArchiLangust (button) (small blind) showed [4s 4h] and won ($41.50) with two pair, Fours and Threes
Seat 4: Chessnok (big blind) mucked


PokerStars Hand #170383339701:  Hold'em Limit ($3/$6 USD) - 2017/05/13 19:18:22 ET
Table 'Schlutia' 6-max Seat #4 is the button
Seat 3: ArchiLangust ($136.06 in chips)
Seat 4: Chessnok ($64 in chips)
Chessnok: posts small blind $1
ArchiLangust: posts big blind $3
*** HOLE CARDS ***
Chessnok: raises $3 to $6
ArchiLangust: folds
Uncalled bet ($3) returned to Chessnok
Chessnok collected $6 from pot
Chessnok: doesn't show hand
*** SUMMARY ***
Total pot $6 | Rake $0
Seat 3: ArchiLangust (big blind) folded before Flop
Seat 4: Chessnok (button) (small blind) collected ($6)


PokerStars Hand #170383335872:  Hold'em Limit ($3/$6 USD) - 2017/05/13 19:18:16 ET
Table 'Schlutia' 6-max Seat #3 is the button
Seat 3: ArchiLangust ($137.06 in chips)
Seat 4: Chessnok ($63 in chips)
ArchiLangust: posts small blind $1
Chessnok: posts big blind $3
*** HOLE CARDS ***
ArchiLangust: folds
Uncalled bet ($2) returned to Chessnok
Chessnok collected $2 from pot
Chessnok: doesn't show hand
*** SUMMARY ***
Total pot $2 | Rake $0
Seat 3: ArchiLangust (button) (small blind) folded before Flop
Seat 4: Chessnok (big blind) collected ($2)


PokerStars Hand #170383344653:  Hold'em Limit ($3/$6 USD) - 2017/05/13 19:18:30 ET
Table 'Schlutia' 6-max Seat #3 is the button
Seat 3: ArchiLangust ($133.06 in chips)
Seat 4: Chessnok ($67 in chips)
ArchiLangust: posts small blind $1
Chessnok: posts big blind $3
*** HOLE CARDS ***
ArchiLangust: raises $3 to $6
Chessnok: raises $3 to $9
ArchiLangust: calls $3
*** FLOP *** [3d Ts Qc]
Chessnok: bets $3
ArchiLangust: calls $3
*** TURN *** [3d Ts Qc] [Ad]
Chessnok: bets $6
ArchiLangust: folds
Uncalled bet ($6) returned to Chessnok
Chessnok collected $23.52 from pot
Chessnok: doesn't show hand
*** SUMMARY ***
Total pot $24 | Rake $0.48
Board [3d Ts Qc Ad]
Seat 3: ArchiLangust (button) (small blind) folded on the Turn
Seat 4: Chessnok (big blind) collected ($23.52)


PokerStars Hand #170383357411:  Hold'em Limit ($3/$6 USD) - 2017/05/13 19:18:52 ET
Table 'Schlutia' 6-max Seat #3 is the button
Seat 3: ArchiLangust ($122.06 in chips)
Seat 4: Chessnok ($77.52 in chips)
ArchiLangust: posts small blind $1
Chessnok: posts big blind $3
*** HOLE CARDS ***
ArchiLangust: folds
Uncalled bet ($2) returned to Chessnok
Chessnok collected $2 from pot
Chessnok: doesn't show hand
*** SUMMARY ***
Total pot $2 | Rake $0
Seat 3: ArchiLangust (button) (small blind) folded before Flop
Seat 4: Chessnok (big blind) collected ($2)


PokerStars Hand #170383360534:  Hold'em Limit ($3/$6 USD) - 2017/05/13 19:18:57 ET
Table 'Schlutia' 6-max Seat #4 is the button
Seat 3: ArchiLangust ($121.06 in chips)
Seat 4: Chessnok ($78.52 in chips)
Chessnok: posts small blind $1
ArchiLangust: posts big blind $3
*** HOLE CARDS ***
Chessnok: raises $3 to $6
ArchiLangust: folds
Uncalled bet ($3) returned to Chessnok
Chessnok collected $6 from pot
Chessnok: doesn't show hand
*** SUMMARY ***
Total pot $6 | Rake $0
Seat 3: ArchiLangust (big blind) folded before Flop
Seat 4: Chessnok (button) (small blind) collected ($6)


PokerStars Hand #170383390037:  Hold'em Limit ($3/$6 USD) - 2017/05/13 19:19:46 ET
Table 'Schlutia' 6-max Seat #3 is the button
Seat 3: ArchiLangust ($120.56 in chips)
Seat 4: Chessnok ($78.02 in chips)
ArchiLangust: posts small blind $1
Chessnok: posts big blind $3
*** HOLE CARDS ***
ArchiLangust: folds
Uncalled bet ($2) returned to Chessnok
Chessnok collected $2 from pot
Chessnok: doesn't show hand
*** SUMMARY ***
Total pot $2 | Rake $0
Seat 3: ArchiLangust (button) (small blind) folded before Flop
Seat 4: Chessnok (big blind) collected ($2)


PokerStars Hand #170383374950:  Hold'em Limit ($3/$6 USD) - 2017/05/13 19:19:21 ET
Table 'Schlutia' 6-max Seat #4 is the button
Seat 3: ArchiLangust ($138.56 in chips)
Seat 4: Chessnok ($60.52 in chips)
Chessnok: posts small blind $1
ArchiLangust: posts big blind $3
*** HOLE CARDS ***
Chessnok: raises $3 to $6
ArchiLangust: calls $3
*** FLOP *** [9c 2c 4c]
ArchiLangust: checks
Chessnok: checks
*** TURN *** [9c 2c 4c] [3h]
ArchiLangust: bets $6
Chessnok: calls $6
*** RIVER *** [9c 2c 4c 3h] [5d]
ArchiLangust: bets $6
Chessnok: calls $6
*** SHOW DOWN ***
ArchiLangust: shows [Ks 8c] (high card King)
Chessnok: shows [2d Td] (a pair of Deuces)
Chessnok collected $35.50 from pot
*** SUMMARY ***
Total pot $36 | Rake $0.50
Board [9c 2c 4c 3h 5d]
Seat 3: ArchiLangust (big blind) showed [Ks 8c] and lost with high card King
Seat 4: Chessnok (button) (small blind) showed [2d Td] and won ($35.50) with a pair of Deuces


PokerStars Hand #170383393115:  Hold'em Limit ($3/$6 USD) - 2017/05/13 19:19:51 ET
Table 'Schlutia' 6-max Seat #4 is the button
Seat 3: ArchiLangust ($119.56 in chips)
Seat 4: Chessnok ($79.02 in chips)
Chessnok: posts small blind $1
ArchiLangust: posts big blind $3
*** HOLE CARDS ***
Chessnok: raises $3 to $6
ArchiLangust: calls $3
*** FLOP *** [Qs 6c 4c]
ArchiLangust: bets $3
Chessnok: calls $3
*** TURN *** [Qs 6c 4c] [5c]
ArchiLangust: bets $6
Chessnok: calls $6
*** RIVER *** [Qs 6c 4c 5c] [3h]
ArchiLangust: bets $6
Chessnok: raises $6 to $12
ArchiLangust: calls $6
*** SHOW DOWN ***
Chessnok: shows [2c Ah] (a straight, Deuce to Six)
ArchiLangust: mucks hand
Chessnok collected $53.50 from pot
*** SUMMARY ***
Total pot $54 | Rake $0.50
Board [Qs 6c 4c 5c 3h]
Seat 3: ArchiLangust (big blind) mucked
Seat 4: Chessnok (button) (small blind) showed [2c Ah] and won ($53.50) with a straight, Deuce to Six


PokerStars Hand #170383405730:  Hold'em Limit ($3/$6 USD) - 2017/05/13 19:20:12 ET
Table 'Schlutia' 6-max Seat #3 is the button
Seat 3: ArchiLangust ($92.56 in chips)
Seat 4: Chessnok ($105.52 in chips)
ArchiLangust: posts small blind $1
Chessnok: posts big blind $3
*** HOLE CARDS ***
ArchiLangust: raises $3 to $6
Chessnok: calls $3
*** FLOP *** [6s Ac Qd]
Chessnok: checks
ArchiLangust: bets $3
Chessnok: calls $3
*** TURN *** [6s Ac Qd] [6c]
Chessnok: checks
ArchiLangust: bets $6
Chessnok: folds
Uncalled bet ($6) returned to ArchiLangust
ArchiLangust collected $17.64 from pot
*** SUMMARY ***
Total pot $18 | Rake $0.36
Board [6s Ac Qd 6c]
Seat 3: ArchiLangust (button) (small blind) collected ($17.64)
Seat 4: Chessnok (big blind) folded on the Turn


PokerStars Hand #170383432432:  Hold'em Limit ($3/$6 USD) - 2017/05/13 19:20:56 ET
Table 'Schlutia' 6-max Seat #4 is the button
Seat 3: ArchiLangust ($81.20 in chips)
Seat 4: Chessnok ($116.02 in chips)
Chessnok: posts small blind $1
ArchiLangust: posts big blind $3
*** HOLE CARDS ***
Chessnok: folds
Uncalled bet ($2) returned to ArchiLangust
ArchiLangust collected $2 from pot
*** SUMMARY ***
Total pot $2 | Rake $0
Seat 3: ArchiLangust (big blind) collected ($2)
Seat 4: Chessnok (button) (small blind) folded before Flop


PokerStars Hand #170383417755:  Hold'em Limit ($3/$6 USD) - 2017/05/13 19:20:32 ET
Table 'Schlutia' 6-max Seat #3 is the button
Seat 3: ArchiLangust ($102.20 in chips)
Seat 4: Chessnok ($95.52 in chips)
ArchiLangust: posts small blind $1
Chessnok: posts big blind $3
*** HOLE CARDS ***
ArchiLangust: raises $3 to $6
Chessnok: calls $3
*** FLOP *** [2s 5h 7h]
Chessnok: checks
ArchiLangust: bets $3
Chessnok: calls $3
*** TURN *** [2s 5h 7h] [4d]
Chessnok: checks
ArchiLangust: bets $6
Chessnok: calls $6
*** RIVER *** [2s 5h 7h 4d] [3c]
Chessnok: bets $6
ArchiLangust: calls $6
*** SHOW DOWN ***
Chessnok: shows [2h Ac] (a straight, Ace to Five)
ArchiLangust: mucks hand
Chessnok collected $41.50 from pot
*** SUMMARY ***
Total pot $42 | Rake $0.50
Board [2s 5h 7h 4d 3c]
Seat 3: ArchiLangust (button) (small blind) mucked
Seat 4: Chessnok (big blind) showed [2h Ac] and won ($41.50) with a straight, Ace to Five


PokerStars Hand #170383435799:  Hold'em Limit ($3/$6 USD) - 2017/05/13 19:21:02 ET
Table 'Schlutia' 6-max Seat #3 is the button
Seat 3: ArchiLangust ($82.20 in chips)
Seat 4: Chessnok ($115.02 in chips)
ArchiLangust: posts small blind $1
Chessnok: posts big blind $3
*** HOLE CARDS ***
ArchiLangust: raises $3 to $6
Chessnok: calls $3
*** FLOP *** [5c 8d 8h]
Chessnok: checks
ArchiLangust is disconnected
ArchiLangust is connected
ArchiLangust: bets $3
Chessnok: calls $3
*** TURN *** [5c 8d 8h] [Th]
Chessnok: checks
ArchiLangust: bets $6
Chessnok: calls $6
*** RIVER *** [5c 8d 8h Th] [6h]
Chessnok: checks
ArchiLangust: bets $6
Chessnok: folds
Uncalled bet ($6) returned to ArchiLangust
ArchiLangust collected $29.50 from pot
*** SUMMARY ***
Total pot $30 | Rake $0.50
Board [5c 8d 8h Th 6h]
Seat 3: ArchiLangust (button) (small blind) collected ($29.50)
Seat 4: Chessnok (big blind) folded on the River


PokerStars Hand #170383502484:  Hold'em Limit ($3/$6 USD) - 2017/05/13 19:22:52 ET
Table 'Schlutia' 6-max Seat #3 is the button
Seat 3: ArchiLangust ($113.20 in chips)
Seat 4: Chessnok ($82.78 in chips)
ArchiLangust: posts small blind $1
Chessnok: posts big blind $3
*** HOLE CARDS ***
ArchiLangust: raises $3 to $6
Chessnok: raises $3 to $9
ArchiLangust: calls $3
*** FLOP *** [7s 6h Qc]
Chessnok: bets $3
ArchiLangust: folds
Uncalled bet ($3) returned to Chessnok
Chessnok collected $17.64 from pot
Chessnok: doesn't show hand
*** SUMMARY ***
Total pot $18 | Rake $0.36
Board [7s 6h Qc]
Seat 3: ArchiLangust (button) (small blind) folded on the Flop
Seat 4: Chessnok (big blind) collected ($17.64)


PokerStars Hand #170383511501:  Hold'em Limit ($3/$6 USD) - 2017/05/13 19:23:07 ET
Table 'Schlutia' 6-max Seat #4 is the button
Seat 3: ArchiLangust ($104.20 in chips)
Seat 4: Chessnok ($91.42 in chips)
Chessnok: posts small blind $1
ArchiLangust: posts big blind $3
*** HOLE CARDS ***
Chessnok: raises $3 to $6
ArchiLangust: calls $3
*** FLOP *** [3s 4h 2h]
ArchiLangust: checks
Chessnok: bets $3
ArchiLangust: folds
Uncalled bet ($3) returned to Chessnok
Chessnok collected $11.76 from pot
Chessnok: doesn't show hand
*** SUMMARY ***
Total pot $12 | Rake $0.24
Board [3s 4h 2h]
Seat 3: ArchiLangust (big blind) folded on the Flop
Seat 4: Chessnok (button) (small blind) collected ($11.76)


PokerStars Hand #170383491084:  Hold'em Limit ($3/$6 USD) - 2017/05/13 19:22:33 ET
Table 'Schlutia' 6-max Seat #3 is the button
Seat 3: ArchiLangust ($120.20 in chips)
Seat 4: Chessnok ($76.02 in chips)
ArchiLangust: posts small blind $1
Chessnok: posts big blind $3
*** HOLE CARDS ***
ArchiLangust: folds
Uncalled bet ($2) returned to Chessnok
Chessnok collected $2 from pot
Chessnok: doesn't show hand
*** SUMMARY ***
Total pot $2 | Rake $0
Seat 3: ArchiLangust (button) (small blind) folded before Flop
Seat 4: Chessnok (big blind) collected ($2)


PokerStars Hand #170383478890:  Hold'em Limit ($3/$6 USD) - 2017/05/13 19:22:13 ET
Table 'Schlutia' 6-max Seat #4 is the button
Seat 3: ArchiLangust ($96.70 in chips)
Seat 4: Chessnok ($100.02 in chips)
Chessnok: posts small blind $1
ArchiLangust: posts big blind $3
*** HOLE CARDS ***
Chessnok: raises $3 to $6
ArchiLangust: raises $3 to $9
Chessnok: calls $3
*** FLOP *** [9d 9h Kc]
ArchiLangust: bets $3
Chessnok: calls $3
*** TURN *** [9d 9h Kc] [2h]
ArchiLangust: bets $6
Chessnok: calls $6
*** RIVER *** [9d 9h Kc 2h] [Js]
ArchiLangust: bets $6
Chessnok: calls $6
*** SHOW DOWN ***
ArchiLangust: shows [8h 8c] (two pair, Nines and Eights)
Chessnok: mucks hand
ArchiLangust collected $47.50 from pot
*** SUMMARY ***
Total pot $48 | Rake $0.50
Board [9d 9h Kc 2h Js]
Seat 3: ArchiLangust (big blind) showed [8h 8c] and won ($47.50) with two pair, Nines and Eights
Seat 4: Chessnok (button) (small blind) mucked


PokerStars Hand #170383494708:  Hold'em Limit ($3/$6 USD) - 2017/05/13 19:22:39 ET
Table 'Schlutia' 6-max Seat #4 is the button
Seat 3: ArchiLangust ($119.20 in chips)
Seat 4: Chessnok ($77.02 in chips)
Chessnok: posts small blind $1
ArchiLangust: posts big blind $3
*** HOLE CARDS ***
Chessnok: raises $3 to $6
ArchiLangust: calls $3
*** FLOP *** [3c Qs 2s]
ArchiLangust: checks
Chessnok: bets $3
ArchiLangust: folds
Uncalled bet ($3) returned to Chessnok
Chessnok collected $11.76 from pot
Chessnok: doesn't show hand
*** SUMMARY ***
Total pot $12 | Rake $0.24
Board [3c Qs 2s]
Seat 3: ArchiLangust (big blind) folded on the Flop
Seat 4: Chessnok (button) (small blind) collected ($11.76)


PokerStars Hand #170383541455:  Hold'em Limit ($3/$6 USD) - 2017/05/13 19:23:56 ET
Table 'Schlutia' 6-max Seat #3 is the button
Seat 3: ArchiLangust ($76.20 in chips)
Seat 4: Chessnok ($118.68 in chips)
ArchiLangust: posts small blind $1
Chessnok: posts big blind $3
*** HOLE CARDS ***
ArchiLangust: folds
Uncalled bet ($2) returned to Chessnok
Chessnok collected $2 from pot
Chessnok: doesn't show hand
*** SUMMARY ***
Total pot $2 | Rake $0
Seat 3: ArchiLangust (button) (small blind) folded before Flop
Seat 4: Chessnok (big blind) collected ($2)


PokerStars Hand #170383520586:  Hold'em Limit ($3/$6 USD) - 2017/05/13 19:23:22 ET
Table 'Schlutia' 6-max Seat #3 is the button
Seat 3: ArchiLangust ($98.20 in chips)
Seat 4: Chessnok ($97.18 in chips)
ArchiLangust: posts small blind $1
Chessnok: posts big blind $3
*** HOLE CARDS ***
ArchiLangust: folds
Uncalled bet ($2) returned to Chessnok
Chessnok collected $2 from pot
Chessnok: doesn't show hand
*** SUMMARY ***
Total pot $2 | Rake $0
Seat 3: ArchiLangust (button) (small blind) folded before Flop
Seat 4: Chessnok (big blind) collected ($2)


PokerStars Hand #170383544349:  Hold'em Limit ($3/$6 USD) - 2017/05/13 19:24:01 ET
Table 'Schlutia' 6-max Seat #4 is the button
Seat 3: ArchiLangust ($75.20 in chips)
Seat 4: Chessnok ($119.68 in chips)
Chessnok: posts small blind $1
ArchiLangust: posts big blind $3
*** HOLE CARDS ***
Chessnok: raises $3 to $6
ArchiLangust: calls $3
*** FLOP *** [Qs 6c Kc]
ArchiLangust: bets $3
Chessnok: raises $3 to $6
ArchiLangust: raises $3 to $9
Chessnok: calls $3
*** TURN *** [Qs 6c Kc] [4c]
ArchiLangust: bets $6
Chessnok: calls $6
*** RIVER *** [Qs 6c Kc 4c] [7c]
ArchiLangust: bets $6
Chessnok: calls $6
*** SHOW DOWN ***
ArchiLangust: shows [9c 7d] (a flush, King high)
Chessnok: mucks hand
ArchiLangust collected $53.50 from pot
*** SUMMARY ***
Total pot $54 | Rake $0.50
Board [Qs 6c Kc 4c 7c]
Seat 3: ArchiLangust (big blind) showed [9c 7d] and won ($53.50) with a flush, King high
Seat 4: Chessnok (button) (small blind) mucked


PokerStars Hand #170383561933:  Hold'em Limit ($3/$6 USD) - 2017/05/13 19:24:31 ET
Table 'Schlutia' 6-max Seat #3 is the button
Seat 3: ArchiLangust ($101.70 in chips)
Seat 4: Chessnok ($92.68 in chips)
ArchiLangust: posts small blind $1
Chessnok: posts big blind $3
*** HOLE CARDS ***
ArchiLangust: folds
Uncalled bet ($2) returned to Chessnok
Chessnok collected $2 from pot
Chessnok: doesn't show hand
*** SUMMARY ***
Total pot $2 | Rake $0
Seat 3: ArchiLangust (button) (small blind) folded before Flop
Seat 4: Chessnok (big blind) collected ($2)


PokerStars Hand #170383570177:  Hold'em Limit ($3/$6 USD) - 2017/05/13 19:24:45 ET
Table 'Schlutia' 6-max Seat #3 is the button
Seat 3: ArchiLangust ($101.70 in chips)
Seat 4: Chessnok ($92.68 in chips)
ArchiLangust: posts small blind $1
Chessnok: posts big blind $3
*** HOLE CARDS ***
ArchiLangust: folds
Uncalled bet ($2) returned to Chessnok
Chessnok collected $2 from pot
Chessnok: doesn't show hand
*** SUMMARY ***
Total pot $2 | Rake $0
Seat 3: ArchiLangust (button) (small blind) folded before Flop
Seat 4: Chessnok (big blind) collected ($2)


PokerStars Hand #170383566288:  Hold'em Limit ($3/$6 USD) - 2017/05/13 19:24:38 ET
Table 'Schlutia' 6-max Seat #4 is the button
Seat 3: ArchiLangust ($100.70 in chips)
Seat 4: Chessnok ($93.68 in chips)
Chessnok: posts small blind $1
ArchiLangust: posts big blind $3
*** HOLE CARDS ***
Chessnok: folds
Uncalled bet ($2) returned to ArchiLangust
ArchiLangust collected $2 from pot
*** SUMMARY ***
Total pot $2 | Rake $0
Seat 3: ArchiLangust (big blind) collected ($2)
Seat 4: Chessnok (button) (small blind) folded before Flop


PokerStars Hand #170383576118:  Hold'em Limit ($3/$6 USD) - 2017/05/13 19:24:55 ET
Table 'Schlutia' 6-max Seat #3 is the button
Seat 3: ArchiLangust ($101.70 in chips)
Seat 4: Chessnok ($92.68 in chips)
ArchiLangust: posts small blind $1
Chessnok: posts big blind $3
*** HOLE CARDS ***
ArchiLangust: folds
Uncalled bet ($2) returned to Chessnok
Chessnok collected $2 from pot
Chessnok: doesn't show hand
*** SUMMARY ***
Total pot $2 | Rake $0
Seat 3: ArchiLangust (button) (small blind) folded before Flop
Seat 4: Chessnok (big blind) collected ($2)


PokerStars Hand #170383573160:  Hold'em Limit ($3/$6 USD) - 2017/05/13 19:24:50 ET
Table 'Schlutia' 6-max Seat #4 is the button
Seat 3: ArchiLangust ($100.70 in chips)
Seat 4: Chessnok ($93.68 in chips)
Chessnok: posts small blind $1
ArchiLangust: posts big blind $3
*** HOLE CARDS ***
Chessnok: folds
Uncalled bet ($2) returned to ArchiLangust
ArchiLangust collected $2 from pot
*** SUMMARY ***
Total pot $2 | Rake $0
Seat 3: ArchiLangust (big blind) collected ($2)
Seat 4: Chessnok (button) (small blind) folded before Flop


PokerStars Hand #170383579114:  Hold'em Limit ($3/$6 USD) - 2017/05/13 19:25:00 ET
Table 'Schlutia' 6-max Seat #4 is the button
Seat 3: ArchiLangust ($100.70 in chips)
Seat 4: Chessnok ($93.68 in chips)
Chessnok: posts small blind $1
ArchiLangust: posts big blind $3
*** HOLE CARDS ***
Chessnok: raises $3 to $6
ArchiLangust: raises $3 to $9
Chessnok: calls $3
*** FLOP *** [Th Qs 8h]
ArchiLangust: checks
Chessnok: bets $3
ArchiLangust: raises $3 to $6
Chessnok: calls $3
*** TURN *** [Th Qs 8h] [3d]
ArchiLangust: checks
Chessnok: checks
*** RIVER *** [Th Qs 8h 3d] [2s]
ArchiLangust: bets $6
Chessnok: calls $6
*** SHOW DOWN ***
ArchiLangust: shows [Qh Tc] (two pair, Queens and Tens)
Chessnok: mucks hand
ArchiLangust collected $41.50 from pot
*** SUMMARY ***
Total pot $42 | Rake $0.50
Board [Th Qs 8h 3d 2s]
Seat 3: ArchiLangust (big blind) showed [Qh Tc] and won ($41.50) with two pair, Queens and Tens
Seat 4: Chessnok (button) (small blind) mucked


PokerStars Hand #170383596570:  Hold'em Limit ($3/$6 USD) - 2017/05/13 19:25:29 ET
Table 'Schlutia' 6-max Seat #3 is the button
Seat 3: ArchiLangust ($121.20 in chips)
Seat 4: Chessnok ($72.68 in chips)
ArchiLangust: posts small blind $1
Chessnok: posts big blind $3
*** HOLE CARDS ***
ArchiLangust: folds
Uncalled bet ($2) returned to Chessnok
Chessnok collected $2 from pot
Chessnok: doesn't show hand
*** SUMMARY ***
Total pot $2 | Rake $0
Seat 3: ArchiLangust (button) (small blind) folded before Flop
Seat 4: Chessnok (big blind) collected ($2)


PokerStars Hand #170383616334:  Hold'em Limit ($3/$6 USD) - 2017/05/13 19:26:02 ET
Table 'Schlutia' 6-max Seat #3 is the button
Seat 3: ArchiLangust ($96.20 in chips)
Seat 4: Chessnok ($97.18 in chips)
ArchiLangust: posts small blind $1
Chessnok: posts big blind $3
*** HOLE CARDS ***
ArchiLangust: folds
Uncalled bet ($2) returned to Chessnok
Chessnok collected $2 from pot
Chessnok: doesn't show hand
*** SUMMARY ***
Total pot $2 | Rake $0
Seat 3: ArchiLangust (button) (small blind) folded before Flop
Seat 4: Chessnok (big blind) collected ($2)


PokerStars Hand #170383601053:  Hold'em Limit ($3/$6 USD) - 2017/05/13 19:25:36 ET
Table 'Schlutia' 6-max Seat #4 is the button
Seat 3: ArchiLangust ($120.20 in chips)
Seat 4: Chessnok ($73.68 in chips)
Chessnok: posts small blind $1
ArchiLangust: posts big blind $3
*** HOLE CARDS ***
Chessnok: raises $3 to $6
ArchiLangust: raises $3 to $9
Chessnok: calls $3
*** FLOP *** [Qh Tc 7s]
ArchiLangust: checks
Chessnok: bets $3
ArchiLangust: calls $3
*** TURN *** [Qh Tc 7s] [Ah]
guinness5860 joins the table at seat #2
ArchiLangust: bets $6
Chessnok: raises $6 to $12
ArchiLangust: calls $6
*** RIVER *** [Qh Tc 7s Ah] [8h]
ArchiLangust: checks
Chessnok: bets $6
ArchiLangust: folds
Uncalled bet ($6) returned to Chessnok
Chessnok collected $47.50 from pot
Chessnok: doesn't show hand
*** SUMMARY ***
Total pot $48 | Rake $0.50
Board [Qh Tc 7s Ah 8h]
Seat 3: ArchiLangust (big blind) folded on the River
Seat 4: Chessnok (button) (small blind) collected ($47.50)


