PokerStars Hand #162663824885:  Hold'em Limit ($3/$6 USD) - 2016/12/09 10:37:42 ET
Table 'Schlutia II' 6-max Seat #1 is the button
Seat 1: Velbor107 ($275 in chips)
Seat 2: Auge72 ($144.50 in chips)
Velbor107: posts small blind $1
Auge72: posts big blind $3
*** HOLE CARDS ***
Velbor107: raises $3 to $6
Auge72: calls $3
*** FLOP *** [Ah 9s 2s]
RockKillerTY joins the table at seat #4
Auge72: checks
Velbor107: bets $3
Auge72: calls $3
*** TURN *** [Ah 9s 2s] [7h]
Auge72: checks
Velbor107: checks
*** RIVER *** [Ah 9s 2s 7h] [6h]
Auge72: checks
Velbor107: checks
*** SHOW DOWN ***
Auge72: shows [Js Ad] (a pair of Aces)
Velbor107: mucks hand
Auge72 collected $17.64 from pot
*** SUMMARY ***
Total pot $18 | Rake $0.36
Board [Ah 9s 2s 7h 6h]
Seat 1: Velbor107 (button) (small blind) mucked
Seat 2: Auge72 (big blind) showed [Js Ad] and won ($17.64) with a pair of Aces


PokerStars Hand #162663798082:  Hold'em Limit ($3/$6 USD) - 2016/12/09 10:37:05 ET
Table 'Schlutia II' 6-max Seat #2 is the button
Seat 1: Velbor107 ($299 in chips)
Seat 2: Auge72 ($121 in chips)
Auge72: posts small blind $1
Velbor107: posts big blind $3
*** HOLE CARDS ***
Auge72: raises $3 to $6
Ale4o joins the table at seat #3
Velbor107: raises $3 to $9
Auge72: calls $3
*** FLOP *** [2c Jd 9h]
Velbor107: bets $3
Auge72: calls $3
*** TURN *** [2c Jd 9h] [5h]
Velbor107: checks
Auge72: bets $6
Velbor107: calls $6
*** RIVER *** [2c Jd 9h 5h] [6s]
Velbor107: checks
Auge72: bets $6
Velbor107: calls $6
*** SHOW DOWN ***
Auge72: shows [2h 2d] (three of a kind, Deuces)
Velbor107: mucks hand
Auge72 collected $47.50 from pot
*** SUMMARY ***
Total pot $48 | Rake $0.50
Board [2c Jd 9h 5h 6s]
Seat 1: Velbor107 (big blind) mucked
Seat 2: Auge72 (button) (small blind) showed [2h 2d] and won ($47.50) with three of a kind, Deuces


PokerStars Hand #162664806856:  Hold'em Limit ($3/$6 USD) - 2016/12/09 11:00:28 ET
Table 'Schlutia II' 6-max Seat #3 is the button
Seat 3: surfguy4 ($106.81 in chips)
Seat 4: Actionni13 ($153 in chips)
surfguy4: posts small blind $1
Actionni13: posts big blind $3
*** HOLE CARDS ***
surfguy4: raises $3 to $6
Actionni13: calls $3
*** FLOP *** [Jd 7s 7c]
Actionni13: checks
surfguy4: bets $3
Actionni13: raises $3 to $6
surfguy4: calls $3
*** TURN *** [Jd 7s 7c] [Kc]
Actionni13: bets $6
surfguy4: raises $6 to $12
Actionni13: calls $6
*** RIVER *** [Jd 7s 7c Kc] [2c]
Actionni13: checks
surfguy4: bets $6
Actionni13: calls $6
*** SHOW DOWN ***
surfguy4: shows [Ac Kh] (two pair, Kings and Sevens)
Actionni13: mucks hand
surfguy4 collected $59.50 from pot
*** SUMMARY ***
Total pot $60 | Rake $0.50
Board [Jd 7s 7c Kc 2c]
Seat 3: surfguy4 (button) (small blind) showed [Ac Kh] and won ($59.50) with two pair, Kings and Sevens
Seat 4: Actionni13 (big blind) mucked


PokerStars Hand #162664826754:  Hold'em Limit ($3/$6 USD) - 2016/12/09 11:00:57 ET
Table 'Schlutia II' 6-max Seat #4 is the button
Seat 3: surfguy4 ($136.31 in chips)
Seat 4: Actionni13 ($150 in chips)
Actionni13: posts small blind $1
surfguy4: posts big blind $3
*** HOLE CARDS ***
Actionni13: raises $3 to $6
surfguy4: calls $3
*** FLOP *** [9c 6d Ah]
surfguy4: checks
Actionni13: bets $3
surfguy4: calls $3
*** TURN *** [9c 6d Ah] [3h]
surfguy4: checks
Actionni13: checks
*** RIVER *** [9c 6d Ah 3h] [Kd]
surfguy4: bets $6
Actionni13: folds
Uncalled bet ($6) returned to surfguy4
surfguy4 collected $17.64 from pot
*** SUMMARY ***
Total pot $18 | Rake $0.36
Board [9c 6d Ah 3h Kd]
Seat 3: surfguy4 (big blind) collected ($17.64)
Seat 4: Actionni13 (button) (small blind) folded on the River


PokerStars Hand #162664842419:  Hold'em Limit ($3/$6 USD) - 2016/12/09 11:01:20 ET
Table 'Schlutia II' 6-max Seat #3 is the button
Seat 3: surfguy4 ($144.95 in chips)
Seat 4: Actionni13 ($150 in chips)
surfguy4: posts small blind $1
Actionni13: posts big blind $3
*** HOLE CARDS ***
surfguy4: raises $3 to $6
Actionni13: calls $3
*** FLOP *** [7c 7h Qd]
Actionni13: checks
surfguy4: bets $3
Actionni13: calls $3
*** TURN *** [7c 7h Qd] [3s]
Actionni13: checks
surfguy4: checks
*** RIVER *** [7c 7h Qd 3s] [9h]
Actionni13: bets $6
surfguy4: calls $6
*** SHOW DOWN ***
Actionni13: shows [Js Qc] (two pair, Queens and Sevens)
surfguy4: mucks hand
Actionni13 collected $29.50 from pot
*** SUMMARY ***
Total pot $30 | Rake $0.50
Board [7c 7h Qd 3s 9h]
Seat 3: surfguy4 (button) (small blind) mucked
Seat 4: Actionni13 (big blind) showed [Js Qc] and won ($29.50) with two pair, Queens and Sevens


PokerStars Hand #162664857653:  Hold'em Limit ($3/$6 USD) - 2016/12/09 11:01:41 ET
Table 'Schlutia II' 6-max Seat #4 is the button
Seat 3: surfguy4 ($129.95 in chips)
Seat 4: Actionni13 ($164.50 in chips)
Actionni13: posts small blind $1
surfguy4: posts big blind $3
*** HOLE CARDS ***
Actionni13: raises $3 to $6
surfguy4: calls $3
*** FLOP *** [3d Ts 2c]
surfguy4: checks
Actionni13: bets $3
surfguy4: calls $3
*** TURN *** [3d Ts 2c] [Tc]
surfguy4: checks
Actionni13: checks
*** RIVER *** [3d Ts 2c Tc] [Qd]
surfguy4: bets $6
Actionni13: folds
Uncalled bet ($6) returned to surfguy4
surfguy4 collected $17.64 from pot
*** SUMMARY ***
Total pot $18 | Rake $0.36
Board [3d Ts 2c Tc Qd]
Seat 3: surfguy4 (big blind) collected ($17.64)
Seat 4: Actionni13 (button) (small blind) folded on the River


PokerStars Hand #162664871587:  Hold'em Limit ($3/$6 USD) - 2016/12/09 11:02:00 ET
Table 'Schlutia II' 6-max Seat #3 is the button
Seat 3: surfguy4 ($138.59 in chips)
Seat 4: Actionni13 ($155.50 in chips)
surfguy4: posts small blind $1
Actionni13: posts big blind $3
*** HOLE CARDS ***
surfguy4: raises $3 to $6
Actionni13: calls $3
*** FLOP *** [9s Ts 8d]
Actionni13: checks
surfguy4: checks
*** TURN *** [9s Ts 8d] [Jc]
Actionni13: bets $6
surfguy4: raises $6 to $12
Actionni13: raises $6 to $18
surfguy4: raises $6 to $24
Betting is capped
Actionni13: calls $6
*** RIVER *** [9s Ts 8d Jc] [4c]
Actionni13: checks
surfguy4: bets $6
Actionni13: calls $6
*** SHOW DOWN ***
surfguy4: shows [Kh Qc] (a straight, Nine to King)
Actionni13: mucks hand
surfguy4 collected $71.50 from pot
*** SUMMARY ***
Total pot $72 | Rake $0.50
Board [9s Ts 8d Jc 4c]
Seat 3: surfguy4 (button) (small blind) showed [Kh Qc] and won ($71.50) with a straight, Nine to King
Seat 4: Actionni13 (big blind) mucked


PokerStars Hand #162664912352:  Hold'em Limit ($3/$6 USD) - 2016/12/09 11:02:56 ET
Table 'Schlutia II' 6-max Seat #3 is the button
Seat 3: surfguy4 ($156.09 in chips)
Seat 4: Actionni13 ($167.50 in chips)
surfguy4: posts small blind $1
Actionni13: posts big blind $3
*** HOLE CARDS ***
surfguy4: folds
Uncalled bet ($2) returned to Actionni13
Actionni13 collected $2 from pot
*** SUMMARY ***
Total pot $2 | Rake $0
Seat 3: surfguy4 (button) (small blind) folded before Flop
Seat 4: Actionni13 (big blind) collected ($2)


PokerStars Hand #162664895772:  Hold'em Limit ($3/$6 USD) - 2016/12/09 11:02:33 ET
Table 'Schlutia II' 6-max Seat #4 is the button
Seat 3: surfguy4 ($174.09 in chips)
Seat 4: Actionni13 ($150 in chips)
Actionni13: posts small blind $1
surfguy4: posts big blind $3
*** HOLE CARDS ***
Actionni13: raises $3 to $6
surfguy4: raises $3 to $9
Actionni13: calls $3
*** FLOP *** [Js 6s Jd]
surfguy4: bets $3
Actionni13: calls $3
*** TURN *** [Js 6s Jd] [Tc]
surfguy4: bets $6
Actionni13: calls $6
*** RIVER *** [Js 6s Jd Tc] [Td]
surfguy4: checks
Actionni13: bets $6
surfguy4: folds
Uncalled bet ($6) returned to Actionni13
Actionni13 collected $35.50 from pot
*** SUMMARY ***
Total pot $36 | Rake $0.50
Board [Js 6s Jd Tc Td]
Seat 3: surfguy4 (big blind) folded on the River
Seat 4: Actionni13 (button) (small blind) collected ($35.50)


PokerStars Hand #162664915737:  Hold'em Limit ($3/$6 USD) - 2016/12/09 11:03:00 ET
Table 'Schlutia II' 6-max Seat #4 is the button
Seat 3: surfguy4 ($155.09 in chips)
Seat 4: Actionni13 ($168.50 in chips)
Actionni13: posts small blind $1
surfguy4: posts big blind $3
*** HOLE CARDS ***
Actionni13: raises $3 to $6
surfguy4: calls $3
*** FLOP *** [Jh 8d 9s]
surfguy4: checks
Actionni13: bets $3
surfguy4: raises $3 to $6
Actionni13: calls $3
*** TURN *** [Jh 8d 9s] [5c]
surfguy4: bets $6
Actionni13: calls $6
*** RIVER *** [Jh 8d 9s 5c] [Qc]
surfguy4: checks
Actionni13: checks
*** SHOW DOWN ***
surfguy4: shows [9d 8s] (two pair, Nines and Eights)
Actionni13: mucks hand
surfguy4 collected $35.50 from pot
*** SUMMARY ***
Total pot $36 | Rake $0.50
Board [Jh 8d 9s 5c Qc]
Seat 3: surfguy4 (big blind) showed [9d 8s] and won ($35.50) with two pair, Nines and Eights
Seat 4: Actionni13 (button) (small blind) mucked


PokerStars Hand #162664931369:  Hold'em Limit ($3/$6 USD) - 2016/12/09 11:03:21 ET
Table 'Schlutia II' 6-max Seat #3 is the button
Seat 3: surfguy4 ($172.59 in chips)
Seat 4: Actionni13 ($150.50 in chips)
surfguy4: posts small blind $1
Actionni13: posts big blind $3
*** HOLE CARDS ***
surfguy4: folds
Uncalled bet ($2) returned to Actionni13
Actionni13 collected $2 from pot
*** SUMMARY ***
Total pot $2 | Rake $0
Seat 3: surfguy4 (button) (small blind) folded before Flop
Seat 4: Actionni13 (big blind) collected ($2)


PokerStars Hand #162664934616:  Hold'em Limit ($3/$6 USD) - 2016/12/09 11:03:26 ET
Table 'Schlutia II' 6-max Seat #4 is the button
Seat 3: surfguy4 ($171.59 in chips)
Seat 4: Actionni13 ($151.50 in chips)
Actionni13: posts small blind $1
surfguy4: posts big blind $3
*** HOLE CARDS ***
Actionni13: raises $3 to $6
surfguy4: calls $3
*** FLOP *** [2s 9s 2d]
surfguy4: checks
Actionni13: bets $3
surfguy4: folds
Uncalled bet ($3) returned to Actionni13
Actionni13 collected $11.76 from pot
*** SUMMARY ***
Total pot $12 | Rake $0.24
Board [2s 9s 2d]
Seat 3: surfguy4 (big blind) folded on the Flop
Seat 4: Actionni13 (button) (small blind) collected ($11.76)


PokerStars Hand #162664942370:  Hold'em Limit ($3/$6 USD) - 2016/12/09 11:03:36 ET
Table 'Schlutia II' 6-max Seat #3 is the button
Seat 3: surfguy4 ($165.59 in chips)
Seat 4: Actionni13 ($157.26 in chips)
surfguy4: posts small blind $1
Actionni13: posts big blind $3
*** HOLE CARDS ***
surfguy4: raises $3 to $6
Actionni13: calls $3
*** FLOP *** [Qd 4d Qs]
Actionni13: checks
surfguy4: bets $3
Actionni13: raises $3 to $6
surfguy4: calls $3
*** TURN *** [Qd 4d Qs] [Js]
Actionni13: bets $6
surfguy4: raises $6 to $12
Actionni13: calls $6
*** RIVER *** [Qd 4d Qs Js] [4h]
Actionni13: checks
surfguy4: checks
*** SHOW DOWN ***
Actionni13: shows [Jd Ts] (two pair, Queens and Jacks)
surfguy4: shows [Jh Tc] (two pair, Queens and Jacks)
Actionni13 collected $23.75 from pot
surfguy4 collected $23.75 from pot
*** SUMMARY ***
Total pot $48 | Rake $0.50
Board [Qd 4d Qs Js 4h]
Seat 3: surfguy4 (button) (small blind) showed [Jh Tc] and won ($23.75) with two pair, Queens and Jacks
Seat 4: Actionni13 (big blind) showed [Jd Ts] and won ($23.75) with two pair, Queens and Jacks


PokerStars Hand #162664961774:  Hold'em Limit ($3/$6 USD) - 2016/12/09 11:04:02 ET
Table 'Schlutia II' 6-max Seat #4 is the button
Seat 3: surfguy4 ($165.34 in chips)
Seat 4: Actionni13 ($157.01 in chips)
Actionni13: posts small blind $1
surfguy4: posts big blind $3
*** HOLE CARDS ***
Actionni13: raises $3 to $6
surfguy4: calls $3
*** FLOP *** [Qh 3h Ad]
surfguy4: checks
Actionni13: checks
*** TURN *** [Qh 3h Ad] [Qd]
surfguy4: bets $6
Actionni13: raises $6 to $12
surfguy4: calls $6
*** RIVER *** [Qh 3h Ad Qd] [Ts]
surfguy4: checks
Actionni13: bets $6
surfguy4: folds
Uncalled bet ($6) returned to Actionni13
Actionni13 collected $35.50 from pot
*** SUMMARY ***
Total pot $36 | Rake $0.50
Board [Qh 3h Ad Qd Ts]
Seat 3: surfguy4 (big blind) folded on the River
Seat 4: Actionni13 (button) (small blind) collected ($35.50)


PokerStars Hand #162664976202:  Hold'em Limit ($3/$6 USD) - 2016/12/09 11:04:21 ET
Table 'Schlutia II' 6-max Seat #3 is the button
Seat 3: surfguy4 ($147.34 in chips)
Seat 4: Actionni13 ($174.51 in chips)
surfguy4: posts small blind $1
Actionni13: posts big blind $3
*** HOLE CARDS ***
surfguy4: raises $3 to $6
Actionni13: calls $3
*** FLOP *** [6d 2h 8d]
Actionni13: checks
surfguy4: bets $3
Actionni13: folds
Uncalled bet ($3) returned to surfguy4
surfguy4 collected $11.76 from pot
*** SUMMARY ***
Total pot $12 | Rake $0.24
Board [6d 2h 8d]
Seat 3: surfguy4 (button) (small blind) collected ($11.76)
Seat 4: Actionni13 (big blind) folded on the Flop


PokerStars Hand #162665008319:  Hold'em Limit ($3/$6 USD) - 2016/12/09 11:05:04 ET
Table 'Schlutia II' 6-max Seat #4 is the button
Seat 3: surfguy4 ($160.74 in chips)
Seat 4: Actionni13 ($160.51 in chips)
Actionni13: posts small blind $1
surfguy4: posts big blind $3
*** HOLE CARDS ***
Actionni13: folds
Uncalled bet ($2) returned to surfguy4
surfguy4 collected $2 from pot
*** SUMMARY ***
Total pot $2 | Rake $0
Seat 3: surfguy4 (big blind) collected ($2)
Seat 4: Actionni13 (button) (small blind) folded before Flop


PokerStars Hand #162665004595:  Hold'em Limit ($3/$6 USD) - 2016/12/09 11:04:59 ET
Table 'Schlutia II' 6-max Seat #3 is the button
Seat 3: surfguy4 ($161.74 in chips)
Seat 4: Actionni13 ($159.51 in chips)
surfguy4: posts small blind $1
Actionni13: posts big blind $3
*** HOLE CARDS ***
surfguy4: folds
Uncalled bet ($2) returned to Actionni13
Actionni13 collected $2 from pot
*** SUMMARY ***
Total pot $2 | Rake $0
Seat 3: surfguy4 (button) (small blind) folded before Flop
Seat 4: Actionni13 (big blind) collected ($2)


PokerStars Hand #162665011722:  Hold'em Limit ($3/$6 USD) - 2016/12/09 11:05:09 ET
Table 'Schlutia II' 6-max Seat #3 is the button
Seat 3: surfguy4 ($161.74 in chips)
Seat 4: Actionni13 ($159.51 in chips)
surfguy4: posts small blind $1
Actionni13: posts big blind $3
*** HOLE CARDS ***
surfguy4: folds
Uncalled bet ($2) returned to Actionni13
Actionni13 collected $2 from pot
*** SUMMARY ***
Total pot $2 | Rake $0
Seat 3: surfguy4 (button) (small blind) folded before Flop
Seat 4: Actionni13 (big blind) collected ($2)


PokerStars Hand #162665015905:  Hold'em Limit ($3/$6 USD) - 2016/12/09 11:05:14 ET
Table 'Schlutia II' 6-max Seat #4 is the button
Seat 3: surfguy4 ($160.74 in chips)
Seat 4: Actionni13 ($160.51 in chips)
Actionni13: posts small blind $1
surfguy4: posts big blind $3
*** HOLE CARDS ***
Actionni13: raises $3 to $6
surfguy4: calls $3
*** FLOP *** [8s 6s 9d]
surfguy4: checks
Actionni13: bets $3
surfguy4: calls $3
*** TURN *** [8s 6s 9d] [Ah]
surfguy4: checks
Actionni13: bets $6
surfguy4: folds
Uncalled bet ($6) returned to Actionni13
Actionni13 collected $17.64 from pot
*** SUMMARY ***
Total pot $18 | Rake $0.36
Board [8s 6s 9d Ah]
Seat 3: surfguy4 (big blind) folded on the Turn
Seat 4: Actionni13 (button) (small blind) collected ($17.64)


PokerStars Hand #162665029265:  Hold'em Limit ($3/$6 USD) - 2016/12/09 11:05:32 ET
Table 'Schlutia II' 6-max Seat #3 is the button
Seat 3: surfguy4 ($151.74 in chips)
Seat 4: Actionni13 ($169.15 in chips)
surfguy4: posts small blind $1
Actionni13: posts big blind $3
*** HOLE CARDS ***
surfguy4: raises $3 to $6
Actionni13: raises $3 to $9
surfguy4: calls $3
*** FLOP *** [Kd Ac Td]
Actionni13: bets $3
surfguy4: folds
Uncalled bet ($3) returned to Actionni13
surfguy4 leaves the table
Actionni13 collected $17.64 from pot
*** SUMMARY ***
Total pot $18 | Rake $0.36
Board [Kd Ac Td]
Seat 3: surfguy4 (button) (small blind) folded on the Flop
Seat 4: Actionni13 (big blind) collected ($17.64)


PokerStars Hand #162664988127:  Hold'em Limit ($3/$6 USD) - 2016/12/09 11:04:37 ET
Table 'Schlutia II' 6-max Seat #4 is the button
Seat 3: surfguy4 ($153.10 in chips)
Seat 4: Actionni13 ($168.51 in chips)
Actionni13: posts small blind $1
surfguy4: posts big blind $3
*** HOLE CARDS ***
Actionni13: raises $3 to $6
surfguy4: calls $3
*** FLOP *** [8c 8h 2h]
surfguy4: checks
Actionni13: bets $3
surfguy4: calls $3
*** TURN *** [8c 8h 2h] [Qd]
surfguy4: bets $6
Actionni13: folds
Uncalled bet ($6) returned to surfguy4
surfguy4 collected $17.64 from pot
*** SUMMARY ***
Total pot $18 | Rake $0.36
Board [8c 8h 2h Qd]
Seat 3: surfguy4 (big blind) collected ($17.64)
Seat 4: Actionni13 (button) (small blind) folded on the Turn


PokerStars Hand #162665956051:  Hold'em Limit ($3/$6 USD) - 2016/12/09 11:25:55 ET
Table 'Schlutia II' 6-max Seat #4 is the button
Seat 3: jl45259071 ($128.49 in chips)
Seat 4: Actionni13 ($177.79 in chips)
Actionni13: posts small blind $1
jl45259071: posts big blind $3
*** HOLE CARDS ***
Actionni13: raises $3 to $6
jl45259071: raises $3 to $9
Actionni13: calls $3
*** FLOP *** [4s 5c Kd]
jl45259071: bets $3
Actionni13: raises $3 to $6
jl45259071: calls $3
*** TURN *** [4s 5c Kd] [Jh]
jl45259071: checks
Actionni13: bets $6
jl45259071: calls $6
*** RIVER *** [4s 5c Kd Jh] [Td]
jl45259071: checks
Actionni13: bets $6
jl45259071: calls $6
*** SHOW DOWN ***
Actionni13: shows [Th Tc] (three of a kind, Tens)
jl45259071: mucks hand
Actionni13 collected $53.50 from pot
*** SUMMARY ***
Total pot $54 | Rake $0.50
Board [4s 5c Kd Jh Td]
Seat 3: jl45259071 (big blind) mucked
Seat 4: Actionni13 (button) (small blind) showed [Th Tc] and won ($53.50) with three of a kind, Tens


PokerStars Hand #162665985447:  Hold'em Limit ($3/$6 USD) - 2016/12/09 11:26:33 ET
Table 'Schlutia II' 6-max Seat #3 is the button
Seat 3: jl45259071 ($101.49 in chips)
Seat 4: Actionni13 ($204.29 in chips)
jl45259071: posts small blind $1
Actionni13: posts big blind $3
*** HOLE CARDS ***
jl45259071: calls $2
Actionni13: checks
*** FLOP *** [5c Jh 9s]
Actionni13: checks
jl45259071: bets $3
Actionni13: folds
Uncalled bet ($3) returned to jl45259071
jl45259071 collected $5.88 from pot
jl45259071: doesn't show hand
*** SUMMARY ***
Total pot $6 | Rake $0.12
Board [5c Jh 9s]
Seat 3: jl45259071 (button) (small blind) collected ($5.88)
Seat 4: Actionni13 (big blind) folded on the Flop


PokerStars Hand #162665994285:  Hold'em Limit ($3/$6 USD) - 2016/12/09 11:26:44 ET
Table 'Schlutia II' 6-max Seat #4 is the button
Seat 3: jl45259071 ($104.37 in chips)
Seat 4: Actionni13 ($201.29 in chips)
Actionni13: posts small blind $1
jl45259071: posts big blind $3
*** HOLE CARDS ***
Actionni13: raises $3 to $6
jl45259071: raises $3 to $9
Actionni13: calls $3
*** FLOP *** [Qc 3h 8d]
jl45259071: bets $3
Actionni13: calls $3
*** TURN *** [Qc 3h 8d] [5s]
jl45259071: bets $6
Actionni13: calls $6
*** RIVER *** [Qc 3h 8d 5s] [4s]
surfguy4 joins the table at seat #2
jl45259071: bets $6
Actionni13: folds
Uncalled bet ($6) returned to jl45259071
jl45259071 collected $35.50 from pot
jl45259071: doesn't show hand
*** SUMMARY ***
Total pot $36 | Rake $0.50
Board [Qc 3h 8d 5s 4s]
Seat 3: jl45259071 (big blind) collected ($35.50)
Seat 4: Actionni13 (button) (small blind) folded on the River


PokerStars Hand #162666011522:  Hold'em Limit ($3/$6 USD) - 2016/12/09 11:27:07 ET
Table 'Schlutia II' 6-max Seat #3 is the button
Seat 3: jl45259071 ($121.87 in chips)
Seat 4: Actionni13 ($183.29 in chips)
jl45259071: posts small blind $1
Actionni13: posts big blind $3
*** HOLE CARDS ***
jl45259071: raises $3 to $6
Actionni13: calls $3
*** FLOP *** [9h 4h 7s]
Actionni13: checks
jl45259071: bets $3
Actionni13: calls $3
*** TURN *** [9h 4h 7s] [9d]
Actionni13: checks
jl45259071: checks
*** RIVER *** [9h 4h 7s 9d] [Qd]
Actionni13: bets $6
jl45259071: folds
Uncalled bet ($6) returned to Actionni13
LolDnkaments joins the table at seat #5
Actionni13 collected $17.64 from pot
*** SUMMARY ***
Total pot $18 | Rake $0.36
Board [9h 4h 7s 9d Qd]
Seat 3: jl45259071 (button) (small blind) folded on the River
Seat 4: Actionni13 (big blind) collected ($17.64)


PokerStars Hand #162667911707:  Hold'em Limit ($3/$6 USD) - 2016/12/09 12:08:24 ET
Table 'Schlutia II' 6-max Seat #5 is the button
Seat 2: RockKillerTY ($204.44 in chips)
Seat 5: LolDnkaments ($77.07 in chips)
LolDnkaments: posts small blind $1
RockKillerTY: posts big blind $3
*** HOLE CARDS ***
LolDnkaments: raises $3 to $6
RockKillerTY: calls $3
*** FLOP *** [7c 8d 9s]
RockKillerTY: checks
LolDnkaments: bets $3
RockKillerTY: raises $3 to $6
LolDnkaments: calls $3
*** TURN *** [7c 8d 9s] [5c]
RockKillerTY: bets $6
feilinho leaves the table
LolDnkaments: folds
Uncalled bet ($6) returned to RockKillerTY
RockKillerTY collected $23.52 from pot
RockKillerTY: doesn't show hand
*** SUMMARY ***
Total pot $24 | Rake $0.48
Board [7c 8d 9s 5c]
Seat 2: RockKillerTY (big blind) collected ($23.52)
Seat 5: LolDnkaments (button) (small blind) folded on the Turn


