PokerStars Hand #167277250484:  Hold'em Limit ($3/$6 USD) - 2017/03/07 22:52:08 ET
Table 'Schlutia' 6-max Seat #1 is the button
Seat 1: Velbor107 ($300 in chips)
Seat 3: hairy1961 ($50 in chips)
Velbor107: posts small blind $1
hairy1961: posts big blind $3
*** HOLE CARDS ***
Velbor107: folds
Uncalled bet ($2) returned to hairy1961
hairy1961 collected $2 from pot
*** SUMMARY ***
Total pot $2 | Rake $0
Seat 1: Velbor107 (button) (small blind) folded before Flop
Seat 3: hairy1961 (big blind) collected ($2)


PokerStars Hand #167277258598:  Hold'em Limit ($3/$6 USD) - 2017/03/07 22:52:33 ET
Table 'Schlutia' 6-max Seat #1 is the button
Seat 1: Velbor107 ($300 in chips)
Seat 3: hairy1961 ($50 in chips)
Velbor107: posts small blind $1
hairy1961: posts big blind $3
*** HOLE CARDS ***
Velbor107: raises $3 to $6
hairy1961: folds
Uncalled bet ($3) returned to Velbor107
Bedard joins the table at seat #4
Velbor107 collected $6 from pot
*** SUMMARY ***
Total pot $6 | Rake $0
Seat 1: Velbor107 (button) (small blind) collected ($6)
Seat 3: hairy1961 (big blind) folded before Flop


PokerStars Hand #167277256547:  Hold'em Limit ($3/$6 USD) - 2017/03/07 22:52:27 ET
Table 'Schlutia' 6-max Seat #3 is the button
Seat 1: Velbor107 ($299 in chips)
Seat 3: hairy1961 ($51 in chips)
hairy1961: posts small blind $1
Velbor107: posts big blind $3
*** HOLE CARDS ***
hairy1961: folds
Uncalled bet ($2) returned to Velbor107
Velbor107 collected $2 from pot
*** SUMMARY ***
Total pot $2 | Rake $0
Seat 1: Velbor107 (big blind) collected ($2)
Seat 3: hairy1961 (button) (small blind) folded before Flop


PokerStars Hand #167277324143:  Hold'em Limit ($3/$6 USD) - 2017/03/07 22:56:03 ET
Table 'Schlutia' 6-max Seat #3 is the button
Seat 3: hairy1961 ($125 in chips)
Seat 5: RaisemyNut$ ($145.35 in chips)
hairy1961: posts small blind $1
RaisemyNut$: posts big blind $3
*** HOLE CARDS ***
Bedard leaves the table
hairy1961: folds
Uncalled bet ($2) returned to RaisemyNut$
RaisemyNut$ collected $2 from pot
RaisemyNut$: doesn't show hand
*** SUMMARY ***
Total pot $2 | Rake $0
Seat 3: hairy1961 (button) (small blind) folded before Flop
Seat 5: RaisemyNut$ (big blind) collected ($2)


