PokerStars Hand #175107981793:  Hold'em Limit ($3/$6 USD) - 2017/09/02 11:03:23 ET
Table 'Schorria' 6-max Seat #4 is the button
Seat 3: @92gara42@ ($65.22 in chips)
Seat 4: Anchig ($138.50 in chips)
Anchig: posts small blind $1
@92gara42@: posts big blind $3
*** HOLE CARDS ***
Anchig: folds
Uncalled bet ($2) returned to @92gara42@
@92gara42@ collected $2 from pot
*** SUMMARY ***
Total pot $2 | Rake $0
Seat 3: @92gara42@ (big blind) collected ($2)
Seat 4: Anchig (button) (small blind) folded before Flop


PokerStars Hand #175107978797:  Hold'em Limit ($3/$6 USD) - 2017/09/02 11:03:18 ET
Table 'Schorria' 6-max Seat #3 is the button
Seat 3: @92gara42@ ($66.22 in chips)
Seat 4: Anchig ($137.50 in chips)
@92gara42@: posts small blind $1
Anchig: posts big blind $3
*** HOLE CARDS ***
@92gara42@: folds
Uncalled bet ($2) returned to Anchig
Anchig collected $2 from pot
Anchig: doesn't show hand
*** SUMMARY ***
Total pot $2 | Rake $0
Seat 3: @92gara42@ (button) (small blind) folded before Flop
Seat 4: Anchig (big blind) collected ($2)


PokerStars Hand #175107964823:  Hold'em Limit ($3/$6 USD) - 2017/09/02 11:02:55 ET
Table 'Schorria' 6-max Seat #4 is the button
Seat 3: @92gara42@ ($87.22 in chips)
Seat 4: Anchig ($117 in chips)
Anchig: posts small blind $1
@92gara42@: posts big blind $3
*** HOLE CARDS ***
Anchig: raises $3 to $6
@92gara42@: calls $3
*** FLOP *** [2h 5s 6d]
@92gara42@: bets $3
Anchig: calls $3
*** TURN *** [2h 5s 6d] [4s]
@92gara42@: checks
Anchig: bets $6
@92gara42@: calls $6
*** RIVER *** [2h 5s 6d 4s] [9c]
@92gara42@: checks
Anchig: bets $6
@92gara42@: calls $6
*** SHOW DOWN ***
Anchig: shows [7c 8c] (a straight, Five to Nine)
@92gara42@: mucks hand
Anchig collected $41.50 from pot
*** SUMMARY ***
Total pot $42 | Rake $0.50
Board [2h 5s 6d 4s 9c]
Seat 3: @92gara42@ (big blind) mucked
Seat 4: Anchig (button) (small blind) showed [7c 8c] and won ($41.50) with a straight, Five to Nine


PokerStars Hand #175107955157:  Hold'em Limit ($3/$6 USD) - 2017/09/02 11:02:39 ET
Table 'Schorria' 6-max Seat #3 is the button
Seat 3: @92gara42@ ($84.34 in chips)
Seat 4: Anchig ($120 in chips)
@92gara42@: posts small blind $1
Anchig: posts big blind $3
*** HOLE CARDS ***
@92gara42@: calls $2
Anchig: checks
*** FLOP *** [Qh 5h 8d]
Anchig: checks
@92gara42@: bets $3
Anchig: folds
Uncalled bet ($3) returned to @92gara42@
@92gara42@ collected $5.88 from pot
*** SUMMARY ***
Total pot $6 | Rake $0.12
Board [Qh 5h 8d]
Seat 3: @92gara42@ (button) (small blind) collected ($5.88)
Seat 4: Anchig (big blind) folded on the Flop


PokerStars Hand #175109265111:  Hold'em Limit ($3/$6 USD) - 2017/09/02 11:37:39 ET
Table 'Schorria' 6-max Seat #1 is the button
Seat 1: Velbor107 ($314 in chips)
Seat 6: tony@ng79 ($120.35 in chips)
Velbor107: posts small blind $1
sebneu: is sitting out
tony@ng79: posts big blind $3
*** HOLE CARDS ***
Velbor107: folds
Uncalled bet ($2) returned to tony@ng79
tony@ng79 collected $2 from pot
tony@ng79: doesn't show hand
*** SUMMARY ***
Total pot $2 | Rake $0
Seat 1: Velbor107 (button) (small blind) folded before Flop
Seat 6: tony@ng79 (big blind) collected ($2)


PokerStars Hand #175109292562:  Hold'em Limit ($3/$6 USD) - 2017/09/02 11:38:23 ET
Table 'Schorria' 6-max Seat #6 is the button
Seat 3: @92gara42@ ($67.47 in chips)
Seat 6: tony@ng79 ($121.35 in chips)
tony@ng79: posts small blind $1
@92gara42@: posts big blind $3
*** HOLE CARDS ***
tony@ng79: raises $3 to $6
@92gara42@: calls $3
*** FLOP *** [8d 9s 4h]
@92gara42@: checks
tony@ng79: bets $3
@92gara42@: calls $3
*** TURN *** [8d 9s 4h] [Tc]
@92gara42@: checks
tony@ng79: checks
*** RIVER *** [8d 9s 4h Tc] [Jh]
@92gara42@: checks
ExtraResistance joins the table at seat #4
tony@ng79: checks
*** SHOW DOWN ***
@92gara42@: shows [4d 2d] (a pair of Fours)
tony@ng79: mucks hand
@92gara42@ collected $17.64 from pot
*** SUMMARY ***
Total pot $18 | Rake $0.36
Board [8d 9s 4h Tc Jh]
Seat 3: @92gara42@ (big blind) showed [4d 2d] and won ($17.64) with a pair of Fours
Seat 6: tony@ng79 (button) (small blind) mucked


PokerStars Hand #175116360052:  Hold'em Limit ($3/$6 USD) - 2017/09/02 14:32:36 ET
Table 'Schorria' 6-max Seat #3 is the button
Seat 3: Psynto ($148.48 in chips)
Seat 5: favete lin ($151.07 in chips)
Psynto: posts small blind $1
krytalex: is sitting out
favete lin: posts big blind $3
*** HOLE CARDS ***
Psynto: raises $3 to $6
krytalex leaves the table
favete lin: calls $3
*** FLOP *** [Jh 7h 2d]
favete lin: checks
Psynto: bets $3
favete lin: calls $3
*** TURN *** [Jh 7h 2d] [4s]
favete lin: checks
Psynto: checks
*** RIVER *** [Jh 7h 2d 4s] [5c]
favete lin: bets $6
Psynto: calls $6
*** SHOW DOWN ***
favete lin: shows [4h Ac] (a pair of Fours)
Psynto: mucks hand
favete lin collected $29.50 from pot
*** SUMMARY ***
Total pot $30 | Rake $0.50
Board [Jh 7h 2d 4s 5c]
Seat 3: Psynto (button) (small blind) mucked
Seat 5: favete lin (big blind) showed [4h Ac] and won ($29.50) with a pair of Fours


