PokerStars Hand #149991577139:  Hold'em Limit ($3/$6 USD) - 2016/03/07 13:34:10 ET
Table 'Sculptor II' 6-max Seat #1 is the button
Seat 1: oregordog ($94.04 in chips)
Seat 2: kolaz03 ($77.76 in chips)
oregordog: posts small blind $1
kolaz03: posts big blind $3
*** HOLE CARDS ***
oregordog: raises $3 to $6
kolaz03: calls $3
*** FLOP *** [6c 8h 2d]
HAOYUN88888 joins the table at seat #6
kolaz03: checks
oregordog: bets $3
kolaz03: calls $3
*** TURN *** [6c 8h 2d] [8d]
kolaz03: checks
oregordog: bets $6
kolaz03: calls $6
*** RIVER *** [6c 8h 2d 8d] [Js]
kolaz03: checks
oregordog: bets $6
kolaz03: calls $6
*** SHOW DOWN ***
oregordog: shows [Jc 7c] (two pair, Jacks and Eights)
kolaz03: mucks hand
oregordog collected $41.50 from pot
*** SUMMARY ***
Total pot $42 | Rake $0.50
Board [6c 8h 2d 8d Js]
Seat 1: oregordog (button) (small blind) showed [Jc 7c] and won ($41.50) with two pair, Jacks and Eights
Seat 2: kolaz03 (big blind) mucked


PokerStars Hand #149991565478:  Hold'em Limit ($3/$6 USD) - 2016/03/07 13:33:58 ET
Table 'Sculptor II' 6-max Seat #2 is the button
Seat 1: oregordog ($100.04 in chips)
Seat 2: kolaz03 ($72 in chips)
kolaz03: posts small blind $1
SmellyToes4u: is sitting out
oregordog: posts big blind $3
*** HOLE CARDS ***
kolaz03: raises $3 to $6
SmellyToes4u leaves the table
oregordog: calls $3
*** FLOP *** [6c Kd Tc]
oregordog: checks
kolaz03: bets $3
oregordog: folds
Uncalled bet ($3) returned to kolaz03
kolaz03 collected $11.76 from pot
kolaz03: doesn't show hand
*** SUMMARY ***
Total pot $12 | Rake $0.24
Board [6c Kd Tc]
Seat 1: oregordog (big blind) folded on the Flop
Seat 2: kolaz03 (button) (small blind) collected ($11.76)


PokerStars Hand #149991838164:  Hold'em Limit ($3/$6 USD) - 2016/03/07 13:38:48 ET
Table 'Sculptor II' 6-max Seat #2 is the button
Seat 1: oregordog ($84.41 in chips)
Seat 2: kolaz03 ($153.42 in chips)
kolaz03: posts small blind $1
oregordog: posts big blind $3
*** HOLE CARDS ***
kolaz03: raises $3 to $6
oregordog: calls $3
*** FLOP *** [7d 5h 3h]
oregordog: checks
kolaz03: bets $3
oregordog: raises $3 to $6
kolaz03: calls $3
*** TURN *** [7d 5h 3h] [8s]
oregordog: bets $6
kolaz03: calls $6
*** RIVER *** [7d 5h 3h 8s] [Tc]
oregordog: bets $6
kolaz03: folds
Uncalled bet ($6) returned to oregordog
oregordog collected $35.50 from pot
oregordog: doesn't show hand
*** SUMMARY ***
Total pot $36 | Rake $0.50
Board [7d 5h 3h 8s Tc]
Seat 1: oregordog (big blind) collected ($35.50)
Seat 2: kolaz03 (button) (small blind) folded on the River


PokerStars Hand #149991874616:  Hold'em Limit ($3/$6 USD) - 2016/03/07 13:39:28 ET
Table 'Sculptor II' 6-max Seat #1 is the button
Seat 1: oregordog ($101.91 in chips)
Seat 2: kolaz03 ($135.42 in chips)
oregordog: posts small blind $1
kolaz03: posts big blind $3
*** HOLE CARDS ***
oregordog: raises $3 to $6
kolaz03: raises $3 to $9
oregordog: calls $3
*** FLOP *** [5s 9h 8s]
kolaz03: bets $3
oregordog: calls $3
*** TURN *** [5s 9h 8s] [Jd]
kolaz03: bets $6
oregordog: folds
Uncalled bet ($6) returned to kolaz03
kolaz03 collected $23.52 from pot
kolaz03: doesn't show hand
*** SUMMARY ***
Total pot $24 | Rake $0.48
Board [5s 9h 8s Jd]
Seat 1: oregordog (button) (small blind) folded on the Turn
Seat 2: kolaz03 (big blind) collected ($23.52)


PokerStars Hand #149991889475:  Hold'em Limit ($3/$6 USD) - 2016/03/07 13:39:44 ET
Table 'Sculptor II' 6-max Seat #2 is the button
Seat 1: oregordog ($89.91 in chips)
Seat 2: kolaz03 ($146.94 in chips)
kolaz03: posts small blind $1
oregordog: posts big blind $3
*** HOLE CARDS ***
kolaz03: folds
Uncalled bet ($2) returned to oregordog
oregordog collected $2 from pot
*** SUMMARY ***
Total pot $2 | Rake $0
Seat 1: oregordog (big blind) collected ($2)
Seat 2: kolaz03 (button) (small blind) folded before Flop


PokerStars Hand #149991902087:  Hold'em Limit ($3/$6 USD) - 2016/03/07 13:39:57 ET
Table 'Sculptor II' 6-max Seat #1 is the button
Seat 1: oregordog ($90.91 in chips)
Seat 2: kolaz03 ($145.94 in chips)
oregordog: posts small blind $1
kolaz03: posts big blind $3
*** HOLE CARDS ***
oregordog: raises $3 to $6
kolaz03: calls $3
*** FLOP *** [Jd 8c 7d]
kolaz03: checks
oregordog: bets $3
kolaz03: calls $3
*** TURN *** [Jd 8c 7d] [9c]
kolaz03: checks
oregordog: bets $6
kolaz03: calls $6
*** RIVER *** [Jd 8c 7d 9c] [2h]
kolaz03: checks
oregordog: bets $6
kolaz03: calls $6
*** SHOW DOWN ***
oregordog: shows [Ad Ac] (a pair of Aces)
kolaz03: mucks hand
oregordog collected $41.50 from pot
*** SUMMARY ***
Total pot $42 | Rake $0.50
Board [Jd 8c 7d 9c 2h]
Seat 1: oregordog (button) (small blind) showed [Ad Ac] and won ($41.50) with a pair of Aces
Seat 2: kolaz03 (big blind) mucked


PokerStars Hand #149991938563:  Hold'em Limit ($3/$6 USD) - 2016/03/07 13:40:36 ET
Table 'Sculptor II' 6-max Seat #2 is the button
Seat 1: oregordog ($111.41 in chips)
Seat 2: kolaz03 ($124.94 in chips)
kolaz03: posts small blind $1
oregordog: posts big blind $3
*** HOLE CARDS ***
kolaz03: raises $3 to $6
oregordog: raises $3 to $9
kolaz03: calls $3
*** FLOP *** [8c As Jd]
oregordog: bets $3
kolaz03: calls $3
*** TURN *** [8c As Jd] [5s]
oregordog: bets $6
kolaz03: calls $6
*** RIVER *** [8c As Jd 5s] [Ad]
oregordog: checks
kolaz03: bets $6
oregordog: folds
Uncalled bet ($6) returned to kolaz03
kolaz03 collected $35.50 from pot
kolaz03: doesn't show hand
*** SUMMARY ***
Total pot $36 | Rake $0.50
Board [8c As Jd 5s Ad]
Seat 1: oregordog (big blind) folded on the River
Seat 2: kolaz03 (button) (small blind) collected ($35.50)


PokerStars Hand #149991994105:  Hold'em Limit ($3/$6 USD) - 2016/03/07 13:41:35 ET
Table 'Sculptor II' 6-max Seat #2 is the button
Seat 1: oregordog ($72.41 in chips)
Seat 2: kolaz03 ($162.94 in chips)
kolaz03: posts small blind $1
oregordog: posts big blind $3
*** HOLE CARDS ***
kolaz03: folds
Uncalled bet ($2) returned to oregordog
oregordog collected $2 from pot
oregordog: doesn't show hand
*** SUMMARY ***
Total pot $2 | Rake $0
Seat 1: oregordog (big blind) collected ($2)
Seat 2: kolaz03 (button) (small blind) folded before Flop


PokerStars Hand #149991998019:  Hold'em Limit ($3/$6 USD) - 2016/03/07 13:41:39 ET
Table 'Sculptor II' 6-max Seat #1 is the button
Seat 1: oregordog ($73.41 in chips)
Seat 2: kolaz03 ($161.94 in chips)
oregordog: posts small blind $1
kolaz03: posts big blind $3
*** HOLE CARDS ***
oregordog: folds
Uncalled bet ($2) returned to kolaz03
kolaz03 collected $2 from pot
kolaz03: doesn't show hand
*** SUMMARY ***
Total pot $2 | Rake $0
Seat 1: oregordog (button) (small blind) folded before Flop
Seat 2: kolaz03 (big blind) collected ($2)


PokerStars Hand #149992002132:  Hold'em Limit ($3/$6 USD) - 2016/03/07 13:41:43 ET
Table 'Sculptor II' 6-max Seat #2 is the button
Seat 1: oregordog ($72.41 in chips)
Seat 2: kolaz03 ($162.94 in chips)
kolaz03: posts small blind $1
oregordog: posts big blind $3
*** HOLE CARDS ***
kolaz03: raises $3 to $6
oregordog: folds
Uncalled bet ($3) returned to kolaz03
kolaz03 collected $6 from pot
kolaz03: doesn't show hand
*** SUMMARY ***
Total pot $6 | Rake $0
Seat 1: oregordog (big blind) folded before Flop
Seat 2: kolaz03 (button) (small blind) collected ($6)


PokerStars Hand #149992048332:  Hold'em Limit ($3/$6 USD) - 2016/03/07 13:42:32 ET
Table 'Sculptor II' 6-max Seat #2 is the button
Seat 1: oregordog ($24.41 in chips)
Seat 2: kolaz03 ($210.44 in chips)
kolaz03: posts small blind $1
oregordog: posts big blind $3
*** HOLE CARDS ***
kolaz03: raises $3 to $6
oregordog: folds
Uncalled bet ($3) returned to kolaz03
kolaz03 collected $6 from pot
kolaz03: doesn't show hand
*** SUMMARY ***
Total pot $6 | Rake $0
Seat 1: oregordog (big blind) folded before Flop
Seat 2: kolaz03 (button) (small blind) collected ($6)


PokerStars Hand #149992010099:  Hold'em Limit ($3/$6 USD) - 2016/03/07 13:41:52 ET
Table 'Sculptor II' 6-max Seat #1 is the button
Seat 1: oregordog ($69.41 in chips)
Seat 2: kolaz03 ($165.94 in chips)
oregordog: posts small blind $1
kolaz03: posts big blind $3
*** HOLE CARDS ***
oregordog: raises $3 to $6
kolaz03: calls $3
*** FLOP *** [Kc 2h 2s]
kolaz03: checks
oregordog: bets $3
kolaz03: calls $3
*** TURN *** [Kc 2h 2s] [7s]
kolaz03: checks
oregordog: bets $6
kolaz03: raises $6 to $12
oregordog: raises $6 to $18
kolaz03: raises $6 to $24
Betting is capped
oregordog: calls $6
*** RIVER *** [Kc 2h 2s 7s] [Td]
kolaz03: bets $6
oregordog: raises $6 to $12
kolaz03: calls $6
*** SHOW DOWN ***
oregordog: shows [2d 4h] (three of a kind, Deuces)
kolaz03: shows [Jd 2c] (three of a kind, Deuces - King+Jack kicker)
kolaz03 collected $89.50 from pot
*** SUMMARY ***
Total pot $90 | Rake $0.50
Board [Kc 2h 2s 7s Td]
Seat 1: oregordog (button) (small blind) showed [2d 4h] and lost with three of a kind, Deuces
Seat 2: kolaz03 (big blind) showed [Jd 2c] and won ($89.50) with three of a kind, Deuces


