PokerStars Hand #152597128250:  Hold'em Limit ($3/$6 USD) - 2016/04/29 2:56:20 ET
Table 'Sculptor' 6-max Seat #1 is the button
Seat 1: LifeisagameX ($60 in chips)
Seat 2: hairy1961 ($60 in chips)
LifeisagameX: posts small blind $1
hairy1961: posts big blind $3
*** HOLE CARDS ***
LifeisagameX: raises $3 to $6
hairy1961: calls $3
*** FLOP *** [3h 5d 3d]
ECCA220185 joins the table at seat #3
hairy1961: checks
LifeisagameX: checks
*** TURN *** [3h 5d 3d] [Qd]
hairy1961: bets $6
LifeisagameX: calls $6
*** RIVER *** [3h 5d 3d Qd] [7d]
hairy1961: bets $6
LifeisagameX: folds
Uncalled bet ($6) returned to hairy1961
hairy1961 collected $23.52 from pot
*** SUMMARY ***
Total pot $24 | Rake $0.48
Board [3h 5d 3d Qd 7d]
Seat 1: LifeisagameX (button) (small blind) folded on the River
Seat 2: hairy1961 (big blind) collected ($23.52)


PokerStars Hand #152598005293:  Hold'em Limit ($3/$6 USD) - 2016/04/29 3:44:44 ET
Table 'Sculptor' 6-max Seat #2 is the button
Seat 1: red-zone-ok ($106.83 in chips)
Seat 2: ABATAPP ($63.72 in chips)
ABATAPP: posts small blind $1
Agrotait: is sitting out
red-zone-ok: posts big blind $3
*** HOLE CARDS ***
Agrotait leaves the table
ABATAPP: folds
Uncalled bet ($2) returned to red-zone-ok
red-zone-ok collected $2 from pot
*** SUMMARY ***
Total pot $2 | Rake $0
Seat 1: red-zone-ok (big blind) collected ($2)
Seat 2: ABATAPP (button) (small blind) folded before Flop


