PokerStars Hand #176869609562:  Hold'em Limit ($3/$6 USD) - 2017/10/13 14:49:44 ET
Table 'Sculptor II' 6-max Seat #5 is the button
Seat 3: bastion670 ($29.50 in chips)
Seat 5: vestimokrec ($121 in chips)
vestimokrec: posts small blind $1
bastion670: posts big blind $3
*** HOLE CARDS ***
vestimokrec: raises $3 to $6
bastion670: calls $3
*** FLOP *** [4h 5c Ah]
bastion670: checks
vestimokrec: bets $3
bastion670: calls $3
*** TURN *** [4h 5c Ah] [9s]
bastion670: checks
vestimokrec: bets $6
bastion670: calls $6
*** RIVER *** [4h 5c Ah 9s] [Tc]
bastion670: checks
vestimokrec: bets $6
bastion670: folds
Uncalled bet ($6) returned to vestimokrec
vestimokrec collected $29.50 from pot
vestimokrec: doesn't show hand
*** SUMMARY ***
Total pot $30 | Rake $0.50
Board [4h 5c Ah 9s Tc]
Seat 3: bastion670 (big blind) folded on the River
Seat 5: vestimokrec (button) (small blind) collected ($29.50)


PokerStars Hand #176869651466:  Hold'em Limit ($3/$6 USD) - 2017/10/13 14:50:39 ET
Table 'Sculptor II' 6-max Seat #5 is the button
Seat 3: bastion670 ($13.50 in chips)
Seat 5: vestimokrec ($136.50 in chips)
vestimokrec: posts small blind $1
bastion670: posts big blind $3
*** HOLE CARDS ***
vestimokrec: raises $3 to $6
bastion670: folds
Uncalled bet ($3) returned to vestimokrec
vestimokrec collected $6 from pot
vestimokrec: doesn't show hand
*** SUMMARY ***
Total pot $6 | Rake $0
Seat 3: bastion670 (big blind) folded before Flop
Seat 5: vestimokrec (button) (small blind) collected ($6)


PokerStars Hand #176869647454:  Hold'em Limit ($3/$6 USD) - 2017/10/13 14:50:34 ET
Table 'Sculptor II' 6-max Seat #3 is the button
Seat 3: bastion670 ($14.50 in chips)
Seat 5: vestimokrec ($135.50 in chips)
bastion670: posts small blind $1
vestimokrec: posts big blind $3
*** HOLE CARDS ***
bastion670: folds
Uncalled bet ($2) returned to vestimokrec
vestimokrec collected $2 from pot
vestimokrec: doesn't show hand
*** SUMMARY ***
Total pot $2 | Rake $0
Seat 3: bastion670 (button) (small blind) folded before Flop
Seat 5: vestimokrec (big blind) collected ($2)


PokerStars Hand #176869657333:  Hold'em Limit ($3/$6 USD) - 2017/10/13 14:50:47 ET
Table 'Sculptor II' 6-max Seat #3 is the button
Seat 3: bastion670 ($10.50 in chips)
Seat 5: vestimokrec ($139.50 in chips)
bastion670: posts small blind $1
vestimokrec: posts big blind $3
*** HOLE CARDS ***
bastion670: raises $3 to $6
vestimokrec: calls $3
*** FLOP *** [2d Ah 5s]
vestimokrec: checks
bastion670: bets $3
vestimokrec: calls $3
*** TURN *** [2d Ah 5s] [4c]
vestimokrec: checks
bastion670: bets $1.50 and is all-in
vestimokrec: calls $1.50
*** RIVER *** [2d Ah 5s 4c] [Kh]
*** SHOW DOWN ***
vestimokrec: shows [7h 5d] (a pair of Fives)
bastion670: shows [7s Jc] (high card Ace)
vestimokrec collected $20.58 from pot
*** SUMMARY ***
Total pot $21 | Rake $0.42
Board [2d Ah 5s 4c Kh]
Seat 3: bastion670 (button) (small blind) showed [7s Jc] and lost with high card Ace
Seat 5: vestimokrec (big blind) showed [7h 5d] and won ($20.58) with a pair of Fives


PokerStars Hand #176869710398:  Hold'em Limit ($3/$6 USD) - 2017/10/13 14:51:55 ET
Table 'Sculptor II' 6-max Seat #3 is the button
Seat 3: bastion670 ($29.75 in chips)
Seat 5: vestimokrec ($149.33 in chips)
bastion670: posts small blind $1
vestimokrec: posts big blind $3
*** HOLE CARDS ***
bastion670: raises $3 to $6
vestimokrec: calls $3
*** FLOP *** [Qd Ts Th]
vestimokrec: checks
bastion670: bets $3
vestimokrec: calls $3
*** TURN *** [Qd Ts Th] [8c]
vestimokrec: checks
bastion670: bets $6
vestimokrec: calls $6
*** RIVER *** [Qd Ts Th 8c] [As]
vestimokrec: checks
bastion670: checks
*** SHOW DOWN ***
vestimokrec: shows [2h Ah] (two pair, Aces and Tens)
bastion670: mucks hand
vestimokrec collected $29.50 from pot
*** SUMMARY ***
Total pot $30 | Rake $0.50
Board [Qd Ts Th 8c As]
Seat 3: bastion670 (button) (small blind) mucked
Seat 5: vestimokrec (big blind) showed [2h Ah] and won ($29.50) with two pair, Aces and Tens


PokerStars Hand #176869692316:  Hold'em Limit ($3/$6 USD) - 2017/10/13 14:51:32 ET
Table 'Sculptor II' 6-max Seat #5 is the button
Seat 3: bastion670 ($30 in chips)
Seat 5: vestimokrec ($149.58 in chips)
vestimokrec: posts small blind $1
bastion670: posts big blind $3
*** HOLE CARDS ***
vestimokrec: raises $3 to $6
bastion670: calls $3
*** FLOP *** [2s Ks Jd]
bastion670: checks
vestimokrec: bets $3
bastion670: calls $3
*** TURN *** [2s Ks Jd] [2h]
bastion670: checks
vestimokrec: checks
*** RIVER *** [2s Ks Jd 2h] [6c]
bastion670: bets $6
vestimokrec: calls $6
*** SHOW DOWN ***
bastion670: shows [Jc 6d] (two pair, Jacks and Sixes)
vestimokrec: shows [6s Js] (two pair, Jacks and Sixes)
bastion670 collected $14.75 from pot
vestimokrec collected $14.75 from pot
*** SUMMARY ***
Total pot $30 | Rake $0.50
Board [2s Ks Jd 2h 6c]
Seat 3: bastion670 (big blind) showed [Jc 6d] and won ($14.75) with two pair, Jacks and Sixes
Seat 5: vestimokrec (button) (small blind) showed [6s Js] and won ($14.75) with two pair, Jacks and Sixes


PokerStars Hand #176869759638:  Hold'em Limit ($3/$6 USD) - 2017/10/13 14:52:59 ET
Table 'Sculptor II' 6-max Seat #3 is the button
Seat 3: bastion670 ($13.23 in chips)
Seat 5: vestimokrec ($164.72 in chips)
bastion670: posts small blind $1
vestimokrec: posts big blind $3
*** HOLE CARDS ***
bastion670: raises $3 to $6
vestimokrec: calls $3
*** FLOP *** [2h 3d 3s]
vestimokrec: checks
bastion670: bets $3
vestimokrec: raises $3 to $6
bastion670: raises $1.23 to $7.23 and is all-in
vestimokrec: calls $1.23
*** TURN *** [2h 3d 3s] [4d]
*** RIVER *** [2h 3d 3s 4d] [Kh]
*** SHOW DOWN ***
vestimokrec: shows [5s Ac] (a straight, Ace to Five)
bastion670: shows [5h Qh] (a pair of Threes)
vestimokrec collected $25.96 from pot
*** SUMMARY ***
Total pot $26.46 | Rake $0.50
Board [2h 3d 3s 4d Kh]
Seat 3: bastion670 (button) (small blind) showed [5h Qh] and lost with a pair of Threes
Seat 5: vestimokrec (big blind) showed [5s Ac] and won ($25.96) with a straight, Ace to Five


PokerStars Hand #176869733158:  Hold'em Limit ($3/$6 USD) - 2017/10/13 14:52:25 ET
Table 'Sculptor II' 6-max Seat #3 is the button
Seat 3: bastion670 ($15.75 in chips)
Seat 5: vestimokrec ($162.83 in chips)
bastion670: posts small blind $1
vestimokrec: posts big blind $3
*** HOLE CARDS ***
bastion670: calls $2
vestimokrec: checks
*** FLOP *** [6c Ks 5c]
vestimokrec: checks
bastion670: checks
*** TURN *** [6c Ks 5c] [7c]
vestimokrec: bets $6
bastion670: calls $6
*** RIVER *** [6c Ks 5c 7c] [2s]
vestimokrec: bets $6
bastion670: folds
Uncalled bet ($6) returned to vestimokrec
vestimokrec collected $17.64 from pot
vestimokrec: doesn't show hand
*** SUMMARY ***
Total pot $18 | Rake $0.36
Board [6c Ks 5c 7c 2s]
Seat 3: bastion670 (button) (small blind) folded on the River
Seat 5: vestimokrec (big blind) collected ($17.64)


PokerStars Hand #176869748967:  Hold'em Limit ($3/$6 USD) - 2017/10/13 14:52:45 ET
Table 'Sculptor II' 6-max Seat #5 is the button
Seat 3: bastion670 ($6.75 in chips)
Seat 5: vestimokrec ($171.47 in chips)
vestimokrec: posts small blind $1
bastion670: posts big blind $3
*** HOLE CARDS ***
nmpro32 joins the table at seat #6
vestimokrec: raises $3 to $6
bastion670: raises $0.75 to $6.75 and is all-in
vestimokrec: calls $0.75
*** FLOP *** [Kc Ad Tc]
*** TURN *** [Kc Ad Tc] [6d]
*** RIVER *** [Kc Ad Tc 6d] [5s]
*** SHOW DOWN ***
bastion670: shows [7c 6c] (a pair of Sixes)
vestimokrec: shows [9c 8d] (high card Ace)
bastion670 collected $13.23 from pot
*** SUMMARY ***
Total pot $13.50 | Rake $0.27
Board [Kc Ad Tc 6d 5s]
Seat 3: bastion670 (big blind) showed [7c 6c] and won ($13.23) with a pair of Sixes
Seat 5: vestimokrec (button) (small blind) showed [9c 8d] and lost with high card Ace


PokerStars Hand #176869727216:  Hold'em Limit ($3/$6 USD) - 2017/10/13 14:52:17 ET
Table 'Sculptor II' 6-max Seat #5 is the button
Seat 3: bastion670 ($14.75 in chips)
Seat 5: vestimokrec ($163.83 in chips)
vestimokrec: posts small blind $1
bastion670: posts big blind $3
*** HOLE CARDS ***
vestimokrec: folds
Uncalled bet ($2) returned to bastion670
bastion670 collected $2 from pot
bastion670: doesn't show hand
*** SUMMARY ***
Total pot $2 | Rake $0
Seat 3: bastion670 (big blind) collected ($2)
Seat 5: vestimokrec (button) (small blind) folded before Flop


PokerStars Hand #176869779192:  Hold'em Limit ($3/$6 USD) - 2017/10/13 14:53:24 ET
Table 'Sculptor II' 6-max Seat #6 is the button
Seat 5: vestimokrec ($180.45 in chips)
Seat 6: nmpro32 ($47 in chips)
nmpro32: posts small blind $1
vestimokrec: posts big blind $3
*** HOLE CARDS ***
nmpro32: folds
Uncalled bet ($2) returned to vestimokrec
vestimokrec collected $2 from pot
vestimokrec: doesn't show hand
*** SUMMARY ***
Total pot $2 | Rake $0
Seat 5: vestimokrec (big blind) collected ($2)
Seat 6: nmpro32 (button) (small blind) folded before Flop


PokerStars Hand #176869782923:  Hold'em Limit ($3/$6 USD) - 2017/10/13 14:53:29 ET
Table 'Sculptor II' 6-max Seat #5 is the button
Seat 5: vestimokrec ($181.45 in chips)
Seat 6: nmpro32 ($46 in chips)
vestimokrec: posts small blind $1
nmpro32: posts big blind $3
*** HOLE CARDS ***
vestimokrec: raises $3 to $6
nmpro32: calls $3
*** FLOP *** [8h Qh 2d]
nmpro32: checks
vestimokrec: checks
*** TURN *** [8h Qh 2d] [9d]
nmpro32: bets $6
vestimokrec: calls $6
*** RIVER *** [8h Qh 2d 9d] [9s]
nmpro32: bets $6
vestimokrec: calls $6
*** SHOW DOWN ***
nmpro32: shows [2h Ac] (two pair, Nines and Deuces)
vestimokrec: mucks hand
nmpro32 collected $35.50 from pot
*** SUMMARY ***
Total pot $36 | Rake $0.50
Board [8h Qh 2d 9d 9s]
Seat 5: vestimokrec (button) (small blind) mucked
Seat 6: nmpro32 (big blind) showed [2h Ac] and won ($35.50) with two pair, Nines and Deuces


PokerStars Hand #176869773671:  Hold'em Limit ($3/$6 USD) - 2017/10/13 14:53:17 ET
Table 'Sculptor II' 6-max Seat #5 is the button
Seat 5: vestimokrec ($177.45 in chips)
Seat 6: nmpro32 ($50 in chips)
vestimokrec: posts small blind $1
nmpro32: posts big blind $3
*** HOLE CARDS ***
vestimokrec: raises $3 to $6
nmpro32: folds
Uncalled bet ($3) returned to vestimokrec
vestimokrec collected $6 from pot
vestimokrec: doesn't show hand
*** SUMMARY ***
Total pot $6 | Rake $0
Seat 5: vestimokrec (button) (small blind) collected ($6)
Seat 6: nmpro32 (big blind) folded before Flop


PokerStars Hand #176871286151:  Hold'em Limit ($3/$6 USD) - 2017/10/13 15:25:59 ET
Table 'Sculptor II' 6-max Seat #3 is the button
Seat 3: AzureCaper ($157.03 in chips)
Seat 5: dieanalyse ($118.93 in chips)
AzureCaper: posts small blind $1
dieanalyse: posts big blind $3
*** HOLE CARDS ***
AzureCaper: folds
Uncalled bet ($2) returned to dieanalyse
dieanalyse collected $2 from pot
dieanalyse: doesn't show hand
*** SUMMARY ***
Total pot $2 | Rake $0
Seat 3: AzureCaper (button) (small blind) folded before Flop
Seat 5: dieanalyse (big blind) collected ($2)


PokerStars Hand #176871279695:  Hold'em Limit ($3/$6 USD) - 2017/10/13 15:25:51 ET
Table 'Sculptor II' 6-max Seat #5 is the button
Seat 3: AzureCaper ($160.03 in chips)
Seat 5: dieanalyse ($115.93 in chips)
dieanalyse: posts small blind $1
zxkz: is sitting out
vestimokrec: is sitting out
AzureCaper: posts big blind $3
*** HOLE CARDS ***
zxkz leaves the table
dieanalyse: raises $3 to $6
AzureCaper: folds
Uncalled bet ($3) returned to dieanalyse
BelSv joins the table at seat #1
dieanalyse collected $6 from pot
dieanalyse: doesn't show hand
*** SUMMARY ***
Total pot $6 | Rake $0
Seat 3: AzureCaper (big blind) folded before Flop
Seat 5: dieanalyse (button) (small blind) collected ($6)


PokerStars Hand #176871345000:  Hold'em Limit ($3/$6 USD) - 2017/10/13 15:27:12 ET
Table 'Sculptor II' 6-max Seat #1 is the button
Seat 1: BelSv ($85.88 in chips)
Seat 5: dieanalyse ($117.57 in chips)
BelSv: posts small blind $1
dieanalyse: posts big blind $3
*** HOLE CARDS ***
BelSv: raises $3 to $6
dieanalyse: folds
Uncalled bet ($3) returned to BelSv
BelSv collected $6 from pot
BelSv: doesn't show hand
*** SUMMARY ***
Total pot $6 | Rake $0
Seat 1: BelSv (button) (small blind) collected ($6)
Seat 5: dieanalyse (big blind) folded before Flop


PokerStars Hand #176871341073:  Hold'em Limit ($3/$6 USD) - 2017/10/13 15:27:07 ET
Table 'Sculptor II' 6-max Seat #5 is the button
Seat 1: BelSv ($84.88 in chips)
Seat 5: dieanalyse ($118.57 in chips)
dieanalyse: posts small blind $1
BelSv: posts big blind $3
*** HOLE CARDS ***
dieanalyse: folds
Uncalled bet ($2) returned to BelSv
BelSv collected $2 from pot
BelSv: doesn't show hand
*** SUMMARY ***
Total pot $2 | Rake $0
Seat 1: BelSv (big blind) collected ($2)
Seat 5: dieanalyse (button) (small blind) folded before Flop


PokerStars Hand #176871335970:  Hold'em Limit ($3/$6 USD) - 2017/10/13 15:27:01 ET
Table 'Sculptor II' 6-max Seat #1 is the button
Seat 1: BelSv ($81.88 in chips)
Seat 5: dieanalyse ($121.57 in chips)
BelSv: posts small blind $1
dieanalyse: posts big blind $3
*** HOLE CARDS ***
BelSv: raises $3 to $6
dieanalyse: folds
Uncalled bet ($3) returned to BelSv
BelSv collected $6 from pot
BelSv: doesn't show hand
*** SUMMARY ***
Total pot $6 | Rake $0
Seat 1: BelSv (button) (small blind) collected ($6)
Seat 5: dieanalyse (big blind) folded before Flop


PokerStars Hand #176871331475:  Hold'em Limit ($3/$6 USD) - 2017/10/13 15:26:55 ET
Table 'Sculptor II' 6-max Seat #5 is the button
Seat 1: BelSv ($80.88 in chips)
Seat 5: dieanalyse ($122.57 in chips)
dieanalyse: posts small blind $1
BelSv: posts big blind $3
*** HOLE CARDS ***
dieanalyse: folds
Uncalled bet ($2) returned to BelSv
BelSv collected $2 from pot
BelSv: doesn't show hand
*** SUMMARY ***
Total pot $2 | Rake $0
Seat 1: BelSv (big blind) collected ($2)
Seat 5: dieanalyse (button) (small blind) folded before Flop


PokerStars Hand #176871305333:  Hold'em Limit ($3/$6 USD) - 2017/10/13 15:26:23 ET
Table 'Sculptor II' 6-max Seat #1 is the button
Seat 1: BelSv ($78 in chips)
Seat 5: dieanalyse ($125.57 in chips)
BelSv: posts small blind $1
AzureCaper: is sitting out
dieanalyse: posts big blind $3
*** HOLE CARDS ***
BelSv: calls $2
dieanalyse: checks
*** FLOP *** [Jc 2s Td]
dieanalyse: checks
BelSv: bets $3
dieanalyse: folds
Uncalled bet ($3) returned to BelSv
BelSv collected $5.88 from pot
BelSv: doesn't show hand
*** SUMMARY ***
Total pot $6 | Rake $0.12
Board [Jc 2s Td]
Seat 1: BelSv (button) (small blind) collected ($5.88)
Seat 5: dieanalyse (big blind) folded on the Flop


PokerStars Hand #176871349012:  Hold'em Limit ($3/$6 USD) - 2017/10/13 15:27:17 ET
Table 'Sculptor II' 6-max Seat #5 is the button
Seat 1: BelSv ($88.88 in chips)
Seat 5: dieanalyse ($114.57 in chips)
dieanalyse: posts small blind $1
Widegermany was removed from the table for failing to post
BelSv: posts big blind $3
*** HOLE CARDS ***
dieanalyse: raises $3 to $6
BelSv: calls $3
*** FLOP *** [7c Ts 3d]
BelSv: checks
dieanalyse: bets $3
BelSv: folds
Uncalled bet ($3) returned to dieanalyse
dieanalyse collected $11.76 from pot
dieanalyse: doesn't show hand
*** SUMMARY ***
Total pot $12 | Rake $0.24
Board [7c Ts 3d]
Seat 1: BelSv (big blind) folded on the Flop
Seat 5: dieanalyse (button) (small blind) collected ($11.76)


