PokerStars Hand #166435866870:  Hold'em Limit ($3/$6 USD) - 2017/02/19 3:50:16 ET
Table 'Sculptor' 10-max Seat #10 is the button
Seat 6: Rus29APX ($120 in chips)
Seat 10: perten ($52.41 in chips)
perten: posts small blind $1
Rus29APX: posts big blind $3
*** HOLE CARDS ***
perten: raises $3 to $6
Rus29APX: calls $3
*** FLOP *** [Ts 7d 3c]
Rus29APX: checks
perten: checks
*** TURN *** [Ts 7d 3c] [3d]
Rus29APX: checks
perten: checks
*** RIVER *** [Ts 7d 3c 3d] [9s]
Rus29APX: checks
perten: bets $6
Rus29APX: folds
Uncalled bet ($6) returned to perten
perten collected $11.76 from pot
perten: doesn't show hand
*** SUMMARY ***
Total pot $12 | Rake $0.24
Board [Ts 7d 3c 3d 9s]
Seat 6: Rus29APX (big blind) folded on the River
Seat 10: perten (button) (small blind) collected ($11.76)


PokerStars Hand #166435885626:  Hold'em Limit ($3/$6 USD) - 2017/02/19 3:51:05 ET
Table 'Sculptor' 10-max Seat #6 is the button
Seat 6: Rus29APX ($114 in chips)
Seat 10: perten ($58.17 in chips)
Rus29APX: posts small blind $1
perten: posts big blind $3
*** HOLE CARDS ***
Rus29APX: raises $3 to $6
perten: raises $3 to $9
Rus29APX: calls $3
*** FLOP *** [4h 9h 2h]
perten: bets $3
Rus29APX: folds
Uncalled bet ($3) returned to perten
perten collected $17.64 from pot
perten: doesn't show hand
*** SUMMARY ***
Total pot $18 | Rake $0.36
Board [4h 9h 2h]
Seat 6: Rus29APX (button) (small blind) folded on the Flop
Seat 10: perten (big blind) collected ($17.64)


PokerStars Hand #166435896056:  Hold'em Limit ($3/$6 USD) - 2017/02/19 3:51:32 ET
Table 'Sculptor' 10-max Seat #10 is the button
Seat 6: Rus29APX ($105 in chips)
Seat 10: perten ($66.81 in chips)
perten: posts small blind $1
Rus29APX: posts big blind $3
*** HOLE CARDS ***
perten: folds
Uncalled bet ($2) returned to Rus29APX
Rus29APX collected $2 from pot
Rus29APX: doesn't show hand
*** SUMMARY ***
Total pot $2 | Rake $0
Seat 6: Rus29APX (big blind) collected ($2)
Seat 10: perten (button) (small blind) folded before Flop


PokerStars Hand #166436973785:  Hold'em Limit ($3/$6 USD) - 2017/02/19 4:35:52 ET
Table 'Sculptor' 10-max Seat #6 is the button
Seat 6: Rus29APX ($106 in chips)
Seat 9: perten ($87.64 in chips)
Rus29APX: posts small blind $1
MarcoSilva98 joins the table at seat #1
perten: posts big blind $3
*** HOLE CARDS ***
Rus29APX: raises $3 to $6
perten: calls $3
*** FLOP *** [Jh 5s Qs]
perten: checks
Rus29APX: bets $3
perten: calls $3
*** TURN *** [Jh 5s Qs] [6h]
perten: checks
Rus29APX: bets $6
perten: calls $6
*** RIVER *** [Jh 5s Qs 6h] [8s]
perten: checks
Rus29APX: bets $6
perten: calls $6
*** SHOW DOWN ***
Rus29APX: shows [9c Tc] (a straight, Eight to Queen)
perten: mucks hand
Rus29APX collected $41.50 from pot
*** SUMMARY ***
Total pot $42 | Rake $0.50
Board [Jh 5s Qs 6h 8s]
Seat 6: Rus29APX (button) (small blind) showed [9c Tc] and won ($41.50) with a straight, Eight to Queen
Seat 9: perten (big blind) mucked


PokerStars Hand #166437258377:  Hold'em Limit ($3/$6 USD) - 2017/02/19 4:46:37 ET
Table 'Sculptor' 10-max Seat #6 is the button
Seat 1: MarcoSilva98 ($133.81 in chips)
Seat 6: Rus29APX ($156.67 in chips)
Rus29APX: posts small blind $1
perten: is sitting out
MarcoSilva98: posts big blind $3
*** HOLE CARDS ***
Rus29APX: raises $3 to $6
MarcoSilva98: calls $3
*** FLOP *** [Qc Tc 8h]
MarcoSilva98: checks
Rus29APX: bets $3
MarcoSilva98: raises $3 to $6
Rus29APX: calls $3
*** TURN *** [Qc Tc 8h] [Js]
MarcoSilva98: bets $6
Rus29APX: calls $6
*** RIVER *** [Qc Tc 8h Js] [6c]
MarcoSilva98: checks
Rus29APX: bets $6
MarcoSilva98: calls $6
*** SHOW DOWN ***
Rus29APX: shows [7s Jc] (a pair of Jacks)
MarcoSilva98: mucks hand
Rus29APX collected $47.50 from pot
*** SUMMARY ***
Total pot $48 | Rake $0.50
Board [Qc Tc 8h Js 6c]
Seat 1: MarcoSilva98 (big blind) mucked
Seat 6: Rus29APX (button) (small blind) showed [7s Jc] and won ($47.50) with a pair of Jacks


PokerStars Hand #166437280056:  Hold'em Limit ($3/$6 USD) - 2017/02/19 4:47:26 ET
Table 'Sculptor' 10-max Seat #1 is the button
Seat 1: MarcoSilva98 ($109.81 in chips)
Seat 6: Rus29APX ($180.17 in chips)
MarcoSilva98: posts small blind $1
Rus29APX: posts big blind $3
*** HOLE CARDS ***
MarcoSilva98: raises $3 to $6
Rus29APX: calls $3
*** FLOP *** [Th Kc Ad]
Rus29APX: checks
MarcoSilva98: bets $3
Rus29APX: calls $3
*** TURN *** [Th Kc Ad] [6h]
Rus29APX: checks
MarcoSilva98: checks
*** RIVER *** [Th Kc Ad 6h] [5c]
Rus29APX: checks
MarcoSilva98: checks
*** SHOW DOWN ***
Rus29APX: shows [4s Jd] (high card Ace)
MarcoSilva98: shows [Jc 8c] (high card Ace - King+Jack+Ten+Eight kicker)
MarcoSilva98 collected $17.64 from pot
*** SUMMARY ***
Total pot $18 | Rake $0.36
Board [Th Kc Ad 6h 5c]
Seat 1: MarcoSilva98 (button) (small blind) showed [Jc 8c] and won ($17.64) with high card Ace
Seat 6: Rus29APX (big blind) showed [4s Jd] and lost with high card Ace


PokerStars Hand #166437358851:  Hold'em Limit ($3/$6 USD) - 2017/02/19 4:50:23 ET
Table 'Sculptor' 10-max Seat #6 is the button
Seat 1: MarcoSilva98 ($91.09 in chips)
Seat 6: Rus29APX ($218.90 in chips)
Rus29APX: posts small blind $1
perten: is sitting out
MarcoSilva98: posts big blind $3
*** HOLE CARDS ***
Rus29APX: raises $3 to $6
MarcoSilva98: calls $3
*** FLOP *** [Qs Kd 3h]
MarcoSilva98: checks
Rus29APX: bets $3
MarcoSilva98: calls $3
*** TURN *** [Qs Kd 3h] [6h]
MarcoSilva98: checks
Rus29APX: checks
*** RIVER *** [Qs Kd 3h 6h] [As]
MarcoSilva98: checks
Rus29APX: bets $6
MarcoSilva98: calls $6
*** SHOW DOWN ***
Rus29APX: shows [Jc Ac] (a pair of Aces)
MarcoSilva98: mucks hand
Rus29APX collected $29.50 from pot
*** SUMMARY ***
Total pot $30 | Rake $0.50
Board [Qs Kd 3h 6h As]
Seat 1: MarcoSilva98 (big blind) mucked
Seat 6: Rus29APX (button) (small blind) showed [Jc Ac] and won ($29.50) with a pair of Aces


PokerStars Hand #166437373099:  Hold'em Limit ($3/$6 USD) - 2017/02/19 4:50:55 ET
Table 'Sculptor' 10-max Seat #1 is the button
Seat 1: MarcoSilva98 ($76.09 in chips)
Seat 6: Rus29APX ($233.40 in chips)
MarcoSilva98: posts small blind $1
Rus29APX: posts big blind $3
*** HOLE CARDS ***
MarcoSilva98: raises $3 to $6
Rus29APX: calls $3
*** FLOP *** [Qs 6c 9c]
Rus29APX: checks
MarcoSilva98: bets $3
Rus29APX: raises $3 to $6
MarcoSilva98: calls $3
*** TURN *** [Qs 6c 9c] [Tc]
Rus29APX: bets $6
MarcoSilva98: raises $6 to $12
Rus29APX: calls $6
*** RIVER *** [Qs 6c 9c Tc] [Jd]
Rus29APX: checks
MarcoSilva98: checks
*** SHOW DOWN ***
Rus29APX: shows [7h Qd] (a pair of Queens)
MarcoSilva98: shows [8h Js] (a straight, Eight to Queen)
MarcoSilva98 collected $47.50 from pot
*** SUMMARY ***
Total pot $48 | Rake $0.50
Board [Qs 6c 9c Tc Jd]
Seat 1: MarcoSilva98 (button) (small blind) showed [8h Js] and won ($47.50) with a straight, Eight to Queen
Seat 6: Rus29APX (big blind) showed [7h Qd] and lost with a pair of Queens


PokerStars Hand #166437387351:  Hold'em Limit ($3/$6 USD) - 2017/02/19 4:51:27 ET
Table 'Sculptor' 10-max Seat #6 is the button
Seat 1: MarcoSilva98 ($99.59 in chips)
Seat 6: Rus29APX ($209.40 in chips)
Rus29APX: posts small blind $1
MarcoSilva98: posts big blind $3
*** HOLE CARDS ***
Rus29APX: raises $3 to $6
MarcoSilva98: calls $3
*** FLOP *** [Ah 9s 3h]
MarcoSilva98: checks
Rus29APX: bets $3
MarcoSilva98: raises $3 to $6
Rus29APX: calls $3
*** TURN *** [Ah 9s 3h] [2c]
MarcoSilva98: bets $6
Rus29APX: calls $6
*** RIVER *** [Ah 9s 3h 2c] [Jc]
MarcoSilva98: bets $6
Rus29APX: calls $6
*** SHOW DOWN ***
MarcoSilva98: shows [6s 8d] (high card Ace)
Rus29APX: shows [Qd 3d] (a pair of Threes)
Rus29APX collected $47.50 from pot
*** SUMMARY ***
Total pot $48 | Rake $0.50
Board [Ah 9s 3h 2c Jc]
Seat 1: MarcoSilva98 (big blind) showed [6s 8d] and lost with high card Ace
Seat 6: Rus29APX (button) (small blind) showed [Qd 3d] and won ($47.50) with a pair of Threes


PokerStars Hand #166437427220:  Hold'em Limit ($3/$6 USD) - 2017/02/19 4:52:56 ET
Table 'Sculptor' 10-max Seat #6 is the button
Seat 1: MarcoSilva98 ($60.59 in chips)
Seat 6: Rus29APX ($247.40 in chips)
Rus29APX: posts small blind $1
MarcoSilva98: posts big blind $3
*** HOLE CARDS ***
Rus29APX: folds
Uncalled bet ($2) returned to MarcoSilva98
MarcoSilva98 collected $2 from pot
MarcoSilva98: doesn't show hand
*** SUMMARY ***
Total pot $2 | Rake $0
Seat 1: MarcoSilva98 (big blind) collected ($2)
Seat 6: Rus29APX (button) (small blind) folded before Flop


PokerStars Hand #166437401866:  Hold'em Limit ($3/$6 USD) - 2017/02/19 4:51:59 ET
Table 'Sculptor' 10-max Seat #1 is the button
Seat 1: MarcoSilva98 ($75.59 in chips)
Seat 6: Rus29APX ($232.90 in chips)
MarcoSilva98: posts small blind $1
Rus29APX: posts big blind $3
*** HOLE CARDS ***
MarcoSilva98: raises $3 to $6
Rus29APX: calls $3
*** FLOP *** [5c 4d 2c]
Rus29APX: checks
MarcoSilva98: bets $3
Rus29APX: calls $3
*** TURN *** [5c 4d 2c] [Ac]
Rus29APX: checks
MarcoSilva98: checks
*** RIVER *** [5c 4d 2c Ac] [Ah]
Rus29APX: checks
MarcoSilva98: bets $6
Rus29APX: calls $6
*** SHOW DOWN ***
MarcoSilva98: shows [Jc Kd] (a pair of Aces)
Rus29APX: shows [Qs 2d] (two pair, Aces and Deuces)
Rus29APX collected $29.50 from pot
*** SUMMARY ***
Total pot $30 | Rake $0.50
Board [5c 4d 2c Ac Ah]
Seat 1: MarcoSilva98 (button) (small blind) showed [Jc Kd] and lost with a pair of Aces
Seat 6: Rus29APX (big blind) showed [Qs 2d] and won ($29.50) with two pair, Aces and Deuces


PokerStars Hand #166437429718:  Hold'em Limit ($3/$6 USD) - 2017/02/19 4:53:01 ET
Table 'Sculptor' 10-max Seat #1 is the button
Seat 1: MarcoSilva98 ($61.59 in chips)
Seat 6: Rus29APX ($246.40 in chips)
MarcoSilva98: posts small blind $1
Rus29APX: posts big blind $3
*** HOLE CARDS ***
MarcoSilva98: raises $3 to $6
Rus29APX: calls $3
*** FLOP *** [Kh 3d 5d]
Rus29APX: checks
MarcoSilva98: checks
*** TURN *** [Kh 3d 5d] [Qc]
Rus29APX: bets $6
MarcoSilva98: folds
Uncalled bet ($6) returned to Rus29APX
Rus29APX collected $11.76 from pot
Rus29APX: doesn't show hand
*** SUMMARY ***
Total pot $12 | Rake $0.24
Board [Kh 3d 5d Qc]
Seat 1: MarcoSilva98 (button) (small blind) folded on the Turn
Seat 6: Rus29APX (big blind) collected ($11.76)


PokerStars Hand #166437442330:  Hold'em Limit ($3/$6 USD) - 2017/02/19 4:53:30 ET
Table 'Sculptor' 10-max Seat #6 is the button
Seat 1: MarcoSilva98 ($55.59 in chips)
Seat 6: Rus29APX ($252.16 in chips)
Rus29APX: posts small blind $1
MarcoSilva98: posts big blind $3
*** HOLE CARDS ***
Rus29APX: raises $3 to $6
MarcoSilva98: calls $3
*** FLOP *** [9s Kc 5h]
MarcoSilva98: checks
Rus29APX: bets $3
MarcoSilva98: calls $3
*** TURN *** [9s Kc 5h] [4s]
MarcoSilva98: checks
Rus29APX: bets $6
MarcoSilva98: calls $6
*** RIVER *** [9s Kc 5h 4s] [4h]
MarcoSilva98: checks
Rus29APX: checks
*** SHOW DOWN ***
MarcoSilva98: shows [9c 8d] (two pair, Nines and Fours)
Rus29APX: mucks hand
MarcoSilva98 collected $29.50 from pot
*** SUMMARY ***
Total pot $30 | Rake $0.50
Board [9s Kc 5h 4s 4h]
Seat 1: MarcoSilva98 (big blind) showed [9c 8d] and won ($29.50) with two pair, Nines and Fours
Seat 6: Rus29APX (button) (small blind) mucked


PokerStars Hand #166437451157:  Hold'em Limit ($3/$6 USD) - 2017/02/19 4:53:50 ET
Table 'Sculptor' 10-max Seat #1 is the button
Seat 1: MarcoSilva98 ($70.09 in chips)
Seat 6: Rus29APX ($237.16 in chips)
MarcoSilva98: posts small blind $1
Rus29APX: posts big blind $3
*** HOLE CARDS ***
MarcoSilva98: raises $3 to $6
Rus29APX: calls $3
*** FLOP *** [9s Th 7c]
Rus29APX: checks
MarcoSilva98: bets $3
Rus29APX: folds
Uncalled bet ($3) returned to MarcoSilva98
MarcoSilva98 collected $11.76 from pot
MarcoSilva98: doesn't show hand
*** SUMMARY ***
Total pot $12 | Rake $0.24
Board [9s Th 7c]
Seat 1: MarcoSilva98 (button) (small blind) collected ($11.76)
Seat 6: Rus29APX (big blind) folded on the Flop


PokerStars Hand #166437463093:  Hold'em Limit ($3/$6 USD) - 2017/02/19 4:54:16 ET
Table 'Sculptor' 10-max Seat #6 is the button
Seat 1: MarcoSilva98 ($75.85 in chips)
Seat 6: Rus29APX ($231.16 in chips)
Rus29APX: posts small blind $1
MarcoSilva98: posts big blind $3
*** HOLE CARDS ***
Rus29APX: raises $3 to $6
MarcoSilva98: raises $3 to $9
Rus29APX: calls $3
*** FLOP *** [5h 4s 7s]
MarcoSilva98: bets $3
Rus29APX: calls $3
*** TURN *** [5h 4s 7s] [Ks]
MarcoSilva98: bets $6
perten leaves the table
Rus29APX: calls $6
*** RIVER *** [5h 4s 7s Ks] [Qs]
MarcoSilva98: bets $6
Rus29APX: raises $6 to $12
MarcoSilva98: raises $6 to $18
Rus29APX: calls $6
*** SHOW DOWN ***
MarcoSilva98: shows [4d As] (a flush, Ace high)
Rus29APX: mucks hand
MarcoSilva98 collected $71.50 from pot
*** SUMMARY ***
Total pot $72 | Rake $0.50
Board [5h 4s 7s Ks Qs]
Seat 1: MarcoSilva98 (big blind) showed [4d As] and won ($71.50) with a flush, Ace high
Seat 6: Rus29APX (button) (small blind) mucked


PokerStars Hand #166437472734:  Hold'em Limit ($3/$6 USD) - 2017/02/19 4:54:38 ET
Table 'Sculptor' 10-max Seat #1 is the button
Seat 1: MarcoSilva98 ($111.35 in chips)
Seat 6: Rus29APX ($195.16 in chips)
MarcoSilva98: posts small blind $1
Rus29APX: posts big blind $3
*** HOLE CARDS ***
MarcoSilva98: raises $3 to $6
Rus29APX: raises $3 to $9
MarcoSilva98: calls $3
*** FLOP *** [3s 2d Ah]
Rus29APX: bets $3
MarcoSilva98: calls $3
*** TURN *** [3s 2d Ah] [8c]
Rus29APX: bets $6
MarcoSilva98: calls $6
*** RIVER *** [3s 2d Ah 8c] [6c]
Rus29APX: bets $6
MarcoSilva98: calls $6
*** SHOW DOWN ***
Rus29APX: shows [8s 6s] (two pair, Eights and Sixes)
MarcoSilva98: mucks hand
Rus29APX collected $47.50 from pot
*** SUMMARY ***
Total pot $48 | Rake $0.50
Board [3s 2d Ah 8c 6c]
Seat 1: MarcoSilva98 (button) (small blind) mucked
Seat 6: Rus29APX (big blind) showed [8s 6s] and won ($47.50) with two pair, Eights and Sixes


PokerStars Hand #166437480050:  Hold'em Limit ($3/$6 USD) - 2017/02/19 4:54:54 ET
Table 'Sculptor' 10-max Seat #6 is the button
Seat 1: MarcoSilva98 ($87.35 in chips)
Seat 6: Rus29APX ($218.66 in chips)
Rus29APX: posts small blind $1
MarcoSilva98: posts big blind $3
*** HOLE CARDS ***
Rus29APX: raises $3 to $6
MarcoSilva98: calls $3
*** FLOP *** [2s 5h 6d]
MarcoSilva98: checks
Rus29APX: bets $3
MarcoSilva98: raises $3 to $6
Rus29APX: calls $3
*** TURN *** [2s 5h 6d] [3h]
MarcoSilva98: bets $6
bullyingpros joins the table at seat #2
Rus29APX: folds
Uncalled bet ($6) returned to MarcoSilva98
MarcoSilva98 collected $23.52 from pot
MarcoSilva98: doesn't show hand
*** SUMMARY ***
Total pot $24 | Rake $0.48
Board [2s 5h 6d 3h]
Seat 1: MarcoSilva98 (big blind) collected ($23.52)
Seat 6: Rus29APX (button) (small blind) folded on the Turn


PokerStars Hand #166440329530:  Hold'em Limit ($3/$6 USD) - 2017/02/19 6:30:27 ET
Table 'Sculptor' 10-max Seat #7 is the button
Seat 5: alfredg ($136.58 in chips)
Seat 7: beng_51 ($153.66 in chips)
beng_51: posts small blind $1
nadnameloc: is sitting out
nadnameloc leaves the table
alfredg: posts big blind $3
*** HOLE CARDS ***
beng_51: raises $3 to $6
alfredg: calls $3
*** FLOP *** [5s Ks 3d]
alfredg: checks
beng_51: bets $3
Agrotait leaves the table
alfredg: folds
Uncalled bet ($3) returned to beng_51
beng_51 collected $11.76 from pot
*** SUMMARY ***
Total pot $12 | Rake $0.24
Board [5s Ks 3d]
Seat 5: alfredg (big blind) folded on the Flop
Seat 7: beng_51 (button) (small blind) collected ($11.76)


PokerStars Hand #166440342712:  Hold'em Limit ($3/$6 USD) - 2017/02/19 6:30:52 ET
Table 'Sculptor' 10-max Seat #5 is the button
Seat 5: alfredg ($130.58 in chips)
Seat 7: beng_51 ($159.42 in chips)
alfredg: posts small blind $1
beng_51: posts big blind $3
*** HOLE CARDS ***
TbIP-TbIP 88 joins the table at seat #6
alfredg: raises $3 to $6
beng_51: calls $3
*** FLOP *** [4c 4d 6c]
beng_51: checks
alfredg: bets $3
beng_51: calls $3
*** TURN *** [4c 4d 6c] [3h]
beng_51: checks
alfredg: bets $6
beng_51: calls $6
*** RIVER *** [4c 4d 6c 3h] [3d]
beng_51: checks
alfredg: bets $6
beng_51: calls $6
*** SHOW DOWN ***
alfredg: shows [Kh Js] (two pair, Fours and Threes)
beng_51: mucks hand
alfredg collected $41.50 from pot
*** SUMMARY ***
Total pot $42 | Rake $0.50
Board [4c 4d 6c 3h 3d]
Seat 5: alfredg (button) (small blind) showed [Kh Js] and won ($41.50) with two pair, Fours and Threes
Seat 7: beng_51 (big blind) mucked


PokerStars Hand #166440360662:  Hold'em Limit ($3/$6 USD) - 2017/02/19 6:31:25 ET
Table 'Sculptor' 10-max Seat #7 is the button
Seat 5: alfredg ($151.08 in chips)
Seat 7: beng_51 ($138.42 in chips)
beng_51: posts small blind $1
alfredg: posts big blind $3
*** HOLE CARDS ***
beng_51: raises $3 to $6
alfredg: raises $3 to $9
beng_51: calls $3
*** FLOP *** [5h 8h Qh]
alfredg: bets $3
beng_51: calls $3
*** TURN *** [5h 8h Qh] [Jh]
alfredg: checks
beng_51: bets $6
alfredg: folds
Uncalled bet ($6) returned to beng_51
beng_51 collected $23.52 from pot
*** SUMMARY ***
Total pot $24 | Rake $0.48
Board [5h 8h Qh Jh]
Seat 5: alfredg (big blind) folded on the Turn
Seat 7: beng_51 (button) (small blind) collected ($23.52)


