PokerStars Hand #144376130292:  Hold'em Limit ($3/$6 USD) - 2015/11/25 15:08:36 ET
Table 'Scutum II' 2-max Seat #2 is the button
Seat 1: balrog25 ($180 in chips)
Seat 2: cepzorr ($30 in chips)
cepzorr: posts small blind $1
balrog25: posts big blind $3
*** HOLE CARDS ***
cepzorr: raises $3 to $6
balrog25: calls $3
*** FLOP *** [6s Td Kd]
balrog25: checks
cepzorr: bets $3
balrog25: calls $3
*** TURN *** [6s Td Kd] [Ts]
balrog25: checks
cepzorr: bets $6
balrog25: calls $6
*** RIVER *** [6s Td Kd Ts] [3h]
balrog25: checks
cepzorr: bets $6
balrog25: calls $6
*** SHOW DOWN ***
cepzorr: shows [Js 9s] (a pair of Tens)
balrog25: shows [6h As] (two pair, Tens and Sixes)
balrog25 collected $41.50 from pot
*** SUMMARY ***
Total pot $42 | Rake $0.50
Board [6s Td Kd Ts 3h]
Seat 1: balrog25 (big blind) showed [6h As] and won ($41.50) with two pair, Tens and Sixes
Seat 2: cepzorr (button) (small blind) showed [Js 9s] and lost with a pair of Tens


PokerStars Hand #144376193891:  Hold'em Limit ($3/$6 USD) - 2015/11/25 15:09:41 ET
Table 'Scutum II' 2-max Seat #1 is the button
Seat 1: balrog25 ($200.50 in chips)
Seat 2: cepzorr ($9 in chips)
balrog25: posts small blind $1
cepzorr: posts big blind $3
*** HOLE CARDS ***
balrog25: raises $3 to $6
cepzorr: raises $3 to $9 and is all-in
balrog25: calls $3
*** FLOP *** [6d 5c 2s]
*** TURN *** [6d 5c 2s] [Jc]
*** RIVER *** [6d 5c 2s Jc] [Ad]
*** SHOW DOWN ***
cepzorr: shows [2d 5s] (two pair, Fives and Deuces)
balrog25: shows [2h Ks] (a pair of Deuces)
cepzorr collected $17.64 from pot
*** SUMMARY ***
Total pot $18 | Rake $0.36
Board [6d 5c 2s Jc Ad]
Seat 1: balrog25 (button) (small blind) showed [2h Ks] and lost with a pair of Deuces
Seat 2: cepzorr (big blind) showed [2d 5s] and won ($17.64) with two pair, Fives and Deuces


PokerStars Hand #144376221998:  Hold'em Limit ($3/$6 USD) - 2015/11/25 15:10:10 ET
Table 'Scutum II' 2-max Seat #2 is the button
Seat 1: balrog25 ($191.50 in chips)
Seat 2: cepzorr ($17.64 in chips)
cepzorr: posts small blind $1
balrog25: posts big blind $3
*** HOLE CARDS ***
cepzorr: raises $3 to $6
balrog25: calls $3
*** FLOP *** [9h Td 6c]
balrog25: checks
cepzorr: bets $3
balrog25: calls $3
*** TURN *** [9h Td 6c] [4s]
balrog25: checks
cepzorr: bets $6
balrog25: raises $6 to $12
cepzorr: calls $2.64 and is all-in
Uncalled bet ($3.36) returned to balrog25
*** RIVER *** [9h Td 6c 4s] [Jd]
*** SHOW DOWN ***
balrog25: shows [8d 9s] (a pair of Nines)
cepzorr: shows [Jh Qd] (a pair of Jacks)
cepzorr collected $34.78 from pot
*** SUMMARY ***
Total pot $35.28 | Rake $0.50
Board [9h Td 6c 4s Jd]
Seat 1: balrog25 (big blind) showed [8d 9s] and lost with a pair of Nines
Seat 2: cepzorr (button) (small blind) showed [Jh Qd] and won ($34.78) with a pair of Jacks


PokerStars Hand #144376246235:  Hold'em Limit ($3/$6 USD) - 2015/11/25 15:10:35 ET
Table 'Scutum II' 2-max Seat #1 is the button
Seat 1: balrog25 ($173.86 in chips)
Seat 2: cepzorr ($34.78 in chips)
balrog25: posts small blind $1
cepzorr: posts big blind $3
*** HOLE CARDS ***
balrog25: folds
Uncalled bet ($2) returned to cepzorr
cepzorr collected $2 from pot
cepzorr: doesn't show hand
*** SUMMARY ***
Total pot $2 | Rake $0
Seat 1: balrog25 (button) (small blind) folded before Flop
Seat 2: cepzorr (big blind) collected ($2)


PokerStars Hand #144376263182:  Hold'em Limit ($3/$6 USD) - 2015/11/25 15:10:52 ET
Table 'Scutum II' 2-max Seat #2 is the button
Seat 1: balrog25 ($172.86 in chips)
Seat 2: cepzorr ($35.78 in chips)
cepzorr: posts small blind $1
balrog25: posts big blind $3
*** HOLE CARDS ***
cepzorr: raises $3 to $6
balrog25: calls $3
*** FLOP *** [Ts Jd 9c]
balrog25: checks
cepzorr: bets $3
balrog25: calls $3
*** TURN *** [Ts Jd 9c] [7s]
balrog25: checks
cepzorr: bets $6
balrog25: calls $6
*** RIVER *** [Ts Jd 9c 7s] [Ks]
balrog25: checks
cepzorr: bets $6
balrog25: calls $6
*** SHOW DOWN ***
cepzorr: shows [Tc Qc] (a straight, Nine to King)
balrog25: mucks hand
cepzorr collected $41.50 from pot
*** SUMMARY ***
Total pot $42 | Rake $0.50
Board [Ts Jd 9c 7s Ks]
Seat 1: balrog25 (big blind) mucked
Seat 2: cepzorr (button) (small blind) showed [Tc Qc] and won ($41.50) with a straight, Nine to King


PokerStars Hand #144376324007:  Hold'em Limit ($3/$6 USD) - 2015/11/25 15:11:54 ET
Table 'Scutum II' 2-max Seat #2 is the button
Seat 1: balrog25 ($136.86 in chips)
Seat 2: cepzorr ($70.78 in chips)
cepzorr: posts small blind $1
balrog25: posts big blind $3
*** HOLE CARDS ***
cepzorr: folds
Uncalled bet ($2) returned to balrog25
balrog25 collected $2 from pot
balrog25: doesn't show hand
*** SUMMARY ***
Total pot $2 | Rake $0
Seat 1: balrog25 (big blind) collected ($2)
Seat 2: cepzorr (button) (small blind) folded before Flop


PokerStars Hand #144376301741:  Hold'em Limit ($3/$6 USD) - 2015/11/25 15:11:31 ET
Table 'Scutum II' 2-max Seat #1 is the button
Seat 1: balrog25 ($151.86 in chips)
Seat 2: cepzorr ($56.28 in chips)
balrog25: posts small blind $1
cepzorr: posts big blind $3
*** HOLE CARDS ***
balrog25: raises $3 to $6
cepzorr: calls $3
*** FLOP *** [8d 2d Th]
cepzorr: bets $3
balrog25: calls $3
*** TURN *** [8d 2d Th] [7d]
cepzorr: bets $6
balrog25: calls $6
*** RIVER *** [8d 2d Th 7d] [6h]
cepzorr: bets $6
balrog25: folds
Uncalled bet ($6) returned to cepzorr
cepzorr collected $29.50 from pot
cepzorr: doesn't show hand
*** SUMMARY ***
Total pot $30 | Rake $0.50
Board [8d 2d Th 7d 6h]
Seat 1: balrog25 (button) (small blind) folded on the River
Seat 2: cepzorr (big blind) collected ($29.50)


PokerStars Hand #144376328741:  Hold'em Limit ($3/$6 USD) - 2015/11/25 15:11:59 ET
Table 'Scutum II' 2-max Seat #1 is the button
Seat 1: balrog25 ($137.86 in chips)
Seat 2: cepzorr ($69.78 in chips)
balrog25: posts small blind $1
cepzorr: posts big blind $3
*** HOLE CARDS ***
balrog25: raises $3 to $6
cepzorr: calls $3
*** FLOP *** [3h 5d Ac]
cepzorr: bets $3
balrog25: raises $3 to $6
cepzorr: calls $3
*** TURN *** [3h 5d Ac] [Ah]
cepzorr: bets $6
balrog25: calls $6
*** RIVER *** [3h 5d Ac Ah] [5h]
cepzorr: bets $6
balrog25: folds
Uncalled bet ($6) returned to cepzorr
cepzorr collected $35.50 from pot
cepzorr: doesn't show hand
*** SUMMARY ***
Total pot $36 | Rake $0.50
Board [3h 5d Ac Ah 5h]
Seat 1: balrog25 (button) (small blind) folded on the River
Seat 2: cepzorr (big blind) collected ($35.50)


PokerStars Hand #144376350034:  Hold'em Limit ($3/$6 USD) - 2015/11/25 15:12:21 ET
Table 'Scutum II' 2-max Seat #2 is the button
Seat 1: balrog25 ($119.86 in chips)
Seat 2: cepzorr ($87.28 in chips)
cepzorr: posts small blind $1
balrog25: posts big blind $3
*** HOLE CARDS ***
cepzorr: calls $2
balrog25: checks
*** FLOP *** [2s 6s 9c]
balrog25: checks
cepzorr: bets $3
balrog25: calls $3
*** TURN *** [2s 6s 9c] [7c]
balrog25: checks
cepzorr: bets $6
balrog25: calls $6
*** RIVER *** [2s 6s 9c 7c] [Qs]
balrog25: checks
cepzorr: bets $6
balrog25: calls $6
*** SHOW DOWN ***
cepzorr: shows [9h 7d] (two pair, Nines and Sevens)
balrog25: mucks hand
cepzorr collected $35.50 from pot
*** SUMMARY ***
Total pot $36 | Rake $0.50
Board [2s 6s 9c 7c Qs]
Seat 1: balrog25 (big blind) mucked
Seat 2: cepzorr (button) (small blind) showed [9h 7d] and won ($35.50) with two pair, Nines and Sevens


PokerStars Hand #144377835839:  Hold'em Limit ($3/$6 USD) - 2015/11/25 15:38:12 ET
Table 'Scutum II' 2-max Seat #2 is the button
Seat 1: balrog25 ($74.86 in chips)
Seat 2: nedo1414 ($146.50 in chips)
nedo1414: posts small blind $1
balrog25: posts big blind $3
*** HOLE CARDS ***
nedo1414: folds
Uncalled bet ($2) returned to balrog25
balrog25 collected $2 from pot
balrog25: doesn't show hand
*** SUMMARY ***
Total pot $2 | Rake $0
Seat 1: balrog25 (big blind) collected ($2)
Seat 2: nedo1414 (button) (small blind) folded before Flop


PokerStars Hand #144377869316:  Hold'em Limit ($3/$6 USD) - 2015/11/25 15:38:47 ET
Table 'Scutum II' 2-max Seat #1 is the button
Seat 1: balrog25 ($102.36 in chips)
Seat 2: nedo1414 ($118.50 in chips)
balrog25: posts small blind $1
nedo1414: posts big blind $3
*** HOLE CARDS ***
balrog25: raises $3 to $6
nedo1414: raises $3 to $9
balrog25: calls $3
*** FLOP *** [8s 3d 6d]
nedo1414: bets $3
balrog25: calls $3
*** TURN *** [8s 3d 6d] [8c]
nedo1414: bets $6
balrog25: calls $6
*** RIVER *** [8s 3d 6d 8c] [6s]
nedo1414: bets $6
balrog25: calls $6
*** SHOW DOWN ***
nedo1414: shows [Td Qc] (two pair, Eights and Sixes)
balrog25: shows [Qs Ac] (two pair, Eights and Sixes - Ace kicker)
balrog25 collected $47.50 from pot
*** SUMMARY ***
Total pot $48 | Rake $0.50
Board [8s 3d 6d 8c 6s]
Seat 1: balrog25 (button) (small blind) showed [Qs Ac] and won ($47.50) with two pair, Eights and Sixes
Seat 2: nedo1414 (big blind) showed [Td Qc] and lost with two pair, Eights and Sixes


PokerStars Hand #144377854028:  Hold'em Limit ($3/$6 USD) - 2015/11/25 15:38:31 ET
Table 'Scutum II' 2-max Seat #2 is the button
Seat 1: balrog25 ($78.86 in chips)
Seat 2: nedo1414 ($142.50 in chips)
nedo1414: posts small blind $1
balrog25: posts big blind $3
*** HOLE CARDS ***
nedo1414: raises $3 to $6
balrog25: calls $3
*** FLOP *** [Js Ts 9s]
balrog25: checks
nedo1414: bets $3
balrog25: raises $3 to $6
nedo1414: calls $3
*** TURN *** [Js Ts 9s] [6s]
balrog25: bets $6
nedo1414: calls $6
*** RIVER *** [Js Ts 9s 6s] [Jd]
balrog25: bets $6
nedo1414: calls $6
*** SHOW DOWN ***
balrog25: shows [As 7c] (a flush, Ace high)
nedo1414: mucks hand
balrog25 collected $47.50 from pot
*** SUMMARY ***
Total pot $48 | Rake $0.50
Board [Js Ts 9s 6s Jd]
Seat 1: balrog25 (big blind) showed [As 7c] and won ($47.50) with a flush, Ace high
Seat 2: nedo1414 (button) (small blind) mucked


PokerStars Hand #144377844971:  Hold'em Limit ($3/$6 USD) - 2015/11/25 15:38:22 ET
Table 'Scutum II' 2-max Seat #1 is the button
Seat 1: balrog25 ($75.86 in chips)
Seat 2: nedo1414 ($145.50 in chips)
balrog25: posts small blind $1
nedo1414: posts big blind $3
*** HOLE CARDS ***
balrog25: raises $3 to $6
nedo1414: folds
Uncalled bet ($3) returned to balrog25
balrog25 collected $6 from pot
balrog25: doesn't show hand
*** SUMMARY ***
Total pot $6 | Rake $0
Seat 1: balrog25 (button) (small blind) collected ($6)
Seat 2: nedo1414 (big blind) folded before Flop


PokerStars Hand #144377884412:  Hold'em Limit ($3/$6 USD) - 2015/11/25 15:39:03 ET
Table 'Scutum II' 2-max Seat #2 is the button
Seat 1: balrog25 ($125.86 in chips)
Seat 2: nedo1414 ($94.50 in chips)
nedo1414: posts small blind $1
balrog25: posts big blind $3
*** HOLE CARDS ***
nedo1414: raises $3 to $6
balrog25: calls $3
*** FLOP *** [Jd 9c Ks]
balrog25: checks
nedo1414: bets $3
balrog25: raises $3 to $6
nedo1414: folds
Uncalled bet ($3) returned to balrog25
balrog25 collected $17.64 from pot
balrog25: doesn't show hand
*** SUMMARY ***
Total pot $18 | Rake $0.36
Board [Jd 9c Ks]
Seat 1: balrog25 (big blind) collected ($17.64)
Seat 2: nedo1414 (button) (small blind) folded on the Flop


PokerStars Hand #144377906271:  Hold'em Limit ($3/$6 USD) - 2015/11/25 15:39:26 ET
Table 'Scutum II' 2-max Seat #1 is the button
Seat 1: balrog25 ($134.50 in chips)
Seat 2: nedo1414 ($85.50 in chips)
balrog25: posts small blind $1
nedo1414: posts big blind $3
*** HOLE CARDS ***
balrog25: raises $3 to $6
nedo1414: raises $3 to $9
balrog25: calls $3
*** FLOP *** [Th Qh 3h]
nedo1414: bets $3
balrog25: calls $3
*** TURN *** [Th Qh 3h] [2h]
nedo1414: bets $6
balrog25: raises $6 to $12
nedo1414: folds
Uncalled bet ($6) returned to balrog25
balrog25 collected $35.50 from pot
balrog25: doesn't show hand
*** SUMMARY ***
Total pot $36 | Rake $0.50
Board [Th Qh 3h 2h]
Seat 1: balrog25 (button) (small blind) collected ($35.50)
Seat 2: nedo1414 (big blind) folded on the Turn


