PokerStars Hand #172670055265:  Hold'em Limit ($3/$6 USD) - 2017/07/06 6:30:15 ET
Table 'Scutum' 10-max Seat #3 is the button
Seat 3: artecris ($193.15 in chips)
Seat 7: VolkovDmitri ($120 in chips)
artecris: posts small blind $1
VolkovDmitri: posts big blind $3
*** HOLE CARDS ***
artecris: raises $3 to $6
VolkovDmitri: raises $3 to $9
artecris: calls $3
*** FLOP *** [2h 8s 8h]
VolkovDmitri: bets $3
artecris: calls $3
*** TURN *** [2h 8s 8h] [Kh]
VolkovDmitri: bets $6
artecris: raises $6 to $12
VolkovDmitri: calls $6
*** RIVER *** [2h 8s 8h Kh] [8c]
VolkovDmitri: checks
artecris: checks
*** SHOW DOWN ***
VolkovDmitri: shows [6d 6c] (a full house, Eights full of Sixes)
artecris: shows [9c 9s] (a full house, Eights full of Nines)
artecris collected $47.50 from pot
*** SUMMARY ***
Total pot $48 | Rake $0.50
Board [2h 8s 8h Kh 8c]
Seat 3: artecris (button) (small blind) showed [9c 9s] and won ($47.50) with a full house, Eights full of Nines
Seat 7: VolkovDmitri (big blind) showed [6d 6c] and lost with a full house, Eights full of Sixes


PokerStars Hand #172670066760:  Hold'em Limit ($3/$6 USD) - 2017/07/06 6:30:46 ET
Table 'Scutum' 10-max Seat #7 is the button
Seat 3: artecris ($216.65 in chips)
Seat 7: VolkovDmitri ($120 in chips)
VolkovDmitri: posts small blind $1
artecris: posts big blind $3
*** HOLE CARDS ***
VolkovDmitri: raises $3 to $6
artecris: calls $3
*** FLOP *** [Kd Qc Ah]
artecris: checks
VolkovDmitri: bets $3
artecris: folds
Uncalled bet ($3) returned to VolkovDmitri
VolkovDmitri collected $11.76 from pot
VolkovDmitri: doesn't show hand
*** SUMMARY ***
Total pot $12 | Rake $0.24
Board [Kd Qc Ah]
Seat 3: artecris (big blind) folded on the Flop
Seat 7: VolkovDmitri (button) (small blind) collected ($11.76)


PokerStars Hand #172670075448:  Hold'em Limit ($3/$6 USD) - 2017/07/06 6:31:10 ET
Table 'Scutum' 10-max Seat #7 is the button
Seat 3: artecris ($209.65 in chips)
Seat 7: VolkovDmitri ($126.76 in chips)
VolkovDmitri: posts small blind $1
artecris: posts big blind $3
*** HOLE CARDS ***
VolkovDmitri: raises $3 to $6
artecris: calls $3
*** FLOP *** [Ts Jd Ah]
artecris: bets $3
VolkovDmitri: calls $3
*** TURN *** [Ts Jd Ah] [5h]
artecris: bets $6
VolkovDmitri: calls $6
*** RIVER *** [Ts Jd Ah 5h] [Qc]
artecris: bets $6
VolkovDmitri: raises $6 to $12
artecris: calls $6
*** SHOW DOWN ***
VolkovDmitri: shows [Th Ks] (a straight, Ten to Ace)
artecris: mucks hand
VolkovDmitri collected $53.50 from pot
*** SUMMARY ***
Total pot $54 | Rake $0.50
Board [Ts Jd Ah 5h Qc]
Seat 3: artecris (big blind) mucked
Seat 7: VolkovDmitri (button) (small blind) showed [Th Ks] and won ($53.50) with a straight, Ten to Ace


PokerStars Hand #172670073304:  Hold'em Limit ($3/$6 USD) - 2017/07/06 6:31:04 ET
Table 'Scutum' 10-max Seat #3 is the button
Seat 3: artecris ($210.65 in chips)
Seat 7: VolkovDmitri ($125.76 in chips)
artecris: posts small blind $1
VolkovDmitri: posts big blind $3
*** HOLE CARDS ***
artecris: folds
Uncalled bet ($2) returned to VolkovDmitri
VolkovDmitri collected $2 from pot
VolkovDmitri: doesn't show hand
*** SUMMARY ***
Total pot $2 | Rake $0
Seat 3: artecris (button) (small blind) folded before Flop
Seat 7: VolkovDmitri (big blind) collected ($2)


PokerStars Hand #172670355549:  Hold'em Limit ($3/$6 USD) - 2017/07/06 6:43:48 ET
Table 'Scutum' 10-max Seat #10 is the button
Seat 4: B_loJkl ($150 in chips)
Seat 10: sim5sim5 ($72 in chips)
sim5sim5: posts small blind $1
B_loJkl: posts big blind $3
*** HOLE CARDS ***
sim5sim5: raises $3 to $6
B_loJkl: calls $3
*** FLOP *** [Th 6d Tc]
B_loJkl: checks
sim5sim5: bets $3
B_loJkl: folds
Uncalled bet ($3) returned to sim5sim5
sim5sim5 collected $11.76 from pot
sim5sim5: doesn't show hand
*** SUMMARY ***
Total pot $12 | Rake $0.24
Board [Th 6d Tc]
Seat 4: B_loJkl (big blind) folded on the Flop
Seat 10: sim5sim5 (button) (small blind) collected ($11.76)


PokerStars Hand #172670373217:  Hold'em Limit ($3/$6 USD) - 2017/07/06 6:44:36 ET
Table 'Scutum' 10-max Seat #4 is the button
Seat 4: B_loJkl ($144 in chips)
Seat 10: sim5sim5 ($77.76 in chips)
B_loJkl: posts small blind $1
sim5sim5: posts big blind $3
*** HOLE CARDS ***
B_loJkl: raises $3 to $6
sim5sim5: folds
Uncalled bet ($3) returned to B_loJkl
B_loJkl collected $6 from pot
B_loJkl: doesn't show hand
*** SUMMARY ***
Total pot $6 | Rake $0
Seat 4: B_loJkl (button) (small blind) collected ($6)
Seat 10: sim5sim5 (big blind) folded before Flop


PokerStars Hand #172670379238:  Hold'em Limit ($3/$6 USD) - 2017/07/06 6:44:52 ET
Table 'Scutum' 10-max Seat #10 is the button
Seat 4: B_loJkl ($147 in chips)
Seat 10: sim5sim5 ($74.76 in chips)
sim5sim5: posts small blind $1
B_loJkl: posts big blind $3
*** HOLE CARDS ***
sim5sim5: raises $3 to $6
B_loJkl: calls $3
*** FLOP *** [Th 7c Td]
B_loJkl: checks
sim5sim5: bets $3
B_loJkl: folds
Uncalled bet ($3) returned to sim5sim5
sim5sim5 collected $11.76 from pot
sim5sim5: doesn't show hand
*** SUMMARY ***
Total pot $12 | Rake $0.24
Board [Th 7c Td]
Seat 4: B_loJkl (big blind) folded on the Flop
Seat 10: sim5sim5 (button) (small blind) collected ($11.76)


PokerStars Hand #172670391278:  Hold'em Limit ($3/$6 USD) - 2017/07/06 6:45:24 ET
Table 'Scutum' 10-max Seat #4 is the button
Seat 4: B_loJkl ($141 in chips)
Seat 10: sim5sim5 ($80.52 in chips)
B_loJkl: posts small blind $1
sim5sim5: posts big blind $3
*** HOLE CARDS ***
B_loJkl: raises $3 to $6
sim5sim5: raises $3 to $9
B_loJkl: calls $3
*** FLOP *** [6d Ad 5d]
sim5sim5: bets $3
B_loJkl: calls $3
*** TURN *** [6d Ad 5d] [7s]
sim5sim5: bets $6
B_loJkl: calls $6
*** RIVER *** [6d Ad 5d 7s] [As]
sim5sim5: bets $6
B_loJkl: raises $6 to $12
sim5sim5: calls $6
*** SHOW DOWN ***
B_loJkl: shows [Js Ac] (three of a kind, Aces)
sim5sim5: mucks hand
B_loJkl collected $59.50 from pot
*** SUMMARY ***
Total pot $60 | Rake $0.50
Board [6d Ad 5d 7s As]
Seat 4: B_loJkl (button) (small blind) showed [Js Ac] and won ($59.50) with three of a kind, Aces
Seat 10: sim5sim5 (big blind) mucked


PokerStars Hand #172670418907:  Hold'em Limit ($3/$6 USD) - 2017/07/06 6:46:39 ET
Table 'Scutum' 10-max Seat #10 is the button
Seat 4: B_loJkl ($170.50 in chips)
Seat 10: sim5sim5 ($72 in chips)
sim5sim5: posts small blind $1
B_loJkl: posts big blind $3
*** HOLE CARDS ***
sim5sim5: raises $3 to $6
B_loJkl: calls $3
*** FLOP *** [Jh Qc Qd]
B_loJkl: checks
sim5sim5: bets $3
B_loJkl: calls $3
*** TURN *** [Jh Qc Qd] [9c]
B_loJkl: checks
sim5sim5: bets $6
B_loJkl: calls $6
*** RIVER *** [Jh Qc Qd 9c] [3s]
B_loJkl: bets $6
sim5sim5: raises $6 to $12
B_loJkl is connected
B_loJkl: calls $6
*** SHOW DOWN ***
sim5sim5: shows [Th Kh] (a straight, Nine to King)
B_loJkl: mucks hand
sim5sim5 collected $53.50 from pot
*** SUMMARY ***
Total pot $54 | Rake $0.50
Board [Jh Qc Qd 9c 3s]
Seat 4: B_loJkl (big blind) mucked
Seat 10: sim5sim5 (button) (small blind) showed [Th Kh] and won ($53.50) with a straight, Nine to King


PokerStars Hand #172670459460:  Hold'em Limit ($3/$6 USD) - 2017/07/06 6:48:28 ET
Table 'Scutum' 10-max Seat #4 is the button
Seat 4: B_loJkl ($143.50 in chips)
Seat 10: sim5sim5 ($98.50 in chips)
B_loJkl: posts small blind $1
sim5sim5: posts big blind $3
*** HOLE CARDS ***
B_loJkl: raises $3 to $6
sim5sim5: calls $3
*** FLOP *** [Ks 9s 4s]
sim5sim5: checks
B_loJkl: bets $3
sim5sim5: calls $3
*** TURN *** [Ks 9s 4s] [Kh]
sim5sim5: checks
B_loJkl is disconnected
B_loJkl has timed out while disconnected
B_loJkl: checks
*** RIVER *** [Ks 9s 4s Kh] [7d]
sim5sim5: bets $6
B_loJkl has timed out while disconnected
B_loJkl: folds
Uncalled bet ($6) returned to sim5sim5
sim5sim5 collected $17.64 from pot
sim5sim5: doesn't show hand
*** SUMMARY ***
Total pot $18 | Rake $0.36
Board [Ks 9s 4s Kh 7d]
Seat 4: B_loJkl (button) (small blind) folded on the River
Seat 10: sim5sim5 (big blind) collected ($17.64)


