PokerStars Hand #171035079234:  Hold'em Limit ($3/$6 USD) - 2017/05/28 14:22:39 ET
Table 'Scutum II' 6-max Seat #1 is the button
Seat 1: LifeisagameX ($84 in chips)
Seat 2: Twi5teR51 ($43.15 in chips)
LifeisagameX: posts small blind $1
Twi5teR51: posts big blind $3
*** HOLE CARDS ***
LifeisagameX: raises $3 to $6
Twi5teR51: calls $3
*** FLOP *** [Qs 3s Jd]
Twi5teR51: checks
LifeisagameX: bets $3
Twi5teR51: calls $3
*** TURN *** [Qs 3s Jd] [Qd]
Twi5teR51: checks
LifeisagameX: bets $6
Twi5teR51: calls $6
*** RIVER *** [Qs 3s Jd Qd] [7d]
Twi5teR51: bets $6
LifeisagameX: raises $6 to $12
Twi5teR51: folds
Uncalled bet ($6) returned to LifeisagameX
Twi5teR51 leaves the table
LifeisagameX collected $41.50 from pot
*** SUMMARY ***
Total pot $42 | Rake $0.50
Board [Qs 3s Jd Qd 7d]
Seat 1: LifeisagameX (button) (small blind) collected ($41.50)
Seat 2: Twi5teR51 (big blind) folded on the River


PokerStars Hand #171035820549:  Hold'em Limit ($3/$6 USD) - 2017/05/28 14:36:59 ET
Table 'Scutum II' 6-max Seat #3 is the button
Seat 3: Eklund_1891 ($120 in chips)
Seat 4: CatPuppy1999 ($72 in chips)
Eklund_1891: posts small blind $1
CatPuppy1999: posts big blind $3
*** HOLE CARDS ***
Eklund_1891: raises $3 to $6
CatPuppy1999: folds
Uncalled bet ($3) returned to Eklund_1891
Eklund_1891 collected $6 from pot
LifeisagameX was removed from the table for failing to post
Eklund_1891: doesn't show hand
*** SUMMARY ***
Total pot $6 | Rake $0
Seat 3: Eklund_1891 (button) (small blind) collected ($6)
Seat 4: CatPuppy1999 (big blind) folded before Flop


PokerStars Hand #171035840624:  Hold'em Limit ($3/$6 USD) - 2017/05/28 14:37:23 ET
Table 'Scutum II' 6-max Seat #3 is the button
Seat 3: Eklund_1891 ($131.64 in chips)
Seat 4: CatPuppy1999 ($72 in chips)
Eklund_1891: posts small blind $1
CatPuppy1999: posts big blind $3
*** HOLE CARDS ***
Eklund_1891: raises $3 to $6
CatPuppy1999: calls $3
*** FLOP *** [Qd 7d 5h]
CatPuppy1999: checks
Eklund_1891: checks
*** TURN *** [Qd 7d 5h] [3c]
CatPuppy1999: checks
Eklund_1891: checks
*** RIVER *** [Qd 7d 5h 3c] [7h]
CatPuppy1999: bets $6
Eklund_1891: calls $6
*** SHOW DOWN ***
CatPuppy1999: shows [3s 4d] (two pair, Sevens and Threes)
Eklund_1891: mucks hand
CatPuppy1999 collected $23.52 from pot
*** SUMMARY ***
Total pot $24 | Rake $0.48
Board [Qd 7d 5h 3c 7h]
Seat 3: Eklund_1891 (button) (small blind) mucked
Seat 4: CatPuppy1999 (big blind) showed [3s 4d] and won ($23.52) with two pair, Sevens and Threes


PokerStars Hand #171035826882:  Hold'em Limit ($3/$6 USD) - 2017/05/28 14:37:07 ET
Table 'Scutum II' 6-max Seat #4 is the button
Seat 3: Eklund_1891 ($123 in chips)
Seat 4: CatPuppy1999 ($72 in chips)
CatPuppy1999: posts small blind $1
Eklund_1891: posts big blind $3
*** HOLE CARDS ***
CatPuppy1999: raises $3 to $6
Eklund_1891: raises $3 to $9
CatPuppy1999: calls $3
*** FLOP *** [4s Jd 2s]
Eklund_1891: bets $3
CatPuppy1999: folds
Uncalled bet ($3) returned to Eklund_1891
Eklund_1891 collected $17.64 from pot
Eklund_1891: doesn't show hand
Twi5teR51 joins the table at seat #2
*** SUMMARY ***
Total pot $18 | Rake $0.36
Board [4s Jd 2s]
Seat 3: Eklund_1891 (big blind) collected ($17.64)
Seat 4: CatPuppy1999 (button) (small blind) folded on the Flop


PokerStars Hand #171035905834:  Hold'em Limit ($3/$6 USD) - 2017/05/28 14:38:38 ET
Table 'Scutum II' 6-max Seat #4 is the button
Seat 2: Twi5teR51 ($78.58 in chips)
Seat 4: CatPuppy1999 ($73.52 in chips)
CatPuppy1999: posts small blind $1
Twi5teR51: posts big blind $3
*** HOLE CARDS ***
CatPuppy1999: raises $3 to $6
Twi5teR51: calls $3
*** FLOP *** [Th Jd Ks]
Twi5teR51: checks
CatPuppy1999: bets $3
Twi5teR51: folds
Uncalled bet ($3) returned to CatPuppy1999
Twi5teR51 leaves the table
CatPuppy1999 collected $11.76 from pot
CatPuppy1999: doesn't show hand
*** SUMMARY ***
Total pot $12 | Rake $0.24
Board [Th Jd Ks]
Seat 2: Twi5teR51 (big blind) folded on the Flop
Seat 4: CatPuppy1999 (button) (small blind) collected ($11.76)


PokerStars Hand #171035886445:  Hold'em Limit ($3/$6 USD) - 2017/05/28 14:38:15 ET
Table 'Scutum II' 6-max Seat #2 is the button
Seat 2: Twi5teR51 ($69.94 in chips)
Seat 4: CatPuppy1999 ($82.52 in chips)
Twi5teR51: posts small blind $1
CatPuppy1999: posts big blind $3
*** HOLE CARDS ***
Eklund_1891 leaves the table
Twi5teR51: raises $3 to $6
CatPuppy1999: calls $3
*** FLOP *** [8s 7d 4c]
CatPuppy1999: checks
Twi5teR51: bets $3
CatPuppy1999: calls $3
*** TURN *** [8s 7d 4c] [2h]
CatPuppy1999: checks
Twi5teR51: bets $6
CatPuppy1999: folds
Uncalled bet ($6) returned to Twi5teR51
Twi5teR51 collected $17.64 from pot
Twi5teR51: doesn't show hand
*** SUMMARY ***
Total pot $18 | Rake $0.36
Board [8s 7d 4c 2h]
Seat 2: Twi5teR51 (button) (small blind) collected ($17.64)
Seat 4: CatPuppy1999 (big blind) folded on the Turn


