PokerStars Hand #172051263123:  Hold'em Limit ($3/$6 USD) - 2017/06/21 7:26:03 ET
Table 'Scutum II' 6-max Seat #4 is the button
Seat 3: Auge72 ($123 in chips)
Seat 4: MTails ($117 in chips)
MTails: posts small blind $1
Auge72: posts big blind $3
*** HOLE CARDS ***
MTails: folds
Uncalled bet ($2) returned to Auge72
Auge72 collected $2 from pot
*** SUMMARY ***
Total pot $2 | Rake $0
Seat 3: Auge72 (big blind) collected ($2)
Seat 4: MTails (button) (small blind) folded before Flop


PokerStars Hand #172051259053:  Hold'em Limit ($3/$6 USD) - 2017/06/21 7:25:53 ET
Table 'Scutum II' 6-max Seat #3 is the button
Seat 3: Auge72 ($120 in chips)
Seat 4: MTails ($120 in chips)
Auge72: posts small blind $1
MTails: posts big blind $3
*** HOLE CARDS ***
Auge72: raises $3 to $6
MTails: folds
Uncalled bet ($3) returned to Auge72
Auge72 collected $6 from pot
Auge72: doesn't show hand
*** SUMMARY ***
Total pot $6 | Rake $0
Seat 3: Auge72 (button) (small blind) collected ($6)
Seat 4: MTails (big blind) folded before Flop


PokerStars Hand #172051267559:  Hold'em Limit ($3/$6 USD) - 2017/06/21 7:26:14 ET
Table 'Scutum II' 6-max Seat #4 is the button
Seat 3: Auge72 ($123 in chips)
Seat 4: MTails ($117 in chips)
MTails: posts small blind $1
Auge72: posts big blind $3
*** HOLE CARDS ***
MTails: folds
Uncalled bet ($2) returned to Auge72
Auge72 collected $2 from pot
Auge72: doesn't show hand
*** SUMMARY ***
Total pot $2 | Rake $0
Seat 3: Auge72 (big blind) collected ($2)
Seat 4: MTails (button) (small blind) folded before Flop


PokerStars Hand #172051265546:  Hold'em Limit ($3/$6 USD) - 2017/06/21 7:26:09 ET
Table 'Scutum II' 6-max Seat #3 is the button
Seat 3: Auge72 ($124 in chips)
Seat 4: MTails ($116 in chips)
Auge72: posts small blind $1
MTails: posts big blind $3
*** HOLE CARDS ***
Auge72: folds
Uncalled bet ($2) returned to MTails
MTails collected $2 from pot
*** SUMMARY ***
Total pot $2 | Rake $0
Seat 3: Auge72 (button) (small blind) folded before Flop
Seat 4: MTails (big blind) collected ($2)


PokerStars Hand #172051269445:  Hold'em Limit ($3/$6 USD) - 2017/06/21 7:26:19 ET
Table 'Scutum II' 6-max Seat #3 is the button
Seat 3: Auge72 ($124 in chips)
Seat 4: MTails ($116 in chips)
Auge72: posts small blind $1
MTails: posts big blind $3
*** HOLE CARDS ***
Auge72: folds
Uncalled bet ($2) returned to MTails
MTails collected $2 from pot
*** SUMMARY ***
Total pot $2 | Rake $0
Seat 3: Auge72 (button) (small blind) folded before Flop
Seat 4: MTails (big blind) collected ($2)


PokerStars Hand #172051278296:  Hold'em Limit ($3/$6 USD) - 2017/06/21 7:26:40 ET
Table 'Scutum II' 6-max Seat #3 is the button
Seat 3: Auge72 ($140.50 in chips)
Seat 4: MTails ($99 in chips)
Auge72: posts small blind $1
MTails: posts big blind $3
*** HOLE CARDS ***
Auge72: raises $3 to $6
MTails: raises $3 to $9
Auge72: raises $3 to $12
Betting is capped
MTails: calls $3
*** FLOP *** [Jd 5d 9s]
MTails: checks
Auge72: checks
*** TURN *** [Jd 5d 9s] [Qs]
MTails: bets $6
Auge72: raises $6 to $12
MTails: calls $6
*** RIVER *** [Jd 5d 9s Qs] [3d]
MTails: checks
Auge72: bets $6
MTails: calls $6
*** SHOW DOWN ***
Auge72: shows [Qc Ad] (a pair of Queens)
MTails: shows [5h Qh] (two pair, Queens and Fives)
MTails collected $59.50 from pot
*** SUMMARY ***
Total pot $60 | Rake $0.50
Board [Jd 5d 9s Qs 3d]
Seat 3: Auge72 (button) (small blind) showed [Qc Ad] and lost with a pair of Queens
Seat 4: MTails (big blind) showed [5h Qh] and won ($59.50) with two pair, Queens and Fives


PokerStars Hand #172051271707:  Hold'em Limit ($3/$6 USD) - 2017/06/21 7:26:24 ET
Table 'Scutum II' 6-max Seat #4 is the button
Seat 3: Auge72 ($123 in chips)
Seat 4: MTails ($117 in chips)
MTails: posts small blind $1
Auge72: posts big blind $3
*** HOLE CARDS ***
MTails: raises $3 to $6
Auge72: raises $3 to $9
MTails: calls $3
*** FLOP *** [9h Td Jd]
Auge72: bets $3
MTails: calls $3
*** TURN *** [9h Td Jd] [Qc]
Auge72: bets $6
MTails: calls $6
*** RIVER *** [9h Td Jd Qc] [5h]
Auge72: bets $6
MTails: folds
Uncalled bet ($6) returned to Auge72
Auge72 collected $35.50 from pot
Auge72: doesn't show hand
*** SUMMARY ***
Total pot $36 | Rake $0.50
Board [9h Td Jd Qc 5h]
Seat 3: Auge72 (big blind) collected ($35.50)
Seat 4: MTails (button) (small blind) folded on the River


PokerStars Hand #172051295473:  Hold'em Limit ($3/$6 USD) - 2017/06/21 7:27:22 ET
Table 'Scutum II' 6-max Seat #3 is the button
Seat 3: Auge72 ($119.14 in chips)
Seat 4: MTails ($119.50 in chips)
Auge72: posts small blind $1
MTails: posts big blind $3
*** HOLE CARDS ***
Auge72: folds
Uncalled bet ($2) returned to MTails
MTails collected $2 from pot
MTails: doesn't show hand
*** SUMMARY ***
Total pot $2 | Rake $0
Seat 3: Auge72 (button) (small blind) folded before Flop
Seat 4: MTails (big blind) collected ($2)


PokerStars Hand #172051287762:  Hold'em Limit ($3/$6 USD) - 2017/06/21 7:27:03 ET
Table 'Scutum II' 6-max Seat #4 is the button
Seat 3: Auge72 ($110.50 in chips)
Seat 4: MTails ($128.50 in chips)
MTails: posts small blind $1
Auge72: posts big blind $3
*** HOLE CARDS ***
MTails: raises $3 to $6
Auge72: calls $3
*** FLOP *** [4s Th Js]
Auge72: bets $3
MTails: calls $3
*** TURN *** [4s Th Js] [6h]
Auge72: bets $6
MTails: folds
Uncalled bet ($6) returned to Auge72
Auge72 collected $17.64 from pot
Auge72: doesn't show hand
*** SUMMARY ***
Total pot $18 | Rake $0.36
Board [4s Th Js 6h]
Seat 3: Auge72 (big blind) collected ($17.64)
Seat 4: MTails (button) (small blind) folded on the Turn


PokerStars Hand #172051317928:  Hold'em Limit ($3/$6 USD) - 2017/06/21 7:28:16 ET
Table 'Scutum II' 6-max Seat #3 is the button
Seat 3: Auge72 ($129.64 in chips)
Seat 4: MTails ($108.14 in chips)
Auge72: posts small blind $1
MTails: posts big blind $3
*** HOLE CARDS ***
Auge72: raises $3 to $6
MTails: calls $3
*** FLOP *** [2h Jd 9s]
MTails: checks
Auge72: checks
*** TURN *** [2h Jd 9s] [Ks]
MTails: bets $6
Auge72: folds
Uncalled bet ($6) returned to MTails
MTails collected $11.76 from pot
*** SUMMARY ***
Total pot $12 | Rake $0.24
Board [2h Jd 9s Ks]
Seat 3: Auge72 (button) (small blind) folded on the Turn
Seat 4: MTails (big blind) collected ($11.76)


PokerStars Hand #172051297925:  Hold'em Limit ($3/$6 USD) - 2017/06/21 7:27:28 ET
Table 'Scutum II' 6-max Seat #4 is the button
Seat 3: Auge72 ($118.14 in chips)
Seat 4: MTails ($120.50 in chips)
MTails: posts small blind $1
Auge72: posts big blind $3
*** HOLE CARDS ***
MTails: raises $3 to $6
Auge72: raises $3 to $9
MTails: calls $3
*** FLOP *** [5d 9d Td]
Auge72: bets $3
MTails: calls $3
*** TURN *** [5d 9d Td] [8d]
Auge72: bets $6
MTails: calls $6
*** RIVER *** [5d 9d Td 8d] [3h]
Auge72: bets $6
MTails: calls $6
*** SHOW DOWN ***
Auge72: shows [Kd Ks] (a flush, King high)
MTails: mucks hand
Auge72 collected $47.50 from pot
*** SUMMARY ***
Total pot $48 | Rake $0.50
Board [5d 9d Td 8d 3h]
Seat 3: Auge72 (big blind) showed [Kd Ks] and won ($47.50) with a flush, King high
Seat 4: MTails (button) (small blind) mucked


PokerStars Hand #172051315803:  Hold'em Limit ($3/$6 USD) - 2017/06/21 7:28:11 ET
Table 'Scutum II' 6-max Seat #4 is the button
Seat 3: Auge72 ($128.64 in chips)
Seat 4: MTails ($109.14 in chips)
MTails: posts small blind $1
Auge72: posts big blind $3
*** HOLE CARDS ***
MTails: folds
Uncalled bet ($2) returned to Auge72
Auge72 collected $2 from pot
*** SUMMARY ***
Total pot $2 | Rake $0
Seat 3: Auge72 (big blind) collected ($2)
Seat 4: MTails (button) (small blind) folded before Flop


PokerStars Hand #172051313619:  Hold'em Limit ($3/$6 USD) - 2017/06/21 7:28:06 ET
Table 'Scutum II' 6-max Seat #3 is the button
Seat 3: Auge72 ($129.64 in chips)
Seat 4: MTails ($108.14 in chips)
Auge72: posts small blind $1
MTails: posts big blind $3
*** HOLE CARDS ***
Auge72: folds
Uncalled bet ($2) returned to MTails
MTails collected $2 from pot
*** SUMMARY ***
Total pot $2 | Rake $0
Seat 3: Auge72 (button) (small blind) folded before Flop
Seat 4: MTails (big blind) collected ($2)


PokerStars Hand #172051311655:  Hold'em Limit ($3/$6 USD) - 2017/06/21 7:28:01 ET
Table 'Scutum II' 6-max Seat #4 is the button
Seat 3: Auge72 ($132.64 in chips)
Seat 4: MTails ($105.14 in chips)
MTails: posts small blind $1
Auge72: posts big blind $3
*** HOLE CARDS ***
MTails: raises $3 to $6
Auge72: folds
Uncalled bet ($3) returned to MTails
MTails collected $6 from pot
*** SUMMARY ***
Total pot $6 | Rake $0
Seat 3: Auge72 (big blind) folded before Flop
Seat 4: MTails (button) (small blind) collected ($6)


PokerStars Hand #172051304939:  Hold'em Limit ($3/$6 USD) - 2017/06/21 7:27:45 ET
Table 'Scutum II' 6-max Seat #3 is the button
Seat 3: Auge72 ($141.64 in chips)
Seat 4: MTails ($96.50 in chips)
Auge72: posts small blind $1
MTails: posts big blind $3
*** HOLE CARDS ***
Auge72: raises $3 to $6
MTails: calls $3
*** FLOP *** [6h 7c 2s]
MTails: checks
Auge72: bets $3
MTails: calls $3
*** TURN *** [6h 7c 2s] [Kd]
MTails: checks
Auge72: checks
*** RIVER *** [6h 7c 2s Kd] [2h]
MTails: checks
Auge72: checks
*** SHOW DOWN ***
MTails: shows [Qh Ac] (a pair of Deuces)
Auge72: mucks hand
MTails collected $17.64 from pot
*** SUMMARY ***
Total pot $18 | Rake $0.36
Board [6h 7c 2s Kd 2h]
Seat 3: Auge72 (button) (small blind) mucked
Seat 4: MTails (big blind) showed [Qh Ac] and won ($17.64) with a pair of Deuces


PokerStars Hand #172051342853:  Hold'em Limit ($3/$6 USD) - 2017/06/21 7:29:17 ET
Table 'Scutum II' 6-max Seat #3 is the button
Seat 3: Auge72 ($156.64 in chips)
Seat 4: MTails ($79.90 in chips)
Auge72: posts small blind $1
MTails: posts big blind $3
*** HOLE CARDS ***
Auge72: folds
Uncalled bet ($2) returned to MTails
MTails collected $2 from pot
*** SUMMARY ***
Total pot $2 | Rake $0
Seat 3: Auge72 (button) (small blind) folded before Flop
Seat 4: MTails (big blind) collected ($2)


PokerStars Hand #172051329315:  Hold'em Limit ($3/$6 USD) - 2017/06/21 7:28:44 ET
Table 'Scutum II' 6-max Seat #3 is the button
Seat 3: Auge72 ($141.14 in chips)
Seat 4: MTails ($95.90 in chips)
Auge72: posts small blind $1
MTails: posts big blind $3
*** HOLE CARDS ***
Auge72: folds
Uncalled bet ($2) returned to MTails
MTails collected $2 from pot
*** SUMMARY ***
Total pot $2 | Rake $0
Seat 3: Auge72 (button) (small blind) folded before Flop
Seat 4: MTails (big blind) collected ($2)


PokerStars Hand #172051322679:  Hold'em Limit ($3/$6 USD) - 2017/06/21 7:28:28 ET
Table 'Scutum II' 6-max Seat #4 is the button
Seat 3: Auge72 ($123.64 in chips)
Seat 4: MTails ($113.90 in chips)
MTails: posts small blind $1
Auge72: posts big blind $3
*** HOLE CARDS ***
MTails: raises $3 to $6
Auge72: raises $3 to $9
MTails: calls $3
*** FLOP *** [8h 5h Kc]
Auge72: bets $3
MTails: calls $3
*** TURN *** [8h 5h Kc] [Qd]
Auge72: bets $6
MTails: calls $6
*** RIVER *** [8h 5h Kc Qd] [9h]
Auge72: bets $6
MTails: folds
Uncalled bet ($6) returned to Auge72
Auge72 collected $35.50 from pot
Auge72: doesn't show hand
*** SUMMARY ***
Total pot $36 | Rake $0.50
Board [8h 5h Kc Qd 9h]
Seat 3: Auge72 (big blind) collected ($35.50)
Seat 4: MTails (button) (small blind) folded on the River


PokerStars Hand #172051340560:  Hold'em Limit ($3/$6 USD) - 2017/06/21 7:29:12 ET
Table 'Scutum II' 6-max Seat #4 is the button
Seat 3: Auge72 ($159.64 in chips)
Seat 4: MTails ($76.90 in chips)
MTails: posts small blind $1
Auge72: posts big blind $3
*** HOLE CARDS ***
MTails: raises $3 to $6
Auge72: folds
Uncalled bet ($3) returned to MTails
MTails collected $6 from pot
*** SUMMARY ***
Total pot $6 | Rake $0
Seat 3: Auge72 (big blind) folded before Flop
Seat 4: MTails (button) (small blind) collected ($6)


PokerStars Hand #172051337526:  Hold'em Limit ($3/$6 USD) - 2017/06/21 7:29:04 ET
Table 'Scutum II' 6-max Seat #3 is the button
Seat 3: Auge72 ($160.64 in chips)
Seat 4: MTails ($75.90 in chips)
Auge72: posts small blind $1
MTails: posts big blind $3
*** HOLE CARDS ***
Auge72: folds
Uncalled bet ($2) returned to MTails
MTails collected $2 from pot
MTails: doesn't show hand
*** SUMMARY ***
Total pot $2 | Rake $0
Seat 3: Auge72 (button) (small blind) folded before Flop
Seat 4: MTails (big blind) collected ($2)


PokerStars Hand #172051331181:  Hold'em Limit ($3/$6 USD) - 2017/06/21 7:28:49 ET
Table 'Scutum II' 6-max Seat #4 is the button
Seat 3: Auge72 ($140.14 in chips)
Seat 4: MTails ($96.90 in chips)
MTails: posts small blind $1
Auge72: posts big blind $3
*** HOLE CARDS ***
MTails: raises $3 to $6
Auge72: calls $3
*** FLOP *** [Tc 5c 5h]
Auge72: checks
MTails: bets $3
Auge72: calls $3
*** TURN *** [Tc 5c 5h] [7s]
Auge72: checks
MTails: bets $6
Auge72: calls $6
*** RIVER *** [Tc 5c 5h 7s] [2s]
Auge72: checks
MTails: bets $6
Auge72: calls $6
*** SHOW DOWN ***
MTails: shows [9h 6c] (a pair of Fives)
Auge72: shows [Js Ac] (a pair of Fives - Ace kicker)
Auge72 collected $41.50 from pot
*** SUMMARY ***
Total pot $42 | Rake $0.50
Board [Tc 5c 5h 7s 2s]
Seat 3: Auge72 (big blind) showed [Js Ac] and won ($41.50) with a pair of Fives
Seat 4: MTails (button) (small blind) showed [9h 6c] and lost with a pair of Fives


