PokerStars Hand #145031720009:  Hold'em Limit ($3/$6 USD) - 2015/12/08 13:36:29 ET
Table 'Scylla III' 6-max Seat #1 is the button
Seat 1: PelonCabelao ($72 in chips)
Seat 6: chipsdigme86 ($183.51 in chips)
PelonCabelao: posts small blind $1
chipsdigme86: posts big blind $3
*** HOLE CARDS ***
PelonCabelao: raises $3 to $6
chipsdigme86: calls $3
*** FLOP *** [6s 7s 5s]
chipsdigme86: checks
PelonCabelao: bets $3
chipsdigme86: raises $3 to $6
PelonCabelao: calls $3
*** TURN *** [6s 7s 5s] [5h]
chipsdigme86: bets $6
PelonCabelao: calls $6
*** RIVER *** [6s 7s 5s 5h] [8d]
chipsdigme86: bets $6
PelonCabelao: calls $6
*** SHOW DOWN ***
chipsdigme86: shows [7d Qs] (two pair, Sevens and Fives)
PelonCabelao: mucks hand
chipsdigme86 collected $47.50 from pot
*** SUMMARY ***
Total pot $48 | Rake $0.50
Board [6s 7s 5s 5h 8d]
Seat 1: PelonCabelao (button) (small blind) mucked
Seat 6: chipsdigme86 (big blind) showed [7d Qs] and won ($47.50) with two pair, Sevens and Fives


PokerStars Hand #145031748512:  Hold'em Limit ($3/$6 USD) - 2015/12/08 13:36:59 ET
Table 'Scylla III' 6-max Seat #6 is the button
Seat 1: PelonCabelao ($72 in chips)
Seat 6: chipsdigme86 ($207.01 in chips)
chipsdigme86: posts small blind $1
PelonCabelao: posts big blind $3
*** HOLE CARDS ***
Great_Kang leaves the table
chipsdigme86: calls $2
PelonCabelao: checks
*** FLOP *** [Ad Qd 8h]
PelonCabelao: checks
chipsdigme86: checks
*** TURN *** [Ad Qd 8h] [4s]
PelonCabelao: bets $6
chipsdigme86: folds
Uncalled bet ($6) returned to PelonCabelao
PelonCabelao collected $5.88 from pot
PelonCabelao: doesn't show hand
*** SUMMARY ***
Total pot $6 | Rake $0.12
Board [Ad Qd 8h 4s]
Seat 1: PelonCabelao (big blind) collected ($5.88)
Seat 6: chipsdigme86 (button) (small blind) folded on the Turn


PokerStars Hand #145031809376:  Hold'em Limit ($3/$6 USD) - 2015/12/08 13:38:04 ET
Table 'Scylla III' 6-max Seat #6 is the button
Seat 1: PelonCabelao ($80.64 in chips)
Seat 6: chipsdigme86 ($198.01 in chips)
chipsdigme86: posts small blind $1
PelonCabelao: posts big blind $3
*** HOLE CARDS ***
chipsdigme86: folds
Uncalled bet ($2) returned to PelonCabelao
PelonCabelao collected $2 from pot
PelonCabelao: doesn't show hand
*** SUMMARY ***
Total pot $2 | Rake $0
Seat 1: PelonCabelao (big blind) collected ($2)
Seat 6: chipsdigme86 (button) (small blind) folded before Flop


PokerStars Hand #145031786880:  Hold'em Limit ($3/$6 USD) - 2015/12/08 13:37:40 ET
Table 'Scylla III' 6-max Seat #1 is the button
Seat 1: PelonCabelao ($74.88 in chips)
Seat 6: chipsdigme86 ($204.01 in chips)
PelonCabelao: posts small blind $1
chipsdigme86: posts big blind $3
*** HOLE CARDS ***
PelonCabelao: raises $3 to $6
chipsdigme86: calls $3
*** FLOP *** [9c 8c Jc]
chipsdigme86: checks
craaa leaves the table
PelonCabelao: bets $3
chipsdigme86: folds
Uncalled bet ($3) returned to PelonCabelao
PelonCabelao collected $11.76 from pot
PelonCabelao: doesn't show hand
*** SUMMARY ***
Total pot $12 | Rake $0.24
Board [9c 8c Jc]
Seat 1: PelonCabelao (button) (small blind) collected ($11.76)
Seat 6: chipsdigme86 (big blind) folded on the Flop


PokerStars Hand #145031814187:  Hold'em Limit ($3/$6 USD) - 2015/12/08 13:38:09 ET
Table 'Scylla III' 6-max Seat #1 is the button
Seat 1: PelonCabelao ($81.64 in chips)
Seat 6: chipsdigme86 ($197.01 in chips)
PelonCabelao: posts small blind $1
chipsdigme86: posts big blind $3
*** HOLE CARDS ***
PelonCabelao: raises $3 to $6
chipsdigme86: calls $3
*** FLOP *** [Kd 2c 6s]
chipsdigme86: checks
PelonCabelao: bets $3
chipsdigme86: calls $3
*** TURN *** [Kd 2c 6s] [7s]
chipsdigme86: bets $6
PelonCabelao: folds
Uncalled bet ($6) returned to chipsdigme86
chipsdigme86 collected $17.64 from pot
*** SUMMARY ***
Total pot $18 | Rake $0.36
Board [Kd 2c 6s 7s]
Seat 1: PelonCabelao (button) (small blind) folded on the Turn
Seat 6: chipsdigme86 (big blind) collected ($17.64)


PokerStars Hand #145031832529:  Hold'em Limit ($3/$6 USD) - 2015/12/08 13:38:28 ET
Table 'Scylla III' 6-max Seat #6 is the button
Seat 1: PelonCabelao ($72.64 in chips)
Seat 6: chipsdigme86 ($205.65 in chips)
chipsdigme86: posts small blind $1
PelonCabelao: posts big blind $3
*** HOLE CARDS ***
chipsdigme86: folds
Uncalled bet ($2) returned to PelonCabelao
PelonCabelao collected $2 from pot
PelonCabelao: doesn't show hand
*** SUMMARY ***
Total pot $2 | Rake $0
Seat 1: PelonCabelao (big blind) collected ($2)
Seat 6: chipsdigme86 (button) (small blind) folded before Flop


PokerStars Hand #145031837230:  Hold'em Limit ($3/$6 USD) - 2015/12/08 13:38:33 ET
Table 'Scylla III' 6-max Seat #1 is the button
Seat 1: PelonCabelao ($73.64 in chips)
Seat 6: chipsdigme86 ($204.65 in chips)
PelonCabelao: posts small blind $1
chipsdigme86: posts big blind $3
*** HOLE CARDS ***
PelonCabelao: raises $3 to $6
chipsdigme86: calls $3
*** FLOP *** [5d As Kc]
chipsdigme86: checks
PelonCabelao: bets $3
chipsdigme86: folds
Uncalled bet ($3) returned to PelonCabelao
PelonCabelao collected $11.76 from pot
PelonCabelao: doesn't show hand
*** SUMMARY ***
Total pot $12 | Rake $0.24
Board [5d As Kc]
Seat 1: PelonCabelao (button) (small blind) collected ($11.76)
Seat 6: chipsdigme86 (big blind) folded on the Flop


PokerStars Hand #145031853546:  Hold'em Limit ($3/$6 USD) - 2015/12/08 13:38:50 ET
Table 'Scylla III' 6-max Seat #6 is the button
Seat 1: PelonCabelao ($79.40 in chips)
Seat 6: chipsdigme86 ($198.65 in chips)
chipsdigme86: posts small blind $1
PelonCabelao: posts big blind $3
*** HOLE CARDS ***
chipsdigme86: raises $3 to $6
PelonCabelao: calls $3
*** FLOP *** [7c Ad 4c]
PelonCabelao: checks
chipsdigme86: bets $3
PelonCabelao: raises $3 to $6
chipsdigme86: calls $3
*** TURN *** [7c Ad 4c] [9d]
PelonCabelao: bets $6
chipsdigme86: raises $6 to $12
PelonCabelao: folds
Uncalled bet ($6) returned to chipsdigme86
chipsdigme86 collected $35.50 from pot
*** SUMMARY ***
Total pot $36 | Rake $0.50
Board [7c Ad 4c 9d]
Seat 1: PelonCabelao (big blind) folded on the Turn
Seat 6: chipsdigme86 (button) (small blind) collected ($35.50)


PokerStars Hand #145031915633:  Hold'em Limit ($3/$6 USD) - 2015/12/08 13:39:55 ET
Table 'Scylla III' 6-max Seat #1 is the button
Seat 1: PelonCabelao ($72 in chips)
Seat 6: chipsdigme86 ($216.15 in chips)
PelonCabelao: posts small blind $1
chipsdigme86: posts big blind $3
*** HOLE CARDS ***
PelonCabelao: calls $2
chipsdigme86 has timed out
chipsdigme86: checks
*** FLOP *** [Tc 4d Qh]
chipsdigme86: bets $3
PelonCabelao: folds
Uncalled bet ($3) returned to chipsdigme86
chipsdigme86 collected $5.88 from pot
*** SUMMARY ***
Total pot $6 | Rake $0.12
Board [Tc 4d Qh]
Seat 1: PelonCabelao (button) (small blind) folded on the Flop
Seat 6: chipsdigme86 (big blind) collected ($5.88)


PokerStars Hand #145031945224:  Hold'em Limit ($3/$6 USD) - 2015/12/08 13:40:27 ET
Table 'Scylla III' 6-max Seat #6 is the button
Seat 1: PelonCabelao ($72 in chips)
Seat 6: chipsdigme86 ($219.03 in chips)
chipsdigme86: posts small blind $1
PelonCabelao: posts big blind $3
*** HOLE CARDS ***
chipsdigme86: raises $3 to $6
fish2015 joins the table at seat #2
PelonCabelao: folds
Uncalled bet ($3) returned to chipsdigme86
chipsdigme86 collected $6 from pot
*** SUMMARY ***
Total pot $6 | Rake $0
Seat 1: PelonCabelao (big blind) folded before Flop
Seat 6: chipsdigme86 (button) (small blind) collected ($6)


PokerStars Hand #145032116748:  Hold'em Limit ($3/$6 USD) - 2015/12/08 13:43:25 ET
Table 'Scylla III' 6-max Seat #1 is the button
Seat 1: PelonCabelao ($87.19 in chips)
Seat 2: fish2015 ($123 in chips)
PelonCabelao: posts small blind $1
fish2015: posts big blind $3
*** HOLE CARDS ***
PelonCabelao: folds
Uncalled bet ($2) returned to fish2015
fish2015 collected $2 from pot
fish2015: doesn't show hand
*** SUMMARY ***
Total pot $2 | Rake $0
Seat 1: PelonCabelao (button) (small blind) folded before Flop
Seat 2: fish2015 (big blind) collected ($2)


PokerStars Hand #145035026706:  Hold'em Limit ($3/$6 USD) - 2015/12/08 14:33:05 ET
Table 'Scylla III' 6-max Seat #3 is the button
Seat 3: Chessnok ($64.28 in chips)
Seat 6: PycV ($202.36 in chips)
Chessnok: posts small blind $1
lostflash: is sitting out
PycV: posts big blind $3
*** HOLE CARDS ***
Chessnok: raises $3 to $6
PycV: calls $3
*** FLOP *** [5h 3d 8d]
PycV: checks
Chessnok: bets $3
lostflash leaves the table
PycV: calls $3
*** TURN *** [5h 3d 8d] [Ac]
PycV: checks
Chessnok: checks
*** RIVER *** [5h 3d 8d Ac] [8c]
PycV: checks
Chessnok: bets $6
PycV: folds
Uncalled bet ($6) returned to Chessnok
Chessnok collected $17.64 from pot
Chessnok: doesn't show hand
*** SUMMARY ***
Total pot $18 | Rake $0.36
Board [5h 3d 8d Ac 8c]
Seat 3: Chessnok (button) (small blind) collected ($17.64)
Seat 6: PycV (big blind) folded on the River


PokerStars Hand #145035470368:  Hold'em Limit ($3/$6 USD) - 2015/12/08 14:40:35 ET
Table 'Scylla III' 6-max Seat #1 is the button
Seat 1: PelonCabelao ($72 in chips)
Seat 2: An-j92 ($55.50 in chips)
PelonCabelao: posts small blind $1
An-j92: posts big blind $3
*** HOLE CARDS ***
PelonCabelao: raises $3 to $6
An-j92: folds
Uncalled bet ($3) returned to PelonCabelao
PelonCabelao collected $6 from pot
PelonCabelao: doesn't show hand
*** SUMMARY ***
Total pot $6 | Rake $0
Seat 1: PelonCabelao (button) (small blind) collected ($6)
Seat 2: An-j92 (big blind) folded before Flop


PokerStars Hand #145035442671:  Hold'em Limit ($3/$6 USD) - 2015/12/08 14:40:07 ET
Table 'Scylla III' 6-max Seat #2 is the button
Seat 1: PelonCabelao ($72 in chips)
Seat 2: An-j92 ($28 in chips)
An-j92: posts small blind $1
PelonCabelao: posts big blind $3
*** HOLE CARDS ***
An-j92: raises $3 to $6
PelonCabelao: calls $3
*** FLOP *** [2c Kh 9h]
PelonCabelao: checks
An-j92: bets $3
PelonCabelao: raises $3 to $6
An-j92: calls $3
*** TURN *** [2c Kh 9h] [8h]
PelonCabelao: bets $6
An-j92: raises $6 to $12
PelonCabelao: raises $6 to $18
An-j92: calls $4 and is all-in
Uncalled bet ($2) returned to PelonCabelao
*** RIVER *** [2c Kh 9h 8h] [6c]
*** SHOW DOWN ***
PelonCabelao: shows [9s 7h] (a pair of Nines)
An-j92: shows [2s Ks] (two pair, Kings and Deuces)
An-j92 collected $55.50 from pot
*** SUMMARY ***
Total pot $56 | Rake $0.50
Board [2c Kh 9h 8h 6c]
Seat 1: PelonCabelao (big blind) showed [9s 7h] and lost with a pair of Nines
Seat 2: An-j92 (button) (small blind) showed [2s Ks] and won ($55.50) with two pair, Kings and Deuces


PokerStars Hand #145035909056:  Hold'em Limit ($3/$6 USD) - 2015/12/08 14:48:07 ET
Table 'Scylla III' 6-max Seat #5 is the button
Seat 4: Chessnok ($106 in chips)
Seat 5: Xerxesklonk ($72.61 in chips)
Xerxesklonk: posts small blind $1
lostflash: is sitting out
PelonCabelao: is sitting out
karambakilla: is sitting out
Chessnok: posts big blind $3
*** HOLE CARDS ***
Xerxesklonk: raises $3 to $6
Chessnok: calls $3
*** FLOP *** [2h 5h 3c]
Chessnok: checks
Xerxesklonk: bets $3
Chessnok: raises $3 to $6
Xerxesklonk: calls $3
*** TURN *** [2h 5h 3c] [Td]
Chessnok: bets $6
Xerxesklonk: raises $6 to $12
Chessnok: calls $6
*** RIVER *** [2h 5h 3c Td] [9h]
Chessnok: checks
Xerxesklonk: bets $6
Chessnok: folds
Uncalled bet ($6) returned to Xerxesklonk
Xerxesklonk collected $47.50 from pot
Xerxesklonk: doesn't show hand
*** SUMMARY ***
Total pot $48 | Rake $0.50
Board [2h 5h 3c Td 9h]
Seat 4: Chessnok (big blind) folded on the River
Seat 5: Xerxesklonk (button) (small blind) collected ($47.50)


