PokerStars Hand #157746248739:  Hold'em Limit ($3/$6 USD) - 2016/08/25 22:14:47 ET
Table 'Scylla' 6-max Seat #5 is the button
Seat 3: kulinichvm ($50.50 in chips)
Seat 5: Pandakey ($99 in chips)
Pandakey: posts small blind $1
kulinichvm: posts big blind $3
*** HOLE CARDS ***
Pandakey: raises $3 to $6
kulinichvm: raises $3 to $9
Pandakey: calls $3
*** FLOP *** [5s Tc 7h]
kulinichvm: bets $3
Pandakey: folds
Uncalled bet ($3) returned to kulinichvm
kulinichvm collected $17.64 from pot
*** SUMMARY ***
Total pot $18 | Rake $0.36
Board [5s Tc 7h]
Seat 3: kulinichvm (big blind) collected ($17.64)
Seat 5: Pandakey (button) (small blind) folded on the Flop


PokerStars Hand #157746256465:  Hold'em Limit ($3/$6 USD) - 2016/08/25 22:15:10 ET
Table 'Scylla' 6-max Seat #3 is the button
Seat 3: kulinichvm ($59.14 in chips)
Seat 5: Pandakey ($90 in chips)
kulinichvm: posts small blind $1
Pandakey: posts big blind $3
*** HOLE CARDS ***
kulinichvm: raises $3 to $6
Pandakey: calls $3
*** FLOP *** [7c Ts Ad]
Pandakey: checks
kulinichvm: bets $3
Pandakey: calls $3
*** TURN *** [7c Ts Ad] [Th]
Pandakey: checks
kulinichvm: bets $6
Pandakey: raises $6 to $12
kulinichvm: calls $6
*** RIVER *** [7c Ts Ad Th] [5d]
Pandakey: bets $6
kulinichvm: folds
Uncalled bet ($6) returned to Pandakey
Pandakey collected $41.50 from pot
Pandakey: doesn't show hand
*** SUMMARY ***
Total pot $42 | Rake $0.50
Board [7c Ts Ad Th 5d]
Seat 3: kulinichvm (button) (small blind) folded on the River
Seat 5: Pandakey (big blind) collected ($41.50)


PokerStars Hand #157746242204:  Hold'em Limit ($3/$6 USD) - 2016/08/25 22:14:28 ET
Table 'Scylla' 6-max Seat #3 is the button
Seat 3: kulinichvm ($30 in chips)
Seat 5: Pandakey ($120 in chips)
kulinichvm: posts small blind $1
Pandakey: posts big blind $3
*** HOLE CARDS ***
kulinichvm: raises $3 to $6
Pandakey: calls $3
*** FLOP *** [6c Kc 5c]
Pandakey: checks
kulinichvm: bets $3
Pandakey: calls $3
*** TURN *** [6c Kc 5c] [7s]
Pandakey: checks
kulinichvm: bets $6
Pandakey: calls $6
*** RIVER *** [6c Kc 5c 7s] [Td]
Pandakey: checks
kulinichvm: bets $6
Pandakey: calls $6
*** SHOW DOWN ***
kulinichvm: shows [Ks 9h] (a pair of Kings)
Pandakey: mucks hand
kulinichvm collected $41.50 from pot
*** SUMMARY ***
Total pot $42 | Rake $0.50
Board [6c Kc 5c 7s Td]
Seat 3: kulinichvm (button) (small blind) showed [Ks 9h] and won ($41.50) with a pair of Kings
Seat 5: Pandakey (big blind) mucked


PokerStars Hand #157746273236:  Hold'em Limit ($3/$6 USD) - 2016/08/25 22:16:00 ET
Table 'Scylla' 6-max Seat #3 is the button
Seat 3: kulinichvm ($43.90 in chips)
Seat 5: Pandakey ($104.50 in chips)
kulinichvm: posts small blind $1
Pandakey: posts big blind $3
*** HOLE CARDS ***
kulinichvm: raises $3 to $6
Pandakey: calls $3
*** FLOP *** [4s 4h Qc]
Pandakey: checks
kulinichvm: bets $3
Pandakey: raises $3 to $6
kulinichvm: calls $3
*** TURN *** [4s 4h Qc] [6s]
Pandakey: bets $6
kulinichvm: calls $6
*** RIVER *** [4s 4h Qc 6s] [5c]
Pandakey: bets $6
kulinichvm: calls $6
*** SHOW DOWN ***
Pandakey: shows [6h 4c] (a full house, Fours full of Sixes)
kulinichvm: mucks hand
Pandakey collected $47.50 from pot
*** SUMMARY ***
Total pot $48 | Rake $0.50
Board [4s 4h Qc 6s 5c]
Seat 3: kulinichvm (button) (small blind) mucked
Seat 5: Pandakey (big blind) showed [6h 4c] and won ($47.50) with a full house, Fours full of Sixes


PokerStars Hand #157746283608:  Hold'em Limit ($3/$6 USD) - 2016/08/25 22:16:31 ET
Table 'Scylla' 6-max Seat #5 is the button
Seat 3: kulinichvm ($19.90 in chips)
Seat 5: Pandakey ($128 in chips)
Pandakey: posts small blind $1
kulinichvm: posts big blind $3
*** HOLE CARDS ***
Pandakey: raises $3 to $6
kulinichvm: folds
Uncalled bet ($3) returned to Pandakey
Pandakey collected $6 from pot
Pandakey: doesn't show hand
*** SUMMARY ***
Total pot $6 | Rake $0
Seat 3: kulinichvm (big blind) folded before Flop
Seat 5: Pandakey (button) (small blind) collected ($6)


PokerStars Hand #157746267227:  Hold'em Limit ($3/$6 USD) - 2016/08/25 22:15:42 ET
Table 'Scylla' 6-max Seat #5 is the button
Seat 3: kulinichvm ($38.14 in chips)
Seat 5: Pandakey ($110.50 in chips)
Pandakey: posts small blind $1
kulinichvm: posts big blind $3
*** HOLE CARDS ***
Pandakey: raises $3 to $6
kulinichvm: calls $3
*** FLOP *** [Kd Js 2s]
kulinichvm: bets $3
Pandakey: folds
Uncalled bet ($3) returned to kulinichvm
kulinichvm collected $11.76 from pot
*** SUMMARY ***
Total pot $12 | Rake $0.24
Board [Kd Js 2s]
Seat 3: kulinichvm (big blind) collected ($11.76)
Seat 5: Pandakey (button) (small blind) folded on the Flop


PokerStars Hand #157746298049:  Hold'em Limit ($3/$6 USD) - 2016/08/25 22:17:14 ET
Table 'Scylla' 6-max Seat #3 is the button
Seat 3: kulinichvm ($15.48 in chips)
Seat 5: Pandakey ($131.74 in chips)
kulinichvm: posts small blind $1
Pandakey: posts big blind $3
*** HOLE CARDS ***
kulinichvm: calls $2
Pandakey: checks
*** FLOP *** [7d Qs Kd]
Pandakey: bets $3
kulinichvm: calls $3
*** TURN *** [7d Qs Kd] [6c]
Pandakey: bets $6
kulinichvm: folds
Uncalled bet ($6) returned to Pandakey
Pandakey collected $11.76 from pot
Pandakey: doesn't show hand
*** SUMMARY ***
Total pot $12 | Rake $0.24
Board [7d Qs Kd 6c]
Seat 3: kulinichvm (button) (small blind) folded on the Turn
Seat 5: Pandakey (big blind) collected ($11.76)


PokerStars Hand #157746286560:  Hold'em Limit ($3/$6 USD) - 2016/08/25 22:16:39 ET
Table 'Scylla' 6-max Seat #3 is the button
Seat 3: kulinichvm ($16.90 in chips)
Seat 5: Pandakey ($131 in chips)
kulinichvm: posts small blind $1
Pandakey: posts big blind $3
*** HOLE CARDS ***
kulinichvm: calls $2
Pandakey: checks
*** FLOP *** [4s Th Qd]
Pandakey: checks
kulinichvm: checks
*** TURN *** [4s Th Qd] [Ac]
Pandakey: checks
kulinichvm: bets $6
Pandakey: calls $6
*** RIVER *** [4s Th Qd Ac] [3h]
Pandakey: checks
kulinichvm: checks
*** SHOW DOWN ***
Pandakey: shows [6h Td] (a pair of Tens)
kulinichvm: mucks hand
Pandakey collected $17.64 from pot
*** SUMMARY ***
Total pot $18 | Rake $0.36
Board [4s Th Qd Ac 3h]
Seat 3: kulinichvm (button) (small blind) mucked
Seat 5: Pandakey (big blind) showed [6h Td] and won ($17.64) with a pair of Tens


PokerStars Hand #157746293160:  Hold'em Limit ($3/$6 USD) - 2016/08/25 22:16:59 ET
Table 'Scylla' 6-max Seat #5 is the button
Seat 3: kulinichvm ($7.90 in chips)
Seat 5: Pandakey ($139.64 in chips)
Pandakey: posts small blind $1
kulinichvm: posts big blind $3
*** HOLE CARDS ***
Pandakey: raises $3 to $6
kulinichvm: calls $3
*** FLOP *** [5c Kc Qc]
kulinichvm: bets $1.90 and is all-in
Pandakey: calls $1.90
*** TURN *** [5c Kc Qc] [Ks]
*** RIVER *** [5c Kc Qc Ks] [7d]
*** SHOW DOWN ***
kulinichvm: shows [6d Qh] (two pair, Kings and Queens)
Pandakey: shows [4d As] (a pair of Kings)
kulinichvm collected $15.48 from pot
*** SUMMARY ***
Total pot $15.80 | Rake $0.32
Board [5c Kc Qc Ks 7d]
Seat 3: kulinichvm (big blind) showed [6d Qh] and won ($15.48) with two pair, Kings and Queens
Seat 5: Pandakey (button) (small blind) showed [4d As] and lost with a pair of Kings


PokerStars Hand #157746304119:  Hold'em Limit ($3/$6 USD) - 2016/08/25 22:17:32 ET
Table 'Scylla' 6-max Seat #5 is the button
Seat 3: kulinichvm ($9.48 in chips)
Seat 5: Pandakey ($137.50 in chips)
Pandakey: posts small blind $1
kulinichvm: posts big blind $3
*** HOLE CARDS ***
Pandakey: raises $3 to $6
kulinichvm: calls $3
*** FLOP *** [Ts 4c 4s]
kulinichvm: bets $3
Pandakey: raises $3 to $6
kulinichvm: calls $0.48 and is all-in
Uncalled bet ($2.52) returned to Pandakey
*** TURN *** [Ts 4c 4s] [Ac]
*** RIVER *** [Ts 4c 4s Ac] [9h]
*** SHOW DOWN ***
kulinichvm: shows [Qs 6d] (a pair of Fours)
Pandakey: shows [Kh 7c] (a pair of Fours - Ace+King kicker)
Pandakey collected $18.58 from pot
*** SUMMARY ***
Total pot $18.96 | Rake $0.38
Board [Ts 4c 4s Ac 9h]
Seat 3: kulinichvm (big blind) showed [Qs 6d] and lost with a pair of Fours
Seat 5: Pandakey (button) (small blind) showed [Kh 7c] and won ($18.58) with a pair of Fours


PokerStars Hand #157746478613:  Hold'em Limit ($3/$6 USD) - 2016/08/25 22:26:03 ET
Table 'Scylla' 6-max Seat #3 is the button
Seat 3: kulinichvm ($40.90 in chips)
Seat 5: Pandakey ($146.60 in chips)
kulinichvm: posts small blind $1
Pandakey: posts big blind $3
*** HOLE CARDS ***
kulinichvm: raises $3 to $6
Pandakey: calls $3
*** FLOP *** [9s Ks Js]
Pandakey: checks
kulinichvm: bets $3
Pandakey: folds
Uncalled bet ($3) returned to kulinichvm
kulinichvm collected $11.76 from pot
*** SUMMARY ***
Total pot $12 | Rake $0.24
Board [9s Ks Js]
Seat 3: kulinichvm (button) (small blind) collected ($11.76)
Seat 5: Pandakey (big blind) folded on the Flop


PokerStars Hand #157746501144:  Hold'em Limit ($3/$6 USD) - 2016/08/25 22:27:13 ET
Table 'Scylla' 6-max Seat #5 is the button
Seat 3: kulinichvm ($66.16 in chips)
Seat 5: Pandakey ($120.60 in chips)
Pandakey: posts small blind $1
kulinichvm: posts big blind $3
*** HOLE CARDS ***
Pandakey: raises $3 to $6
kulinichvm: folds
Uncalled bet ($3) returned to Pandakey
Pandakey collected $6 from pot
Pandakey: doesn't show hand
*** SUMMARY ***
Total pot $6 | Rake $0
Seat 3: kulinichvm (big blind) folded before Flop
Seat 5: Pandakey (button) (small blind) collected ($6)


PokerStars Hand #157746499488:  Hold'em Limit ($3/$6 USD) - 2016/08/25 22:27:08 ET
Table 'Scylla' 6-max Seat #3 is the button
Seat 3: kulinichvm ($67.16 in chips)
Seat 5: Pandakey ($119.60 in chips)
kulinichvm: posts small blind $1
Pandakey: posts big blind $3
*** HOLE CARDS ***
kulinichvm: folds
Uncalled bet ($2) returned to Pandakey
Pandakey collected $2 from pot
Pandakey: doesn't show hand
*** SUMMARY ***
Total pot $2 | Rake $0
Seat 3: kulinichvm (button) (small blind) folded before Flop
Seat 5: Pandakey (big blind) collected ($2)


PokerStars Hand #157746486348:  Hold'em Limit ($3/$6 USD) - 2016/08/25 22:26:27 ET
Table 'Scylla' 6-max Seat #5 is the button
Seat 3: kulinichvm ($46.66 in chips)
Seat 5: Pandakey ($140.60 in chips)
Pandakey: posts small blind $1
kulinichvm: posts big blind $3
*** HOLE CARDS ***
Pandakey: raises $3 to $6
kulinichvm: calls $3
*** FLOP *** [8c 6d 3d]
kulinichvm: checks
Pandakey: bets $3
kulinichvm: calls $3
*** TURN *** [8c 6d 3d] [Qc]
kulinichvm: bets $6
Pandakey: raises $6 to $12
kulinichvm: calls $6
*** RIVER *** [8c 6d 3d Qc] [Tc]
kulinichvm: checks
Pandakey: checks
*** SHOW DOWN ***
kulinichvm: shows [5c Kc] (a flush, King high)
Pandakey: mucks hand
kulinichvm collected $41.50 from pot
*** SUMMARY ***
Total pot $42 | Rake $0.50
Board [8c 6d 3d Qc Tc]
Seat 3: kulinichvm (big blind) showed [5c Kc] and won ($41.50) with a flush, King high
Seat 5: Pandakey (button) (small blind) mucked


PokerStars Hand #157746510956:  Hold'em Limit ($3/$6 USD) - 2016/08/25 22:27:43 ET
Table 'Scylla' 6-max Seat #5 is the button
Seat 3: kulinichvm ($45.16 in chips)
Seat 5: Pandakey ($141.10 in chips)
Pandakey: posts small blind $1
kulinichvm: posts big blind $3
*** HOLE CARDS ***
Pandakey: raises $3 to $6
kulinichvm: raises $3 to $9
Pandakey: calls $3
*** FLOP *** [3c 6h 6c]
kulinichvm: bets $3
Pandakey: folds
Uncalled bet ($3) returned to kulinichvm
kulinichvm collected $17.64 from pot
*** SUMMARY ***
Total pot $18 | Rake $0.36
Board [3c 6h 6c]
Seat 3: kulinichvm (big blind) collected ($17.64)
Seat 5: Pandakey (button) (small blind) folded on the Flop


PokerStars Hand #157746504087:  Hold'em Limit ($3/$6 USD) - 2016/08/25 22:27:22 ET
Table 'Scylla' 6-max Seat #3 is the button
Seat 3: kulinichvm ($63.16 in chips)
Seat 5: Pandakey ($123.60 in chips)
kulinichvm: posts small blind $1
Pandakey: posts big blind $3
*** HOLE CARDS ***
kulinichvm: calls $2
Pandakey: checks
*** FLOP *** [Ah 2h 5h]
Pandakey: checks
kulinichvm: bets $3
Pandakey: calls $3
*** TURN *** [Ah 2h 5h] [3s]
Pandakey: bets $6
kulinichvm: calls $6
*** RIVER *** [Ah 2h 5h 3s] [9h]
Pandakey: checks
kulinichvm: bets $6
Pandakey: calls $6
*** SHOW DOWN ***
kulinichvm: shows [5d 2d] (two pair, Fives and Deuces)
Pandakey: shows [2c 4c] (a straight, Ace to Five)
Pandakey collected $35.50 from pot
*** SUMMARY ***
Total pot $36 | Rake $0.50
Board [Ah 2h 5h 3s 9h]
Seat 3: kulinichvm (button) (small blind) showed [5d 2d] and lost with two pair, Fives and Deuces
Seat 5: Pandakey (big blind) showed [2c 4c] and won ($35.50) with a straight, Ace to Five


PokerStars Hand #157746514518:  Hold'em Limit ($3/$6 USD) - 2016/08/25 22:27:55 ET
Table 'Scylla' 6-max Seat #3 is the button
Seat 3: kulinichvm ($53.80 in chips)
Seat 5: Pandakey ($132.10 in chips)
kulinichvm: posts small blind $1
Pandakey: posts big blind $3
*** HOLE CARDS ***
kulinichvm: calls $2
Pandakey: raises $3 to $6
kulinichvm: calls $3
*** FLOP *** [7c 4c Qc]
Pandakey: bets $3
kulinichvm: raises $3 to $6
Pandakey: folds
Uncalled bet ($3) returned to kulinichvm
kulinichvm collected $17.64 from pot
*** SUMMARY ***
Total pot $18 | Rake $0.36
Board [7c 4c Qc]
Seat 3: kulinichvm (button) (small blind) collected ($17.64)
Seat 5: Pandakey (big blind) folded on the Flop


PokerStars Hand #157746523655:  Hold'em Limit ($3/$6 USD) - 2016/08/25 22:28:23 ET
Table 'Scylla' 6-max Seat #3 is the button
Seat 3: kulinichvm ($38.44 in chips)
Seat 5: Pandakey ($146.60 in chips)
kulinichvm: posts small blind $1
Pandakey: posts big blind $3
*** HOLE CARDS ***
kulinichvm: raises $3 to $6
Pandakey: calls $3
*** FLOP *** [Ts Ah Qd]
Pandakey: checks
kulinichvm: bets $3
Pandakey: calls $3
*** TURN *** [Ts Ah Qd] [6s]
Pandakey: checks
kulinichvm: bets $6
Pandakey: folds
Uncalled bet ($6) returned to kulinichvm
kulinichvm collected $17.64 from pot
*** SUMMARY ***
Total pot $18 | Rake $0.36
Board [Ts Ah Qd 6s]
Seat 3: kulinichvm (button) (small blind) collected ($17.64)
Seat 5: Pandakey (big blind) folded on the Turn


PokerStars Hand #157746530827:  Hold'em Limit ($3/$6 USD) - 2016/08/25 22:28:45 ET
Table 'Scylla' 6-max Seat #5 is the button
Seat 3: kulinichvm ($47.08 in chips)
Seat 5: Pandakey ($137.60 in chips)
Pandakey: posts small blind $1
kulinichvm: posts big blind $3
*** HOLE CARDS ***
Pandakey: raises $3 to $6
kulinichvm: calls $3
*** FLOP *** [Kh 3s 2h]
kulinichvm: checks
Pandakey: bets $3
kulinichvm: calls $3
*** TURN *** [Kh 3s 2h] [6h]
kulinichvm: bets $6
Pandakey: raises $6 to $12
kulinichvm: calls $6
*** RIVER *** [Kh 3s 2h 6h] [6c]
kulinichvm: checks
Pandakey: bets $6
kulinichvm: calls $6
*** SHOW DOWN ***
Pandakey: shows [5d 4s] (a straight, Deuce to Six)
kulinichvm: mucks hand
Pandakey collected $53.50 from pot
*** SUMMARY ***
Total pot $54 | Rake $0.50
Board [Kh 3s 2h 6h 6c]
Seat 3: kulinichvm (big blind) mucked
Seat 5: Pandakey (button) (small blind) showed [5d 4s] and won ($53.50) with a straight, Deuce to Six


PokerStars Hand #157746539037:  Hold'em Limit ($3/$6 USD) - 2016/08/25 22:29:11 ET
Table 'Scylla' 6-max Seat #3 is the button
Seat 3: kulinichvm ($20.08 in chips)
Seat 5: Pandakey ($164.10 in chips)
kulinichvm: posts small blind $1
Pandakey: posts big blind $3
*** HOLE CARDS ***
kulinichvm: raises $3 to $6
Pandakey: calls $3
*** FLOP *** [8s 6c 4s]
Pandakey: checks
kulinichvm: bets $3
Pandakey: raises $3 to $6
kulinichvm: calls $3
*** TURN *** [8s 6c 4s] [9h]
Pandakey: bets $6
kulinichvm: calls $6
*** RIVER *** [8s 6c 4s 9h] [Ts]
Pandakey: bets $6
kulinichvm: calls $2.08 and is all-in
Uncalled bet ($3.92) returned to Pandakey
*** SHOW DOWN ***
Pandakey: shows [4h 6d] (two pair, Sixes and Fours)
kulinichvm: shows [Qc Kd] (high card King)
Pandakey collected $39.66 from pot
*** SUMMARY ***
Total pot $40.16 | Rake $0.50
Board [8s 6c 4s 9h Ts]
Seat 3: kulinichvm (button) (small blind) showed [Qc Kd] and lost with high card King
Seat 5: Pandakey (big blind) showed [4h 6d] and won ($39.66) with two pair, Sixes and Fours


