PokerStars Hand #172697876985:  Hold'em Limit ($3/$6 USD) - 2017/07/06 19:00:02 ET
Table 'Scylla II' 6-max Seat #1 is the button
Seat 1: caliberblue ($107 in chips)
Seat 4: Actionni13 ($162.52 in chips)
caliberblue: posts small blind $1
Actionni13: posts big blind $3
*** HOLE CARDS ***
caliberblue: calls $2
Actionni13: raises $3 to $6
caliberblue: calls $3
*** FLOP *** [3s 4h 9h]
Actionni13: bets $3
caliberblue: folds
Uncalled bet ($3) returned to Actionni13
Actionni13 collected $11.76 from pot
Actionni13: doesn't show hand
*** SUMMARY ***
Total pot $12 | Rake $0.24
Board [3s 4h 9h]
Seat 1: caliberblue (button) (small blind) folded on the Flop
Seat 4: Actionni13 (big blind) collected ($11.76)


PokerStars Hand #172697885728:  Hold'em Limit ($3/$6 USD) - 2017/07/06 19:00:17 ET
Table 'Scylla II' 6-max Seat #4 is the button
Seat 1: caliberblue ($101 in chips)
Seat 4: Actionni13 ($168.28 in chips)
Actionni13: posts small blind $1
caliberblue: posts big blind $3
*** HOLE CARDS ***
Actionni13: raises $3 to $6
caliberblue: raises $3 to $9
Actionni13: calls $3
*** FLOP *** [Qs 2d 8h]
caliberblue: bets $3
karambakilla joins the table at seat #2
Actionni13: calls $3
*** TURN *** [Qs 2d 8h] [9d]
caliberblue: bets $6
Actionni13: calls $6
*** RIVER *** [Qs 2d 8h 9d] [8d]
caliberblue: bets $6
Actionni13: folds
Uncalled bet ($6) returned to caliberblue
caliberblue collected $35.50 from pot
*** SUMMARY ***
Total pot $36 | Rake $0.50
Board [Qs 2d 8h 9d 8d]
Seat 1: caliberblue (big blind) collected ($35.50)
Seat 4: Actionni13 (button) (small blind) folded on the River


PokerStars Hand #172697968684:  Hold'em Limit ($3/$6 USD) - 2017/07/06 19:02:23 ET
Table 'Scylla II' 6-max Seat #2 is the button
Seat 1: caliberblue ($77.50 in chips)
Seat 2: karambakilla ($181.13 in chips)
karambakilla: posts small blind $1
caliberblue: posts big blind $3
*** HOLE CARDS ***
karambakilla: folds
Uncalled bet ($2) returned to caliberblue
caliberblue collected $2 from pot
*** SUMMARY ***
Total pot $2 | Rake $0
Seat 1: caliberblue (big blind) collected ($2)
Seat 2: karambakilla (button) (small blind) folded before Flop


PokerStars Hand #172697964323:  Hold'em Limit ($3/$6 USD) - 2017/07/06 19:02:17 ET
Table 'Scylla II' 6-max Seat #1 is the button
Seat 1: caliberblue ($78.50 in chips)
Seat 2: karambakilla ($180.13 in chips)
caliberblue: posts small blind $1
karambakilla: posts big blind $3
*** HOLE CARDS ***
caliberblue: folds
Uncalled bet ($2) returned to karambakilla
karambakilla collected $2 from pot
karambakilla: doesn't show hand
*** SUMMARY ***
Total pot $2 | Rake $0
Seat 1: caliberblue (button) (small blind) folded before Flop
Seat 2: karambakilla (big blind) collected ($2)


PokerStars Hand #172697955293:  Hold'em Limit ($3/$6 USD) - 2017/07/06 19:02:04 ET
Table 'Scylla II' 6-max Seat #2 is the button
Seat 1: caliberblue ($84.50 in chips)
Seat 2: karambakilla ($174.37 in chips)
karambakilla: posts small blind $1
Actionni13: is sitting out
caliberblue: posts big blind $3
*** HOLE CARDS ***
karambakilla: raises $3 to $6
caliberblue: calls $3
*** FLOP *** [Ad 8s 8c]
caliberblue: checks
karambakilla: checks
*** TURN *** [Ad 8s 8c] [3d]
Actionni13 leaves the table
caliberblue: checks
karambakilla: bets $6
caliberblue: folds
Uncalled bet ($6) returned to karambakilla
karambakilla collected $11.76 from pot
karambakilla: doesn't show hand
*** SUMMARY ***
Total pot $12 | Rake $0.24
Board [Ad 8s 8c 3d]
Seat 1: caliberblue (big blind) folded on the Turn
Seat 2: karambakilla (button) (small blind) collected ($11.76)


