PokerStars Hand #147939794150:  Hold'em Limit ($3/$6 USD) - 2016/01/30 12:09:08 ET
Table 'Scylla' 2-max Seat #2 is the button
Seat 1: REZOLUTION84 ($60 in chips)
Seat 2: hudecam ($59.26 in chips)
hudecam: posts small blind $1
REZOLUTION84: posts big blind $3
*** HOLE CARDS ***
hudecam: folds
Uncalled bet ($2) returned to REZOLUTION84
REZOLUTION84 collected $2 from pot
REZOLUTION84: doesn't show hand
*** SUMMARY ***
Total pot $2 | Rake $0
Seat 1: REZOLUTION84 (big blind) collected ($2)
Seat 2: hudecam (button) (small blind) folded before Flop


PokerStars Hand #147939775476:  Hold'em Limit ($3/$6 USD) - 2016/01/30 12:08:49 ET
Table 'Scylla' 2-max Seat #1 is the button
Seat 1: REZOLUTION84 ($60 in chips)
Seat 2: hudecam ($35.76 in chips)
REZOLUTION84: posts small blind $1
hudecam: posts big blind $3
*** HOLE CARDS ***
REZOLUTION84: raises $3 to $6
hudecam: raises $3 to $9
REZOLUTION84: calls $3
*** FLOP *** [2c Ts Js]
hudecam: bets $3
REZOLUTION84: calls $3
*** TURN *** [2c Ts Js] [Qc]
hudecam: bets $6
REZOLUTION84: calls $6
*** RIVER *** [2c Ts Js Qc] [Ac]
hudecam: bets $6
REZOLUTION84: calls $6
*** SHOW DOWN ***
hudecam: shows [Td Kd] (a straight, Ten to Ace)
REZOLUTION84: mucks hand
hudecam collected $47.50 from pot
*** SUMMARY ***
Total pot $48 | Rake $0.50
Board [2c Ts Js Qc Ac]
Seat 1: REZOLUTION84 (button) (small blind) mucked
Seat 2: hudecam (big blind) showed [Td Kd] and won ($47.50) with a straight, Ten to Ace


PokerStars Hand #147939800086:  Hold'em Limit ($3/$6 USD) - 2016/01/30 12:09:14 ET
Table 'Scylla' 2-max Seat #1 is the button
Seat 1: REZOLUTION84 ($61 in chips)
Seat 2: hudecam ($58.26 in chips)
REZOLUTION84: posts small blind $1
hudecam: posts big blind $3
*** HOLE CARDS ***
REZOLUTION84: raises $3 to $6
hudecam: calls $3
*** FLOP *** [3c Kc Js]
hudecam: checks
REZOLUTION84: bets $3
hudecam: folds
Uncalled bet ($3) returned to REZOLUTION84
REZOLUTION84 collected $11.76 from pot
REZOLUTION84: doesn't show hand
*** SUMMARY ***
Total pot $12 | Rake $0.24
Board [3c Kc Js]
Seat 1: REZOLUTION84 (button) (small blind) collected ($11.76)
Seat 2: hudecam (big blind) folded on the Flop


PokerStars Hand #147946484629:  Hold'em Limit ($3/$6 USD) - 2016/01/30 14:00:18 ET
Table 'Scylla' 2-max Seat #2 is the button
Seat 1: REZOLUTION84 ($60 in chips)
Seat 2: kairobs ($101 in chips)
kairobs: posts small blind $1
REZOLUTION84: posts big blind $3
*** HOLE CARDS ***
kairobs: calls $2
REZOLUTION84: raises $3 to $6
kairobs: calls $3
*** FLOP *** [9c 4h 7h]
REZOLUTION84: bets $3
kairobs: calls $3
*** TURN *** [9c 4h 7h] [5c]
REZOLUTION84: bets $6
kairobs: folds
Uncalled bet ($6) returned to REZOLUTION84
REZOLUTION84 collected $17.64 from pot
REZOLUTION84: doesn't show hand
*** SUMMARY ***
Total pot $18 | Rake $0.36
Board [9c 4h 7h 5c]
Seat 1: REZOLUTION84 (big blind) collected ($17.64)
Seat 2: kairobs (button) (small blind) folded on the Turn


PokerStars Hand #147946546102:  Hold'em Limit ($3/$6 USD) - 2016/01/30 14:01:29 ET
Table 'Scylla' 2-max Seat #2 is the button
Seat 1: REZOLUTION84 ($60 in chips)
Seat 2: kairobs ($100.64 in chips)
kairobs: posts small blind $1
REZOLUTION84: posts big blind $3
*** HOLE CARDS ***
kairobs: raises $3 to $6
REZOLUTION84: folds
Uncalled bet ($3) returned to kairobs
kairobs collected $6 from pot
kairobs: doesn't show hand
*** SUMMARY ***
Total pot $6 | Rake $0
Seat 1: REZOLUTION84 (big blind) folded before Flop
Seat 2: kairobs (button) (small blind) collected ($6)


PokerStars Hand #147946541848:  Hold'em Limit ($3/$6 USD) - 2016/01/30 14:01:24 ET
Table 'Scylla' 2-max Seat #1 is the button
Seat 1: REZOLUTION84 ($61 in chips)
Seat 2: kairobs ($99.64 in chips)
REZOLUTION84: posts small blind $1
kairobs: posts big blind $3
*** HOLE CARDS ***
REZOLUTION84: folds
Uncalled bet ($2) returned to kairobs
kairobs collected $2 from pot
kairobs: doesn't show hand
*** SUMMARY ***
Total pot $2 | Rake $0
Seat 1: REZOLUTION84 (button) (small blind) folded before Flop
Seat 2: kairobs (big blind) collected ($2)


PokerStars Hand #147946512986:  Hold'em Limit ($3/$6 USD) - 2016/01/30 14:00:52 ET
Table 'Scylla' 2-max Seat #1 is the button
Seat 1: REZOLUTION84 ($68.64 in chips)
Seat 2: kairobs ($92 in chips)
REZOLUTION84: posts small blind $1
kairobs: posts big blind $3
*** HOLE CARDS ***
REZOLUTION84: raises $3 to $6
kairobs: calls $3
*** FLOP *** [Kc Ts Qh]
kairobs: checks
REZOLUTION84: bets $3
kairobs: calls $3
*** TURN *** [Kc Ts Qh] [9d]
kairobs: bets $6
REZOLUTION84: folds
Uncalled bet ($6) returned to kairobs
kairobs collected $17.64 from pot
kairobs: doesn't show hand
*** SUMMARY ***
Total pot $18 | Rake $0.36
Board [Kc Ts Qh 9d]
Seat 1: REZOLUTION84 (button) (small blind) folded on the Turn
Seat 2: kairobs (big blind) collected ($17.64)


PokerStars Hand #147946554058:  Hold'em Limit ($3/$6 USD) - 2016/01/30 14:01:37 ET
Table 'Scylla' 2-max Seat #1 is the button
Seat 1: REZOLUTION84 ($60 in chips)
Seat 2: kairobs ($103.64 in chips)
REZOLUTION84: posts small blind $1
kairobs: posts big blind $3
*** HOLE CARDS ***
REZOLUTION84: raises $3 to $6
kairobs: raises $3 to $9
REZOLUTION84: raises $3 to $12
Betting is capped
kairobs: calls $3
*** FLOP *** [9s 3c Jd]
kairobs: checks
REZOLUTION84: bets $3
kairobs: calls $3
*** TURN *** [9s 3c Jd] [5s]
kairobs: checks
REZOLUTION84: checks
*** RIVER *** [9s 3c Jd 5s] [Tc]
kairobs: bets $6
REZOLUTION84: calls $6
*** SHOW DOWN ***
kairobs: shows [Ad Qh] (high card Ace)
REZOLUTION84: shows [As Kc] (high card Ace - King kicker)
REZOLUTION84 collected $41.50 from pot
*** SUMMARY ***
Total pot $42 | Rake $0.50
Board [9s 3c Jd 5s Tc]
Seat 1: REZOLUTION84 (button) (small blind) showed [As Kc] and won ($41.50) with high card Ace
Seat 2: kairobs (big blind) showed [Ad Qh] and lost with high card Ace


PokerStars Hand #147946626917:  Hold'em Limit ($3/$6 USD) - 2016/01/30 14:02:49 ET
Table 'Scylla' 2-max Seat #1 is the button
Seat 1: REZOLUTION84 ($84.14 in chips)
Seat 2: kairobs ($78.40 in chips)
REZOLUTION84: posts small blind $1
kairobs: posts big blind $3
*** HOLE CARDS ***
REZOLUTION84: folds
Uncalled bet ($2) returned to kairobs
kairobs collected $2 from pot
*** SUMMARY ***
Total pot $2 | Rake $0
Seat 1: REZOLUTION84 (button) (small blind) folded before Flop
Seat 2: kairobs (big blind) collected ($2)


PokerStars Hand #147946615308:  Hold'em Limit ($3/$6 USD) - 2016/01/30 14:02:38 ET
Table 'Scylla' 2-max Seat #2 is the button
Seat 1: REZOLUTION84 ($90.14 in chips)
Seat 2: kairobs ($72.64 in chips)
kairobs: posts small blind $1
REZOLUTION84: posts big blind $3
*** HOLE CARDS ***
kairobs: raises $3 to $6
REZOLUTION84: calls $3
*** FLOP *** [6h 2d Js]
REZOLUTION84: checks
kairobs: checks
*** TURN *** [6h 2d Js] [Kh]
REZOLUTION84: checks
kairobs: bets $6
REZOLUTION84: folds
Uncalled bet ($6) returned to kairobs
kairobs collected $11.76 from pot
kairobs: doesn't show hand
*** SUMMARY ***
Total pot $12 | Rake $0.24
Board [6h 2d Js Kh]
Seat 1: REZOLUTION84 (big blind) folded on the Turn
Seat 2: kairobs (button) (small blind) collected ($11.76)


PokerStars Hand #147946585655:  Hold'em Limit ($3/$6 USD) - 2016/01/30 14:02:10 ET
Table 'Scylla' 2-max Seat #1 is the button
Seat 1: REZOLUTION84 ($81.50 in chips)
Seat 2: kairobs ($81.64 in chips)
REZOLUTION84: posts small blind $1
kairobs: posts big blind $3
*** HOLE CARDS ***
REZOLUTION84: raises $3 to $6
kairobs: calls $3
*** FLOP *** [Ah As 2h]
kairobs: bets $3
REZOLUTION84: calls $3
*** TURN *** [Ah As 2h] [7h]
kairobs: checks
REZOLUTION84: checks
*** RIVER *** [Ah As 2h 7h] [Ks]
kairobs: checks
REZOLUTION84: bets $6
kairobs: folds
Uncalled bet ($6) returned to REZOLUTION84
REZOLUTION84 collected $17.64 from pot
REZOLUTION84: doesn't show hand
*** SUMMARY ***
Total pot $18 | Rake $0.36
Board [Ah As 2h 7h Ks]
Seat 1: REZOLUTION84 (button) (small blind) collected ($17.64)
Seat 2: kairobs (big blind) folded on the River


PokerStars Hand #147946581110:  Hold'em Limit ($3/$6 USD) - 2016/01/30 14:02:05 ET
Table 'Scylla' 2-max Seat #2 is the button
Seat 1: REZOLUTION84 ($80.50 in chips)
Seat 2: kairobs ($82.64 in chips)
kairobs: posts small blind $1
REZOLUTION84: posts big blind $3
*** HOLE CARDS ***
kairobs: folds
Uncalled bet ($2) returned to REZOLUTION84
REZOLUTION84 collected $2 from pot
REZOLUTION84: doesn't show hand
*** SUMMARY ***
Total pot $2 | Rake $0
Seat 1: REZOLUTION84 (big blind) collected ($2)
Seat 2: kairobs (button) (small blind) folded before Flop


PokerStars Hand #147946700774:  Hold'em Limit ($3/$6 USD) - 2016/01/30 14:04:01 ET
Table 'Scylla' 2-max Seat #1 is the button
Seat 1: REZOLUTION84 ($71.52 in chips)
Seat 2: kairobs ($93.66 in chips)
REZOLUTION84: posts small blind $1
kairobs: posts big blind $3
*** HOLE CARDS ***
REZOLUTION84: folds
Uncalled bet ($2) returned to kairobs
kairobs collected $2 from pot
kairobs: doesn't show hand
*** SUMMARY ***
Total pot $2 | Rake $0
Seat 1: REZOLUTION84 (button) (small blind) folded before Flop
Seat 2: kairobs (big blind) collected ($2)


PokerStars Hand #147946673426:  Hold'em Limit ($3/$6 USD) - 2016/01/30 14:03:35 ET
Table 'Scylla' 2-max Seat #2 is the button
Seat 1: REZOLUTION84 ($60 in chips)
Seat 2: kairobs ($105.66 in chips)
kairobs: posts small blind $1
REZOLUTION84: posts big blind $3
*** HOLE CARDS ***
kairobs: raises $3 to $6
REZOLUTION84: calls $3
*** FLOP *** [7s 6s 2s]
REZOLUTION84: checks
kairobs: checks
*** TURN *** [7s 6s 2s] [Qh]
REZOLUTION84: checks
kairobs: checks
*** RIVER *** [7s 6s 2s Qh] [8s]
REZOLUTION84: bets $6
kairobs: calls $6
*** SHOW DOWN ***
REZOLUTION84: shows [3h Qc] (a pair of Queens)
kairobs: mucks hand
REZOLUTION84 collected $23.52 from pot
*** SUMMARY ***
Total pot $24 | Rake $0.48
Board [7s 6s 2s Qh 8s]
Seat 1: REZOLUTION84 (big blind) showed [3h Qc] and won ($23.52) with a pair of Queens
Seat 2: kairobs (button) (small blind) mucked


PokerStars Hand #147946648320:  Hold'em Limit ($3/$6 USD) - 2016/01/30 14:03:10 ET
Table 'Scylla' 2-max Seat #1 is the button
Seat 1: REZOLUTION84 ($77.14 in chips)
Seat 2: kairobs ($85.16 in chips)
REZOLUTION84: posts small blind $1
kairobs: posts big blind $3
*** HOLE CARDS ***
REZOLUTION84: raises $3 to $6
kairobs: raises $3 to $9
REZOLUTION84: calls $3
*** FLOP *** [9s 6d Jd]
kairobs: checks
REZOLUTION84: checks
*** TURN *** [9s 6d Jd] [8d]
kairobs: checks
REZOLUTION84: bets $6
kairobs: calls $6
*** RIVER *** [9s 6d Jd 8d] [Tc]
kairobs: bets $6
REZOLUTION84: calls $6
*** SHOW DOWN ***
kairobs: shows [Qd Ah] (a straight, Eight to Queen)
REZOLUTION84: mucks hand
kairobs collected $41.50 from pot
*** SUMMARY ***
Total pot $42 | Rake $0.50
Board [9s 6d Jd 8d Tc]
Seat 1: REZOLUTION84 (button) (small blind) mucked
Seat 2: kairobs (big blind) showed [Qd Ah] and won ($41.50) with a straight, Eight to Queen


PokerStars Hand #147946631607:  Hold'em Limit ($3/$6 USD) - 2016/01/30 14:02:54 ET
Table 'Scylla' 2-max Seat #2 is the button
Seat 1: REZOLUTION84 ($83.14 in chips)
Seat 2: kairobs ($79.40 in chips)
kairobs: posts small blind $1
REZOLUTION84: posts big blind $3
*** HOLE CARDS ***
kairobs: raises $3 to $6
REZOLUTION84: calls $3
*** FLOP *** [5h 7s 3s]
REZOLUTION84: checks
kairobs: bets $3
REZOLUTION84: folds
Uncalled bet ($3) returned to kairobs
kairobs collected $11.76 from pot
kairobs: doesn't show hand
*** SUMMARY ***
Total pot $12 | Rake $0.24
Board [5h 7s 3s]
Seat 1: REZOLUTION84 (big blind) folded on the Flop
Seat 2: kairobs (button) (small blind) collected ($11.76)


PokerStars Hand #147946707176:  Hold'em Limit ($3/$6 USD) - 2016/01/30 14:04:08 ET
Table 'Scylla' 2-max Seat #2 is the button
Seat 1: REZOLUTION84 ($70.52 in chips)
Seat 2: kairobs ($94.66 in chips)
kairobs: posts small blind $1
REZOLUTION84: posts big blind $3
*** HOLE CARDS ***
kairobs: raises $3 to $6
REZOLUTION84: calls $3
*** FLOP *** [4d 4c Ks]
REZOLUTION84: checks
kairobs: checks
*** TURN *** [4d 4c Ks] [Td]
REZOLUTION84: bets $6
kairobs: raises $6 to $12
REZOLUTION84: calls $6
*** RIVER *** [4d 4c Ks Td] [8h]
REZOLUTION84: checks
kairobs: bets $6
REZOLUTION84: folds
Uncalled bet ($6) returned to kairobs
kairobs collected $35.50 from pot
kairobs: doesn't show hand
*** SUMMARY ***
Total pot $36 | Rake $0.50
Board [4d 4c Ks Td 8h]
Seat 1: REZOLUTION84 (big blind) folded on the River
Seat 2: kairobs (button) (small blind) collected ($35.50)


PokerStars Hand #147949099381:  Hold'em Limit ($3/$6 USD) - 2016/01/30 14:42:47 ET
Table 'Scylla' 2-max Seat #2 is the button
Seat 1: REZOLUTION84 ($65.76 in chips)
Seat 2: kairobs ($114 in chips)
kairobs: posts small blind $1
REZOLUTION84: posts big blind $3
*** HOLE CARDS ***
kairobs: raises $3 to $6
REZOLUTION84: raises $3 to $9
kairobs: calls $3
*** FLOP *** [2d 6s Ad]
REZOLUTION84: bets $3
kairobs: calls $3
*** TURN *** [2d 6s Ad] [8c]
REZOLUTION84: bets $6
kairobs: calls $6
*** RIVER *** [2d 6s Ad 8c] [Ac]
REZOLUTION84: bets $6
kairobs: calls $6
*** SHOW DOWN ***
REZOLUTION84: shows [Ah Qs] (three of a kind, Aces)
kairobs: mucks hand
REZOLUTION84 collected $47.50 from pot
*** SUMMARY ***
Total pot $48 | Rake $0.50
Board [2d 6s Ad 8c Ac]
Seat 1: REZOLUTION84 (big blind) showed [Ah Qs] and won ($47.50) with three of a kind, Aces
Seat 2: kairobs (button) (small blind) mucked


PokerStars Hand #147949154354:  Hold'em Limit ($3/$6 USD) - 2016/01/30 14:43:40 ET
Table 'Scylla' 2-max Seat #2 is the button
Seat 1: REZOLUTION84 ($95.02 in chips)
Seat 2: kairobs ($84 in chips)
kairobs: posts small blind $1
REZOLUTION84: posts big blind $3
*** HOLE CARDS ***
kairobs: folds
Uncalled bet ($2) returned to REZOLUTION84
REZOLUTION84 collected $2 from pot
REZOLUTION84: doesn't show hand
*** SUMMARY ***
Total pot $2 | Rake $0
Seat 1: REZOLUTION84 (big blind) collected ($2)
Seat 2: kairobs (button) (small blind) folded before Flop


PokerStars Hand #147949124907:  Hold'em Limit ($3/$6 USD) - 2016/01/30 14:43:12 ET
Table 'Scylla' 2-max Seat #1 is the button
Seat 1: REZOLUTION84 ($89.26 in chips)
Seat 2: kairobs ($90 in chips)
REZOLUTION84: posts small blind $1
kairobs: posts big blind $3
*** HOLE CARDS ***
REZOLUTION84: raises $3 to $6
kairobs: calls $3
*** FLOP *** [3c Th 5d]
kairobs: checks
REZOLUTION84: checks
*** TURN *** [3c Th 5d] [7d]
kairobs: checks
REZOLUTION84: bets $6
kairobs: folds
Uncalled bet ($6) returned to REZOLUTION84
REZOLUTION84 collected $11.76 from pot
REZOLUTION84: doesn't show hand
*** SUMMARY ***
Total pot $12 | Rake $0.24
Board [3c Th 5d 7d]
Seat 1: REZOLUTION84 (button) (small blind) collected ($11.76)
Seat 2: kairobs (big blind) folded on the Turn


PokerStars Hand #147949161903:  Hold'em Limit ($3/$6 USD) - 2016/01/30 14:43:48 ET
Table 'Scylla' 2-max Seat #1 is the button
Seat 1: REZOLUTION84 ($96.02 in chips)
Seat 2: kairobs ($83 in chips)
REZOLUTION84: posts small blind $1
kairobs: posts big blind $3
*** HOLE CARDS ***
REZOLUTION84: raises $3 to $6
kairobs: folds
Uncalled bet ($3) returned to REZOLUTION84
REZOLUTION84 collected $6 from pot
REZOLUTION84: doesn't show hand
*** SUMMARY ***
Total pot $6 | Rake $0
Seat 1: REZOLUTION84 (button) (small blind) collected ($6)
Seat 2: kairobs (big blind) folded before Flop


PokerStars Hand #147949170151:  Hold'em Limit ($3/$6 USD) - 2016/01/30 14:43:55 ET
Table 'Scylla' 2-max Seat #2 is the button
Seat 1: REZOLUTION84 ($99.02 in chips)
Seat 2: kairobs ($80 in chips)
kairobs: posts small blind $1
REZOLUTION84: posts big blind $3
*** HOLE CARDS ***
kairobs: raises $3 to $6
REZOLUTION84: calls $3
*** FLOP *** [9c 7h 2c]
REZOLUTION84: checks
kairobs: checks
*** TURN *** [9c 7h 2c] [6d]
REZOLUTION84: checks
kairobs: checks
*** RIVER *** [9c 7h 2c 6d] [6h]
REZOLUTION84: checks
kairobs: checks
*** SHOW DOWN ***
REZOLUTION84: shows [Kc 3s] (a pair of Sixes)
kairobs: mucks hand
REZOLUTION84 collected $11.76 from pot
*** SUMMARY ***
Total pot $12 | Rake $0.24
Board [9c 7h 2c 6d 6h]
Seat 1: REZOLUTION84 (big blind) showed [Kc 3s] and won ($11.76) with a pair of Sixes
Seat 2: kairobs (button) (small blind) mucked


PokerStars Hand #147949193167:  Hold'em Limit ($3/$6 USD) - 2016/01/30 14:44:18 ET
Table 'Scylla' 2-max Seat #1 is the button
Seat 1: REZOLUTION84 ($104.78 in chips)
Seat 2: kairobs ($74 in chips)
REZOLUTION84: posts small blind $1
kairobs: posts big blind $3
*** HOLE CARDS ***
REZOLUTION84: raises $3 to $6
kairobs: raises $3 to $9
REZOLUTION84: calls $3
*** FLOP *** [7s 7h 6c]
kairobs: bets $3
REZOLUTION84: calls $3
*** TURN *** [7s 7h 6c] [2s]
kairobs: bets $6
REZOLUTION84: raises $6 to $12
kairobs: calls $6
*** RIVER *** [7s 7h 6c 2s] [9s]
kairobs: checks
REZOLUTION84: bets $6
kairobs: calls $6
*** SHOW DOWN ***
REZOLUTION84: shows [8s 6d] (two pair, Sevens and Sixes)
kairobs: mucks hand
REZOLUTION84 collected $59.50 from pot
*** SUMMARY ***
Total pot $60 | Rake $0.50
Board [7s 7h 6c 2s 9s]
Seat 1: REZOLUTION84 (button) (small blind) showed [8s 6d] and won ($59.50) with two pair, Sevens and Sixes
Seat 2: kairobs (big blind) mucked


PokerStars Hand #147949236246:  Hold'em Limit ($3/$6 USD) - 2016/01/30 14:45:00 ET
Table 'Scylla' 2-max Seat #1 is the button
Seat 1: REZOLUTION84 ($125.28 in chips)
Seat 2: kairobs ($52.64 in chips)
REZOLUTION84: posts small blind $1
kairobs: posts big blind $3
*** HOLE CARDS ***
REZOLUTION84: folds
Uncalled bet ($2) returned to kairobs
kairobs collected $2 from pot
*** SUMMARY ***
Total pot $2 | Rake $0
Seat 1: REZOLUTION84 (button) (small blind) folded before Flop
Seat 2: kairobs (big blind) collected ($2)


PokerStars Hand #147949218554:  Hold'em Limit ($3/$6 USD) - 2016/01/30 14:44:43 ET
Table 'Scylla' 2-max Seat #2 is the button
Seat 1: REZOLUTION84 ($134.28 in chips)
Seat 2: kairobs ($44 in chips)
kairobs: posts small blind $1
REZOLUTION84: posts big blind $3
*** HOLE CARDS ***
kairobs: raises $3 to $6
REZOLUTION84: calls $3
*** FLOP *** [4s Jc 8s]
REZOLUTION84: checks
kairobs: bets $3
REZOLUTION84: calls $3
*** TURN *** [4s Jc 8s] [9s]
REZOLUTION84: checks
kairobs: bets $6
REZOLUTION84: folds
Uncalled bet ($6) returned to kairobs
kairobs collected $17.64 from pot
*** SUMMARY ***
Total pot $18 | Rake $0.36
Board [4s Jc 8s 9s]
Seat 1: REZOLUTION84 (big blind) folded on the Turn
Seat 2: kairobs (button) (small blind) collected ($17.64)


PokerStars Hand #147949243070:  Hold'em Limit ($3/$6 USD) - 2016/01/30 14:45:07 ET
Table 'Scylla' 2-max Seat #2 is the button
Seat 1: REZOLUTION84 ($124.28 in chips)
Seat 2: kairobs ($53.64 in chips)
kairobs: posts small blind $1
REZOLUTION84: posts big blind $3
*** HOLE CARDS ***
kairobs: folds
Uncalled bet ($2) returned to REZOLUTION84
REZOLUTION84 collected $2 from pot
REZOLUTION84: doesn't show hand
*** SUMMARY ***
Total pot $2 | Rake $0
Seat 1: REZOLUTION84 (big blind) collected ($2)
Seat 2: kairobs (button) (small blind) folded before Flop


PokerStars Hand #147949249711:  Hold'em Limit ($3/$6 USD) - 2016/01/30 14:45:14 ET
Table 'Scylla' 2-max Seat #1 is the button
Seat 1: REZOLUTION84 ($125.28 in chips)
Seat 2: kairobs ($52.64 in chips)
REZOLUTION84: posts small blind $1
kairobs: posts big blind $3
*** HOLE CARDS ***
REZOLUTION84: raises $3 to $6
kairobs: folds
Uncalled bet ($3) returned to REZOLUTION84
REZOLUTION84 collected $6 from pot
REZOLUTION84: doesn't show hand
*** SUMMARY ***
Total pot $6 | Rake $0
Seat 1: REZOLUTION84 (button) (small blind) collected ($6)
Seat 2: kairobs (big blind) folded before Flop


PokerStars Hand #147949263636:  Hold'em Limit ($3/$6 USD) - 2016/01/30 14:45:27 ET
Table 'Scylla' 2-max Seat #1 is the button
Seat 1: REZOLUTION84 ($125.28 in chips)
Seat 2: kairobs ($52.64 in chips)
REZOLUTION84: posts small blind $1
kairobs: posts big blind $3
*** HOLE CARDS ***
REZOLUTION84: folds
Uncalled bet ($2) returned to kairobs
kairobs collected $2 from pot
kairobs: doesn't show hand
*** SUMMARY ***
Total pot $2 | Rake $0
Seat 1: REZOLUTION84 (button) (small blind) folded before Flop
Seat 2: kairobs (big blind) collected ($2)


PokerStars Hand #147949270011:  Hold'em Limit ($3/$6 USD) - 2016/01/30 14:45:33 ET
Table 'Scylla' 2-max Seat #2 is the button
Seat 1: REZOLUTION84 ($124.28 in chips)
Seat 2: kairobs ($53.64 in chips)
kairobs: posts small blind $1
REZOLUTION84: posts big blind $3
*** HOLE CARDS ***
kairobs: raises $3 to $6
REZOLUTION84: calls $3
*** FLOP *** [Ah 5h Js]
REZOLUTION84: checks
kairobs: checks
*** TURN *** [Ah 5h Js] [9h]
REZOLUTION84: checks
kairobs: checks
*** RIVER *** [Ah 5h Js 9h] [3c]
REZOLUTION84: bets $6
kairobs: folds
Uncalled bet ($6) returned to REZOLUTION84
REZOLUTION84 collected $11.76 from pot
REZOLUTION84: doesn't show hand
*** SUMMARY ***
Total pot $12 | Rake $0.24
Board [Ah 5h Js 9h 3c]
Seat 1: REZOLUTION84 (big blind) collected ($11.76)
Seat 2: kairobs (button) (small blind) folded on the River


PokerStars Hand #147949289348:  Hold'em Limit ($3/$6 USD) - 2016/01/30 14:45:52 ET
Table 'Scylla' 2-max Seat #1 is the button
Seat 1: REZOLUTION84 ($130.04 in chips)
Seat 2: kairobs ($47.64 in chips)
REZOLUTION84: posts small blind $1
kairobs: posts big blind $3
*** HOLE CARDS ***
REZOLUTION84: raises $3 to $6
kairobs: raises $3 to $9
REZOLUTION84: calls $3
*** FLOP *** [As Kd 6d]
kairobs: bets $3
REZOLUTION84: folds
Uncalled bet ($3) returned to kairobs
kairobs collected $17.64 from pot
kairobs: doesn't show hand
*** SUMMARY ***
Total pot $18 | Rake $0.36
Board [As Kd 6d]
Seat 1: REZOLUTION84 (button) (small blind) folded on the Flop
Seat 2: kairobs (big blind) collected ($17.64)


PokerStars Hand #147949309369:  Hold'em Limit ($3/$6 USD) - 2016/01/30 14:46:11 ET
Table 'Scylla' 2-max Seat #1 is the button
Seat 1: REZOLUTION84 ($118.04 in chips)
Seat 2: kairobs ($59.28 in chips)
REZOLUTION84: posts small blind $1
kairobs: posts big blind $3
*** HOLE CARDS ***
REZOLUTION84: folds
Uncalled bet ($2) returned to kairobs
kairobs collected $2 from pot
kairobs: doesn't show hand
*** SUMMARY ***
Total pot $2 | Rake $0
Seat 1: REZOLUTION84 (button) (small blind) folded before Flop
Seat 2: kairobs (big blind) collected ($2)


PokerStars Hand #147949301914:  Hold'em Limit ($3/$6 USD) - 2016/01/30 14:46:04 ET
Table 'Scylla' 2-max Seat #2 is the button
Seat 1: REZOLUTION84 ($121.04 in chips)
Seat 2: kairobs ($56.28 in chips)
kairobs: posts small blind $1
REZOLUTION84: posts big blind $3
*** HOLE CARDS ***
kairobs: raises $3 to $6
REZOLUTION84: folds
Uncalled bet ($3) returned to kairobs
kairobs collected $6 from pot
kairobs: doesn't show hand
*** SUMMARY ***
Total pot $6 | Rake $0
Seat 1: REZOLUTION84 (big blind) folded before Flop
Seat 2: kairobs (button) (small blind) collected ($6)


PokerStars Hand #147949320709:  Hold'em Limit ($3/$6 USD) - 2016/01/30 14:46:22 ET
Table 'Scylla' 2-max Seat #1 is the button
Seat 1: REZOLUTION84 ($118.04 in chips)
Seat 2: kairobs ($59.28 in chips)
REZOLUTION84: posts small blind $1
kairobs: posts big blind $3
*** HOLE CARDS ***
REZOLUTION84: raises $3 to $6
kairobs: folds
Uncalled bet ($3) returned to REZOLUTION84
REZOLUTION84 collected $6 from pot
REZOLUTION84: doesn't show hand
*** SUMMARY ***
Total pot $6 | Rake $0
Seat 1: REZOLUTION84 (button) (small blind) collected ($6)
Seat 2: kairobs (big blind) folded before Flop


PokerStars Hand #147949314921:  Hold'em Limit ($3/$6 USD) - 2016/01/30 14:46:17 ET
Table 'Scylla' 2-max Seat #2 is the button
Seat 1: REZOLUTION84 ($117.04 in chips)
Seat 2: kairobs ($60.28 in chips)
kairobs: posts small blind $1
REZOLUTION84: posts big blind $3
*** HOLE CARDS ***
kairobs: folds
Uncalled bet ($2) returned to REZOLUTION84
REZOLUTION84 collected $2 from pot
REZOLUTION84: doesn't show hand
*** SUMMARY ***
Total pot $2 | Rake $0
Seat 1: REZOLUTION84 (big blind) collected ($2)
Seat 2: kairobs (button) (small blind) folded before Flop


PokerStars Hand #147949326513:  Hold'em Limit ($3/$6 USD) - 2016/01/30 14:46:28 ET
Table 'Scylla' 2-max Seat #2 is the button
Seat 1: REZOLUTION84 ($121.04 in chips)
Seat 2: kairobs ($56.28 in chips)
kairobs: posts small blind $1
REZOLUTION84: posts big blind $3
*** HOLE CARDS ***
kairobs: calls $2
REZOLUTION84: raises $3 to $6
kairobs: calls $3
*** FLOP *** [Ac 2h Ks]
REZOLUTION84: bets $3
kairobs: folds
Uncalled bet ($3) returned to REZOLUTION84
REZOLUTION84 collected $11.76 from pot
REZOLUTION84: doesn't show hand
*** SUMMARY ***
Total pot $12 | Rake $0.24
Board [Ac 2h Ks]
Seat 1: REZOLUTION84 (big blind) collected ($11.76)
Seat 2: kairobs (button) (small blind) folded on the Flop


