PokerStars Hand #149192751893:  Hold'em Limit ($3/$6 USD) - 2016/02/21 14:16:42 ET
Table 'Scylla II' 6-max Seat #1 is the button
Seat 1: VolkovDmitri ($120 in chips)
Seat 3: Paolo1987 ($120 in chips)
VolkovDmitri: posts small blind $1
Paolo1987: posts big blind $3
*** HOLE CARDS ***
VolkovDmitri: raises $3 to $6
Paolo1987: calls $3
*** FLOP *** [8d 4c Th]
Paolo1987: checks
VolkovDmitri: bets $3
Paolo1987: raises $3 to $6
VolkovDmitri: calls $3
*** TURN *** [8d 4c Th] [5s]
Paolo1987: bets $6
VolkovDmitri: calls $6
*** RIVER *** [8d 4c Th 5s] [2h]
Paolo1987: bets $6
VolkovDmitri: folds
Uncalled bet ($6) returned to Paolo1987
Paolo1987 collected $35.50 from pot
Paolo1987: doesn't show hand
*** SUMMARY ***
Total pot $36 | Rake $0.50
Board [8d 4c Th 5s 2h]
Seat 1: VolkovDmitri (button) (small blind) folded on the River
Seat 3: Paolo1987 (big blind) collected ($35.50)


PokerStars Hand #149192808440:  Hold'em Limit ($3/$6 USD) - 2016/02/21 14:17:25 ET
Table 'Scylla II' 6-max Seat #3 is the button
Seat 1: VolkovDmitri ($120 in chips)
Seat 3: Paolo1987 ($137.50 in chips)
Paolo1987: posts small blind $1
VolkovDmitri: posts big blind $3
*** HOLE CARDS ***
Paolo1987: raises $3 to $6
VolkovDmitri: calls $3
*** FLOP *** [3s 2s 7c]
VolkovDmitri: checks
SashaYuvelir joins the table at seat #4
Paolo1987: bets $3
VolkovDmitri: calls $3
*** TURN *** [3s 2s 7c] [9h]
VolkovDmitri: checks
Paolo1987: checks
*** RIVER *** [3s 2s 7c 9h] [9c]
VolkovDmitri: bets $6
Paolo1987: calls $6
*** SHOW DOWN ***
VolkovDmitri: shows [2d Ah] (two pair, Nines and Deuces)
Paolo1987: shows [Ac 3c] (two pair, Nines and Threes)
Paolo1987 collected $29.50 from pot
*** SUMMARY ***
Total pot $30 | Rake $0.50
Board [3s 2s 7c 9h 9c]
Seat 1: VolkovDmitri (big blind) showed [2d Ah] and lost with two pair, Nines and Deuces
Seat 3: Paolo1987 (button) (small blind) showed [Ac 3c] and won ($29.50) with two pair, Nines and Threes


PokerStars Hand #149192841299:  Hold'em Limit ($3/$6 USD) - 2016/02/21 14:17:46 ET
Table 'Scylla II' 6-max Seat #1 is the button
Seat 1: VolkovDmitri ($120 in chips)
Seat 3: Paolo1987 ($152 in chips)
VolkovDmitri: posts small blind $1
Paolo1987: posts big blind $3
*** HOLE CARDS ***
oregordog joins the table at seat #5
VolkovDmitri: folds
Uncalled bet ($2) returned to Paolo1987
Paolo1987 collected $2 from pot
Paolo1987: doesn't show hand
*** SUMMARY ***
Total pot $2 | Rake $0
Seat 1: VolkovDmitri (button) (small blind) folded before Flop
Seat 3: Paolo1987 (big blind) collected ($2)


PokerStars Hand #149193263364:  Hold'em Limit ($3/$6 USD) - 2016/02/21 14:23:27 ET
Table 'Scylla II' 6-max Seat #3 is the button
Seat 2: ex-cali999 ($141.35 in chips)
Seat 3: Paolo1987 ($161.71 in chips)
Paolo1987: posts small blind $1
VolkovDmitri: is sitting out
ex-cali999: posts big blind $3
*** HOLE CARDS ***
Paolo1987: raises $3 to $6
ex-cali999: calls $3
*** FLOP *** [5s 8c Jh]
VolkovDmitri leaves the table
ex-cali999: checks
Paolo1987: bets $3
ex-cali999: raises $3 to $6
Paolo1987: calls $3
*** TURN *** [5s 8c Jh] [8h]
ex-cali999: bets $6
Paolo1987: folds
Uncalled bet ($6) returned to ex-cali999
ex-cali999 collected $23.52 from pot
ex-cali999: doesn't show hand
*** SUMMARY ***
Total pot $24 | Rake $0.48
Board [5s 8c Jh 8h]
Seat 2: ex-cali999 (big blind) collected ($23.52)
Seat 3: Paolo1987 (button) (small blind) folded on the Turn


PokerStars Hand #149193290374:  Hold'em Limit ($3/$6 USD) - 2016/02/21 14:23:49 ET
Table 'Scylla II' 6-max Seat #2 is the button
Seat 2: ex-cali999 ($152.87 in chips)
Seat 3: Paolo1987 ($149.71 in chips)
ex-cali999: posts small blind $1
Paolo1987: posts big blind $3
*** HOLE CARDS ***
ex-cali999: raises $3 to $6
Paolo1987: folds
Uncalled bet ($3) returned to ex-cali999
ex-cali999 collected $6 from pot
ex-cali999: doesn't show hand
*** SUMMARY ***
Total pot $6 | Rake $0
Seat 2: ex-cali999 (button) (small blind) collected ($6)
Seat 3: Paolo1987 (big blind) folded before Flop


PokerStars Hand #149193297587:  Hold'em Limit ($3/$6 USD) - 2016/02/21 14:23:55 ET
Table 'Scylla II' 6-max Seat #3 is the button
Seat 2: ex-cali999 ($155.87 in chips)
Seat 3: Paolo1987 ($146.71 in chips)
Paolo1987: posts small blind $1
ex-cali999: posts big blind $3
*** HOLE CARDS ***
Paolo1987: raises $3 to $6
ex-cali999: calls $3
*** FLOP *** [9d Qh 4d]
ex-cali999: checks
Paolo1987: bets $3
ex-cali999: folds
Uncalled bet ($3) returned to Paolo1987
Paolo1987 collected $11.76 from pot
Paolo1987: doesn't show hand
*** SUMMARY ***
Total pot $12 | Rake $0.24
Board [9d Qh 4d]
Seat 2: ex-cali999 (big blind) folded on the Flop
Seat 3: Paolo1987 (button) (small blind) collected ($11.76)


PokerStars Hand #149193314259:  Hold'em Limit ($3/$6 USD) - 2016/02/21 14:24:09 ET
Table 'Scylla II' 6-max Seat #2 is the button
Seat 2: ex-cali999 ($149.87 in chips)
Seat 3: Paolo1987 ($152.47 in chips)
ex-cali999: posts small blind $1
Paolo1987: posts big blind $3
*** HOLE CARDS ***
ex-cali999: raises $3 to $6
Paolo1987: raises $3 to $9
ex-cali999: calls $3
*** FLOP *** [Kc Qd 4c]
Paolo1987: bets $3
ex-cali999: folds
Uncalled bet ($3) returned to Paolo1987
Paolo1987 collected $17.64 from pot
Paolo1987: doesn't show hand
*** SUMMARY ***
Total pot $18 | Rake $0.36
Board [Kc Qd 4c]
Seat 2: ex-cali999 (button) (small blind) folded on the Flop
Seat 3: Paolo1987 (big blind) collected ($17.64)


PokerStars Hand #149193327002:  Hold'em Limit ($3/$6 USD) - 2016/02/21 14:24:20 ET
Table 'Scylla II' 6-max Seat #3 is the button
Seat 2: ex-cali999 ($140.87 in chips)
Seat 3: Paolo1987 ($161.11 in chips)
Paolo1987: posts small blind $1
ex-cali999: posts big blind $3
*** HOLE CARDS ***
Paolo1987: folds
Uncalled bet ($2) returned to ex-cali999
ex-cali999 collected $2 from pot
ex-cali999: doesn't show hand
*** SUMMARY ***
Total pot $2 | Rake $0
Seat 2: ex-cali999 (big blind) collected ($2)
Seat 3: Paolo1987 (button) (small blind) folded before Flop


PokerStars Hand #149193333086:  Hold'em Limit ($3/$6 USD) - 2016/02/21 14:24:25 ET
Table 'Scylla II' 6-max Seat #2 is the button
Seat 2: ex-cali999 ($141.87 in chips)
Seat 3: Paolo1987 ($160.11 in chips)
ex-cali999: posts small blind $1
Paolo1987: posts big blind $3
*** HOLE CARDS ***
ex-cali999: raises $3 to $6
Paolo1987: calls $3
*** FLOP *** [4d 8s 9h]
Paolo1987: checks
ex-cali999: bets $3
Paolo1987: raises $3 to $6
ex-cali999: calls $3
*** TURN *** [4d 8s 9h] [4c]
Paolo1987: bets $6
ex-cali999: folds
Uncalled bet ($6) returned to Paolo1987
Paolo1987 collected $23.52 from pot
Paolo1987: doesn't show hand
*** SUMMARY ***
Total pot $24 | Rake $0.48
Board [4d 8s 9h 4c]
Seat 2: ex-cali999 (button) (small blind) folded on the Turn
Seat 3: Paolo1987 (big blind) collected ($23.52)


PokerStars Hand #149193348686:  Hold'em Limit ($3/$6 USD) - 2016/02/21 14:24:37 ET
Table 'Scylla II' 6-max Seat #3 is the button
Seat 2: ex-cali999 ($129.87 in chips)
Seat 3: Paolo1987 ($171.63 in chips)
Paolo1987: posts small blind $1
ex-cali999: posts big blind $3
*** HOLE CARDS ***
Paolo1987: raises $3 to $6
ex-cali999: calls $3
*** FLOP *** [3s 3c 2d]
ex-cali999: checks
Paolo1987: bets $3
ex-cali999: calls $3
*** TURN *** [3s 3c 2d] [4h]
ex-cali999: checks
Paolo1987: bets $6
ex-cali999: calls $6
*** RIVER *** [3s 3c 2d 4h] [8d]
ex-cali999: checks
Paolo1987: bets $6
ex-cali999: folds
Uncalled bet ($6) returned to Paolo1987
Paolo1987 collected $29.50 from pot
Paolo1987: doesn't show hand
*** SUMMARY ***
Total pot $30 | Rake $0.50
Board [3s 3c 2d 4h 8d]
Seat 2: ex-cali999 (big blind) folded on the River
Seat 3: Paolo1987 (button) (small blind) collected ($29.50)


PokerStars Hand #149193370969:  Hold'em Limit ($3/$6 USD) - 2016/02/21 14:24:55 ET
Table 'Scylla II' 6-max Seat #2 is the button
Seat 2: ex-cali999 ($114.87 in chips)
Seat 3: Paolo1987 ($186.13 in chips)
ex-cali999: posts small blind $1
Paolo1987: posts big blind $3
*** HOLE CARDS ***
ex-cali999: raises $3 to $6
Paolo1987: calls $3
*** FLOP *** [7s Th 5d]
Paolo1987: checks
ex-cali999: checks
*** TURN *** [7s Th 5d] [Kc]
Paolo1987: checks
ex-cali999: checks
*** RIVER *** [7s Th 5d Kc] [Ad]
Paolo1987: bets $6
ex-cali999: folds
Uncalled bet ($6) returned to Paolo1987
Paolo1987 collected $11.76 from pot
Paolo1987: doesn't show hand
*** SUMMARY ***
Total pot $12 | Rake $0.24
Board [7s Th 5d Kc Ad]
Seat 2: ex-cali999 (button) (small blind) folded on the River
Seat 3: Paolo1987 (big blind) collected ($11.76)


PokerStars Hand #149193398066:  Hold'em Limit ($3/$6 USD) - 2016/02/21 14:25:18 ET
Table 'Scylla II' 6-max Seat #2 is the button
Seat 2: ex-cali999 ($109.87 in chips)
Seat 3: Paolo1987 ($190.89 in chips)
ex-cali999: posts small blind $1
Paolo1987: posts big blind $3
*** HOLE CARDS ***
ex-cali999: raises $3 to $6
Paolo1987: folds
Uncalled bet ($3) returned to ex-cali999
ex-cali999 collected $6 from pot
ex-cali999: doesn't show hand
*** SUMMARY ***
Total pot $6 | Rake $0
Seat 2: ex-cali999 (button) (small blind) collected ($6)
Seat 3: Paolo1987 (big blind) folded before Flop


PokerStars Hand #149193391960:  Hold'em Limit ($3/$6 USD) - 2016/02/21 14:25:13 ET
Table 'Scylla II' 6-max Seat #3 is the button
Seat 2: ex-cali999 ($108.87 in chips)
Seat 3: Paolo1987 ($191.89 in chips)
Paolo1987: posts small blind $1
ex-cali999: posts big blind $3
*** HOLE CARDS ***
Paolo1987: folds
Uncalled bet ($2) returned to ex-cali999
ex-cali999 collected $2 from pot
ex-cali999: doesn't show hand
*** SUMMARY ***
Total pot $2 | Rake $0
Seat 2: ex-cali999 (big blind) collected ($2)
Seat 3: Paolo1987 (button) (small blind) folded before Flop


PokerStars Hand #149193405516:  Hold'em Limit ($3/$6 USD) - 2016/02/21 14:25:24 ET
Table 'Scylla II' 6-max Seat #3 is the button
Seat 2: ex-cali999 ($112.87 in chips)
Seat 3: Paolo1987 ($187.89 in chips)
Paolo1987: posts small blind $1
ex-cali999: posts big blind $3
*** HOLE CARDS ***
Paolo1987: raises $3 to $6
ex-cali999: calls $3
*** FLOP *** [3d Qh 5d]
ex-cali999: checks
Paolo1987: bets $3
ex-cali999: folds
Uncalled bet ($3) returned to Paolo1987
Paolo1987 collected $11.76 from pot
Paolo1987: doesn't show hand
*** SUMMARY ***
Total pot $12 | Rake $0.24
Board [3d Qh 5d]
Seat 2: ex-cali999 (big blind) folded on the Flop
Seat 3: Paolo1987 (button) (small blind) collected ($11.76)


PokerStars Hand #149193416752:  Hold'em Limit ($3/$6 USD) - 2016/02/21 14:25:33 ET
Table 'Scylla II' 6-max Seat #2 is the button
Seat 2: ex-cali999 ($106.87 in chips)
Seat 3: Paolo1987 ($193.65 in chips)
ex-cali999: posts small blind $1
Paolo1987: posts big blind $3
*** HOLE CARDS ***
ex-cali999: raises $3 to $6
Paolo1987: folds
Uncalled bet ($3) returned to ex-cali999
ex-cali999 collected $6 from pot
ex-cali999: doesn't show hand
*** SUMMARY ***
Total pot $6 | Rake $0
Seat 2: ex-cali999 (button) (small blind) collected ($6)
Seat 3: Paolo1987 (big blind) folded before Flop


PokerStars Hand #149193429286:  Hold'em Limit ($3/$6 USD) - 2016/02/21 14:25:43 ET
Table 'Scylla II' 6-max Seat #2 is the button
Seat 2: ex-cali999 ($110.87 in chips)
Seat 3: Paolo1987 ($189.65 in chips)
ex-cali999: posts small blind $1
Paolo1987: posts big blind $3
*** HOLE CARDS ***
ex-cali999: raises $3 to $6
Paolo1987: calls $3
*** FLOP *** [Kd 6s 4s]
Paolo1987: checks
ex-cali999: bets $3
Paolo1987: folds
Uncalled bet ($3) returned to ex-cali999
ex-cali999 collected $11.76 from pot
ex-cali999: doesn't show hand
*** SUMMARY ***
Total pot $12 | Rake $0.24
Board [Kd 6s 4s]
Seat 2: ex-cali999 (button) (small blind) collected ($11.76)
Seat 3: Paolo1987 (big blind) folded on the Flop


PokerStars Hand #149193458213:  Hold'em Limit ($3/$6 USD) - 2016/02/21 14:26:07 ET
Table 'Scylla II' 6-max Seat #2 is the button
Seat 2: ex-cali999 ($110.63 in chips)
Seat 3: Paolo1987 ($189.41 in chips)
ex-cali999: posts small blind $1
Paolo1987: posts big blind $3
*** HOLE CARDS ***
ex-cali999: raises $3 to $6
Paolo1987: folds
Uncalled bet ($3) returned to ex-cali999
ex-cali999 collected $6 from pot
ex-cali999: doesn't show hand
*** SUMMARY ***
Total pot $6 | Rake $0
Seat 2: ex-cali999 (button) (small blind) collected ($6)
Seat 3: Paolo1987 (big blind) folded before Flop


PokerStars Hand #149193441285:  Hold'em Limit ($3/$6 USD) - 2016/02/21 14:25:53 ET
Table 'Scylla II' 6-max Seat #3 is the button
Seat 2: ex-cali999 ($116.63 in chips)
Seat 3: Paolo1987 ($183.65 in chips)
Paolo1987: posts small blind $1
ex-cali999: posts big blind $3
*** HOLE CARDS ***
Paolo1987: raises $3 to $6
ex-cali999: calls $3
*** FLOP *** [2c Ac Td]
ex-cali999: checks
Paolo1987: bets $3
ex-cali999: folds
Uncalled bet ($3) returned to Paolo1987
Paolo1987 collected $11.76 from pot
Paolo1987: doesn't show hand
*** SUMMARY ***
Total pot $12 | Rake $0.24
Board [2c Ac Td]
Seat 2: ex-cali999 (big blind) folded on the Flop
Seat 3: Paolo1987 (button) (small blind) collected ($11.76)


PokerStars Hand #149193469962:  Hold'em Limit ($3/$6 USD) - 2016/02/21 14:26:17 ET
Table 'Scylla II' 6-max Seat #2 is the button
Seat 2: ex-cali999 ($114.63 in chips)
Seat 3: Paolo1987 ($185.41 in chips)
ex-cali999: posts small blind $1
Paolo1987: posts big blind $3
*** HOLE CARDS ***
ex-cali999: raises $3 to $6
Paolo1987: calls $3
*** FLOP *** [2d 5h 7d]
Paolo1987: checks
ex-cali999: bets $3
Paolo1987: raises $3 to $6
ex-cali999: calls $3
*** TURN *** [2d 5h 7d] [Jh]
Paolo1987: bets $6
ex-cali999: calls $6
*** RIVER *** [2d 5h 7d Jh] [4d]
Paolo1987: checks
ex-cali999: checks
*** SHOW DOWN ***
Paolo1987: shows [8h 5s] (a pair of Fives)
ex-cali999: mucks hand
Paolo1987 collected $35.50 from pot
*** SUMMARY ***
Total pot $36 | Rake $0.50
Board [2d 5h 7d Jh 4d]
Seat 2: ex-cali999 (button) (small blind) mucked
Seat 3: Paolo1987 (big blind) showed [8h 5s] and won ($35.50) with a pair of Fives


PokerStars Hand #149193504704:  Hold'em Limit ($3/$6 USD) - 2016/02/21 14:26:46 ET
Table 'Scylla II' 6-max Seat #3 is the button
Seat 2: ex-cali999 ($96.63 in chips)
Seat 3: Paolo1987 ($202.91 in chips)
Paolo1987: posts small blind $1
ex-cali999: posts big blind $3
*** HOLE CARDS ***
Paolo1987: raises $3 to $6
ex-cali999: calls $3
*** FLOP *** [Kc 2d Jh]
ex-cali999: checks
Paolo1987: bets $3
ex-cali999: raises $3 to $6
Paolo1987: calls $3
*** TURN *** [Kc 2d Jh] [Kd]
ex-cali999: bets $6
Paolo1987: calls $6
*** RIVER *** [Kc 2d Jh Kd] [3c]
ex-cali999: bets $6
Paolo1987: raises $6 to $12
ex-cali999: calls $6
*** SHOW DOWN ***
Paolo1987: shows [Ks 4c] (three of a kind, Kings)
ex-cali999: mucks hand
Paolo1987 collected $59.50 from pot
*** SUMMARY ***
Total pot $60 | Rake $0.50
Board [Kc 2d Jh Kd 3c]
Seat 2: ex-cali999 (big blind) mucked
Seat 3: Paolo1987 (button) (small blind) showed [Ks 4c] and won ($59.50) with three of a kind, Kings


PokerStars Hand #149193554407:  Hold'em Limit ($3/$6 USD) - 2016/02/21 14:27:27 ET
Table 'Scylla II' 6-max Seat #2 is the button
Seat 2: ex-cali999 ($66.63 in chips)
Seat 3: Paolo1987 ($232.41 in chips)
ex-cali999: posts small blind $1
Paolo1987: posts big blind $3
*** HOLE CARDS ***
ex-cali999: raises $3 to $6
Paolo1987: calls $3
*** FLOP *** [Ad Qc 9c]
Paolo1987: checks
ex-cali999: checks
*** TURN *** [Ad Qc 9c] [Kd]
Paolo1987: bets $6
ex-cali999: folds
Uncalled bet ($6) returned to Paolo1987
Paolo1987 collected $11.76 from pot
Paolo1987: doesn't show hand
*** SUMMARY ***
Total pot $12 | Rake $0.24
Board [Ad Qc 9c Kd]
Seat 2: ex-cali999 (button) (small blind) folded on the Turn
Seat 3: Paolo1987 (big blind) collected ($11.76)


