PokerStars Hand #144302501582:  Hold'em Limit ($3/$6 USD) - 2015/11/24 5:01:05 ET
Table 'Scylla III' 2-max Seat #2 is the button
Seat 1: TbIP-TbIP 88 ($72 in chips)
Seat 2: piet735 ($145.50 in chips)
piet735: posts small blind $1
TbIP-TbIP 88: posts big blind $3
*** HOLE CARDS ***
piet735: folds
Uncalled bet ($2) returned to TbIP-TbIP 88
TbIP-TbIP 88 collected $2 from pot
TbIP-TbIP 88: doesn't show hand
*** SUMMARY ***
Total pot $2 | Rake $0
Seat 1: TbIP-TbIP 88 (big blind) collected ($2)
Seat 2: piet735 (button) (small blind) folded before Flop


PokerStars Hand #144302493319:  Hold'em Limit ($3/$6 USD) - 2015/11/24 5:00:43 ET
Table 'Scylla III' 2-max Seat #1 is the button
Seat 1: TbIP-TbIP 88 ($73 in chips)
Seat 2: piet735 ($119 in chips)
TbIP-TbIP 88: posts small blind $1
piet735: posts big blind $3
*** HOLE CARDS ***
TbIP-TbIP 88: raises $3 to $6
piet735: calls $3
*** FLOP *** [7c 4c 6s]
piet735: checks
TbIP-TbIP 88: bets $3
piet735: calls $3
*** TURN *** [7c 4c 6s] [6h]
piet735: checks
TbIP-TbIP 88: bets $6
piet735: raises $6 to $12
TbIP-TbIP 88: calls $6
*** RIVER *** [7c 4c 6s 6h] [2h]
piet735: bets $6
TbIP-TbIP 88: calls $6
*** SHOW DOWN ***
piet735: shows [5d 3h] (a straight, Three to Seven)
TbIP-TbIP 88: mucks hand
piet735 collected $53.50 from pot
*** SUMMARY ***
Total pot $54 | Rake $0.50
Board [7c 4c 6s 6h 2h]
Seat 1: TbIP-TbIP 88 (button) (small blind) mucked
Seat 2: piet735 (big blind) showed [5d 3h] and won ($53.50) with a straight, Three to Seven


PokerStars Hand #144302503186:  Hold'em Limit ($3/$6 USD) - 2015/11/24 5:01:10 ET
Table 'Scylla III' 2-max Seat #1 is the button
Seat 1: TbIP-TbIP 88 ($73 in chips)
Seat 2: piet735 ($144.50 in chips)
TbIP-TbIP 88: posts small blind $1
piet735: posts big blind $3
*** HOLE CARDS ***
TbIP-TbIP 88: raises $3 to $6
piet735: calls $3
*** FLOP *** [Ad Th 2d]
piet735: checks
TbIP-TbIP 88: bets $3
piet735: folds
Uncalled bet ($3) returned to TbIP-TbIP 88
TbIP-TbIP 88 collected $11.76 from pot
TbIP-TbIP 88: doesn't show hand
*** SUMMARY ***
Total pot $12 | Rake $0.24
Board [Ad Th 2d]
Seat 1: TbIP-TbIP 88 (button) (small blind) collected ($11.76)
Seat 2: piet735 (big blind) folded on the Flop


PokerStars Hand #144302508438:  Hold'em Limit ($3/$6 USD) - 2015/11/24 5:01:24 ET
Table 'Scylla III' 2-max Seat #2 is the button
Seat 1: TbIP-TbIP 88 ($78.76 in chips)
Seat 2: piet735 ($138.50 in chips)
piet735: posts small blind $1
TbIP-TbIP 88: posts big blind $3
*** HOLE CARDS ***
piet735: raises $3 to $6
TbIP-TbIP 88: calls $3
*** FLOP *** [3s 4h 5s]
TbIP-TbIP 88: checks
piet735: bets $3
TbIP-TbIP 88: calls $3
*** TURN *** [3s 4h 5s] [7c]
TbIP-TbIP 88: checks
piet735: checks
*** RIVER *** [3s 4h 5s 7c] [Kh]
TbIP-TbIP 88: checks
piet735: bets $6
TbIP-TbIP 88: calls $6
*** SHOW DOWN ***
piet735: shows [Kc Ah] (a pair of Kings)
TbIP-TbIP 88: mucks hand
piet735 collected $29.50 from pot
*** SUMMARY ***
Total pot $30 | Rake $0.50
Board [3s 4h 5s 7c Kh]
Seat 1: TbIP-TbIP 88 (big blind) mucked
Seat 2: piet735 (button) (small blind) showed [Kc Ah] and won ($29.50) with a pair of Kings


PokerStars Hand #144302521939:  Hold'em Limit ($3/$6 USD) - 2015/11/24 5:01:58 ET
Table 'Scylla III' 2-max Seat #1 is the button
Seat 1: TbIP-TbIP 88 ($72 in chips)
Seat 2: piet735 ($153 in chips)
TbIP-TbIP 88: posts small blind $1
piet735: posts big blind $3
*** HOLE CARDS ***
TbIP-TbIP 88: raises $3 to $6
piet735: calls $3
*** FLOP *** [2d 6h 8d]
piet735: checks
TbIP-TbIP 88: bets $3
piet735: raises $3 to $6
TbIP-TbIP 88: folds
Uncalled bet ($3) returned to piet735
piet735 collected $17.64 from pot
piet735: doesn't show hand
*** SUMMARY ***
Total pot $18 | Rake $0.36
Board [2d 6h 8d]
Seat 1: TbIP-TbIP 88 (button) (small blind) folded on the Flop
Seat 2: piet735 (big blind) collected ($17.64)


PokerStars Hand #144302529506:  Hold'em Limit ($3/$6 USD) - 2015/11/24 5:02:18 ET
Table 'Scylla III' 2-max Seat #2 is the button
Seat 1: TbIP-TbIP 88 ($72 in chips)
Seat 2: piet735 ($161.64 in chips)
piet735: posts small blind $1
TbIP-TbIP 88: posts big blind $3
*** HOLE CARDS ***
piet735: calls $2
TbIP-TbIP 88: checks
*** FLOP *** [9c 9d 4c]
TbIP-TbIP 88: bets $3
piet735: calls $3
*** TURN *** [9c 9d 4c] [5c]
TbIP-TbIP 88: checks
piet735: checks
*** RIVER *** [9c 9d 4c 5c] [3s]
TbIP-TbIP 88: bets $6
piet735: folds
Uncalled bet ($6) returned to TbIP-TbIP 88
TbIP-TbIP 88 collected $11.76 from pot
TbIP-TbIP 88: doesn't show hand
*** SUMMARY ***
Total pot $12 | Rake $0.24
Board [9c 9d 4c 5c 3s]
Seat 1: TbIP-TbIP 88 (big blind) collected ($11.76)
Seat 2: piet735 (button) (small blind) folded on the River


PokerStars Hand #144302556347:  Hold'em Limit ($3/$6 USD) - 2015/11/24 5:03:26 ET
Table 'Scylla III' 2-max Seat #2 is the button
Seat 1: TbIP-TbIP 88 ($116.26 in chips)
Seat 2: piet735 ($116.64 in chips)
piet735: posts small blind $1
TbIP-TbIP 88: posts big blind $3
*** HOLE CARDS ***
piet735: raises $3 to $6
TbIP-TbIP 88: calls $3
*** FLOP *** [7c Qh 8c]
TbIP-TbIP 88: checks
piet735: bets $3
TbIP-TbIP 88: raises $3 to $6
piet735: calls $3
*** TURN *** [7c Qh 8c] [As]
TbIP-TbIP 88: checks
piet735: checks
*** RIVER *** [7c Qh 8c As] [5s]
TbIP-TbIP 88: bets $6
piet735: folds
Uncalled bet ($6) returned to TbIP-TbIP 88
TbIP-TbIP 88 collected $23.52 from pot
TbIP-TbIP 88: doesn't show hand
*** SUMMARY ***
Total pot $24 | Rake $0.48
Board [7c Qh 8c As 5s]
Seat 1: TbIP-TbIP 88 (big blind) collected ($23.52)
Seat 2: piet735 (button) (small blind) folded on the River


PokerStars Hand #144302544586:  Hold'em Limit ($3/$6 USD) - 2015/11/24 5:02:56 ET
Table 'Scylla III' 2-max Seat #1 is the button
Seat 1: TbIP-TbIP 88 ($77.76 in chips)
Seat 2: piet735 ($155.64 in chips)
TbIP-TbIP 88: posts small blind $1
piet735: posts big blind $3
*** HOLE CARDS ***
TbIP-TbIP 88: raises $3 to $6
piet735: calls $3
*** FLOP *** [9c Qh Ah]
piet735: checks
TbIP-TbIP 88: bets $3
piet735: raises $3 to $6
TbIP-TbIP 88: raises $3 to $9
piet735: calls $3
*** TURN *** [9c Qh Ah] [3h]
piet735: checks
TbIP-TbIP 88: bets $6
piet735: raises $6 to $12
TbIP-TbIP 88: raises $6 to $18
piet735: calls $6
*** RIVER *** [9c Qh Ah 3h] [Jd]
piet735: checks
TbIP-TbIP 88: bets $6
piet735: calls $6
*** SHOW DOWN ***
TbIP-TbIP 88: shows [Th Kh] (a flush, Ace high)
piet735: mucks hand
TbIP-TbIP 88 collected $77.50 from pot
*** SUMMARY ***
Total pot $78 | Rake $0.50
Board [9c Qh Ah 3h Jd]
Seat 1: TbIP-TbIP 88 (button) (small blind) showed [Th Kh] and won ($77.50) with a flush, Ace high
Seat 2: piet735 (big blind) mucked


PokerStars Hand #144302590521:  Hold'em Limit ($3/$6 USD) - 2015/11/24 5:04:52 ET
Table 'Scylla III' 2-max Seat #2 is the button
Seat 1: TbIP-TbIP 88 ($85.78 in chips)
Seat 2: piet735 ($145.54 in chips)
piet735: posts small blind $1
TbIP-TbIP 88: posts big blind $3
*** HOLE CARDS ***
piet735: raises $3 to $6
TbIP-TbIP 88: calls $3
*** FLOP *** [6c Qc 2h]
TbIP-TbIP 88: checks
piet735: checks
*** TURN *** [6c Qc 2h] [Jh]
TbIP-TbIP 88: bets $6
piet735: folds
Uncalled bet ($6) returned to TbIP-TbIP 88
TbIP-TbIP 88 collected $11.76 from pot
TbIP-TbIP 88: doesn't show hand
*** SUMMARY ***
Total pot $12 | Rake $0.24
Board [6c Qc 2h Jh]
Seat 1: TbIP-TbIP 88 (big blind) collected ($11.76)
Seat 2: piet735 (button) (small blind) folded on the Turn


PokerStars Hand #144302584364:  Hold'em Limit ($3/$6 USD) - 2015/11/24 5:04:37 ET
Table 'Scylla III' 2-max Seat #1 is the button
Seat 1: TbIP-TbIP 88 ($94.78 in chips)
Seat 2: piet735 ($136.90 in chips)
TbIP-TbIP 88: posts small blind $1
piet735: posts big blind $3
*** HOLE CARDS ***
TbIP-TbIP 88: raises $3 to $6
piet735: calls $3
*** FLOP *** [5h Kh 4s]
piet735: checks
TbIP-TbIP 88: bets $3
piet735: calls $3
*** TURN *** [5h Kh 4s] [2h]
piet735: checks
TbIP-TbIP 88: checks
*** RIVER *** [5h Kh 4s 2h] [4h]
piet735: bets $6
TbIP-TbIP 88: folds
Uncalled bet ($6) returned to piet735
piet735 collected $17.64 from pot
piet735: doesn't show hand
*** SUMMARY ***
Total pot $18 | Rake $0.36
Board [5h Kh 4s 2h 4h]
Seat 1: TbIP-TbIP 88 (button) (small blind) folded on the River
Seat 2: piet735 (big blind) collected ($17.64)


PokerStars Hand #144302566994:  Hold'em Limit ($3/$6 USD) - 2015/11/24 5:03:53 ET
Table 'Scylla III' 2-max Seat #1 is the button
Seat 1: TbIP-TbIP 88 ($127.78 in chips)
Seat 2: piet735 ($104.64 in chips)
TbIP-TbIP 88: posts small blind $1
piet735: posts big blind $3
*** HOLE CARDS ***
TbIP-TbIP 88: raises $3 to $6
piet735: calls $3
*** FLOP *** [2d 5d Td]
piet735: checks
TbIP-TbIP 88: bets $3
piet735: calls $3
*** TURN *** [2d 5d Td] [6s]
piet735: checks
TbIP-TbIP 88: bets $6
piet735: raises $6 to $12
TbIP-TbIP 88: calls $6
*** RIVER *** [2d 5d Td 6s] [Js]
piet735: bets $6
TbIP-TbIP 88: calls $6
*** SHOW DOWN ***
piet735: shows [4h 3h] (a straight, Deuce to Six)
TbIP-TbIP 88: mucks hand
piet735 collected $53.50 from pot
*** SUMMARY ***
Total pot $54 | Rake $0.50
Board [2d 5d Td 6s Js]
Seat 1: TbIP-TbIP 88 (button) (small blind) mucked
Seat 2: piet735 (big blind) showed [4h 3h] and won ($53.50) with a straight, Deuce to Six


PokerStars Hand #144302579748:  Hold'em Limit ($3/$6 USD) - 2015/11/24 5:04:25 ET
Table 'Scylla III' 2-max Seat #2 is the button
Seat 1: TbIP-TbIP 88 ($100.78 in chips)
Seat 2: piet735 ($131.14 in chips)
piet735: posts small blind $1
TbIP-TbIP 88: posts big blind $3
*** HOLE CARDS ***
piet735: raises $3 to $6
TbIP-TbIP 88: calls $3
*** FLOP *** [6h Kc Ah]
TbIP-TbIP 88: checks
piet735: bets $3
TbIP-TbIP 88: folds
Uncalled bet ($3) returned to piet735
piet735 collected $11.76 from pot
piet735: doesn't show hand
*** SUMMARY ***
Total pot $12 | Rake $0.24
Board [6h Kc Ah]
Seat 1: TbIP-TbIP 88 (big blind) folded on the Flop
Seat 2: piet735 (button) (small blind) collected ($11.76)


PokerStars Hand #144302610701:  Hold'em Limit ($3/$6 USD) - 2015/11/24 5:05:43 ET
Table 'Scylla III' 2-max Seat #2 is the button
Seat 1: TbIP-TbIP 88 ($72 in chips)
Seat 2: piet735 ($176.54 in chips)
piet735: posts small blind $1
TbIP-TbIP 88: posts big blind $3
*** HOLE CARDS ***
piet735: calls $2
TbIP-TbIP 88: checks
*** FLOP *** [6c Ad Qd]
TbIP-TbIP 88: checks
piet735: checks
*** TURN *** [6c Ad Qd] [8d]
TbIP-TbIP 88: bets $6
piet735: folds
Uncalled bet ($6) returned to TbIP-TbIP 88
TbIP-TbIP 88 collected $5.88 from pot
TbIP-TbIP 88: doesn't show hand
*** SUMMARY ***
Total pot $6 | Rake $0.12
Board [6c Ad Qd 8d]
Seat 1: TbIP-TbIP 88 (big blind) collected ($5.88)
Seat 2: piet735 (button) (small blind) folded on the Turn


PokerStars Hand #144302603418:  Hold'em Limit ($3/$6 USD) - 2015/11/24 5:05:25 ET
Table 'Scylla III' 2-max Seat #1 is the button
Seat 1: TbIP-TbIP 88 ($73 in chips)
Seat 2: piet735 ($162.04 in chips)
TbIP-TbIP 88: posts small blind $1
piet735: posts big blind $3
*** HOLE CARDS ***
TbIP-TbIP 88: raises $3 to $6
piet735: calls $3
*** FLOP *** [7c Ah Jd]
piet735: checks
TbIP-TbIP 88: bets $3
piet735: calls $3
*** TURN *** [7c Ah Jd] [5s]
piet735: checks
TbIP-TbIP 88: checks
*** RIVER *** [7c Ah Jd 5s] [3c]
piet735: bets $6
TbIP-TbIP 88: calls $6
*** SHOW DOWN ***
piet735: shows [8s Jh] (a pair of Jacks)
TbIP-TbIP 88: mucks hand
piet735 collected $29.50 from pot
*** SUMMARY ***
Total pot $30 | Rake $0.50
Board [7c Ah Jd 5s 3c]
Seat 1: TbIP-TbIP 88 (button) (small blind) mucked
Seat 2: piet735 (big blind) showed [8s Jh] and won ($29.50) with a pair of Jacks


PokerStars Hand #144302600987:  Hold'em Limit ($3/$6 USD) - 2015/11/24 5:05:19 ET
Table 'Scylla III' 2-max Seat #2 is the button
Seat 1: TbIP-TbIP 88 ($72 in chips)
Seat 2: piet735 ($163.04 in chips)
piet735: posts small blind $1
TbIP-TbIP 88: posts big blind $3
*** HOLE CARDS ***
piet735: folds
Uncalled bet ($2) returned to TbIP-TbIP 88
TbIP-TbIP 88 collected $2 from pot
TbIP-TbIP 88: doesn't show hand
*** SUMMARY ***
Total pot $2 | Rake $0
Seat 1: TbIP-TbIP 88 (big blind) collected ($2)
Seat 2: piet735 (button) (small blind) folded before Flop


PokerStars Hand #144302595090:  Hold'em Limit ($3/$6 USD) - 2015/11/24 5:05:04 ET
Table 'Scylla III' 2-max Seat #1 is the button
Seat 1: TbIP-TbIP 88 ($91.54 in chips)
Seat 2: piet735 ($139.54 in chips)
TbIP-TbIP 88: posts small blind $1
piet735: posts big blind $3
*** HOLE CARDS ***
TbIP-TbIP 88: raises $3 to $6
piet735: calls $3
*** FLOP *** [6c Ah Js]
piet735: checks
TbIP-TbIP 88: bets $3
piet735: raises $3 to $6
TbIP-TbIP 88: calls $3
*** TURN *** [6c Ah Js] [3h]
piet735: bets $6
TbIP-TbIP 88: calls $6
*** RIVER *** [6c Ah Js 3h] [4d]
piet735: bets $6
TbIP-TbIP 88: calls $6
*** SHOW DOWN ***
piet735: shows [2d 5d] (a straight, Deuce to Six)
TbIP-TbIP 88: mucks hand
piet735 collected $47.50 from pot
*** SUMMARY ***
Total pot $48 | Rake $0.50
Board [6c Ah Js 3h 4d]
Seat 1: TbIP-TbIP 88 (button) (small blind) mucked
Seat 2: piet735 (big blind) showed [2d 5d] and won ($47.50) with a straight, Deuce to Six


PokerStars Hand #144302615811:  Hold'em Limit ($3/$6 USD) - 2015/11/24 5:05:56 ET
Table 'Scylla III' 2-max Seat #1 is the button
Seat 1: TbIP-TbIP 88 ($74.88 in chips)
Seat 2: piet735 ($173.54 in chips)
TbIP-TbIP 88: posts small blind $1
piet735: posts big blind $3
*** HOLE CARDS ***
TbIP-TbIP 88: raises $3 to $6
piet735: calls $3
*** FLOP *** [3d Js 2h]
piet735: checks
TbIP-TbIP 88: checks
*** TURN *** [3d Js 2h] [4c]
piet735: checks
TbIP-TbIP 88: checks
*** RIVER *** [3d Js 2h 4c] [Qc]
piet735: checks
TbIP-TbIP 88: checks
*** SHOW DOWN ***
piet735: shows [6c 3s] (a pair of Threes)
TbIP-TbIP 88: mucks hand
piet735 collected $11.76 from pot
*** SUMMARY ***
Total pot $12 | Rake $0.24
Board [3d Js 2h 4c Qc]
Seat 1: TbIP-TbIP 88 (button) (small blind) mucked
Seat 2: piet735 (big blind) showed [6c 3s] and won ($11.76) with a pair of Threes


PokerStars Hand #144302631606:  Hold'em Limit ($3/$6 USD) - 2015/11/24 5:06:36 ET
Table 'Scylla III' 2-max Seat #1 is the button
Seat 1: TbIP-TbIP 88 ($95.50 in chips)
Seat 2: piet735 ($155.30 in chips)
TbIP-TbIP 88: posts small blind $1
piet735: posts big blind $3
*** HOLE CARDS ***
TbIP-TbIP 88: raises $3 to $6
piet735: calls $3
*** FLOP *** [2d Jd 5d]
piet735: checks
TbIP-TbIP 88: bets $3
piet735: calls $3
*** TURN *** [2d Jd 5d] [Ks]
piet735: checks
TbIP-TbIP 88: checks
*** RIVER *** [2d Jd 5d Ks] [Qh]
piet735: checks
TbIP-TbIP 88: bets $6
piet735: folds
Uncalled bet ($6) returned to TbIP-TbIP 88
TbIP-TbIP 88 collected $17.64 from pot
TbIP-TbIP 88: doesn't show hand
*** SUMMARY ***
Total pot $18 | Rake $0.36
Board [2d Jd 5d Ks Qh]
Seat 1: TbIP-TbIP 88 (button) (small blind) collected ($17.64)
Seat 2: piet735 (big blind) folded on the River


PokerStars Hand #144302621970:  Hold'em Limit ($3/$6 USD) - 2015/11/24 5:06:12 ET
Table 'Scylla III' 2-max Seat #2 is the button
Seat 1: TbIP-TbIP 88 ($72 in chips)
Seat 2: piet735 ($179.30 in chips)
piet735: posts small blind $1
TbIP-TbIP 88: posts big blind $3
*** HOLE CARDS ***
piet735: raises $3 to $6
TbIP-TbIP 88: raises $3 to $9
piet735: calls $3
*** FLOP *** [7h 3d Qc]
TbIP-TbIP 88: bets $3
piet735: calls $3
*** TURN *** [7h 3d Qc] [Kd]
TbIP-TbIP 88: bets $6
piet735: calls $6
*** RIVER *** [7h 3d Qc Kd] [Qs]
TbIP-TbIP 88: bets $6
piet735: calls $6
*** SHOW DOWN ***
TbIP-TbIP 88: shows [Kc Jd] (two pair, Kings and Queens)
piet735: mucks hand
TbIP-TbIP 88 collected $47.50 from pot
*** SUMMARY ***
Total pot $48 | Rake $0.50
Board [7h 3d Qc Kd Qs]
Seat 1: TbIP-TbIP 88 (big blind) showed [Kc Jd] and won ($47.50) with two pair, Kings and Queens
Seat 2: piet735 (button) (small blind) mucked


PokerStars Hand #144302643501:  Hold'em Limit ($3/$6 USD) - 2015/11/24 5:07:06 ET
Table 'Scylla III' 2-max Seat #2 is the button
Seat 1: TbIP-TbIP 88 ($104.14 in chips)
Seat 2: piet735 ($146.30 in chips)
piet735: posts small blind $1
TbIP-TbIP 88: posts big blind $3
*** HOLE CARDS ***
piet735: raises $3 to $6
TbIP-TbIP 88: raises $3 to $9
piet735: calls $3
*** FLOP *** [4s Jh 7c]
TbIP-TbIP 88: bets $3
piet735: calls $3
*** TURN *** [4s Jh 7c] [8s]
TbIP-TbIP 88: checks
piet735: checks
*** RIVER *** [4s Jh 7c 8s] [8d]
TbIP-TbIP 88: bets $6
piet735: folds
Uncalled bet ($6) returned to TbIP-TbIP 88
TbIP-TbIP 88 collected $23.52 from pot
TbIP-TbIP 88: doesn't show hand
*** SUMMARY ***
Total pot $24 | Rake $0.48
Board [4s Jh 7c 8s 8d]
Seat 1: TbIP-TbIP 88 (big blind) collected ($23.52)
Seat 2: piet735 (button) (small blind) folded on the River


PokerStars Hand #144302658893:  Hold'em Limit ($3/$6 USD) - 2015/11/24 5:07:46 ET
Table 'Scylla III' 2-max Seat #1 is the button
Seat 1: TbIP-TbIP 88 ($115.66 in chips)
Seat 2: piet735 ($134.30 in chips)
TbIP-TbIP 88: posts small blind $1
piet735: posts big blind $3
*** HOLE CARDS ***
TbIP-TbIP 88: raises $3 to $6
piet735: raises $3 to $9
TbIP-TbIP 88: calls $3
*** FLOP *** [5h 6h Qd]
piet735: bets $3
TbIP-TbIP 88: calls $3
*** TURN *** [5h 6h Qd] [Ks]
piet735: bets $6
TbIP-TbIP 88: calls $6
*** RIVER *** [5h 6h Qd Ks] [4d]
piet735: bets $6
TbIP-TbIP 88: calls $6
*** SHOW DOWN ***
piet735: shows [9h Th] (high card King)
TbIP-TbIP 88: shows [3c 5c] (a pair of Fives)
TbIP-TbIP 88 collected $47.50 from pot
*** SUMMARY ***
Total pot $48 | Rake $0.50
Board [5h 6h Qd Ks 4d]
Seat 1: TbIP-TbIP 88 (button) (small blind) showed [3c 5c] and won ($47.50) with a pair of Fives
Seat 2: piet735 (big blind) showed [9h Th] and lost with high card King


