PokerStars Hand #168577969846:  Hold'em Limit ($3/$6 USD) - 2017/04/04 15:29:16 ET
Table 'Scylla' 6-max Seat #5 is the button
Seat 5: pompier40 ($143 in chips)
Seat 6: ToDaFelt ($127 in chips)
pompier40: posts small blind $1
ToDaFelt: posts big blind $3
*** HOLE CARDS ***
pompier40: folds
Uncalled bet ($2) returned to ToDaFelt
ToDaFelt collected $2 from pot
*** SUMMARY ***
Total pot $2 | Rake $0
Seat 5: pompier40 (button) (small blind) folded before Flop
Seat 6: ToDaFelt (big blind) collected ($2)


PokerStars Hand #168577975991:  Hold'em Limit ($3/$6 USD) - 2017/04/04 15:29:23 ET
Table 'Scylla' 6-max Seat #6 is the button
Seat 5: pompier40 ($142 in chips)
Seat 6: ToDaFelt ($128 in chips)
ToDaFelt: posts small blind $1
pompier40: posts big blind $3
*** HOLE CARDS ***
ToDaFelt: raises $3 to $6
pompier40: calls $3
*** FLOP *** [Ts 8c 5d]
pompier40: checks
ToDaFelt: bets $3
pompier40: folds
Uncalled bet ($3) returned to ToDaFelt
ToDaFelt collected $11.76 from pot
ToDaFelt: doesn't show hand
*** SUMMARY ***
Total pot $12 | Rake $0.24
Board [Ts 8c 5d]
Seat 5: pompier40 (big blind) folded on the Flop
Seat 6: ToDaFelt (button) (small blind) collected ($11.76)


PokerStars Hand #168577997150:  Hold'em Limit ($3/$6 USD) - 2017/04/04 15:29:46 ET
Table 'Scylla' 6-max Seat #5 is the button
Seat 5: pompier40 ($136 in chips)
Seat 6: ToDaFelt ($133.76 in chips)
pompier40: posts small blind $1
ToDaFelt: posts big blind $3
*** HOLE CARDS ***
pompier40: raises $3 to $6
ToDaFelt: calls $3
*** FLOP *** [Kc 8c 2s]
ToDaFelt: checks
pompier40: bets $3
ToDaFelt: folds
Uncalled bet ($3) returned to pompier40
pompier40 collected $11.76 from pot
*** SUMMARY ***
Total pot $12 | Rake $0.24
Board [Kc 8c 2s]
Seat 5: pompier40 (button) (small blind) collected ($11.76)
Seat 6: ToDaFelt (big blind) folded on the Flop


PokerStars Hand #168578051001:  Hold'em Limit ($3/$6 USD) - 2017/04/04 15:30:45 ET
Table 'Scylla' 6-max Seat #6 is the button
Seat 5: pompier40 ($120.76 in chips)
Seat 6: ToDaFelt ($148.26 in chips)
ToDaFelt: posts small blind $1
pompier40: posts big blind $3
*** HOLE CARDS ***
ToDaFelt: raises $3 to $6
pompier40: calls $3
*** FLOP *** [Jd 2h 6d]
pompier40: checks
ToDaFelt: bets $3
pompier40: raises $3 to $6
ToDaFelt: calls $3
*** TURN *** [Jd 2h 6d] [Ad]
pompier40: bets $6
ToDaFelt: folds
Uncalled bet ($6) returned to pompier40
pompier40 collected $23.52 from pot
*** SUMMARY ***
Total pot $24 | Rake $0.48
Board [Jd 2h 6d Ad]
Seat 5: pompier40 (big blind) collected ($23.52)
Seat 6: ToDaFelt (button) (small blind) folded on the Turn


PokerStars Hand #168578017249:  Hold'em Limit ($3/$6 USD) - 2017/04/04 15:30:08 ET
Table 'Scylla' 6-max Seat #6 is the button
Seat 5: pompier40 ($141.76 in chips)
Seat 6: ToDaFelt ($127.76 in chips)
ToDaFelt: posts small blind $1
pompier40: posts big blind $3
*** HOLE CARDS ***
ToDaFelt: raises $3 to $6
pompier40: folds
Uncalled bet ($3) returned to ToDaFelt
ToDaFelt collected $6 from pot
ToDaFelt: doesn't show hand
*** SUMMARY ***
Total pot $6 | Rake $0
Seat 5: pompier40 (big blind) folded before Flop
Seat 6: ToDaFelt (button) (small blind) collected ($6)


PokerStars Hand #168578025794:  Hold'em Limit ($3/$6 USD) - 2017/04/04 15:30:18 ET
Table 'Scylla' 6-max Seat #5 is the button
Seat 5: pompier40 ($138.76 in chips)
Seat 6: ToDaFelt ($130.76 in chips)
pompier40: posts small blind $1
ToDaFelt: posts big blind $3
*** HOLE CARDS ***
pompier40: raises $3 to $6
ToDaFelt: calls $3
*** FLOP *** [2h 6s 3s]
ToDaFelt: checks
pompier40: checks
*** TURN *** [2h 6s 3s] [3d]
ToDaFelt: bets $6
pompier40: calls $6
*** RIVER *** [2h 6s 3s 3d] [Qh]
ToDaFelt: bets $6
pompier40: calls $6
*** SHOW DOWN ***
ToDaFelt: shows [4s Th] (a pair of Threes)
pompier40: mucks hand
ToDaFelt collected $35.50 from pot
*** SUMMARY ***
Total pot $36 | Rake $0.50
Board [2h 6s 3s 3d Qh]
Seat 5: pompier40 (button) (small blind) mucked
Seat 6: ToDaFelt (big blind) showed [4s Th] and won ($35.50) with a pair of Threes


PokerStars Hand #168578115850:  Hold'em Limit ($3/$6 USD) - 2017/04/04 15:31:57 ET
Table 'Scylla' 6-max Seat #5 is the button
Seat 5: pompier40 ($164.54 in chips)
Seat 6: ToDaFelt ($103.26 in chips)
pompier40: posts small blind $1
ToDaFelt: posts big blind $3
*** HOLE CARDS ***
pompier40: folds
Uncalled bet ($2) returned to ToDaFelt
ToDaFelt collected $2 from pot
ToDaFelt: doesn't show hand
*** SUMMARY ***
Total pot $2 | Rake $0
Seat 5: pompier40 (button) (small blind) folded before Flop
Seat 6: ToDaFelt (big blind) collected ($2)


PokerStars Hand #168578087737:  Hold'em Limit ($3/$6 USD) - 2017/04/04 15:31:26 ET
Table 'Scylla' 6-max Seat #6 is the button
Seat 5: pompier40 ($138.04 in chips)
Seat 6: ToDaFelt ($130.26 in chips)
ToDaFelt: posts small blind $1
pompier40: posts big blind $3
*** HOLE CARDS ***
ToDaFelt: raises $3 to $6
pompier40: calls $3
*** FLOP *** [Kd 8s 2h]
pompier40: checks
ToDaFelt: bets $3
pompier40: calls $3
*** TURN *** [Kd 8s 2h] [Qh]
pompier40: checks
ToDaFelt: bets $6
pompier40: raises $6 to $12
ToDaFelt: calls $6
*** RIVER *** [Kd 8s 2h Qh] [As]
pompier40: bets $6
ToDaFelt: calls $6
*** SHOW DOWN ***
pompier40: shows [Ks 9s] (a pair of Kings)
ToDaFelt: mucks hand
pompier40 collected $53.50 from pot
*** SUMMARY ***
Total pot $54 | Rake $0.50
Board [Kd 8s 2h Qh As]
Seat 5: pompier40 (big blind) showed [Ks 9s] and won ($53.50) with a pair of Kings
Seat 6: ToDaFelt (button) (small blind) mucked


PokerStars Hand #168578070234:  Hold'em Limit ($3/$6 USD) - 2017/04/04 15:31:06 ET
Table 'Scylla' 6-max Seat #5 is the button
Seat 5: pompier40 ($132.28 in chips)
Seat 6: ToDaFelt ($136.26 in chips)
pompier40: posts small blind $1
ToDaFelt: posts big blind $3
*** HOLE CARDS ***
pompier40: raises $3 to $6
ToDaFelt: calls $3
*** FLOP *** [Jc 7d 2s]
ToDaFelt: checks
pompier40: bets $3
ToDaFelt: folds
Uncalled bet ($3) returned to pompier40
pompier40 collected $11.76 from pot
*** SUMMARY ***
Total pot $12 | Rake $0.24
Board [Jc 7d 2s]
Seat 5: pompier40 (button) (small blind) collected ($11.76)
Seat 6: ToDaFelt (big blind) folded on the Flop


PokerStars Hand #168578122133:  Hold'em Limit ($3/$6 USD) - 2017/04/04 15:32:03 ET
Table 'Scylla' 6-max Seat #6 is the button
Seat 5: pompier40 ($163.54 in chips)
Seat 6: ToDaFelt ($104.26 in chips)
ToDaFelt: posts small blind $1
pompier40: posts big blind $3
*** HOLE CARDS ***
ToDaFelt: raises $3 to $6
pompier40: calls $3
*** FLOP *** [4d Jc 8h]
pompier40: checks
ToDaFelt: bets $3
pompier40: calls $3
*** TURN *** [4d Jc 8h] [8c]
pompier40: checks
ToDaFelt: bets $6
pompier40: raises $6 to $12
ToDaFelt: calls $6
*** RIVER *** [4d Jc 8h 8c] [Ks]
pompier40: bets $6
ToDaFelt: raises $6 to $12
pompier40: calls $6
*** SHOW DOWN ***
ToDaFelt: shows [8d Qh] (three of a kind, Eights)
pompier40: mucks hand
ToDaFelt collected $65.50 from pot
*** SUMMARY ***
Total pot $66 | Rake $0.50
Board [4d Jc 8h 8c Ks]
Seat 5: pompier40 (big blind) mucked
Seat 6: ToDaFelt (button) (small blind) showed [8d Qh] and won ($65.50) with three of a kind, Eights


PokerStars Hand #168578160715:  Hold'em Limit ($3/$6 USD) - 2017/04/04 15:32:47 ET
Table 'Scylla' 6-max Seat #5 is the button
Seat 5: pompier40 ($130.54 in chips)
Seat 6: ToDaFelt ($136.76 in chips)
pompier40: posts small blind $1
ToDaFelt: posts big blind $3
*** HOLE CARDS ***
pompier40: raises $3 to $6
ToDaFelt: calls $3
*** FLOP *** [Qd 7d 5d]
ToDaFelt: checks
pompier40: bets $3
ToDaFelt: raises $3 to $6
pompier40: calls $3
*** TURN *** [Qd 7d 5d] [Kh]
ToDaFelt: bets $6
pompier40: calls $6
*** RIVER *** [Qd 7d 5d Kh] [Th]
ToDaFelt: bets $6
pompier40: calls $6
*** SHOW DOWN ***
ToDaFelt: shows [Ad 6s] (high card Ace)
pompier40: shows [Ac 2s] (high card Ace)
ToDaFelt collected $23.75 from pot
pompier40 collected $23.75 from pot
*** SUMMARY ***
Total pot $48 | Rake $0.50
Board [Qd 7d 5d Kh Th]
Seat 5: pompier40 (button) (small blind) showed [Ac 2s] and won ($23.75) with high card Ace
Seat 6: ToDaFelt (big blind) showed [Ad 6s] and won ($23.75) with high card Ace


PokerStars Hand #168578210203:  Hold'em Limit ($3/$6 USD) - 2017/04/04 15:33:42 ET
Table 'Scylla' 6-max Seat #6 is the button
Seat 5: pompier40 ($130.29 in chips)
Seat 6: ToDaFelt ($136.51 in chips)
ToDaFelt: posts small blind $1
pompier40: posts big blind $3
*** HOLE CARDS ***
ToDaFelt: raises $3 to $6
pompier40: calls $3
*** FLOP *** [7d Qh 9d]
pompier40: checks
ToDaFelt: bets $3
pompier40: calls $3
*** TURN *** [7d Qh 9d] [Qs]
pompier40: checks
ToDaFelt: bets $6
pompier40: calls $6
*** RIVER *** [7d Qh 9d Qs] [6d]
pompier40: bets $6
ToDaFelt: raises $6 to $12
pompier40: calls $6
*** SHOW DOWN ***
ToDaFelt: shows [Qc 6h] (a full house, Queens full of Sixes)
pompier40: mucks hand
ToDaFelt collected $53.50 from pot
pulvris joins the table at seat #3
*** SUMMARY ***
Total pot $54 | Rake $0.50
Board [7d Qh 9d Qs 6d]
Seat 5: pompier40 (big blind) mucked
Seat 6: ToDaFelt (button) (small blind) showed [Qc 6h] and won ($53.50) with a full house, Queens full of Sixes


PokerStars Hand #168578254656:  Hold'em Limit ($3/$6 USD) - 2017/04/04 15:34:30 ET
Table 'Scylla' 6-max Seat #5 is the button
Seat 5: pompier40 ($103.29 in chips)
Seat 6: ToDaFelt ($163.01 in chips)
pompier40: posts small blind $1
ToDaFelt: posts big blind $3
*** HOLE CARDS ***
pompier40: raises $3 to $6
vestimokrec joins the table at seat #4
ToDaFelt: calls $3
*** FLOP *** [8s 9h 3c]
ToDaFelt: checks
pompier40: bets $3
ToDaFelt: folds
Uncalled bet ($3) returned to pompier40
pompier40 collected $11.76 from pot
*** SUMMARY ***
Total pot $12 | Rake $0.24
Board [8s 9h 3c]
Seat 5: pompier40 (button) (small blind) collected ($11.76)
Seat 6: ToDaFelt (big blind) folded on the Flop


PokerStars Hand #168579957956:  Hold'em Limit ($3/$6 USD) - 2017/04/04 16:06:51 ET
Table 'Scylla' 6-max Seat #4 is the button
Seat 4: vestimokrec ($109.64 in chips)
Seat 5: pompier40 ($188.51 in chips)
vestimokrec: posts small blind $1
pompier40: posts big blind $3
*** HOLE CARDS ***
vestimokrec: raises $3 to $6
pompier40: calls $3
*** FLOP *** [Kd 6s 3d]
pompier40: checks
vestimokrec: bets $3
pompier40: folds
Uncalled bet ($3) returned to vestimokrec
vestimokrec collected $11.76 from pot
vestimokrec: doesn't show hand
*** SUMMARY ***
Total pot $12 | Rake $0.24
Board [Kd 6s 3d]
Seat 4: vestimokrec (button) (small blind) collected ($11.76)
Seat 5: pompier40 (big blind) folded on the Flop


PokerStars Hand #168579948656:  Hold'em Limit ($3/$6 USD) - 2017/04/04 16:06:41 ET
Table 'Scylla' 6-max Seat #5 is the button
Seat 4: vestimokrec ($112.64 in chips)
Seat 5: pompier40 ($185.51 in chips)
pompier40: posts small blind $1
ToDaFelt: is sitting out
MellivoraSto: is sitting out
vestimokrec: posts big blind $3
*** HOLE CARDS ***
ToDaFelt leaves the table
pompier40: raises $3 to $6
vestimokrec: folds
Uncalled bet ($3) returned to pompier40
MellivoraSto leaves the table
pompier40 collected $6 from pot
*** SUMMARY ***
Total pot $6 | Rake $0
Seat 4: vestimokrec (big blind) folded before Flop
Seat 5: pompier40 (button) (small blind) collected ($6)


PokerStars Hand #168580727913:  Hold'em Limit ($3/$6 USD) - 2017/04/04 16:20:38 ET
Table 'Scylla' 6-max Seat #5 is the button
Seat 5: popov086 ($317.75 in chips)
Seat 6: ToDaFelt ($123 in chips)
popov086: posts small blind $1
ToDaFelt: posts big blind $3
*** HOLE CARDS ***
popov086: folds
Uncalled bet ($2) returned to ToDaFelt
ToDaFelt collected $2 from pot
ToDaFelt: doesn't show hand
*** SUMMARY ***
Total pot $2 | Rake $0
Seat 5: popov086 (button) (small blind) folded before Flop
Seat 6: ToDaFelt (big blind) collected ($2)


PokerStars Hand #168580715757:  Hold'em Limit ($3/$6 USD) - 2017/04/04 16:20:25 ET
Table 'Scylla' 6-max Seat #6 is the button
Seat 5: popov086 ($320.75 in chips)
Seat 6: ToDaFelt ($120 in chips)
ToDaFelt: posts small blind $1
popov086: posts big blind $3
*** HOLE CARDS ***
ToDaFelt: raises $3 to $6
popov086: folds
Uncalled bet ($3) returned to ToDaFelt
ToDaFelt collected $6 from pot
ToDaFelt: doesn't show hand
*** SUMMARY ***
Total pot $6 | Rake $0
Seat 5: popov086 (big blind) folded before Flop
Seat 6: ToDaFelt (button) (small blind) collected ($6)


PokerStars Hand #168580776438:  Hold'em Limit ($3/$6 USD) - 2017/04/04 16:21:31 ET
Table 'Scylla' 6-max Seat #6 is the button
Seat 5: popov086 ($327.27 in chips)
Seat 6: ToDaFelt ($113 in chips)
ToDaFelt: posts small blind $1
popov086: posts big blind $3
*** HOLE CARDS ***
ToDaFelt: raises $3 to $6
popov086: calls $3
*** FLOP *** [5h 5s Th]
popov086: checks
ToDaFelt: bets $3
popov086: calls $3
*** TURN *** [5h 5s Th] [Kc]
popov086: checks
ToDaFelt: bets $6
popov086: folds
Uncalled bet ($6) returned to ToDaFelt
ToDaFelt collected $17.64 from pot
ToDaFelt: doesn't show hand
*** SUMMARY ***
Total pot $18 | Rake $0.36
Board [5h 5s Th Kc]
Seat 5: popov086 (big blind) folded on the Turn
Seat 6: ToDaFelt (button) (small blind) collected ($17.64)


PokerStars Hand #168580770215:  Hold'em Limit ($3/$6 USD) - 2017/04/04 16:21:24 ET
Table 'Scylla' 6-max Seat #5 is the button
Seat 5: popov086 ($328.27 in chips)
Seat 6: ToDaFelt ($112 in chips)
popov086: posts small blind $1
ToDaFelt: posts big blind $3
*** HOLE CARDS ***
popov086: folds
Uncalled bet ($2) returned to ToDaFelt
ToDaFelt collected $2 from pot
ToDaFelt: doesn't show hand
*** SUMMARY ***
Total pot $2 | Rake $0
Seat 5: popov086 (button) (small blind) folded before Flop
Seat 6: ToDaFelt (big blind) collected ($2)


PokerStars Hand #168580733902:  Hold'em Limit ($3/$6 USD) - 2017/04/04 16:20:45 ET
Table 'Scylla' 6-max Seat #6 is the button
Seat 5: popov086 ($316.75 in chips)
Seat 6: ToDaFelt ($124 in chips)
ToDaFelt: posts small blind $1
popov086: posts big blind $3
*** HOLE CARDS ***
ToDaFelt: raises $3 to $6
popov086: raises $3 to $9
ToDaFelt: calls $3
*** FLOP *** [3s As 9d]
popov086: bets $3
ToDaFelt: calls $3
*** TURN *** [3s As 9d] [Jh]
popov086: bets $6
ToDaFelt: folds
Uncalled bet ($6) returned to popov086
popov086 collected $23.52 from pot
popov086: doesn't show hand
*** SUMMARY ***
Total pot $24 | Rake $0.48
Board [3s As 9d Jh]
Seat 5: popov086 (big blind) collected ($23.52)
Seat 6: ToDaFelt (button) (small blind) folded on the Turn


PokerStars Hand #168580842766:  Hold'em Limit ($3/$6 USD) - 2017/04/04 16:22:44 ET
Table 'Scylla' 6-max Seat #5 is the button
Seat 5: popov086 ($346.77 in chips)
Seat 6: ToDaFelt ($92.64 in chips)
popov086: posts small blind $1
ToDaFelt: posts big blind $3
*** HOLE CARDS ***
popov086: folds
Uncalled bet ($2) returned to ToDaFelt
ToDaFelt collected $2 from pot
ToDaFelt: doesn't show hand
*** SUMMARY ***
Total pot $2 | Rake $0
Seat 5: popov086 (button) (small blind) folded before Flop
Seat 6: ToDaFelt (big blind) collected ($2)


PokerStars Hand #168580837831:  Hold'em Limit ($3/$6 USD) - 2017/04/04 16:22:38 ET
Table 'Scylla' 6-max Seat #6 is the button
Seat 5: popov086 ($345.77 in chips)
Seat 6: ToDaFelt ($93.64 in chips)
ToDaFelt: posts small blind $1
popov086: posts big blind $3
*** HOLE CARDS ***
ToDaFelt: folds
Uncalled bet ($2) returned to popov086
popov086 collected $2 from pot
popov086: doesn't show hand
*** SUMMARY ***
Total pot $2 | Rake $0
Seat 5: popov086 (big blind) collected ($2)
Seat 6: ToDaFelt (button) (small blind) folded before Flop


PokerStars Hand #168580831923:  Hold'em Limit ($3/$6 USD) - 2017/04/04 16:22:32 ET
Table 'Scylla' 6-max Seat #5 is the button
Seat 5: popov086 ($346.77 in chips)
Seat 6: ToDaFelt ($92.64 in chips)
popov086: posts small blind $1
ToDaFelt: posts big blind $3
*** HOLE CARDS ***
popov086: folds
Uncalled bet ($2) returned to ToDaFelt
ToDaFelt collected $2 from pot
ToDaFelt: doesn't show hand
*** SUMMARY ***
Total pot $2 | Rake $0
Seat 5: popov086 (button) (small blind) folded before Flop
Seat 6: ToDaFelt (big blind) collected ($2)


PokerStars Hand #168580806946:  Hold'em Limit ($3/$6 USD) - 2017/04/04 16:22:04 ET
Table 'Scylla' 6-max Seat #6 is the button
Seat 5: popov086 ($317.27 in chips)
Seat 6: ToDaFelt ($122.64 in chips)
ToDaFelt: posts small blind $1
popov086: posts big blind $3
*** HOLE CARDS ***
ToDaFelt: raises $3 to $6
popov086: raises $3 to $9
ToDaFelt: calls $3
*** FLOP *** [5h 6h 5c]
popov086: bets $3
ToDaFelt: raises $3 to $6
popov086: raises $3 to $9
ToDaFelt: calls $3
*** TURN *** [5h 6h 5c] [3d]
popov086: bets $6
ToDaFelt: calls $6
*** RIVER *** [5h 6h 5c 3d] [3s]
popov086: bets $6
ToDaFelt: calls $6
*** SHOW DOWN ***
popov086: shows [8d 8h] (two pair, Eights and Fives)
ToDaFelt: mucks hand
popov086 collected $59.50 from pot
*** SUMMARY ***
Total pot $60 | Rake $0.50
Board [5h 6h 5c 3d 3s]
Seat 5: popov086 (big blind) showed [8d 8h] and won ($59.50) with two pair, Eights and Fives
Seat 6: ToDaFelt (button) (small blind) mucked


PokerStars Hand #168580800959:  Hold'em Limit ($3/$6 USD) - 2017/04/04 16:21:57 ET
Table 'Scylla' 6-max Seat #5 is the button
Seat 5: popov086 ($318.27 in chips)
Seat 6: ToDaFelt ($121.64 in chips)
popov086: posts small blind $1
ToDaFelt: posts big blind $3
*** HOLE CARDS ***
popov086: folds
Uncalled bet ($2) returned to ToDaFelt
ToDaFelt collected $2 from pot
ToDaFelt: doesn't show hand
*** SUMMARY ***
Total pot $2 | Rake $0
Seat 5: popov086 (button) (small blind) folded before Flop
Seat 6: ToDaFelt (big blind) collected ($2)


PokerStars Hand #168580892944:  Hold'em Limit ($3/$6 USD) - 2017/04/04 16:23:38 ET
Table 'Scylla' 6-max Seat #5 is the button
Seat 5: popov086 ($362.27 in chips)
Seat 6: ToDaFelt ($126.76 in chips)
popov086: posts small blind $1
ToDaFelt: posts big blind $3
*** HOLE CARDS ***
popov086: folds
Uncalled bet ($2) returned to ToDaFelt
ToDaFelt collected $2 from pot
sienvan joins the table at seat #2
ToDaFelt: doesn't show hand
*** SUMMARY ***
Total pot $2 | Rake $0
Seat 5: popov086 (button) (small blind) folded before Flop
Seat 6: ToDaFelt (big blind) collected ($2)


PokerStars Hand #168580873035:  Hold'em Limit ($3/$6 USD) - 2017/04/04 16:23:17 ET
Table 'Scylla' 6-max Seat #6 is the button
Seat 5: popov086 ($368.27 in chips)
Seat 6: ToDaFelt ($121 in chips)
ToDaFelt: posts small blind $1
popov086: posts big blind $3
helenaki joins the table at seat #4
*** HOLE CARDS ***
ToDaFelt: raises $3 to $6
popov086: calls $3
*** FLOP *** [9d 5d 7s]
popov086: checks
ToDaFelt: bets $3
partyalex92 joins the table at seat #3
popov086: folds
Uncalled bet ($3) returned to ToDaFelt
ToDaFelt collected $11.76 from pot
vestimokrec joins the table at seat #1
ToDaFelt: doesn't show hand
*** SUMMARY ***
Total pot $12 | Rake $0.24
Board [9d 5d 7s]
Seat 5: popov086 (big blind) folded on the Flop
Seat 6: ToDaFelt (button) (small blind) collected ($11.76)


PokerStars Hand #168580867875:  Hold'em Limit ($3/$6 USD) - 2017/04/04 16:23:11 ET
Table 'Scylla' 6-max Seat #5 is the button
Seat 5: popov086 ($369.27 in chips)
Seat 6: ToDaFelt ($120 in chips)
popov086: posts small blind $1
ToDaFelt: posts big blind $3
*** HOLE CARDS ***
popov086: folds
Uncalled bet ($2) returned to ToDaFelt
ToDaFelt collected $2 from pot
ToDaFelt: doesn't show hand
*** SUMMARY ***
Total pot $2 | Rake $0
Seat 5: popov086 (button) (small blind) folded before Flop
Seat 6: ToDaFelt (big blind) collected ($2)


PokerStars Hand #168580847932:  Hold'em Limit ($3/$6 USD) - 2017/04/04 16:22:49 ET
Table 'Scylla' 6-max Seat #6 is the button
Seat 5: popov086 ($345.77 in chips)
Seat 6: ToDaFelt ($93.64 in chips)
ToDaFelt: posts small blind $1
popov086: posts big blind $3
*** HOLE CARDS ***
ToDaFelt: raises $3 to $6
popov086: raises $3 to $9
ToDaFelt: calls $3
*** FLOP *** [Ad 5h 6c]
popov086: bets $3
ToDaFelt: calls $3
*** TURN *** [Ad 5h 6c] [7c]
popov086: bets $6
ToDaFelt: calls $6
*** RIVER *** [Ad 5h 6c 7c] [5d]
popov086: bets $6
ToDaFelt: calls $6
*** SHOW DOWN ***
popov086: shows [Js Jh] (two pair, Jacks and Fives)
ToDaFelt: mucks hand
popov086 collected $47.50 from pot
*** SUMMARY ***
Total pot $48 | Rake $0.50
Board [Ad 5h 6c 7c 5d]
Seat 5: popov086 (big blind) showed [Js Jh] and won ($47.50) with two pair, Jacks and Fives
Seat 6: ToDaFelt (button) (small blind) mucked


