PokerStars Hand #172757552552:  Hold'em Limit ($3/$6 USD) - 2017/07/08 8:23:02 ET
Table 'Scylla II' 6-max Seat #4 is the button
Seat 3: Auge72 ($137.50 in chips)
Seat 4: MTails ($102 in chips)
MTails: posts small blind $1
Auge72: posts big blind $3
*** HOLE CARDS ***
MTails: raises $3 to $6
Auge72: folds
Uncalled bet ($3) returned to MTails
MTails collected $6 from pot
*** SUMMARY ***
Total pot $6 | Rake $0
Seat 3: Auge72 (big blind) folded before Flop
Seat 4: MTails (button) (small blind) collected ($6)


PokerStars Hand #172757536877:  Hold'em Limit ($3/$6 USD) - 2017/07/08 8:22:31 ET
Table 'Scylla II' 6-max Seat #3 is the button
Seat 3: Auge72 ($120 in chips)
Seat 4: MTails ($120 in chips)
Auge72: posts small blind $1
MTails: posts big blind $3
*** HOLE CARDS ***
Auge72: raises $3 to $6
MTails: calls $3
*** FLOP *** [8h Ad 9c]
MTails: checks
Auge72: checks
*** TURN *** [8h Ad 9c] [Kc]
MTails: bets $6
Auge72: calls $6
*** RIVER *** [8h Ad 9c Kc] [4c]
MTails: bets $6
Auge72: calls $6
*** SHOW DOWN ***
MTails: shows [Js 3d] (high card Ace)
Auge72: shows [Qs Kd] (a pair of Kings)
Auge72 collected $35.50 from pot
*** SUMMARY ***
Total pot $36 | Rake $0.50
Board [8h Ad 9c Kc 4c]
Seat 3: Auge72 (button) (small blind) showed [Qs Kd] and won ($35.50) with a pair of Kings
Seat 4: MTails (big blind) showed [Js 3d] and lost with high card Ace


PokerStars Hand #172757579289:  Hold'em Limit ($3/$6 USD) - 2017/07/08 8:23:55 ET
Table 'Scylla II' 6-max Seat #4 is the button
Seat 3: Auge72 ($86.50 in chips)
Seat 4: MTails ($151.76 in chips)
MTails: posts small blind $1
Auge72: posts big blind $3
*** HOLE CARDS ***
MTails: raises $3 to $6
Auge72: raises $3 to $9
MTails: calls $3
*** FLOP *** [3h Kd 8c]
Auge72: bets $3
MTails: calls $3
*** TURN *** [3h Kd 8c] [5c]
krytalex joins the table at seat #5
Auge72: bets $6
MTails: calls $6
*** RIVER *** [3h Kd 8c 5c] [5s]
Auge72: bets $6
MTails: calls $6
*** SHOW DOWN ***
Auge72: shows [Tc Qs] (a pair of Fives)
MTails: shows [6c Ah] (a pair of Fives - Ace kicker)
MTails collected $47.50 from pot
*** SUMMARY ***
Total pot $48 | Rake $0.50
Board [3h Kd 8c 5c 5s]
Seat 3: Auge72 (big blind) showed [Tc Qs] and lost with a pair of Fives
Seat 4: MTails (button) (small blind) showed [6c Ah] and won ($47.50) with a pair of Fives


PokerStars Hand #172757567657:  Hold'em Limit ($3/$6 USD) - 2017/07/08 8:23:32 ET
Table 'Scylla II' 6-max Seat #3 is the button
Seat 3: Auge72 ($107.50 in chips)
Seat 4: MTails ($131.26 in chips)
Auge72: posts small blind $1
MTails: posts big blind $3
*** HOLE CARDS ***
Auge72: calls $2
MTails: raises $3 to $6
Auge72: calls $3
*** FLOP *** [Kc Ac 8d]
MTails: bets $3
Auge72: calls $3
*** TURN *** [Kc Ac 8d] [8h]
MTails: bets $6
Auge72: calls $6
*** RIVER *** [Kc Ac 8d 8h] [5s]
MTails: bets $6
Auge72: calls $6
*** SHOW DOWN ***
MTails: shows [7s 8c] (three of a kind, Eights)
Auge72: mucks hand
MTails collected $41.50 from pot
*** SUMMARY ***
Total pot $42 | Rake $0.50
Board [Kc Ac 8d 8h 5s]
Seat 3: Auge72 (button) (small blind) mucked
Seat 4: MTails (big blind) showed [7s 8c] and won ($41.50) with three of a kind, Eights


PokerStars Hand #172757563271:  Hold'em Limit ($3/$6 USD) - 2017/07/08 8:23:23 ET
Table 'Scylla II' 6-max Seat #4 is the button
Seat 3: Auge72 ($113.50 in chips)
Seat 4: MTails ($125.50 in chips)
MTails: posts small blind $1
Auge72: posts big blind $3
*** HOLE CARDS ***
MTails: raises $3 to $6
Auge72: calls $3
*** FLOP *** [9c 6d 8h]
Auge72: checks
MTails: bets $3
Auge72: folds
Uncalled bet ($3) returned to MTails
MTails collected $11.76 from pot
*** SUMMARY ***
Total pot $12 | Rake $0.24
Board [9c 6d 8h]
Seat 3: Auge72 (big blind) folded on the Flop
Seat 4: MTails (button) (small blind) collected ($11.76)


PokerStars Hand #172757555054:  Hold'em Limit ($3/$6 USD) - 2017/07/08 8:23:07 ET
Table 'Scylla II' 6-max Seat #3 is the button
Seat 3: Auge72 ($134.50 in chips)
Seat 4: MTails ($105 in chips)
Auge72: posts small blind $1
MTails: posts big blind $3
*** HOLE CARDS ***
Auge72: raises $3 to $6
MTails: calls $3
*** FLOP *** [5h 8s 6h]
MTails: checks
Auge72: bets $3
MTails: calls $3
*** TURN *** [5h 8s 6h] [3d]
MTails: checks
Auge72: bets $6
MTails: calls $6
*** RIVER *** [5h 8s 6h 3d] [Ac]
MTails: bets $6
Auge72: calls $6
*** SHOW DOWN ***
MTails: shows [Ah Qd] (a pair of Aces)
Auge72: mucks hand
MTails collected $41.50 from pot
*** SUMMARY ***
Total pot $42 | Rake $0.50
Board [5h 8s 6h 3d Ac]
Seat 3: Auge72 (button) (small blind) mucked
Seat 4: MTails (big blind) showed [Ah Qd] and won ($41.50) with a pair of Aces


PokerStars Hand #172757586708:  Hold'em Limit ($3/$6 USD) - 2017/07/08 8:24:10 ET
Table 'Scylla II' 6-max Seat #3 is the button
Seat 3: Auge72 ($62.50 in chips)
Seat 4: MTails ($175.26 in chips)
Auge72: posts small blind $1
MTails: posts big blind $3
*** HOLE CARDS ***
Auge72: calls $2
MTails: raises $3 to $6
Auge72: calls $3
*** FLOP *** [8c Tc 2c]
MTails: bets $3
Auge72: calls $3
*** TURN *** [8c Tc 2c] [9c]
MTails: bets $6
Auge72: calls $6
*** RIVER *** [8c Tc 2c 9c] [Jh]
MTails: bets $6
Auge72: calls $6
*** SHOW DOWN ***
MTails: shows [7c 4s] (a flush, Ten high)
Auge72: mucks hand
MTails collected $41.50 from pot
*** SUMMARY ***
Total pot $42 | Rake $0.50
Board [8c Tc 2c 9c Jh]
Seat 3: Auge72 (button) (small blind) mucked
Seat 4: MTails (big blind) showed [7c 4s] and won ($41.50) with a flush, Ten high


