PokerStars Hand #160277120551:  Hold'em Limit ($3/$6 USD) - 2016/10/22 9:24:38 ET
Table 'Segin III' 6-max Seat #1 is the button
Seat 1: sponge64 ($114.85 in chips)
Seat 5: LolDnkaments ($76 in chips)
sponge64: posts small blind $1
pöci9 was removed from the table for failing to post
LolDnkaments: posts big blind $3
*** HOLE CARDS ***
sponge64: raises $3 to $6
LolDnkaments: folds
Uncalled bet ($3) returned to sponge64
sponge64 collected $6 from pot
*** SUMMARY ***
Total pot $6 | Rake $0
Seat 1: sponge64 (button) (small blind) collected ($6)
Seat 5: LolDnkaments (big blind) folded before Flop


PokerStars Hand #160277113833:  Hold'em Limit ($3/$6 USD) - 2016/10/22 9:24:27 ET
Table 'Segin III' 6-max Seat #5 is the button
Seat 1: sponge64 ($117.85 in chips)
Seat 5: LolDnkaments ($73 in chips)
LolDnkaments: posts small blind $1
sponge64: posts big blind $3
*** HOLE CARDS ***
LolDnkaments: raises $3 to $6
sponge64: folds
Uncalled bet ($3) returned to LolDnkaments
LolDnkaments collected $6 from pot
LolDnkaments: doesn't show hand
*** SUMMARY ***
Total pot $6 | Rake $0
Seat 1: sponge64 (big blind) folded before Flop
Seat 5: LolDnkaments (button) (small blind) collected ($6)


PokerStars Hand #160277110517:  Hold'em Limit ($3/$6 USD) - 2016/10/22 9:24:21 ET
Table 'Segin III' 6-max Seat #1 is the button
Seat 1: sponge64 ($118.85 in chips)
Seat 5: LolDnkaments ($72 in chips)
sponge64: posts small blind $1
liamOS: is sitting out
LolDnkaments: posts big blind $3
*** HOLE CARDS ***
sponge64: folds
Uncalled bet ($2) returned to LolDnkaments
LolDnkaments collected $2 from pot
LolDnkaments: doesn't show hand
*** SUMMARY ***
Total pot $2 | Rake $0
Seat 1: sponge64 (button) (small blind) folded before Flop
Seat 5: LolDnkaments (big blind) collected ($2)


