PokerStars Hand #166977692485:  Hold'em Limit ($3/$6 USD) - 2017/03/01 19:28:05 ET
Table 'Seginus' 10-max Seat #2 is the button
Seat 1: Zubasa07 ($285 in chips)
Seat 2: anebodil ($134.50 in chips)
anebodil: posts small blind $1
Zubasa07: posts big blind $3
*** HOLE CARDS ***
anebodil: calls $2
Zubasa07: raises $3 to $6
anebodil: calls $3
*** FLOP *** [Kc 2c Qd]
Zubasa07: bets $3
anebodil: calls $3
*** TURN *** [Kc 2c Qd] [Ac]
Zubasa07: bets $6
anebodil: calls $6
*** RIVER *** [Kc 2c Qd Ac] [3d]
Zubasa07: bets $6
anebodil: calls $6
*** SHOW DOWN ***
Zubasa07: shows [Ad Qc] (two pair, Aces and Queens)
anebodil: mucks hand
Zubasa07 collected $41.50 from pot
*** SUMMARY ***
Total pot $42 | Rake $0.50
Board [Kc 2c Qd Ac 3d]
Seat 1: Zubasa07 (big blind) showed [Ad Qc] and won ($41.50) with two pair, Aces and Queens
Seat 2: anebodil (button) (small blind) mucked


PokerStars Hand #166977670993:  Hold'em Limit ($3/$6 USD) - 2017/03/01 19:27:30 ET
Table 'Seginus' 10-max Seat #1 is the button
Seat 1: Zubasa07 ($300 in chips)
Seat 2: anebodil ($120 in chips)
Zubasa07: posts small blind $1
anebodil: posts big blind $3
*** HOLE CARDS ***
Zubasa07: raises $3 to $6
anebodil: calls $3
*** FLOP *** [8h 9h Ac]
anebodil: checks
Zubasa07: bets $3
anebodil: calls $3
*** TURN *** [8h 9h Ac] [8d]
anebodil: checks
Zubasa07: bets $6
anebodil: calls $6
*** RIVER *** [8h 9h Ac 8d] [5h]
anebodil: bets $6
Zubasa07: folds
Uncalled bet ($6) returned to anebodil
anebodil collected $29.50 from pot
*** SUMMARY ***
Total pot $30 | Rake $0.50
Board [8h 9h Ac 8d 5h]
Seat 1: Zubasa07 (button) (small blind) folded on the River
Seat 2: anebodil (big blind) collected ($29.50)


PokerStars Hand #166977721000:  Hold'em Limit ($3/$6 USD) - 2017/03/01 19:28:53 ET
Table 'Seginus' 10-max Seat #2 is the button
Seat 1: Zubasa07 ($341 in chips)
Seat 2: anebodil ($77.50 in chips)
anebodil: posts small blind $1
Zubasa07: posts big blind $3
*** HOLE CARDS ***
anebodil: raises $3 to $6
Zubasa07: calls $3
*** FLOP *** [4d As 2s]
Zubasa07: checks
anebodil: checks
*** TURN *** [4d As 2s] [9d]
Zubasa07: checks
anebodil: checks
*** RIVER *** [4d As 2s 9d] [7h]
Zubasa07: checks
anebodil: checks
*** SHOW DOWN ***
Zubasa07: shows [6s Jc] (high card Ace)
anebodil: shows [Kd Qc] (high card Ace - King kicker)
anebodil collected $11.76 from pot
*** SUMMARY ***
Total pot $12 | Rake $0.24
Board [4d As 2s 9d 7h]
Seat 1: Zubasa07 (big blind) showed [6s Jc] and lost with high card Ace
Seat 2: anebodil (button) (small blind) showed [Kd Qc] and won ($11.76) with high card Ace


PokerStars Hand #166977706764:  Hold'em Limit ($3/$6 USD) - 2017/03/01 19:28:29 ET
Table 'Seginus' 10-max Seat #1 is the button
Seat 1: Zubasa07 ($305.50 in chips)
Seat 2: anebodil ($113.50 in chips)
Zubasa07: posts small blind $1
anebodil: posts big blind $3
*** HOLE CARDS ***
Zubasa07: raises $3 to $6
anebodil: calls $3
*** FLOP *** [7c Kh 2h]
anebodil: bets $3
Zubasa07: raises $3 to $6
anebodil: calls $3
*** TURN *** [7c Kh 2h] [7h]
anebodil: bets $6
Zubasa07: raises $6 to $12
anebodil: calls $6
*** RIVER *** [7c Kh 2h 7h] [3d]
anebodil: bets $6
Zubasa07: raises $6 to $12
anebodil: calls $6
*** SHOW DOWN ***
Zubasa07: shows [Qh Jh] (a flush, King high)
anebodil: mucks hand
Zubasa07 collected $71.50 from pot
*** SUMMARY ***
Total pot $72 | Rake $0.50
Board [7c Kh 2h 7h 3d]
Seat 1: Zubasa07 (button) (small blind) showed [Qh Jh] and won ($71.50) with a flush, King high
Seat 2: anebodil (big blind) mucked


PokerStars Hand #166977776935:  Hold'em Limit ($3/$6 USD) - 2017/03/01 19:30:25 ET
Table 'Seginus' 10-max Seat #1 is the button
Seat 1: Zubasa07 ($381.88 in chips)
Seat 2: anebodil ($35.26 in chips)
Zubasa07: posts small blind $1
anebodil: posts big blind $3
*** HOLE CARDS ***
Zubasa07: folds
Uncalled bet ($2) returned to anebodil
anebodil collected $2 from pot
*** SUMMARY ***
Total pot $2 | Rake $0
Seat 1: Zubasa07 (button) (small blind) folded before Flop
Seat 2: anebodil (big blind) collected ($2)


PokerStars Hand #166977771403:  Hold'em Limit ($3/$6 USD) - 2017/03/01 19:30:16 ET
Table 'Seginus' 10-max Seat #2 is the button
Seat 1: Zubasa07 ($379 in chips)
Seat 2: anebodil ($38.26 in chips)
anebodil: posts small blind $1
Zubasa07: posts big blind $3
*** HOLE CARDS ***
anebodil: calls $2
Zubasa07: checks
*** FLOP *** [6d Ad 2d]
Zubasa07: bets $3
anebodil: folds
Uncalled bet ($3) returned to Zubasa07
Zubasa07 collected $5.88 from pot
Zubasa07: doesn't show hand
*** SUMMARY ***
Total pot $6 | Rake $0.12
Board [6d Ad 2d]
Seat 1: Zubasa07 (big blind) collected ($5.88)
Seat 2: anebodil (button) (small blind) folded on the Flop


PokerStars Hand #166977767578:  Hold'em Limit ($3/$6 USD) - 2017/03/01 19:30:10 ET
Table 'Seginus' 10-max Seat #1 is the button
Seat 1: Zubasa07 ($376 in chips)
Seat 2: anebodil ($41.26 in chips)
Zubasa07: posts small blind $1
anebodil: posts big blind $3
*** HOLE CARDS ***
Zubasa07: raises $3 to $6
anebodil: folds
Uncalled bet ($3) returned to Zubasa07
Zubasa07 collected $6 from pot
Zubasa07: doesn't show hand
*** SUMMARY ***
Total pot $6 | Rake $0
Seat 1: Zubasa07 (button) (small blind) collected ($6)
Seat 2: anebodil (big blind) folded before Flop


PokerStars Hand #166977751591:  Hold'em Limit ($3/$6 USD) - 2017/03/01 19:29:43 ET
Table 'Seginus' 10-max Seat #2 is the button
Seat 1: Zubasa07 ($355.50 in chips)
Seat 2: anebodil ($62.26 in chips)
anebodil: posts small blind $1
Zubasa07: posts big blind $3
*** HOLE CARDS ***
anebodil: calls $2
Zubasa07: raises $3 to $6
anebodil: calls $3
*** FLOP *** [5h 5s 7h]
Zubasa07: bets $3
anebodil: calls $3
*** TURN *** [5h 5s 7h] [5c]
Zubasa07: bets $6
anebodil: calls $6
*** RIVER *** [5h 5s 7h 5c] [2s]
Zubasa07: bets $6
anebodil: calls $6
*** SHOW DOWN ***
Zubasa07: shows [8s 9c] (three of a kind, Fives)
anebodil: mucks hand
Zubasa07 collected $41.50 from pot
*** SUMMARY ***
Total pot $42 | Rake $0.50
Board [5h 5s 7h 5c 2s]
Seat 1: Zubasa07 (big blind) showed [8s 9c] and won ($41.50) with three of a kind, Fives
Seat 2: anebodil (button) (small blind) mucked


PokerStars Hand #166977735940:  Hold'em Limit ($3/$6 USD) - 2017/03/01 19:29:17 ET
Table 'Seginus' 10-max Seat #1 is the button
Seat 1: Zubasa07 ($335 in chips)
Seat 2: anebodil ($83.26 in chips)
Zubasa07: posts small blind $1
anebodil: posts big blind $3
*** HOLE CARDS ***
Zubasa07: raises $3 to $6
anebodil: calls $3
*** FLOP *** [Jc Js 8h]
anebodil: checks
Zubasa07: bets $3
anebodil: calls $3
*** TURN *** [Jc Js 8h] [7c]
anebodil: checks
Zubasa07: bets $6
anebodil: calls $6
*** RIVER *** [Jc Js 8h 7c] [9c]
anebodil: bets $6
Zubasa07: calls $6
*** SHOW DOWN ***
anebodil: shows [Kh 9d] (two pair, Jacks and Nines)
Zubasa07: shows [Ah Th] (a straight, Seven to Jack)
Zubasa07 collected $41.50 from pot
*** SUMMARY ***
Total pot $42 | Rake $0.50
Board [Jc Js 8h 7c 9c]
Seat 1: Zubasa07 (button) (small blind) showed [Ah Th] and won ($41.50) with a straight, Seven to Jack
Seat 2: anebodil (big blind) showed [Kh 9d] and lost with two pair, Jacks and Nines


PokerStars Hand #166977799224:  Hold'em Limit ($3/$6 USD) - 2017/03/01 19:31:02 ET
Table 'Seginus' 10-max Seat #1 is the button
Seat 1: Zubasa07 ($356.88 in chips)
Seat 2: anebodil ($59.76 in chips)
Zubasa07: posts small blind $1
anebodil: posts big blind $3
*** HOLE CARDS ***
Zubasa07: raises $3 to $6
anebodil: calls $3
*** FLOP *** [3s Jc Ks]
anebodil: checks
Zubasa07: bets $3
anebodil: calls $3
*** TURN *** [3s Jc Ks] [7d]
anebodil: checks
Zubasa07: bets $6
anebodil: calls $6
*** RIVER *** [3s Jc Ks 7d] [8s]
anebodil: bets $6
Zubasa07: raises $6 to $12
anebodil: folds
Uncalled bet ($6) returned to Zubasa07
Zubasa07 collected $41.50 from pot
Zubasa07: doesn't show hand
*** SUMMARY ***
Total pot $42 | Rake $0.50
Board [3s Jc Ks 7d 8s]
Seat 1: Zubasa07 (button) (small blind) collected ($41.50)
Seat 2: anebodil (big blind) folded on the River


PokerStars Hand #166977779708:  Hold'em Limit ($3/$6 USD) - 2017/03/01 19:30:30 ET
Table 'Seginus' 10-max Seat #2 is the button
Seat 1: Zubasa07 ($380.88 in chips)
Seat 2: anebodil ($36.26 in chips)
anebodil: posts small blind $1
Zubasa07: posts big blind $3
*** HOLE CARDS ***
anebodil: raises $3 to $6
Zubasa07: raises $3 to $9
anebodil: calls $3
*** FLOP *** [6h 6s As]
Zubasa07: bets $3
anebodil: calls $3
*** TURN *** [6h 6s As] [9c]
Zubasa07: checks
anebodil: bets $6
Zubasa07: calls $6
*** RIVER *** [6h 6s As 9c] [Jd]
Zubasa07: checks
anebodil: bets $6
Zubasa07: calls $6
*** SHOW DOWN ***
anebodil: shows [Kd Ah] (two pair, Aces and Sixes)
Zubasa07: mucks hand
anebodil collected $47.50 from pot
*** SUMMARY ***
Total pot $48 | Rake $0.50
Board [6h 6s As 9c Jd]
Seat 1: Zubasa07 (big blind) mucked
Seat 2: anebodil (button) (small blind) showed [Kd Ah] and won ($47.50) with two pair, Aces and Sixes


PokerStars Hand #166977836644:  Hold'em Limit ($3/$6 USD) - 2017/03/01 19:32:05 ET
Table 'Seginus' 10-max Seat #2 is the button
Seat 1: Zubasa07 ($371.38 in chips)
Seat 2: anebodil ($44.40 in chips)
anebodil: posts small blind $1
Zubasa07: posts big blind $3
*** HOLE CARDS ***
anebodil: calls $2
Zubasa07: checks
*** FLOP *** [2h 5s 3s]
Zubasa07: bets $3
anebodil: calls $3
*** TURN *** [2h 5s 3s] [Td]
Zubasa07: bets $6
anebodil: calls $6
*** RIVER *** [2h 5s 3s Td] [6d]
Zubasa07: checks
anebodil: checks
*** SHOW DOWN ***
Zubasa07: shows [5h Ks] (a pair of Fives)
anebodil: shows [Qs 6h] (a pair of Sixes)
anebodil collected $23.52 from pot
*** SUMMARY ***
Total pot $24 | Rake $0.48
Board [2h 5s 3s Td 6d]
Seat 1: Zubasa07 (big blind) showed [5h Ks] and lost with a pair of Fives
Seat 2: anebodil (button) (small blind) showed [Qs 6h] and won ($23.52) with a pair of Sixes


PokerStars Hand #166977832918:  Hold'em Limit ($3/$6 USD) - 2017/03/01 19:31:58 ET
Table 'Seginus' 10-max Seat #1 is the button
Seat 1: Zubasa07 ($368.38 in chips)
Seat 2: anebodil ($47.40 in chips)
Zubasa07: posts small blind $1
anebodil: posts big blind $3
*** HOLE CARDS ***
Zubasa07: raises $3 to $6
anebodil: folds
Uncalled bet ($3) returned to Zubasa07
Zubasa07 collected $6 from pot
Zubasa07: doesn't show hand
*** SUMMARY ***
Total pot $6 | Rake $0
Seat 1: Zubasa07 (button) (small blind) collected ($6)
Seat 2: anebodil (big blind) folded before Flop


PokerStars Hand #166977819444:  Hold'em Limit ($3/$6 USD) - 2017/03/01 19:31:36 ET
Table 'Seginus' 10-max Seat #2 is the button
Seat 1: Zubasa07 ($377.38 in chips)
Seat 2: anebodil ($38.76 in chips)
anebodil: posts small blind $1
Zubasa07: posts big blind $3
*** HOLE CARDS ***
anebodil: calls $2
Zubasa07: checks
*** FLOP *** [Jh Tc 9s]
Zubasa07: checks
anebodil: checks
*** TURN *** [Jh Tc 9s] [8c]
Zubasa07: bets $6
anebodil: calls $6
*** RIVER *** [Jh Tc 9s 8c] [6s]
Zubasa07: checks
anebodil: bets $6
Zubasa07: folds
Uncalled bet ($6) returned to anebodil
anebodil collected $17.64 from pot
*** SUMMARY ***
Total pot $18 | Rake $0.36
Board [Jh Tc 9s 8c 6s]
Seat 1: Zubasa07 (big blind) folded on the River
Seat 2: anebodil (button) (small blind) collected ($17.64)


PokerStars Hand #166977875422:  Hold'em Limit ($3/$6 USD) - 2017/03/01 19:33:10 ET
Table 'Seginus' 10-max Seat #1 is the button
Seat 1: Zubasa07 ($345.38 in chips)
Seat 2: anebodil ($69.42 in chips)
Zubasa07: posts small blind $1
anebodil: posts big blind $3
*** HOLE CARDS ***
Zubasa07: raises $3 to $6
anebodil: folds
Uncalled bet ($3) returned to Zubasa07
Zubasa07 collected $6 from pot
Zubasa07: doesn't show hand
*** SUMMARY ***
Total pot $6 | Rake $0
Seat 1: Zubasa07 (button) (small blind) collected ($6)
Seat 2: anebodil (big blind) folded before Flop


PokerStars Hand #166977872352:  Hold'em Limit ($3/$6 USD) - 2017/03/01 19:33:05 ET
Table 'Seginus' 10-max Seat #2 is the button
Seat 1: Zubasa07 ($344.38 in chips)
Seat 2: anebodil ($70.42 in chips)
anebodil: posts small blind $1
Zubasa07: posts big blind $3
*** HOLE CARDS ***
anebodil: folds
Uncalled bet ($2) returned to Zubasa07
Zubasa07 collected $2 from pot
Zubasa07: doesn't show hand
*** SUMMARY ***
Total pot $2 | Rake $0
Seat 1: Zubasa07 (big blind) collected ($2)
Seat 2: anebodil (button) (small blind) folded before Flop


PokerStars Hand #166977847426:  Hold'em Limit ($3/$6 USD) - 2017/03/01 19:32:23 ET
Table 'Seginus' 10-max Seat #1 is the button
Seat 1: Zubasa07 ($359.38 in chips)
Seat 2: anebodil ($55.92 in chips)
Zubasa07: posts small blind $1
anebodil: posts big blind $3
*** HOLE CARDS ***
Zubasa07: raises $3 to $6
anebodil: calls $3
*** FLOP *** [As 7c Ks]
anebodil: checks
Zubasa07: bets $3
anebodil: calls $3
*** TURN *** [As 7c Ks] [3h]
anebodil: checks
Zubasa07: bets $6
anebodil: calls $6
*** RIVER *** [As 7c Ks 3h] [3s]
anebodil: checks
Zubasa07: checks
*** SHOW DOWN ***
anebodil: shows [Ts Th] (two pair, Tens and Threes)
Zubasa07: mucks hand
anebodil collected $29.50 from pot
*** SUMMARY ***
Total pot $30 | Rake $0.50
Board [As 7c Ks 3h 3s]
Seat 1: Zubasa07 (button) (small blind) mucked
Seat 2: anebodil (big blind) showed [Ts Th] and won ($29.50) with two pair, Tens and Threes


PokerStars Hand #166977898543:  Hold'em Limit ($3/$6 USD) - 2017/03/01 19:33:49 ET
Table 'Seginus' 10-max Seat #1 is the button
Seat 1: Zubasa07 ($330.38 in chips)
Seat 2: anebodil ($83.92 in chips)
Zubasa07: posts small blind $1
anebodil: posts big blind $3
*** HOLE CARDS ***
Zubasa07: raises $3 to $6
anebodil: calls $3
*** FLOP *** [4h 4s 9h]
anebodil: checks
Zubasa07: bets $3
anebodil: folds
Uncalled bet ($3) returned to Zubasa07
Zubasa07 collected $11.76 from pot
Zubasa07: doesn't show hand
*** SUMMARY ***
Total pot $12 | Rake $0.24
Board [4h 4s 9h]
Seat 1: Zubasa07 (button) (small blind) collected ($11.76)
Seat 2: anebodil (big blind) folded on the Flop


PokerStars Hand #166977878656:  Hold'em Limit ($3/$6 USD) - 2017/03/01 19:33:15 ET
Table 'Seginus' 10-max Seat #2 is the button
Seat 1: Zubasa07 ($348.38 in chips)
Seat 2: anebodil ($66.42 in chips)
anebodil: posts small blind $1
Zubasa07: posts big blind $3
*** HOLE CARDS ***
anebodil: raises $3 to $6
Zubasa07: raises $3 to $9
anebodil: calls $3
*** FLOP *** [8c 6c 7h]
Zubasa07: bets $3
anebodil: calls $3
*** TURN *** [8c 6c 7h] [3h]
Zubasa07: bets $6
anebodil: calls $6
*** RIVER *** [8c 6c 7h 3h] [3d]
Zubasa07: checks
anebodil: checks
*** SHOW DOWN ***
Zubasa07: shows [Ts Qs] (a pair of Threes)
anebodil: shows [9c Kh] (a pair of Threes - King kicker)
anebodil collected $35.50 from pot
*** SUMMARY ***
Total pot $36 | Rake $0.50
Board [8c 6c 7h 3h 3d]
Seat 1: Zubasa07 (big blind) showed [Ts Qs] and lost with a pair of Threes
Seat 2: anebodil (button) (small blind) showed [9c Kh] and won ($35.50) with a pair of Threes


PokerStars Hand #166977938391:  Hold'em Limit ($3/$6 USD) - 2017/03/01 19:34:56 ET
Table 'Seginus' 10-max Seat #1 is the button
Seat 1: Zubasa07 ($331.14 in chips)
Seat 2: anebodil ($82.56 in chips)
Zubasa07: posts small blind $1
anebodil: posts big blind $3
*** HOLE CARDS ***
Zubasa07: raises $3 to $6
anebodil: calls $3
*** FLOP *** [Qh 9h 5d]
anebodil: checks
Zubasa07: bets $3
anebodil: calls $3
*** TURN *** [Qh 9h 5d] [4c]
anebodil: bets $6
Zubasa07: calls $6
*** RIVER *** [Qh 9h 5d 4c] [5h]
anebodil: bets $6
Zubasa07: calls $6
*** SHOW DOWN ***
anebodil: shows [4h 7h] (a flush, Queen high)
Zubasa07: mucks hand
anebodil collected $41.50 from pot
*** SUMMARY ***
Total pot $42 | Rake $0.50
Board [Qh 9h 5d 4c 5h]
Seat 1: Zubasa07 (button) (small blind) mucked
Seat 2: anebodil (big blind) showed [4h 7h] and won ($41.50) with a flush, Queen high


PokerStars Hand #166977935434:  Hold'em Limit ($3/$6 USD) - 2017/03/01 19:34:50 ET
Table 'Seginus' 10-max Seat #2 is the button
Seat 1: Zubasa07 ($330.14 in chips)
Seat 2: anebodil ($83.56 in chips)
anebodil: posts small blind $1
Zubasa07: posts big blind $3
*** HOLE CARDS ***
anebodil: folds
Uncalled bet ($2) returned to Zubasa07
Zubasa07 collected $2 from pot
Zubasa07: doesn't show hand
*** SUMMARY ***
Total pot $2 | Rake $0
Seat 1: Zubasa07 (big blind) collected ($2)
Seat 2: anebodil (button) (small blind) folded before Flop


PokerStars Hand #166977932291:  Hold'em Limit ($3/$6 USD) - 2017/03/01 19:34:45 ET
Table 'Seginus' 10-max Seat #1 is the button
Seat 1: Zubasa07 ($327.14 in chips)
Seat 2: anebodil ($86.56 in chips)
Zubasa07: posts small blind $1
anebodil: posts big blind $3
*** HOLE CARDS ***
Zubasa07: raises $3 to $6
anebodil: folds
Uncalled bet ($3) returned to Zubasa07
Zubasa07 collected $6 from pot
Zubasa07: doesn't show hand
*** SUMMARY ***
Total pot $6 | Rake $0
Seat 1: Zubasa07 (button) (small blind) collected ($6)
Seat 2: anebodil (big blind) folded before Flop


PokerStars Hand #166977907021:  Hold'em Limit ($3/$6 USD) - 2017/03/01 19:34:03 ET
Table 'Seginus' 10-max Seat #2 is the button
Seat 1: Zubasa07 ($336.14 in chips)
Seat 2: anebodil ($77.92 in chips)
anebodil: posts small blind $1
Zubasa07: posts big blind $3
*** HOLE CARDS ***
anebodil: calls $2
Zubasa07: checks
*** FLOP *** [7h Jh Ts]
Zubasa07: checks
anebodil: checks
*** TURN *** [7h Jh Ts] [9s]
Zubasa07: bets $6
anebodil: calls $6
*** RIVER *** [7h Jh Ts 9s] [4c]
Zubasa07: checks
anebodil: bets $6
Zubasa07: folds
Uncalled bet ($6) returned to anebodil
anebodil collected $17.64 from pot
*** SUMMARY ***
Total pot $18 | Rake $0.36
Board [7h Jh Ts 9s 4c]
Seat 1: Zubasa07 (big blind) folded on the River
Seat 2: anebodil (button) (small blind) collected ($17.64)


PokerStars Hand #166977968061:  Hold'em Limit ($3/$6 USD) - 2017/03/01 19:35:46 ET
Table 'Seginus' 10-max Seat #1 is the button
Seat 1: Zubasa07 ($313.02 in chips)
Seat 2: anebodil ($100.06 in chips)
Zubasa07: posts small blind $1
anebodil: posts big blind $3
*** HOLE CARDS ***
Zubasa07: raises $3 to $6
anebodil: calls $3
*** FLOP *** [9s 9h 8h]
anebodil: checks
Zubasa07: bets $3
anebodil: folds
Uncalled bet ($3) returned to Zubasa07
Zubasa07 collected $11.76 from pot
Zubasa07: doesn't show hand
*** SUMMARY ***
Total pot $12 | Rake $0.24
Board [9s 9h 8h]
Seat 1: Zubasa07 (button) (small blind) collected ($11.76)
Seat 2: anebodil (big blind) folded on the Flop


PokerStars Hand #166977958702:  Hold'em Limit ($3/$6 USD) - 2017/03/01 19:35:30 ET
Table 'Seginus' 10-max Seat #2 is the button
Seat 1: Zubasa07 ($310.14 in chips)
Seat 2: anebodil ($103.06 in chips)
anebodil: posts small blind $1
Zubasa07: posts big blind $3
*** HOLE CARDS ***
anebodil: calls $2
Zubasa07: checks
*** FLOP *** [Tc 3c Ad]
Zubasa07: bets $3
anebodil: folds
Uncalled bet ($3) returned to Zubasa07
Zubasa07 collected $5.88 from pot
Zubasa07: doesn't show hand
*** SUMMARY ***
Total pot $6 | Rake $0.12
Board [Tc 3c Ad]
Seat 1: Zubasa07 (big blind) collected ($5.88)
Seat 2: anebodil (button) (small blind) folded on the Flop


PokerStars Hand #166978016874:  Hold'em Limit ($3/$6 USD) - 2017/03/01 19:37:09 ET
Table 'Seginus' 10-max Seat #1 is the button
Seat 1: Zubasa07 ($314.54 in chips)
Seat 2: anebodil ($97.70 in chips)
Zubasa07: posts small blind $1
anebodil: posts big blind $3
*** HOLE CARDS ***
Zubasa07: raises $3 to $6
anebodil: calls $3
*** FLOP *** [Qs 6d Ah]
anebodil: checks
Zubasa07: bets $3
anebodil: calls $3
*** TURN *** [Qs 6d Ah] [5d]
anebodil: bets $6
Zubasa07: folds
Uncalled bet ($6) returned to anebodil
anebodil collected $17.64 from pot
*** SUMMARY ***
Total pot $18 | Rake $0.36
Board [Qs 6d Ah 5d]
Seat 1: Zubasa07 (button) (small blind) folded on the Turn
Seat 2: anebodil (big blind) collected ($17.64)


PokerStars Hand #166978004083:  Hold'em Limit ($3/$6 USD) - 2017/03/01 19:36:47 ET
Table 'Seginus' 10-max Seat #2 is the button
Seat 1: Zubasa07 ($308.78 in chips)
Seat 2: anebodil ($103.70 in chips)
anebodil: posts small blind $1
Zubasa07: posts big blind $3
*** HOLE CARDS ***
anebodil: calls $2
Zubasa07: raises $3 to $6
anebodil: calls $3
*** FLOP *** [7s 4s As]
Zubasa07: bets $3
anebodil: folds
Uncalled bet ($3) returned to Zubasa07
Zubasa07 collected $11.76 from pot
Zubasa07: doesn't show hand
*** SUMMARY ***
Total pot $12 | Rake $0.24
Board [7s 4s As]
Seat 1: Zubasa07 (big blind) collected ($11.76)
Seat 2: anebodil (button) (small blind) folded on the Flop


PokerStars Hand #166978001200:  Hold'em Limit ($3/$6 USD) - 2017/03/01 19:36:42 ET
Table 'Seginus' 10-max Seat #1 is the button
Seat 1: Zubasa07 ($309.78 in chips)
Seat 2: anebodil ($102.70 in chips)
Zubasa07: posts small blind $1
anebodil: posts big blind $3
*** HOLE CARDS ***
Zubasa07: folds
Uncalled bet ($2) returned to anebodil
anebodil collected $2 from pot
*** SUMMARY ***
Total pot $2 | Rake $0
Seat 1: Zubasa07 (button) (small blind) folded before Flop
Seat 2: anebodil (big blind) collected ($2)


PokerStars Hand #166977981675:  Hold'em Limit ($3/$6 USD) - 2017/03/01 19:36:09 ET
Table 'Seginus' 10-max Seat #2 is the button
Seat 1: Zubasa07 ($318.78 in chips)
Seat 2: anebodil ($94.06 in chips)
anebodil: posts small blind $1
Zubasa07: posts big blind $3
*** HOLE CARDS ***
anebodil: raises $3 to $6
Zubasa07: calls $3
*** FLOP *** [Th Ts 5s]
Zubasa07: checks
anebodil: bets $3
Zubasa07: calls $3
*** TURN *** [Th Ts 5s] [As]
Zubasa07: checks
anebodil: bets $6
Zubasa07: folds
Uncalled bet ($6) returned to anebodil
anebodil collected $17.64 from pot
*** SUMMARY ***
Total pot $18 | Rake $0.36
Board [Th Ts 5s As]
Seat 1: Zubasa07 (big blind) folded on the Turn
Seat 2: anebodil (button) (small blind) collected ($17.64)


PokerStars Hand #166978031401:  Hold'em Limit ($3/$6 USD) - 2017/03/01 19:37:33 ET
Table 'Seginus' 10-max Seat #2 is the button
Seat 1: Zubasa07 ($305.54 in chips)
Seat 2: anebodil ($106.34 in chips)
anebodil: posts small blind $1
Zubasa07: posts big blind $3
*** HOLE CARDS ***
anebodil: calls $2
Zubasa07: raises $3 to $6
anebodil: calls $3
*** FLOP *** [Kh Ah Js]
Zubasa07: bets $3
anebodil: calls $3
*** TURN *** [Kh Ah Js] [3h]
Zubasa07: bets $6
anebodil: calls $6
*** RIVER *** [Kh Ah Js 3h] [Ac]
Zubasa07: bets $6
anebodil: calls $6
*** SHOW DOWN ***
Zubasa07: shows [6h Jh] (a flush, Ace high)
anebodil: mucks hand
Zubasa07 collected $41.50 from pot
*** SUMMARY ***
Total pot $42 | Rake $0.50
Board [Kh Ah Js 3h Ac]
Seat 1: Zubasa07 (big blind) showed [6h Jh] and won ($41.50) with a flush, Ace high
Seat 2: anebodil (button) (small blind) mucked


PokerStars Hand #166978099363:  Hold'em Limit ($3/$6 USD) - 2017/03/01 19:39:29 ET
Table 'Seginus' 10-max Seat #1 is the button
Seat 1: Zubasa07 ($349.54 in chips)
Seat 2: anebodil ($61.22 in chips)
Zubasa07: posts small blind $1
anebodil: posts big blind $3
*** HOLE CARDS ***
Zubasa07: raises $3 to $6
anebodil: folds
Uncalled bet ($3) returned to Zubasa07
Zubasa07 collected $6 from pot
Zubasa07: doesn't show hand
*** SUMMARY ***
Total pot $6 | Rake $0
Seat 1: Zubasa07 (button) (small blind) collected ($6)
Seat 2: anebodil (big blind) folded before Flop


PokerStars Hand #166978077869:  Hold'em Limit ($3/$6 USD) - 2017/03/01 19:38:53 ET
Table 'Seginus' 10-max Seat #2 is the button
Seat 1: Zubasa07 ($352.54 in chips)
Seat 2: anebodil ($58.34 in chips)
anebodil: posts small blind $1
Zubasa07: posts big blind $3
*** HOLE CARDS ***
anebodil: calls $2
LouisB joins the table at seat #3
Zubasa07: checks
*** FLOP *** [As 3c Ad]
Zubasa07: checks
anebodil: checks
*** TURN *** [As 3c Ad] [7h]
Zubasa07: checks
anebodil: checks
*** RIVER *** [As 3c Ad 7h] [3d]
Zubasa07: checks
anebodil: bets $6
Zubasa07: folds
Uncalled bet ($6) returned to anebodil
anebodil collected $5.88 from pot
*** SUMMARY ***
Total pot $6 | Rake $0.12
Board [As 3c Ad 7h 3d]
Seat 1: Zubasa07 (big blind) folded on the River
Seat 2: anebodil (button) (small blind) collected ($5.88)


PokerStars Hand #166978062027:  Hold'em Limit ($3/$6 USD) - 2017/03/01 19:38:25 ET
Table 'Seginus' 10-max Seat #1 is the button
Seat 1: Zubasa07 ($326.04 in chips)
Seat 2: anebodil ($85.34 in chips)
Zubasa07: posts small blind $1
anebodil: posts big blind $3
*** HOLE CARDS ***
Zubasa07: raises $3 to $6
anebodil: calls $3
*** FLOP *** [4h 2s Td]
anebodil: checks
Zubasa07: bets $3
anebodil: calls $3
*** TURN *** [4h 2s Td] [8d]
anebodil: bets $6
Zubasa07: raises $6 to $12
anebodil: calls $6
*** RIVER *** [4h 2s Td 8d] [8c]
anebodil: checks
Zubasa07: bets $6
anebodil: calls $6
*** SHOW DOWN ***
Zubasa07: shows [4d Tc] (two pair, Tens and Eights)
anebodil: mucks hand
Zubasa07 collected $53.50 from pot
*** SUMMARY ***
Total pot $54 | Rake $0.50
Board [4h 2s Td 8d 8c]
Seat 1: Zubasa07 (button) (small blind) showed [4d Tc] and won ($53.50) with two pair, Tens and Eights
Seat 2: anebodil (big blind) mucked


