PokerStars Hand #168859820125:  Hold'em Limit ($3/$6 USD) - 2017/04/10 16:51:36 ET
Table 'Segin II' 6-max Seat #1 is the button
Seat 1: 7superpoker ($91.88 in chips)
Seat 4: Actionni13 ($150 in chips)
7superpoker: posts small blind $1
Actionni13: posts big blind $3
*** HOLE CARDS ***
7superpoker: folds
Uncalled bet ($2) returned to Actionni13
Actionni13 collected $2 from pot
Actionni13: doesn't show hand
*** SUMMARY ***
Total pot $2 | Rake $0
Seat 1: 7superpoker (button) (small blind) folded before Flop
Seat 4: Actionni13 (big blind) collected ($2)


PokerStars Hand #168859795602:  Hold'em Limit ($3/$6 USD) - 2017/04/10 16:51:08 ET
Table 'Segin II' 6-max Seat #4 is the button
Seat 1: 7superpoker ($74.38 in chips)
Seat 4: Actionni13 ($150 in chips)
Actionni13: posts small blind $1
7superpoker: posts big blind $3
*** HOLE CARDS ***
Actionni13: raises $3 to $6
7superpoker: raises $3 to $9
Actionni13: calls $3
*** FLOP *** [5h 3h 8s]
7superpoker: bets $3
Actionni13: calls $3
*** TURN *** [5h 3h 8s] [6h]
7superpoker: bets $6
Actionni13: calls $6
*** RIVER *** [5h 3h 8s 6h] [Qd]
7superpoker: bets $6
Actionni13: folds
Uncalled bet ($6) returned to 7superpoker
7superpoker collected $35.50 from pot
*** SUMMARY ***
Total pot $36 | Rake $0.50
Board [5h 3h 8s 6h Qd]
Seat 1: 7superpoker (big blind) collected ($35.50)
Seat 4: Actionni13 (button) (small blind) folded on the River


PokerStars Hand #168859753579:  Hold'em Limit ($3/$6 USD) - 2017/04/10 16:50:20 ET
Table 'Segin II' 6-max Seat #1 is the button
Seat 1: 7superpoker ($50.88 in chips)
Seat 4: Actionni13 ($150 in chips)
7superpoker: posts small blind $1
Actionni13: posts big blind $3
*** HOLE CARDS ***
7superpoker: raises $3 to $6
Actionni13: calls $3
*** FLOP *** [Jd 4c 6c]
Actionni13: checks
7superpoker: bets $3
Actionni13: raises $3 to $6
7superpoker: calls $3
*** TURN *** [Jd 4c 6c] [9s]
Actionni13: bets $6
7superpoker: raises $6 to $12
Actionni13: calls $6
*** RIVER *** [Jd 4c 6c 9s] [8d]
Actionni13: checks
7superpoker: bets $6
Actionni13: folds
Uncalled bet ($6) returned to 7superpoker
7superpoker collected $47.50 from pot
*** SUMMARY ***
Total pot $48 | Rake $0.50
Board [Jd 4c 6c 9s 8d]
Seat 1: 7superpoker (button) (small blind) collected ($47.50)
Seat 4: Actionni13 (big blind) folded on the River


PokerStars Hand #168859840587:  Hold'em Limit ($3/$6 USD) - 2017/04/10 16:51:59 ET
Table 'Segin II' 6-max Seat #1 is the button
Seat 1: 7superpoker ($102.40 in chips)
Seat 4: Actionni13 ($150 in chips)
7superpoker: posts small blind $1
Actionni13: posts big blind $3
*** HOLE CARDS ***
7superpoker: raises $3 to $6
Actionni13: calls $3
*** FLOP *** [5s 2h 9c]
Actionni13: checks
7superpoker: bets $3
Actionni13: calls $3
*** TURN *** [5s 2h 9c] [8d]
Actionni13: checks
7superpoker: bets $6
Actionni13: calls $6
*** RIVER *** [5s 2h 9c 8d] [6h]
Actionni13: checks
7superpoker: bets $6
Actionni13: folds
Uncalled bet ($6) returned to 7superpoker
7superpoker collected $29.50 from pot
*** SUMMARY ***
Total pot $30 | Rake $0.50
Board [5s 2h 9c 8d 6h]
Seat 1: 7superpoker (button) (small blind) collected ($29.50)
Seat 4: Actionni13 (big blind) folded on the River


PokerStars Hand #168859825975:  Hold'em Limit ($3/$6 USD) - 2017/04/10 16:51:42 ET
Table 'Segin II' 6-max Seat #4 is the button
Seat 1: 7superpoker ($90.88 in chips)
Seat 4: Actionni13 ($151 in chips)
Actionni13: posts small blind $1
7superpoker: posts big blind $3
*** HOLE CARDS ***
Actionni13: raises $3 to $6
7superpoker: raises $3 to $9
Actionni13: calls $3
*** FLOP *** [3c 8d 2s]
7superpoker: bets $3
Actionni13: calls $3
*** TURN *** [3c 8d 2s] [6d]
7superpoker: bets $6
Actionni13: folds
Uncalled bet ($6) returned to 7superpoker
7superpoker collected $23.52 from pot
*** SUMMARY ***
Total pot $24 | Rake $0.48
Board [3c 8d 2s 6d]
Seat 1: 7superpoker (big blind) collected ($23.52)
Seat 4: Actionni13 (button) (small blind) folded on the Turn


PokerStars Hand #168860031184:  Hold'em Limit ($3/$6 USD) - 2017/04/10 16:55:40 ET
Table 'Segin II' 6-max Seat #4 is the button
Seat 1: perten ($113.64 in chips)
Seat 4: Actionni13 ($150 in chips)
Actionni13: posts small blind $1
perten: posts big blind $3
*** HOLE CARDS ***
Actionni13: folds
Uncalled bet ($2) returned to perten
perten collected $2 from pot
perten: doesn't show hand
*** SUMMARY ***
Total pot $2 | Rake $0
Seat 1: perten (big blind) collected ($2)
Seat 4: Actionni13 (button) (small blind) folded before Flop


PokerStars Hand #168860065116:  Hold'em Limit ($3/$6 USD) - 2017/04/10 16:56:27 ET
Table 'Segin II' 6-max Seat #4 is the button
Seat 1: perten ($113.40 in chips)
Seat 4: Actionni13 ($150.76 in chips)
Actionni13: posts small blind $1
perten: posts big blind $3
*** HOLE CARDS ***
Actionni13: raises $3 to $6
perten: raises $3 to $9
Actionni13: calls $3
*** FLOP *** [8h 9s Ad]
perten: bets $3
Actionni13: folds
Uncalled bet ($3) returned to perten
perten collected $17.64 from pot
perten: doesn't show hand
*** SUMMARY ***
Total pot $18 | Rake $0.36
Board [8h 9s Ad]
Seat 1: perten (big blind) collected ($17.64)
Seat 4: Actionni13 (button) (small blind) folded on the Flop


PokerStars Hand #168860055020:  Hold'em Limit ($3/$6 USD) - 2017/04/10 16:56:13 ET
Table 'Segin II' 6-max Seat #1 is the button
Seat 1: perten ($107.64 in chips)
Seat 4: Actionni13 ($156.76 in chips)
perten: posts small blind $1
Actionni13: posts big blind $3
*** HOLE CARDS ***
perten: raises $3 to $6
Actionni13: calls $3
*** FLOP *** [Jh 2d 7d]
Actionni13: checks
perten: bets $3
Actionni13: folds
Uncalled bet ($3) returned to perten
perten collected $11.76 from pot
perten: doesn't show hand
*** SUMMARY ***
Total pot $12 | Rake $0.24
Board [Jh 2d 7d]
Seat 1: perten (button) (small blind) collected ($11.76)
Seat 4: Actionni13 (big blind) folded on the Flop


PokerStars Hand #168860042716:  Hold'em Limit ($3/$6 USD) - 2017/04/10 16:55:56 ET
Table 'Segin II' 6-max Seat #4 is the button
Seat 1: perten ($113.64 in chips)
Seat 4: Actionni13 ($151 in chips)
Actionni13: posts small blind $1
perten: posts big blind $3
*** HOLE CARDS ***
Actionni13: raises $3 to $6
perten: calls $3
*** FLOP *** [Ah 9s 8c]
perten: checks
Actionni13: bets $3
perten: folds
Uncalled bet ($3) returned to Actionni13
Actionni13 collected $11.76 from pot
Actionni13: doesn't show hand
*** SUMMARY ***
Total pot $12 | Rake $0.24
Board [Ah 9s 8c]
Seat 1: perten (big blind) folded on the Flop
Seat 4: Actionni13 (button) (small blind) collected ($11.76)


PokerStars Hand #168860038344:  Hold'em Limit ($3/$6 USD) - 2017/04/10 16:55:50 ET
Table 'Segin II' 6-max Seat #1 is the button
Seat 1: perten ($114.64 in chips)
Seat 4: Actionni13 ($150 in chips)
perten: posts small blind $1
Actionni13: posts big blind $3
*** HOLE CARDS ***
perten: folds
Uncalled bet ($2) returned to Actionni13
Actionni13 collected $2 from pot
Actionni13: doesn't show hand
*** SUMMARY ***
Total pot $2 | Rake $0
Seat 1: perten (button) (small blind) folded before Flop
Seat 4: Actionni13 (big blind) collected ($2)


PokerStars Hand #168860111970:  Hold'em Limit ($3/$6 USD) - 2017/04/10 16:57:33 ET
Table 'Segin II' 6-max Seat #1 is the button
Seat 1: perten ($107.04 in chips)
Seat 4: Actionni13 ($164.52 in chips)
perten: posts small blind $1
Actionni13: posts big blind $3
*** HOLE CARDS ***
perten: raises $3 to $6
Actionni13: calls $3
*** FLOP *** [Qh 8s 4c]
Actionni13: checks
perten: bets $3
Actionni13: raises $3 to $6
perten: folds
Uncalled bet ($3) returned to Actionni13
Actionni13 collected $17.64 from pot
Actionni13: doesn't show hand
*** SUMMARY ***
Total pot $18 | Rake $0.36
Board [Qh 8s 4c]
Seat 1: perten (button) (small blind) folded on the Flop
Seat 4: Actionni13 (big blind) collected ($17.64)


PokerStars Hand #168860075836:  Hold'em Limit ($3/$6 USD) - 2017/04/10 16:56:42 ET
Table 'Segin II' 6-max Seat #1 is the button
Seat 1: perten ($122.04 in chips)
Seat 4: Actionni13 ($150 in chips)
perten: posts small blind $1
Actionni13: posts big blind $3
*** HOLE CARDS ***
perten: raises $3 to $6
Actionni13: calls $3
*** FLOP *** [Ts 7c 3s]
Actionni13: checks
perten: bets $3
Actionni13: raises $3 to $6
perten: calls $3
*** TURN *** [Ts 7c 3s] [Qd]
Actionni13: bets $6
perten: folds
Uncalled bet ($6) returned to Actionni13
Actionni13 collected $23.52 from pot
Actionni13: doesn't show hand
*** SUMMARY ***
Total pot $24 | Rake $0.48
Board [Ts 7c 3s Qd]
Seat 1: perten (button) (small blind) folded on the Turn
Seat 4: Actionni13 (big blind) collected ($23.52)


PokerStars Hand #168860107355:  Hold'em Limit ($3/$6 USD) - 2017/04/10 16:57:26 ET
Table 'Segin II' 6-max Seat #4 is the button
Seat 1: perten ($110.04 in chips)
Seat 4: Actionni13 ($161.52 in chips)
Actionni13: posts small blind $1
perten: posts big blind $3
*** HOLE CARDS ***
Actionni13: raises $3 to $6
perten: folds
Uncalled bet ($3) returned to Actionni13
Actionni13 collected $6 from pot
Actionni13: doesn't show hand
*** SUMMARY ***
Total pot $6 | Rake $0
Seat 1: perten (big blind) folded before Flop
Seat 4: Actionni13 (button) (small blind) collected ($6)


PokerStars Hand #168860101852:  Hold'em Limit ($3/$6 USD) - 2017/04/10 16:57:18 ET
Table 'Segin II' 6-max Seat #1 is the button
Seat 1: perten ($111.04 in chips)
Seat 4: Actionni13 ($160.52 in chips)
perten: posts small blind $1
Actionni13: posts big blind $3
*** HOLE CARDS ***
perten: folds
Uncalled bet ($2) returned to Actionni13
Actionni13 collected $2 from pot
Actionni13: doesn't show hand
*** SUMMARY ***
Total pot $2 | Rake $0
Seat 1: perten (button) (small blind) folded before Flop
Seat 4: Actionni13 (big blind) collected ($2)


PokerStars Hand #168860146093:  Hold'em Limit ($3/$6 USD) - 2017/04/10 16:58:20 ET
Table 'Segin II' 6-max Seat #1 is the button
Seat 1: perten ($101.80 in chips)
Seat 4: Actionni13 ($169.16 in chips)
perten: posts small blind $1
Actionni13: posts big blind $3
*** HOLE CARDS ***
perten: raises $3 to $6
Actionni13: calls $3
*** FLOP *** [9d Tc 8c]
Actionni13: bets $3
perten: calls $3
*** TURN *** [9d Tc 8c] [3c]
Actionni13: checks
perten: checks
*** RIVER *** [9d Tc 8c 3c] [4d]
Actionni13: checks
perten: checks
*** SHOW DOWN ***
Actionni13: shows [Jd 6d] (high card Jack)
perten: shows [Ac 4h] (a pair of Fours)
perten collected $17.64 from pot
*** SUMMARY ***
Total pot $18 | Rake $0.36
Board [9d Tc 8c 3c 4d]
Seat 1: perten (button) (small blind) showed [Ac 4h] and won ($17.64) with a pair of Fours
Seat 4: Actionni13 (big blind) showed [Jd 6d] and lost with high card Jack


PokerStars Hand #168860132258:  Hold'em Limit ($3/$6 USD) - 2017/04/10 16:58:01 ET
Table 'Segin II' 6-max Seat #1 is the button
Seat 1: perten ($95.04 in chips)
Seat 4: Actionni13 ($176.16 in chips)
perten: posts small blind $1
Actionni13: posts big blind $3
*** HOLE CARDS ***
perten: raises $3 to $6
Actionni13: calls $3
*** FLOP *** [Ad 9s 4s]
Actionni13: checks
perten: bets $3
Actionni13: folds
Uncalled bet ($3) returned to perten
perten collected $11.76 from pot
*** SUMMARY ***
Total pot $12 | Rake $0.24
Board [Ad 9s 4s]
Seat 1: perten (button) (small blind) collected ($11.76)
Seat 4: Actionni13 (big blind) folded on the Flop


PokerStars Hand #168860127113:  Hold'em Limit ($3/$6 USD) - 2017/04/10 16:57:54 ET
Table 'Segin II' 6-max Seat #4 is the button
Seat 1: perten ($98.04 in chips)
Seat 4: Actionni13 ($173.16 in chips)
Actionni13: posts small blind $1
perten: posts big blind $3
*** HOLE CARDS ***
Actionni13: raises $3 to $6
perten: folds
Uncalled bet ($3) returned to Actionni13
Actionni13 collected $6 from pot
Actionni13: doesn't show hand
*** SUMMARY ***
Total pot $6 | Rake $0
Seat 1: perten (big blind) folded before Flop
Seat 4: Actionni13 (button) (small blind) collected ($6)


PokerStars Hand #168860179655:  Hold'em Limit ($3/$6 USD) - 2017/04/10 16:59:07 ET
Table 'Segin II' 6-max Seat #1 is the button
Seat 1: perten ($121.96 in chips)
Seat 4: Actionni13 ($150 in chips)
perten: posts small blind $1
Actionni13: posts big blind $3
*** HOLE CARDS ***
perten: raises $3 to $6
Actionni13: calls $3
*** FLOP *** [3c 9h 4c]
Actionni13: checks
perten: bets $3
Actionni13: calls $3
*** TURN *** [3c 9h 4c] [Qs]
Actionni13: checks
perten: checks
*** RIVER *** [3c 9h 4c Qs] [3h]
hooverr joins the table at seat #5
Actionni13: checks
perten: checks
*** SHOW DOWN ***
Actionni13: shows [6h Jc] (a pair of Threes)
perten: shows [Ah 4h] (two pair, Fours and Threes)
perten collected $17.64 from pot
*** SUMMARY ***
Total pot $18 | Rake $0.36
Board [3c 9h 4c Qs 3h]
Seat 1: perten (button) (small blind) showed [Ah 4h] and won ($17.64) with two pair, Fours and Threes
Seat 4: Actionni13 (big blind) showed [6h Jc] and lost with a pair of Threes


PokerStars Hand #168860165519:  Hold'em Limit ($3/$6 USD) - 2017/04/10 16:58:47 ET
Table 'Segin II' 6-max Seat #4 is the button
Seat 1: perten ($110.44 in chips)
Seat 4: Actionni13 ($160.16 in chips)
Actionni13: posts small blind $1
perten: posts big blind $3
*** HOLE CARDS ***
Actionni13: raises $3 to $6
perten: raises $3 to $9
Actionni13: calls $3
*** FLOP *** [Tc 4s 6c]
perten: bets $3
Actionni13: calls $3
*** TURN *** [Tc 4s 6c] [3d]
perten: bets $6
Actionni13: folds
Uncalled bet ($6) returned to perten
perten collected $23.52 from pot
perten: doesn't show hand
*** SUMMARY ***
Total pot $24 | Rake $0.48
Board [Tc 4s 6c 3d]
Seat 1: perten (big blind) collected ($23.52)
Seat 4: Actionni13 (button) (small blind) folded on the Turn


PokerStars Hand #168861560929:  Hold'em Limit ($3/$6 USD) - 2017/04/10 17:25:38 ET
Table 'Segin II' 6-max Seat #4 is the button
Seat 2: Lauriston72 ($101.90 in chips)
Seat 4: Actionni13 ($225.55 in chips)
Actionni13: posts small blind $1
love_mmm: is sitting out
Lauriston72: posts big blind $3
*** HOLE CARDS ***
Actionni13: raises $3 to $6
Lauriston72: calls $3
*** FLOP *** [4s Tc 2c]
Lauriston72: checks
Actionni13: checks
*** TURN *** [4s Tc 2c] [2s]
Lauriston72: bets $6
Actionni13: folds
Uncalled bet ($6) returned to Lauriston72
Lauriston72 collected $11.76 from pot
Lauriston72: doesn't show hand
*** SUMMARY ***
Total pot $12 | Rake $0.24
Board [4s Tc 2c 2s]
Seat 2: Lauriston72 (big blind) collected ($11.76)
Seat 4: Actionni13 (button) (small blind) folded on the Turn


PokerStars Hand #168861624241:  Hold'em Limit ($3/$6 USD) - 2017/04/10 17:26:52 ET
Table 'Segin II' 6-max Seat #2 is the button
Seat 2: Lauriston72 ($101.30 in chips)
Seat 4: Actionni13 ($225.05 in chips)
Lauriston72: posts small blind $1
Actionni13: posts big blind $3
*** HOLE CARDS ***
Lauriston72: raises $3 to $6
Actionni13: folds
Uncalled bet ($3) returned to Lauriston72
Lauriston72 collected $6 from pot
Lauriston72: doesn't show hand
*** SUMMARY ***
Total pot $6 | Rake $0
Seat 2: Lauriston72 (button) (small blind) collected ($6)
Seat 4: Actionni13 (big blind) folded before Flop


PokerStars Hand #168861604149:  Hold'em Limit ($3/$6 USD) - 2017/04/10 17:26:28 ET
Table 'Segin II' 6-max Seat #4 is the button
Seat 2: Lauriston72 ($92.66 in chips)
Seat 4: Actionni13 ($234.05 in chips)
Actionni13: posts small blind $1
Lauriston72: posts big blind $3
*** HOLE CARDS ***
Actionni13: raises $3 to $6
Lauriston72: calls $3
*** FLOP *** [3h 2h 8c]
Lauriston72: checks
Actionni13: bets $3
Lauriston72: calls $3
*** TURN *** [3h 2h 8c] [Qs]
Lauriston72: checks
Actionni13: checks
*** RIVER *** [3h 2h 8c Qs] [Js]
Lauriston72: bets $6
Actionni13: folds
Uncalled bet ($6) returned to Lauriston72
Lauriston72 collected $17.64 from pot
Lauriston72: doesn't show hand
*** SUMMARY ***
Total pot $18 | Rake $0.36
Board [3h 2h 8c Qs Js]
Seat 2: Lauriston72 (big blind) collected ($17.64)
Seat 4: Actionni13 (button) (small blind) folded on the River


PokerStars Hand #168861581566:  Hold'em Limit ($3/$6 USD) - 2017/04/10 17:26:02 ET
Table 'Segin II' 6-max Seat #2 is the button
Seat 2: Lauriston72 ($107.66 in chips)
Seat 4: Actionni13 ($219.55 in chips)
Lauriston72: posts small blind $1
Actionni13: posts big blind $3
*** HOLE CARDS ***
Lauriston72: calls $2
Actionni13: raises $3 to $6
Lauriston72: calls $3
*** FLOP *** [Ad 9d 6d]
Actionni13: bets $3
Lauriston72: calls $3
*** TURN *** [Ad 9d 6d] [6c]
Actionni13: bets $6
Lauriston72: calls $6
*** RIVER *** [Ad 9d 6d 6c] [Jh]
Actionni13: checks
Lauriston72: checks
*** SHOW DOWN ***
Actionni13: shows [Ks Kd] (two pair, Kings and Sixes)
Lauriston72: mucks hand
Actionni13 collected $29.50 from pot
*** SUMMARY ***
Total pot $30 | Rake $0.50
Board [Ad 9d 6d 6c Jh]
Seat 2: Lauriston72 (button) (small blind) mucked
Seat 4: Actionni13 (big blind) showed [Ks Kd] and won ($29.50) with two pair, Kings and Sixes


PokerStars Hand #168861629781:  Hold'em Limit ($3/$6 USD) - 2017/04/10 17:26:58 ET
Table 'Segin II' 6-max Seat #4 is the button
Seat 2: Lauriston72 ($104.30 in chips)
Seat 4: Actionni13 ($222.05 in chips)
Actionni13: posts small blind $1
Lauriston72: posts big blind $3
*** HOLE CARDS ***
StarWoks joins the table at seat #5
Actionni13: raises $3 to $6
Lauriston72: calls $3
*** FLOP *** [4d Jh 2c]
Lauriston72: checks
Actionni13: bets $3
Lauriston72: folds
Uncalled bet ($3) returned to Actionni13
Actionni13 collected $11.76 from pot
Actionni13: doesn't show hand
*** SUMMARY ***
Total pot $12 | Rake $0.24
Board [4d Jh 2c]
Seat 2: Lauriston72 (big blind) folded on the Flop
Seat 4: Actionni13 (button) (small blind) collected ($11.76)


PokerStars Hand #168861709890:  Hold'em Limit ($3/$6 USD) - 2017/04/10 17:28:33 ET
Table 'Segin II' 6-max Seat #3 is the button
Seat 1: Psynto ($72 in chips)
Seat 3: hairy1961 ($50 in chips)
hairy1961: posts small blind $1
Psynto: posts big blind $3
*** HOLE CARDS ***
hairy1961: raises $3 to $6
Psynto: calls $3
*** FLOP *** [6d 7s 3d]
Psynto: checks
hairy1961: bets $3
Psynto: calls $3
*** TURN *** [6d 7s 3d] [Jh]
Psynto: checks
hairy1961: bets $6
Psynto: calls $6
*** RIVER *** [6d 7s 3d Jh] [3s]
Psynto: checks
hairy1961: bets $6
Psynto: calls $6
*** SHOW DOWN ***
hairy1961: shows [6h 4h] (two pair, Sixes and Threes)
Psynto: mucks hand
hairy1961 collected $41.50 from pot
*** SUMMARY ***
Total pot $42 | Rake $0.50
Board [6d 7s 3d Jh 3s]
Seat 1: Psynto (big blind) mucked
Seat 3: hairy1961 (button) (small blind) showed [6h 4h] and won ($41.50) with two pair, Sixes and Threes


PokerStars Hand #168861739952:  Hold'em Limit ($3/$6 USD) - 2017/04/10 17:29:08 ET
Table 'Segin II' 6-max Seat #3 is the button
Seat 1: Psynto ($86.50 in chips)
Seat 3: hairy1961 ($55.50 in chips)
hairy1961: posts small blind $1
Psynto: posts big blind $3
*** HOLE CARDS ***
hairy1961: folds
Uncalled bet ($2) returned to Psynto
Psynto collected $2 from pot
Psynto: doesn't show hand
*** SUMMARY ***
Total pot $2 | Rake $0
Seat 1: Psynto (big blind) collected ($2)
Seat 3: hairy1961 (button) (small blind) folded before Flop


PokerStars Hand #168861745016:  Hold'em Limit ($3/$6 USD) - 2017/04/10 17:29:14 ET
Table 'Segin II' 6-max Seat #1 is the button
Seat 1: Psynto ($87.50 in chips)
Seat 3: hairy1961 ($54.50 in chips)
Psynto: posts small blind $1
hairy1961: posts big blind $3
*** HOLE CARDS ***
Psynto: raises $3 to $6
hairy1961: calls $3
*** FLOP *** [5s 8s 8h]
hairy1961: checks
Psynto: bets $3
hairy1961: calls $3
*** TURN *** [5s 8s 8h] [Qc]
hairy1961: checks
Psynto: bets $6
hairy1961: calls $6
*** RIVER *** [5s 8s 8h Qc] [Js]
hairy1961: checks
Psynto: bets $6
hairy1961: calls $6
*** SHOW DOWN ***
Psynto: shows [Tc Qh] (two pair, Queens and Eights)
hairy1961: mucks hand
Psynto collected $41.50 from pot
*** SUMMARY ***
Total pot $42 | Rake $0.50
Board [5s 8s 8h Qc Js]
Seat 1: Psynto (button) (small blind) showed [Tc Qh] and won ($41.50) with two pair, Queens and Eights
Seat 3: hairy1961 (big blind) mucked


PokerStars Hand #168861763289:  Hold'em Limit ($3/$6 USD) - 2017/04/10 17:29:36 ET
Table 'Segin II' 6-max Seat #3 is the button
Seat 1: Psynto ($108 in chips)
Seat 3: hairy1961 ($33.50 in chips)
hairy1961: posts small blind $1
StarWoks is disconnected
zxkz joins the table at seat #2
StarWoks has timed out while disconnected
StarWoks: is sitting out
Psynto: posts big blind $3
*** HOLE CARDS ***
hairy1961: folds
Uncalled bet ($2) returned to Psynto
Psynto collected $2 from pot
Psynto: doesn't show hand
*** SUMMARY ***
Total pot $2 | Rake $0
Seat 1: Psynto (big blind) collected ($2)
Seat 3: hairy1961 (button) (small blind) folded before Flop


PokerStars Hand #168861832015:  Hold'em Limit ($3/$6 USD) - 2017/04/10 17:30:57 ET
Table 'Segin II' 6-max Seat #1 is the button
Seat 1: Psynto ($121.37 in chips)
Seat 3: hairy1961 ($44.59 in chips)
Psynto: posts small blind $1
zxkz: is sitting out
hairy1961: posts big blind $3
*** HOLE CARDS ***
Psynto: raises $3 to $6
zxkz leaves the table
hairy1961: calls $3
*** FLOP *** [4h 6d Ts]
hairy1961: bets $3
Psynto: folds
Uncalled bet ($3) returned to hairy1961
hairy1961 collected $11.76 from pot
*** SUMMARY ***
Total pot $12 | Rake $0.24
Board [4h 6d Ts]
Seat 1: Psynto (button) (small blind) folded on the Flop
Seat 3: hairy1961 (big blind) collected ($11.76)


