PokerStars Hand #146434718823:  Hold'em Limit ($3/$6 USD) - 2016/01/04 1:44:03 ET
Table 'Seginus II' 2-max Seat #2 is the button
Seat 1: kaputnikoff ($60 in chips)
Seat 2: jl45259071 ($120 in chips)
jl45259071: posts small blind $1
kaputnikoff: posts big blind $3
*** HOLE CARDS ***
jl45259071: raises $3 to $6
kaputnikoff: calls $3
*** FLOP *** [2h Qh Kc]
kaputnikoff: checks
jl45259071: bets $3
kaputnikoff: calls $3
*** TURN *** [2h Qh Kc] [Ts]
kaputnikoff: checks
jl45259071: checks
*** RIVER *** [2h Qh Kc Ts] [5c]
kaputnikoff: bets $6
jl45259071: folds
Uncalled bet ($6) returned to kaputnikoff
kaputnikoff collected $17.64 from pot
kaputnikoff: doesn't show hand
*** SUMMARY ***
Total pot $18 | Rake $0.36
Board [2h Qh Kc Ts 5c]
Seat 1: kaputnikoff (big blind) collected ($17.64)
Seat 2: jl45259071 (button) (small blind) folded on the River


PokerStars Hand #146434726039:  Hold'em Limit ($3/$6 USD) - 2016/01/04 1:44:30 ET
Table 'Seginus II' 2-max Seat #1 is the button
Seat 1: kaputnikoff ($68.64 in chips)
Seat 2: jl45259071 ($111 in chips)
kaputnikoff: posts small blind $1
jl45259071: posts big blind $3
*** HOLE CARDS ***
kaputnikoff: raises $3 to $6
jl45259071: calls $3
*** FLOP *** [Td Kh 5c]
jl45259071: checks
kaputnikoff: checks
*** TURN *** [Td Kh 5c] [Jc]
jl45259071: bets $6
kaputnikoff: calls $6
*** RIVER *** [Td Kh 5c Jc] [3h]
jl45259071: bets $6
kaputnikoff: calls $6
*** SHOW DOWN ***
jl45259071: shows [4h Ks] (a pair of Kings)
kaputnikoff: mucks hand
jl45259071 collected $35.50 from pot
*** SUMMARY ***
Total pot $36 | Rake $0.50
Board [Td Kh 5c Jc 3h]
Seat 1: kaputnikoff (button) (small blind) mucked
Seat 2: jl45259071 (big blind) showed [4h Ks] and won ($35.50) with a pair of Kings


PokerStars Hand #146434734768:  Hold'em Limit ($3/$6 USD) - 2016/01/04 1:45:03 ET
Table 'Seginus II' 2-max Seat #2 is the button
Seat 1: kaputnikoff ($60 in chips)
Seat 2: jl45259071 ($128.50 in chips)
jl45259071: posts small blind $1
kaputnikoff: posts big blind $3
*** HOLE CARDS ***
jl45259071: calls $2
kaputnikoff: raises $3 to $6
jl45259071: calls $3
*** FLOP *** [3s 2d 7d]
kaputnikoff: bets $3
jl45259071: calls $3
*** TURN *** [3s 2d 7d] [As]
kaputnikoff: bets $6
jl45259071: calls $6
*** RIVER *** [3s 2d 7d As] [3d]
kaputnikoff: checks
jl45259071: bets $6
kaputnikoff: calls $6
*** SHOW DOWN ***
jl45259071: shows [7c 6s] (two pair, Sevens and Threes)
kaputnikoff: shows [7h 6h] (two pair, Sevens and Threes)
kaputnikoff collected $20.75 from pot
jl45259071 collected $20.75 from pot
*** SUMMARY ***
Total pot $42 | Rake $0.50
Board [3s 2d 7d As 3d]
Seat 1: kaputnikoff (big blind) showed [7h 6h] and won ($20.75) with two pair, Sevens and Threes
Seat 2: jl45259071 (button) (small blind) showed [7c 6s] and won ($20.75) with two pair, Sevens and Threes


PokerStars Hand #146434741877:  Hold'em Limit ($3/$6 USD) - 2016/01/04 1:45:30 ET
Table 'Seginus II' 2-max Seat #1 is the button
Seat 1: kaputnikoff ($60 in chips)
Seat 2: jl45259071 ($128.25 in chips)
kaputnikoff: posts small blind $1
jl45259071: posts big blind $3
*** HOLE CARDS ***
kaputnikoff: folds
Uncalled bet ($2) returned to jl45259071
jl45259071 collected $2 from pot
jl45259071: doesn't show hand
*** SUMMARY ***
Total pot $2 | Rake $0
Seat 1: kaputnikoff (button) (small blind) folded before Flop
Seat 2: jl45259071 (big blind) collected ($2)


PokerStars Hand #146434750125:  Hold'em Limit ($3/$6 USD) - 2016/01/04 1:46:01 ET
Table 'Seginus II' 2-max Seat #1 is the button
Seat 1: kaputnikoff ($71.52 in chips)
Seat 2: jl45259071 ($117.25 in chips)
kaputnikoff: posts small blind $1
jl45259071: posts big blind $3
*** HOLE CARDS ***
kaputnikoff: folds
Uncalled bet ($2) returned to jl45259071
jl45259071 collected $2 from pot
jl45259071: doesn't show hand
*** SUMMARY ***
Total pot $2 | Rake $0
Seat 1: kaputnikoff (button) (small blind) folded before Flop
Seat 2: jl45259071 (big blind) collected ($2)


PokerStars Hand #146434744356:  Hold'em Limit ($3/$6 USD) - 2016/01/04 1:45:39 ET
Table 'Seginus II' 2-max Seat #2 is the button
Seat 1: kaputnikoff ($60 in chips)
Seat 2: jl45259071 ($129.25 in chips)
jl45259071: posts small blind $1
kaputnikoff: posts big blind $3
*** HOLE CARDS ***
jl45259071: calls $2
kaputnikoff: checks
*** FLOP *** [5s Js 5c]
kaputnikoff: checks
jl45259071: bets $3
kaputnikoff: calls $3
*** TURN *** [5s Js 5c] [Qd]
kaputnikoff: checks
jl45259071: checks
*** RIVER *** [5s Js 5c Qd] [Qh]
kaputnikoff: bets $6
jl45259071: calls $6
*** SHOW DOWN ***
kaputnikoff: shows [2d 5h] (a full house, Fives full of Queens)
jl45259071: mucks hand
kaputnikoff collected $23.52 from pot
*** SUMMARY ***
Total pot $24 | Rake $0.48
Board [5s Js 5c Qd Qh]
Seat 1: kaputnikoff (big blind) showed [2d 5h] and won ($23.52) with a full house, Fives full of Queens
Seat 2: jl45259071 (button) (small blind) mucked


PokerStars Hand #146434751929:  Hold'em Limit ($3/$6 USD) - 2016/01/04 1:46:07 ET
Table 'Seginus II' 2-max Seat #2 is the button
Seat 1: kaputnikoff ($70.52 in chips)
Seat 2: jl45259071 ($118.25 in chips)
jl45259071: posts small blind $1
kaputnikoff: posts big blind $3
*** HOLE CARDS ***
jl45259071: calls $2
kaputnikoff: raises $3 to $6
jl45259071: calls $3
*** FLOP *** [2h Jd Ks]
kaputnikoff: bets $3
jl45259071: folds
Uncalled bet ($3) returned to kaputnikoff
kaputnikoff collected $11.76 from pot
kaputnikoff: doesn't show hand
*** SUMMARY ***
Total pot $12 | Rake $0.24
Board [2h Jd Ks]
Seat 1: kaputnikoff (big blind) collected ($11.76)
Seat 2: jl45259071 (button) (small blind) folded on the Flop


PokerStars Hand #146434755323:  Hold'em Limit ($3/$6 USD) - 2016/01/04 1:46:20 ET
Table 'Seginus II' 2-max Seat #1 is the button
Seat 1: kaputnikoff ($76.28 in chips)
Seat 2: jl45259071 ($112.25 in chips)
kaputnikoff: posts small blind $1
jl45259071: posts big blind $3
*** HOLE CARDS ***
kaputnikoff: raises $3 to $6
jl45259071: calls $3
*** FLOP *** [7s Qh 5h]
jl45259071: checks
kaputnikoff: checks
*** TURN *** [7s Qh 5h] [Jh]
jl45259071: bets $6
kaputnikoff: raises $6 to $12
jl45259071: calls $6
*** RIVER *** [7s Qh 5h Jh] [Jd]
jl45259071: checks
kaputnikoff: checks
*** SHOW DOWN ***
jl45259071: shows [5d 2h] (two pair, Jacks and Fives)
kaputnikoff: mucks hand
jl45259071 collected $35.50 from pot
*** SUMMARY ***
Total pot $36 | Rake $0.50
Board [7s Qh 5h Jh Jd]
Seat 1: kaputnikoff (button) (small blind) mucked
Seat 2: jl45259071 (big blind) showed [5d 2h] and won ($35.50) with two pair, Jacks and Fives


PokerStars Hand #146434761727:  Hold'em Limit ($3/$6 USD) - 2016/01/04 1:46:44 ET
Table 'Seginus II' 2-max Seat #2 is the button
Seat 1: kaputnikoff ($60 in chips)
Seat 2: jl45259071 ($129.75 in chips)
jl45259071: posts small blind $1
kaputnikoff: posts big blind $3
*** HOLE CARDS ***
jl45259071: calls $2
kaputnikoff: checks
*** FLOP *** [Jh 7h 6h]
kaputnikoff: checks
jl45259071: bets $3
kaputnikoff: folds
Uncalled bet ($3) returned to jl45259071
jl45259071 collected $5.88 from pot
jl45259071: doesn't show hand
*** SUMMARY ***
Total pot $6 | Rake $0.12
Board [Jh 7h 6h]
Seat 1: kaputnikoff (big blind) folded on the Flop
Seat 2: jl45259071 (button) (small blind) collected ($5.88)


PokerStars Hand #146434765111:  Hold'em Limit ($3/$6 USD) - 2016/01/04 1:46:56 ET
Table 'Seginus II' 2-max Seat #1 is the button
Seat 1: kaputnikoff ($60 in chips)
Seat 2: jl45259071 ($132.63 in chips)
kaputnikoff: posts small blind $1
jl45259071: posts big blind $3
*** HOLE CARDS ***
kaputnikoff: raises $3 to $6
jl45259071: calls $3
*** FLOP *** [6d Jh 7s]
jl45259071: checks
kaputnikoff: checks
*** TURN *** [6d Jh 7s] [8h]
jl45259071: checks
kaputnikoff: checks
*** RIVER *** [6d Jh 7s 8h] [3c]
jl45259071: checks
kaputnikoff: bets $6
jl45259071: calls $6
*** SHOW DOWN ***
kaputnikoff: shows [Qd 9s] (high card Queen)
jl45259071: shows [2s 3s] (a pair of Threes)
jl45259071 collected $23.52 from pot
*** SUMMARY ***
Total pot $24 | Rake $0.48
Board [6d Jh 7s 8h 3c]
Seat 1: kaputnikoff (button) (small blind) showed [Qd 9s] and lost with high card Queen
Seat 2: jl45259071 (big blind) showed [2s 3s] and won ($23.52) with a pair of Threes


PokerStars Hand #146434786495:  Hold'em Limit ($3/$6 USD) - 2016/01/04 1:47:48 ET
Table 'Seginus II' 2-max Seat #1 is the button
Seat 1: kaputnikoff ($60 in chips)
Seat 2: jl45259071 ($164.65 in chips)
kaputnikoff: posts small blind $1
jl45259071: posts big blind $3
*** HOLE CARDS ***
kaputnikoff: raises $3 to $6
jl45259071: calls $3
*** FLOP *** [2h 7d 4s]
jl45259071: checks
kaputnikoff: checks
*** TURN *** [2h 7d 4s] [2s]
jl45259071: checks
kaputnikoff: checks
*** RIVER *** [2h 7d 4s 2s] [Ts]
jl45259071: checks
kaputnikoff: checks
*** SHOW DOWN ***
jl45259071: shows [3c Kc] (a pair of Deuces)
kaputnikoff: shows [Ks 3h] (a pair of Deuces)
jl45259071 collected $5.88 from pot
kaputnikoff collected $5.88 from pot
*** SUMMARY ***
Total pot $12 | Rake $0.24
Board [2h 7d 4s 2s Ts]
Seat 1: kaputnikoff (button) (small blind) showed [Ks 3h] and won ($5.88) with a pair of Deuces
Seat 2: jl45259071 (big blind) showed [3c Kc] and won ($5.88) with a pair of Deuces


PokerStars Hand #146434791579:  Hold'em Limit ($3/$6 USD) - 2016/01/04 1:48:06 ET
Table 'Seginus II' 2-max Seat #2 is the button
Seat 1: kaputnikoff ($60 in chips)
Seat 2: jl45259071 ($164.53 in chips)
jl45259071: posts small blind $1
kaputnikoff: posts big blind $3
*** HOLE CARDS ***
jl45259071: calls $2
kaputnikoff: raises $3 to $6
jl45259071: calls $3
*** FLOP *** [2c 6s 4d]
kaputnikoff: bets $3
jl45259071: raises $3 to $6
kaputnikoff: calls $3
*** TURN *** [2c 6s 4d] [7s]
kaputnikoff: checks
jl45259071: bets $6
kaputnikoff: folds
Uncalled bet ($6) returned to jl45259071
jl45259071 collected $23.52 from pot
jl45259071: doesn't show hand
*** SUMMARY ***
Total pot $24 | Rake $0.48
Board [2c 6s 4d 7s]
Seat 1: kaputnikoff (big blind) folded on the Turn
Seat 2: jl45259071 (button) (small blind) collected ($23.52)


PokerStars Hand #146434800661:  Hold'em Limit ($3/$6 USD) - 2016/01/04 1:48:40 ET
Table 'Seginus II' 2-max Seat #1 is the button
Seat 1: kaputnikoff ($60 in chips)
Seat 2: jl45259071 ($176.05 in chips)
kaputnikoff: posts small blind $1
jl45259071: posts big blind $3
*** HOLE CARDS ***
kaputnikoff: folds
Uncalled bet ($2) returned to jl45259071
jl45259071 collected $2 from pot
jl45259071: doesn't show hand
*** SUMMARY ***
Total pot $2 | Rake $0
Seat 1: kaputnikoff (button) (small blind) folded before Flop
Seat 2: jl45259071 (big blind) collected ($2)


PokerStars Hand #146434802669:  Hold'em Limit ($3/$6 USD) - 2016/01/04 1:48:47 ET
Table 'Seginus II' 2-max Seat #2 is the button
Seat 1: kaputnikoff ($60 in chips)
Seat 2: jl45259071 ($177.05 in chips)
jl45259071: posts small blind $1
kaputnikoff: posts big blind $3
*** HOLE CARDS ***
jl45259071: calls $2
kaputnikoff: checks
*** FLOP *** [Kd 2h Qs]
kaputnikoff: checks
jl45259071: bets $3
kaputnikoff: calls $3
*** TURN *** [Kd 2h Qs] [Jc]
kaputnikoff: checks
jl45259071: bets $6
kaputnikoff: calls $6
*** RIVER *** [Kd 2h Qs Jc] [3s]
kaputnikoff: checks
jl45259071: bets $6
kaputnikoff: folds
Uncalled bet ($6) returned to jl45259071
jl45259071 collected $23.52 from pot
jl45259071: doesn't show hand
*** SUMMARY ***
Total pot $24 | Rake $0.48
Board [Kd 2h Qs Jc 3s]
Seat 1: kaputnikoff (big blind) folded on the River
Seat 2: jl45259071 (button) (small blind) collected ($23.52)


PokerStars Hand #146434810508:  Hold'em Limit ($3/$6 USD) - 2016/01/04 1:49:16 ET
Table 'Seginus II' 2-max Seat #1 is the button
Seat 1: kaputnikoff ($60 in chips)
Seat 2: jl45259071 ($188.57 in chips)
kaputnikoff: posts small blind $1
jl45259071: posts big blind $3
*** HOLE CARDS ***
kaputnikoff: raises $3 to $6
jl45259071: raises $3 to $9
kaputnikoff: calls $3
*** FLOP *** [7d Jh 3s]
jl45259071: bets $3
kaputnikoff: folds
Uncalled bet ($3) returned to jl45259071
jl45259071 collected $17.64 from pot
jl45259071: doesn't show hand
*** SUMMARY ***
Total pot $18 | Rake $0.36
Board [7d Jh 3s]
Seat 1: kaputnikoff (button) (small blind) folded on the Flop
Seat 2: jl45259071 (big blind) collected ($17.64)


PokerStars Hand #146434814244:  Hold'em Limit ($3/$6 USD) - 2016/01/04 1:49:29 ET
Table 'Seginus II' 2-max Seat #2 is the button
Seat 1: kaputnikoff ($60 in chips)
Seat 2: jl45259071 ($197.21 in chips)
jl45259071: posts small blind $1
kaputnikoff: posts big blind $3
*** HOLE CARDS ***
jl45259071: folds
Uncalled bet ($2) returned to kaputnikoff
kaputnikoff collected $2 from pot
kaputnikoff: doesn't show hand
*** SUMMARY ***
Total pot $2 | Rake $0
Seat 1: kaputnikoff (big blind) collected ($2)
Seat 2: jl45259071 (button) (small blind) folded before Flop


PokerStars Hand #146434821126:  Hold'em Limit ($3/$6 USD) - 2016/01/04 1:49:55 ET
Table 'Seginus II' 2-max Seat #2 is the button
Seat 1: kaputnikoff ($60 in chips)
Seat 2: jl45259071 ($213.71 in chips)
jl45259071: posts small blind $1
kaputnikoff: posts big blind $3
*** HOLE CARDS ***
jl45259071: folds
Uncalled bet ($2) returned to kaputnikoff
kaputnikoff collected $2 from pot
kaputnikoff: doesn't show hand
*** SUMMARY ***
Total pot $2 | Rake $0
Seat 1: kaputnikoff (big blind) collected ($2)
Seat 2: jl45259071 (button) (small blind) folded before Flop


PokerStars Hand #146434815625:  Hold'em Limit ($3/$6 USD) - 2016/01/04 1:49:34 ET
Table 'Seginus II' 2-max Seat #1 is the button
Seat 1: kaputnikoff ($61 in chips)
Seat 2: jl45259071 ($196.21 in chips)
kaputnikoff: posts small blind $1
jl45259071: posts big blind $3
*** HOLE CARDS ***
kaputnikoff: raises $3 to $6
jl45259071: calls $3
*** FLOP *** [9s Jd Qh]
jl45259071: checks
kaputnikoff: checks
*** TURN *** [9s Jd Qh] [Qd]
jl45259071: bets $6
kaputnikoff: calls $6
*** RIVER *** [9s Jd Qh Qd] [5h]
jl45259071: bets $6
kaputnikoff: calls $6
*** SHOW DOWN ***
jl45259071: shows [Th Ks] (a straight, Nine to King)
kaputnikoff: mucks hand
jl45259071 collected $35.50 from pot
*** SUMMARY ***
Total pot $36 | Rake $0.50
Board [9s Jd Qh Qd 5h]
Seat 1: kaputnikoff (button) (small blind) mucked
Seat 2: jl45259071 (big blind) showed [Th Ks] and won ($35.50) with a straight, Nine to King


PokerStars Hand #146434822859:  Hold'em Limit ($3/$6 USD) - 2016/01/04 1:50:01 ET
Table 'Seginus II' 2-max Seat #1 is the button
Seat 1: kaputnikoff ($61 in chips)
Seat 2: jl45259071 ($212.71 in chips)
kaputnikoff: posts small blind $1
jl45259071: posts big blind $3
*** HOLE CARDS ***
kaputnikoff: folds
Uncalled bet ($2) returned to jl45259071
jl45259071 collected $2 from pot
jl45259071: doesn't show hand
*** SUMMARY ***
Total pot $2 | Rake $0
Seat 1: kaputnikoff (button) (small blind) folded before Flop
Seat 2: jl45259071 (big blind) collected ($2)


PokerStars Hand #146434837239:  Hold'em Limit ($3/$6 USD) - 2016/01/04 1:50:54 ET
Table 'Seginus II' 2-max Seat #1 is the button
Seat 1: kaputnikoff ($62.88 in chips)
Seat 2: jl45259071 ($210.71 in chips)
kaputnikoff: posts small blind $1
jl45259071: posts big blind $3
*** HOLE CARDS ***
kaputnikoff: folds
Uncalled bet ($2) returned to jl45259071
jl45259071 collected $2 from pot
jl45259071: doesn't show hand
*** SUMMARY ***
Total pot $2 | Rake $0
Seat 1: kaputnikoff (button) (small blind) folded before Flop
Seat 2: jl45259071 (big blind) collected ($2)


PokerStars Hand #146434825239:  Hold'em Limit ($3/$6 USD) - 2016/01/04 1:50:10 ET
Table 'Seginus II' 2-max Seat #2 is the button
Seat 1: kaputnikoff ($60 in chips)
Seat 2: jl45259071 ($213.71 in chips)
jl45259071: posts small blind $1
kaputnikoff: posts big blind $3
*** HOLE CARDS ***
jl45259071: calls $2
kaputnikoff: checks
*** FLOP *** [Jd Ad Tc]
kaputnikoff: checks
jl45259071: checks
*** TURN *** [Jd Ad Tc] [9d]
kaputnikoff: checks
jl45259071: checks
*** RIVER *** [Jd Ad Tc 9d] [2h]
kaputnikoff: checks
jl45259071: checks
*** SHOW DOWN ***
kaputnikoff: shows [5s 2s] (a pair of Deuces)
jl45259071: mucks hand
kaputnikoff collected $5.88 from pot
*** SUMMARY ***
Total pot $6 | Rake $0.12
Board [Jd Ad Tc 9d 2h]
Seat 1: kaputnikoff (big blind) showed [5s 2s] and won ($5.88) with a pair of Deuces
Seat 2: jl45259071 (button) (small blind) mucked


PokerStars Hand #146434838773:  Hold'em Limit ($3/$6 USD) - 2016/01/04 1:50:59 ET
Table 'Seginus II' 2-max Seat #2 is the button
Seat 1: kaputnikoff ($61.88 in chips)
Seat 2: jl45259071 ($211.71 in chips)
jl45259071: posts small blind $1
kaputnikoff: posts big blind $3
*** HOLE CARDS ***
jl45259071: raises $3 to $6
kaputnikoff: raises $3 to $9
jl45259071: raises $3 to $12
Betting is capped
kaputnikoff: calls $3
*** FLOP *** [6d 4s Td]
kaputnikoff: checks
jl45259071: bets $3
kaputnikoff: calls $3
*** TURN *** [6d 4s Td] [4c]
kaputnikoff: checks
jl45259071: bets $6
kaputnikoff: calls $6
*** RIVER *** [6d 4s Td 4c] [8h]
kaputnikoff: checks
jl45259071: bets $6
kaputnikoff: folds
Uncalled bet ($6) returned to jl45259071
jl45259071 collected $41.50 from pot
jl45259071: doesn't show hand
*** SUMMARY ***
Total pot $42 | Rake $0.50
Board [6d 4s Td 4c 8h]
Seat 1: kaputnikoff (big blind) folded on the River
Seat 2: jl45259071 (button) (small blind) collected ($41.50)


PokerStars Hand #146434845312:  Hold'em Limit ($3/$6 USD) - 2016/01/04 1:51:23 ET
Table 'Seginus II' 2-max Seat #1 is the button
Seat 1: kaputnikoff ($60 in chips)
Seat 2: jl45259071 ($232.21 in chips)
kaputnikoff: posts small blind $1
jl45259071: posts big blind $3
*** HOLE CARDS ***
kaputnikoff: raises $3 to $6
jl45259071: calls $3
*** FLOP *** [9s 8s 6d]
jl45259071: checks
kaputnikoff: bets $3
jl45259071: calls $3
*** TURN *** [9s 8s 6d] [Kh]
jl45259071: checks
kaputnikoff: bets $6
jl45259071: folds
Uncalled bet ($6) returned to kaputnikoff
kaputnikoff collected $17.64 from pot
kaputnikoff: doesn't show hand
*** SUMMARY ***
Total pot $18 | Rake $0.36
Board [9s 8s 6d Kh]
Seat 1: kaputnikoff (button) (small blind) collected ($17.64)
Seat 2: jl45259071 (big blind) folded on the Turn


PokerStars Hand #146434850142:  Hold'em Limit ($3/$6 USD) - 2016/01/04 1:51:41 ET
Table 'Seginus II' 2-max Seat #2 is the button
Seat 1: kaputnikoff ($68.64 in chips)
Seat 2: jl45259071 ($223.21 in chips)
jl45259071: posts small blind $1
kaputnikoff: posts big blind $3
*** HOLE CARDS ***
jl45259071: calls $2
kaputnikoff: checks
*** FLOP *** [Kd 9s 8h]
kaputnikoff: checks
jl45259071: checks
*** TURN *** [Kd 9s 8h] [8c]
kaputnikoff: checks
jl45259071: checks
*** RIVER *** [Kd 9s 8h 8c] [5d]
kaputnikoff: checks
jl45259071: checks
*** SHOW DOWN ***
kaputnikoff: shows [9c 2d] (two pair, Nines and Eights)
jl45259071: mucks hand
kaputnikoff collected $5.88 from pot
*** SUMMARY ***
Total pot $6 | Rake $0.12
Board [Kd 9s 8h 8c 5d]
Seat 1: kaputnikoff (big blind) showed [9c 2d] and won ($5.88) with two pair, Nines and Eights
Seat 2: jl45259071 (button) (small blind) mucked


PokerStars Hand #146434856150:  Hold'em Limit ($3/$6 USD) - 2016/01/04 1:52:03 ET
Table 'Seginus II' 2-max Seat #1 is the button
Seat 1: kaputnikoff ($71.52 in chips)
Seat 2: jl45259071 ($220.21 in chips)
kaputnikoff: posts small blind $1
jl45259071: posts big blind $3
*** HOLE CARDS ***
kaputnikoff: raises $3 to $6
jl45259071: calls $3
*** FLOP *** [2c Ks 8h]
jl45259071: checks
kaputnikoff: checks
*** TURN *** [2c Ks 8h] [4c]
jl45259071: bets $6
kaputnikoff: calls $6
*** RIVER *** [2c Ks 8h 4c] [7c]
jl45259071: bets $6
kaputnikoff: calls $6
*** SHOW DOWN ***
jl45259071: shows [5d 8c] (a pair of Eights)
kaputnikoff: mucks hand
jl45259071 collected $35.50 from pot
*** SUMMARY ***
Total pot $36 | Rake $0.50
Board [2c Ks 8h 4c 7c]
Seat 1: kaputnikoff (button) (small blind) mucked
Seat 2: jl45259071 (big blind) showed [5d 8c] and won ($35.50) with a pair of Eights


PokerStars Hand #146434861649:  Hold'em Limit ($3/$6 USD) - 2016/01/04 1:52:23 ET
Table 'Seginus II' 2-max Seat #2 is the button
Seat 1: kaputnikoff ($60 in chips)
Seat 2: jl45259071 ($237.71 in chips)
jl45259071: posts small blind $1
kaputnikoff: posts big blind $3
*** HOLE CARDS ***
jl45259071: calls $2
kaputnikoff: raises $3 to $6
jl45259071: calls $3
*** FLOP *** [3s 8d 3h]
kaputnikoff: bets $3
jl45259071: raises $3 to $6
kaputnikoff: folds
Uncalled bet ($3) returned to jl45259071
jl45259071 collected $17.64 from pot
jl45259071: doesn't show hand
*** SUMMARY ***
Total pot $18 | Rake $0.36
Board [3s 8d 3h]
Seat 1: kaputnikoff (big blind) folded on the Flop
Seat 2: jl45259071 (button) (small blind) collected ($17.64)


PokerStars Hand #146434865966:  Hold'em Limit ($3/$6 USD) - 2016/01/04 1:52:39 ET
Table 'Seginus II' 2-max Seat #1 is the button
Seat 1: kaputnikoff ($60 in chips)
Seat 2: jl45259071 ($246.35 in chips)
kaputnikoff: posts small blind $1
jl45259071: posts big blind $3
*** HOLE CARDS ***
kaputnikoff: raises $3 to $6
jl45259071: calls $3
*** FLOP *** [Ac Ts Ad]
jl45259071: checks
kaputnikoff: checks
*** TURN *** [Ac Ts Ad] [Kc]
jl45259071: bets $6
kaputnikoff: raises $6 to $12
jl45259071: folds
Uncalled bet ($6) returned to kaputnikoff
kaputnikoff collected $23.52 from pot
kaputnikoff: doesn't show hand
*** SUMMARY ***
Total pot $24 | Rake $0.48
Board [Ac Ts Ad Kc]
Seat 1: kaputnikoff (button) (small blind) collected ($23.52)
Seat 2: jl45259071 (big blind) folded on the Turn


PokerStars Hand #146434871088:  Hold'em Limit ($3/$6 USD) - 2016/01/04 1:52:58 ET
Table 'Seginus II' 2-max Seat #2 is the button
Seat 1: kaputnikoff ($71.52 in chips)
Seat 2: jl45259071 ($234.35 in chips)
jl45259071: posts small blind $1
kaputnikoff: posts big blind $3
*** HOLE CARDS ***
jl45259071: calls $2
kaputnikoff: raises $3 to $6
jl45259071: calls $3
*** FLOP *** [9h 4d Jc]
kaputnikoff: bets $3
jl45259071: calls $3
*** TURN *** [9h 4d Jc] [Tc]
kaputnikoff: bets $6
jl45259071: calls $6
*** RIVER *** [9h 4d Jc Tc] [3d]
kaputnikoff: bets $6
jl45259071: calls $6
*** SHOW DOWN ***
kaputnikoff: shows [Kh Qc] (a straight, Nine to King)
jl45259071: mucks hand
kaputnikoff collected $41.50 from pot
*** SUMMARY ***
Total pot $42 | Rake $0.50
Board [9h 4d Jc Tc 3d]
Seat 1: kaputnikoff (big blind) showed [Kh Qc] and won ($41.50) with a straight, Nine to King
Seat 2: jl45259071 (button) (small blind) mucked


PokerStars Hand #146434877643:  Hold'em Limit ($3/$6 USD) - 2016/01/04 1:53:22 ET
Table 'Seginus II' 2-max Seat #1 is the button
Seat 1: kaputnikoff ($92.02 in chips)
Seat 2: jl45259071 ($213.35 in chips)
kaputnikoff: posts small blind $1
jl45259071: posts big blind $3
*** HOLE CARDS ***
kaputnikoff: folds
Uncalled bet ($2) returned to jl45259071
jl45259071 collected $2 from pot
jl45259071: doesn't show hand
*** SUMMARY ***
Total pot $2 | Rake $0
Seat 1: kaputnikoff (button) (small blind) folded before Flop
Seat 2: jl45259071 (big blind) collected ($2)


PokerStars Hand #146434879393:  Hold'em Limit ($3/$6 USD) - 2016/01/04 1:53:29 ET
Table 'Seginus II' 2-max Seat #2 is the button
Seat 1: kaputnikoff ($91.02 in chips)
Seat 2: jl45259071 ($214.35 in chips)
jl45259071: posts small blind $1
kaputnikoff: posts big blind $3
*** HOLE CARDS ***
jl45259071: calls $2
kaputnikoff: raises $3 to $6
jl45259071: calls $3
*** FLOP *** [4h 5d 9d]
kaputnikoff: bets $3
jl45259071: raises $3 to $6
kaputnikoff: calls $3
*** TURN *** [4h 5d 9d] [Kc]
kaputnikoff: checks
jl45259071: checks
*** RIVER *** [4h 5d 9d Kc] [Tc]
kaputnikoff: checks
jl45259071: checks
*** SHOW DOWN ***
kaputnikoff: shows [8d Qh] (high card King)
jl45259071: shows [9h Qd] (a pair of Nines)
jl45259071 collected $23.52 from pot
*** SUMMARY ***
Total pot $24 | Rake $0.48
Board [4h 5d 9d Kc Tc]
Seat 1: kaputnikoff (big blind) showed [8d Qh] and lost with high card King
Seat 2: jl45259071 (button) (small blind) showed [9h Qd] and won ($23.52) with a pair of Nines


PokerStars Hand #146434885760:  Hold'em Limit ($3/$6 USD) - 2016/01/04 1:53:52 ET
Table 'Seginus II' 2-max Seat #1 is the button
Seat 1: kaputnikoff ($79.02 in chips)
Seat 2: jl45259071 ($225.87 in chips)
kaputnikoff: posts small blind $1
jl45259071: posts big blind $3
*** HOLE CARDS ***
kaputnikoff: raises $3 to $6
jl45259071: calls $3
*** FLOP *** [4s 9s Qs]
jl45259071: checks
kaputnikoff: bets $3
jl45259071: calls $3
*** TURN *** [4s 9s Qs] [8c]
jl45259071: checks
kaputnikoff: bets $6
jl45259071: calls $6
*** RIVER *** [4s 9s Qs 8c] [2c]
jl45259071: checks
kaputnikoff: bets $6
jl45259071: calls $6
*** SHOW DOWN ***
kaputnikoff: shows [Qh 5h] (a pair of Queens)
jl45259071: mucks hand
kaputnikoff collected $41.50 from pot
*** SUMMARY ***
Total pot $42 | Rake $0.50
Board [4s 9s Qs 8c 2c]
Seat 1: kaputnikoff (button) (small blind) showed [Qh 5h] and won ($41.50) with a pair of Queens
Seat 2: jl45259071 (big blind) mucked


PokerStars Hand #146434903426:  Hold'em Limit ($3/$6 USD) - 2016/01/04 1:54:56 ET
Table 'Seginus II' 2-max Seat #1 is the button
Seat 1: kaputnikoff ($96.52 in chips)
Seat 2: jl45259071 ($207.75 in chips)
kaputnikoff: posts small blind $1
jl45259071: posts big blind $3
*** HOLE CARDS ***
kaputnikoff: folds
Uncalled bet ($2) returned to jl45259071
jl45259071 collected $2 from pot
jl45259071: doesn't show hand
*** SUMMARY ***
Total pot $2 | Rake $0
Seat 1: kaputnikoff (button) (small blind) folded before Flop
Seat 2: jl45259071 (big blind) collected ($2)


PokerStars Hand #146434891379:  Hold'em Limit ($3/$6 USD) - 2016/01/04 1:54:12 ET
Table 'Seginus II' 2-max Seat #2 is the button
Seat 1: kaputnikoff ($99.52 in chips)
Seat 2: jl45259071 ($204.87 in chips)
jl45259071: posts small blind $1
kaputnikoff: posts big blind $3
*** HOLE CARDS ***
jl45259071: calls $2
kaputnikoff: checks
*** FLOP *** [4d 9s 2s]
kaputnikoff: checks
jl45259071: checks
*** TURN *** [4d 9s 2s] [2c]
kaputnikoff: checks
jl45259071: checks
*** RIVER *** [4d 9s 2s 2c] [8c]
kaputnikoff: checks
jl45259071: bets $6
kaputnikoff: folds
Uncalled bet ($6) returned to jl45259071
jl45259071 collected $5.88 from pot
jl45259071: doesn't show hand
*** SUMMARY ***
Total pot $6 | Rake $0.12
Board [4d 9s 2s 2c 8c]
Seat 1: kaputnikoff (big blind) folded on the River
Seat 2: jl45259071 (button) (small blind) collected ($5.88)


PokerStars Hand #146434905097:  Hold'em Limit ($3/$6 USD) - 2016/01/04 1:55:02 ET
Table 'Seginus II' 2-max Seat #2 is the button
Seat 1: kaputnikoff ($95.52 in chips)
Seat 2: jl45259071 ($208.75 in chips)
jl45259071: posts small blind $1
kaputnikoff: posts big blind $3
*** HOLE CARDS ***
jl45259071: raises $3 to $6
kaputnikoff: calls $3
*** FLOP *** [3h 8s 5h]
kaputnikoff: checks
jl45259071: checks
*** TURN *** [3h 8s 5h] [6d]
kaputnikoff: checks
jl45259071: checks
*** RIVER *** [3h 8s 5h 6d] [6s]
kaputnikoff: checks
jl45259071: checks
*** SHOW DOWN ***
kaputnikoff: shows [Kc 2d] (a pair of Sixes)
jl45259071: shows [Tc Ad] (a pair of Sixes - Ace kicker)
jl45259071 collected $11.76 from pot
*** SUMMARY ***
Total pot $12 | Rake $0.24
Board [3h 8s 5h 6d 6s]
Seat 1: kaputnikoff (big blind) showed [Kc 2d] and lost with a pair of Sixes
Seat 2: jl45259071 (button) (small blind) showed [Tc Ad] and won ($11.76) with a pair of Sixes


PokerStars Hand #146434915329:  Hold'em Limit ($3/$6 USD) - 2016/01/04 1:55:44 ET
Table 'Seginus II' 2-max Seat #2 is the button
Seat 1: kaputnikoff ($89.27 in chips)
Seat 2: jl45259071 ($214.26 in chips)
jl45259071: posts small blind $1
kaputnikoff: posts big blind $3
*** HOLE CARDS ***
jl45259071: folds
Uncalled bet ($2) returned to kaputnikoff
kaputnikoff collected $2 from pot
kaputnikoff: doesn't show hand
*** SUMMARY ***
Total pot $2 | Rake $0
Seat 1: kaputnikoff (big blind) collected ($2)
Seat 2: jl45259071 (button) (small blind) folded before Flop


PokerStars Hand #146434909760:  Hold'em Limit ($3/$6 USD) - 2016/01/04 1:55:22 ET
Table 'Seginus II' 2-max Seat #1 is the button
Seat 1: kaputnikoff ($89.52 in chips)
Seat 2: jl45259071 ($214.51 in chips)
kaputnikoff: posts small blind $1
jl45259071: posts big blind $3
*** HOLE CARDS ***
kaputnikoff: raises $3 to $6
jl45259071: calls $3
*** FLOP *** [9d Td Js]
jl45259071: checks
kaputnikoff: checks
*** TURN *** [9d Td Js] [Qc]
jl45259071: checks
kaputnikoff: bets $6
jl45259071: calls $6
*** RIVER *** [9d Td Js Qc] [6h]
jl45259071: checks
kaputnikoff: bets $6
jl45259071: calls $6
*** SHOW DOWN ***
kaputnikoff: shows [8d 7d] (a straight, Eight to Queen)
jl45259071: shows [7h 8c] (a straight, Eight to Queen)
jl45259071 collected $17.75 from pot
kaputnikoff collected $17.75 from pot
*** SUMMARY ***
Total pot $36 | Rake $0.50
Board [9d Td Js Qc 6h]
Seat 1: kaputnikoff (button) (small blind) showed [8d 7d] and won ($17.75) with a straight, Eight to Queen
Seat 2: jl45259071 (big blind) showed [7h 8c] and won ($17.75) with a straight, Eight to Queen


PokerStars Hand #146434917265:  Hold'em Limit ($3/$6 USD) - 2016/01/04 1:55:52 ET
Table 'Seginus II' 2-max Seat #1 is the button
Seat 1: kaputnikoff ($90.27 in chips)
Seat 2: jl45259071 ($213.26 in chips)
kaputnikoff: posts small blind $1
jl45259071: posts big blind $3
*** HOLE CARDS ***
kaputnikoff: raises $3 to $6
jl45259071: calls $3
*** FLOP *** [2h 3s 7c]
jl45259071: checks
kaputnikoff: checks
*** TURN *** [2h 3s 7c] [8h]
jl45259071: checks
kaputnikoff: bets $6
jl45259071: folds
Uncalled bet ($6) returned to kaputnikoff
kaputnikoff collected $11.76 from pot
kaputnikoff: doesn't show hand
*** SUMMARY ***
Total pot $12 | Rake $0.24
Board [2h 3s 7c 8h]
Seat 1: kaputnikoff (button) (small blind) collected ($11.76)
Seat 2: jl45259071 (big blind) folded on the Turn


PokerStars Hand #146434921176:  Hold'em Limit ($3/$6 USD) - 2016/01/04 1:56:08 ET
Table 'Seginus II' 2-max Seat #2 is the button
Seat 1: kaputnikoff ($96.03 in chips)
Seat 2: jl45259071 ($207.26 in chips)
jl45259071: posts small blind $1
kaputnikoff: posts big blind $3
*** HOLE CARDS ***
jl45259071: calls $2
kaputnikoff: checks
*** FLOP *** [Ks 7h Ah]
kaputnikoff: checks
jl45259071: checks
*** TURN *** [Ks 7h Ah] [Ad]
kaputnikoff: checks
jl45259071: checks
*** RIVER *** [Ks 7h Ah Ad] [Kc]
kaputnikoff: checks
jl45259071: checks
*** SHOW DOWN ***
kaputnikoff: shows [5s 9c] (two pair, Aces and Kings)
jl45259071: shows [Th 3d] (two pair, Aces and Kings - Ten kicker)
jl45259071 collected $5.88 from pot
*** SUMMARY ***
Total pot $6 | Rake $0.12
Board [Ks 7h Ah Ad Kc]
Seat 1: kaputnikoff (big blind) showed [5s 9c] and lost with two pair, Aces and Kings
Seat 2: jl45259071 (button) (small blind) showed [Th 3d] and won ($5.88) with two pair, Aces and Kings


PokerStars Hand #146434925700:  Hold'em Limit ($3/$6 USD) - 2016/01/04 1:56:27 ET
Table 'Seginus II' 2-max Seat #1 is the button
Seat 1: kaputnikoff ($93.03 in chips)
Seat 2: jl45259071 ($210.14 in chips)
kaputnikoff: posts small blind $1
jl45259071: posts big blind $3
*** HOLE CARDS ***
kaputnikoff: raises $3 to $6
jl45259071: calls $3
*** FLOP *** [6c Td 6h]
jl45259071: checks
kaputnikoff: bets $3
jl45259071: calls $3
*** TURN *** [6c Td 6h] [8h]
jl45259071: checks
kaputnikoff: bets $6
jl45259071: raises $6 to $12
kaputnikoff: folds
Uncalled bet ($6) returned to jl45259071
jl45259071 collected $29.50 from pot
jl45259071: doesn't show hand
*** SUMMARY ***
Total pot $30 | Rake $0.50
Board [6c Td 6h 8h]
Seat 1: kaputnikoff (button) (small blind) folded on the Turn
Seat 2: jl45259071 (big blind) collected ($29.50)


PokerStars Hand #146434930227:  Hold'em Limit ($3/$6 USD) - 2016/01/04 1:56:45 ET
Table 'Seginus II' 2-max Seat #2 is the button
Seat 1: kaputnikoff ($78.03 in chips)
Seat 2: jl45259071 ($224.64 in chips)
jl45259071: posts small blind $1
kaputnikoff: posts big blind $3
*** HOLE CARDS ***
jl45259071: raises $3 to $6
kaputnikoff: calls $3
*** FLOP *** [3s Ah 6s]
kaputnikoff: checks
jl45259071: bets $3
kaputnikoff: folds
Uncalled bet ($3) returned to jl45259071
jl45259071 collected $11.76 from pot
jl45259071: doesn't show hand
*** SUMMARY ***
Total pot $12 | Rake $0.24
Board [3s Ah 6s]
Seat 1: kaputnikoff (big blind) folded on the Flop
Seat 2: jl45259071 (button) (small blind) collected ($11.76)


PokerStars Hand #146434933777:  Hold'em Limit ($3/$6 USD) - 2016/01/04 1:57:00 ET
Table 'Seginus II' 2-max Seat #1 is the button
Seat 1: kaputnikoff ($72.03 in chips)
Seat 2: jl45259071 ($230.40 in chips)
kaputnikoff: posts small blind $1
jl45259071: posts big blind $3
*** HOLE CARDS ***
kaputnikoff: raises $3 to $6
jl45259071: calls $3
*** FLOP *** [Th Ac Td]
jl45259071: checks
kaputnikoff: bets $3
jl45259071: folds
Uncalled bet ($3) returned to kaputnikoff
kaputnikoff collected $11.76 from pot
kaputnikoff: doesn't show hand
*** SUMMARY ***
Total pot $12 | Rake $0.24
Board [Th Ac Td]
Seat 1: kaputnikoff (button) (small blind) collected ($11.76)
Seat 2: jl45259071 (big blind) folded on the Flop


PokerStars Hand #146434936764:  Hold'em Limit ($3/$6 USD) - 2016/01/04 1:57:12 ET
Table 'Seginus II' 2-max Seat #2 is the button
Seat 1: kaputnikoff ($77.79 in chips)
Seat 2: jl45259071 ($224.40 in chips)
jl45259071: posts small blind $1
kaputnikoff: posts big blind $3
*** HOLE CARDS ***
jl45259071: calls $2
kaputnikoff: checks
*** FLOP *** [Qc 7c 8h]
kaputnikoff: checks
jl45259071: checks
*** TURN *** [Qc 7c 8h] [2h]
kaputnikoff: checks
jl45259071: checks
*** RIVER *** [Qc 7c 8h 2h] [7s]
kaputnikoff: checks
jl45259071: checks
*** SHOW DOWN ***
kaputnikoff: shows [Jd 6h] (a pair of Sevens)
jl45259071: shows [2d 9h] (two pair, Sevens and Deuces)
jl45259071 collected $5.88 from pot
*** SUMMARY ***
Total pot $6 | Rake $0.12
Board [Qc 7c 8h 2h 7s]
Seat 1: kaputnikoff (big blind) showed [Jd 6h] and lost with a pair of Sevens
Seat 2: jl45259071 (button) (small blind) showed [2d 9h] and won ($5.88) with two pair, Sevens and Deuces


PokerStars Hand #146434940736:  Hold'em Limit ($3/$6 USD) - 2016/01/04 1:57:29 ET
Table 'Seginus II' 2-max Seat #1 is the button
Seat 1: kaputnikoff ($74.79 in chips)
Seat 2: jl45259071 ($227.28 in chips)
kaputnikoff: posts small blind $1
jl45259071: posts big blind $3
*** HOLE CARDS ***
kaputnikoff: raises $3 to $6
jl45259071: calls $3
*** FLOP *** [5h 6c 7d]
jl45259071: checks
kaputnikoff: bets $3
jl45259071: raises $3 to $6
kaputnikoff: calls $3
*** TURN *** [5h 6c 7d] [Jh]
jl45259071: checks
kaputnikoff: bets $6
jl45259071: calls $6
*** RIVER *** [5h 6c 7d Jh] [Td]
jl45259071: checks
kaputnikoff: bets $6
jl45259071: folds
Uncalled bet ($6) returned to kaputnikoff
kaputnikoff collected $35.50 from pot
kaputnikoff: doesn't show hand
*** SUMMARY ***
Total pot $36 | Rake $0.50
Board [5h 6c 7d Jh Td]
Seat 1: kaputnikoff (button) (small blind) collected ($35.50)
Seat 2: jl45259071 (big blind) folded on the River


PokerStars Hand #146434946668:  Hold'em Limit ($3/$6 USD) - 2016/01/04 1:57:53 ET
Table 'Seginus II' 2-max Seat #2 is the button
Seat 1: kaputnikoff ($92.29 in chips)
Seat 2: jl45259071 ($209.28 in chips)
jl45259071: posts small blind $1
kaputnikoff: posts big blind $3
*** HOLE CARDS ***
jl45259071: raises $3 to $6
kaputnikoff: raises $3 to $9
jl45259071: calls $3
*** FLOP *** [6c 4h As]
kaputnikoff: bets $3
jl45259071: calls $3
*** TURN *** [6c 4h As] [3h]
kaputnikoff: bets $6
jl45259071: calls $6
*** RIVER *** [6c 4h As 3h] [8h]
kaputnikoff: bets $6
jl45259071: folds
Uncalled bet ($6) returned to kaputnikoff
kaputnikoff collected $35.50 from pot
kaputnikoff: doesn't show hand
*** SUMMARY ***
Total pot $36 | Rake $0.50
Board [6c 4h As 3h 8h]
Seat 1: kaputnikoff (big blind) collected ($35.50)
Seat 2: jl45259071 (button) (small blind) folded on the River


PokerStars Hand #146434957917:  Hold'em Limit ($3/$6 USD) - 2016/01/04 1:58:39 ET
Table 'Seginus II' 2-max Seat #1 is the button
Seat 1: kaputnikoff ($131.29 in chips)
Seat 2: jl45259071 ($169.28 in chips)
kaputnikoff: posts small blind $1
jl45259071: posts big blind $3
*** HOLE CARDS ***
kaputnikoff: raises $3 to $6
jl45259071: raises $3 to $9
kaputnikoff: calls $3
*** FLOP *** [2c 7d Qs]
jl45259071: bets $3
kaputnikoff: folds
Uncalled bet ($3) returned to jl45259071
jl45259071 collected $17.64 from pot
jl45259071: doesn't show hand
*** SUMMARY ***
Total pot $18 | Rake $0.36
Board [2c 7d Qs]
Seat 1: kaputnikoff (button) (small blind) folded on the Flop
Seat 2: jl45259071 (big blind) collected ($17.64)


PokerStars Hand #146434956503:  Hold'em Limit ($3/$6 USD) - 2016/01/04 1:58:34 ET
Table 'Seginus II' 2-max Seat #2 is the button
Seat 1: kaputnikoff ($130.29 in chips)
Seat 2: jl45259071 ($170.28 in chips)
jl45259071: posts small blind $1
kaputnikoff: posts big blind $3
*** HOLE CARDS ***
jl45259071: folds
Uncalled bet ($2) returned to kaputnikoff
kaputnikoff collected $2 from pot
kaputnikoff: doesn't show hand
*** SUMMARY ***
Total pot $2 | Rake $0
Seat 1: kaputnikoff (big blind) collected ($2)
Seat 2: jl45259071 (button) (small blind) folded before Flop


PokerStars Hand #146434951393:  Hold'em Limit ($3/$6 USD) - 2016/01/04 1:58:13 ET
Table 'Seginus II' 2-max Seat #1 is the button
Seat 1: kaputnikoff ($109.79 in chips)
Seat 2: jl45259071 ($191.28 in chips)
kaputnikoff: posts small blind $1
jl45259071: posts big blind $3
*** HOLE CARDS ***
kaputnikoff: raises $3 to $6
jl45259071: calls $3
*** FLOP *** [Th 6d 5d]
jl45259071: checks
kaputnikoff: bets $3
jl45259071: calls $3
*** TURN *** [Th 6d 5d] [8c]
jl45259071: checks
kaputnikoff: bets $6
jl45259071: calls $6
*** RIVER *** [Th 6d 5d 8c] [Jd]
jl45259071: checks
kaputnikoff: bets $6
jl45259071: calls $6
*** SHOW DOWN ***
kaputnikoff: shows [Kd Ks] (a pair of Kings)
jl45259071: mucks hand
kaputnikoff collected $41.50 from pot
*** SUMMARY ***
Total pot $42 | Rake $0.50
Board [Th 6d 5d 8c Jd]
Seat 1: kaputnikoff (button) (small blind) showed [Kd Ks] and won ($41.50) with a pair of Kings
Seat 2: jl45259071 (big blind) mucked


PokerStars Hand #146434970357:  Hold'em Limit ($3/$6 USD) - 2016/01/04 1:59:30 ET
Table 'Seginus II' 2-max Seat #1 is the button
Seat 1: kaputnikoff ($116.29 in chips)
Seat 2: jl45259071 ($183.68 in chips)
kaputnikoff: posts small blind $1
jl45259071: posts big blind $3
*** HOLE CARDS ***
kaputnikoff: raises $3 to $6
jl45259071: calls $3
*** FLOP *** [Jd 7c 5h]
jl45259071: checks
kaputnikoff: checks
*** TURN *** [Jd 7c 5h] [3c]
jl45259071: bets $6
kaputnikoff: folds
Uncalled bet ($6) returned to jl45259071
jl45259071 collected $11.76 from pot
jl45259071: doesn't show hand
*** SUMMARY ***
Total pot $12 | Rake $0.24
Board [Jd 7c 5h 3c]
Seat 1: kaputnikoff (button) (small blind) folded on the Turn
Seat 2: jl45259071 (big blind) collected ($11.76)


PokerStars Hand #146434960908:  Hold'em Limit ($3/$6 USD) - 2016/01/04 1:58:51 ET
Table 'Seginus II' 2-max Seat #2 is the button
Seat 1: kaputnikoff ($122.29 in chips)
Seat 2: jl45259071 ($177.92 in chips)
jl45259071: posts small blind $1
kaputnikoff: posts big blind $3
*** HOLE CARDS ***
jl45259071: raises $3 to $6
kaputnikoff: calls $3
*** FLOP *** [8d 7d 6s]
kaputnikoff: checks
jl45259071: bets $3
kaputnikoff: folds
Uncalled bet ($3) returned to jl45259071
jl45259071 collected $11.76 from pot
jl45259071: doesn't show hand
*** SUMMARY ***
Total pot $12 | Rake $0.24
Board [8d 7d 6s]
Seat 1: kaputnikoff (big blind) folded on the Flop
Seat 2: jl45259071 (button) (small blind) collected ($11.76)


PokerStars Hand #146434999014:  Hold'em Limit ($3/$6 USD) - 2016/01/04 2:01:23 ET
Table 'Seginus II' 2-max Seat #2 is the button
Seat 1: kaputnikoff ($86.29 in chips)
Seat 2: jl45259071 ($212.58 in chips)
jl45259071: posts small blind $1
kaputnikoff: posts big blind $3
*** HOLE CARDS ***
jl45259071: folds
Uncalled bet ($2) returned to kaputnikoff
kaputnikoff collected $2 from pot
kaputnikoff: doesn't show hand
*** SUMMARY ***
Total pot $2 | Rake $0
Seat 1: kaputnikoff (big blind) collected ($2)
Seat 2: jl45259071 (button) (small blind) folded before Flop


PokerStars Hand #146434988073:  Hold'em Limit ($3/$6 USD) - 2016/01/04 2:00:41 ET
Table 'Seginus II' 2-max Seat #1 is the button
Seat 1: kaputnikoff ($101.29 in chips)
Seat 2: jl45259071 ($198.08 in chips)
kaputnikoff: posts small blind $1
jl45259071: posts big blind $3
*** HOLE CARDS ***
kaputnikoff: raises $3 to $6
jl45259071: calls $3
*** FLOP *** [Jc Qh 5c]
jl45259071: checks
kaputnikoff: bets $3
jl45259071: calls $3
*** TURN *** [Jc Qh 5c] [3s]
jl45259071: checks
kaputnikoff: bets $6
jl45259071: raises $6 to $12
kaputnikoff: folds
Uncalled bet ($6) returned to jl45259071
jl45259071 collected $29.50 from pot
jl45259071: doesn't show hand
*** SUMMARY ***
Total pot $30 | Rake $0.50
Board [Jc Qh 5c 3s]
Seat 1: kaputnikoff (button) (small blind) folded on the Turn
Seat 2: jl45259071 (big blind) collected ($29.50)


PokerStars Hand #146435000451:  Hold'em Limit ($3/$6 USD) - 2016/01/04 2:01:29 ET
Table 'Seginus II' 2-max Seat #1 is the button
Seat 1: kaputnikoff ($87.29 in chips)
Seat 2: jl45259071 ($211.58 in chips)
kaputnikoff: posts small blind $1
jl45259071: posts big blind $3
*** HOLE CARDS ***
kaputnikoff: raises $3 to $6
jl45259071: calls $3
*** FLOP *** [4c Qs 4h]
jl45259071: checks
kaputnikoff: checks
*** TURN *** [4c Qs 4h] [Ah]
jl45259071: checks
kaputnikoff: checks
*** RIVER *** [4c Qs 4h Ah] [8h]
jl45259071: bets $6
kaputnikoff: calls $6
*** SHOW DOWN ***
jl45259071: shows [8c 5h] (two pair, Eights and Fours)
kaputnikoff: mucks hand
jl45259071 collected $23.52 from pot
*** SUMMARY ***
Total pot $24 | Rake $0.48
Board [4c Qs 4h Ah 8h]
Seat 1: kaputnikoff (button) (small blind) mucked
Seat 2: jl45259071 (big blind) showed [8c 5h] and won ($23.52) with two pair, Eights and Fours


