PokerStars Hand #168991353630:  Hold'em Limit ($3/$6 USD) - 2017/04/13 15:21:42 ET
Table 'Segin II' 10-max Seat #1 is the button
Seat 1: Zubasa07 ($300 in chips)
Seat 5: ManuelSikora ($75.38 in chips)
Zubasa07: posts small blind $1
ManuelSikora: posts big blind $3
*** HOLE CARDS ***
Zubasa07: raises $3 to $6
ManuelSikora: raises $3 to $9
Zubasa07: calls $3
*** FLOP *** [Jd 4c Td]
ManuelSikora: bets $3
Zubasa07: calls $3
*** TURN *** [Jd 4c Td] [3s]
ManuelSikora: bets $6
Zubasa07: raises $6 to $12
ManuelSikora: calls $6
*** RIVER *** [Jd 4c Td 3s] [Ac]
ManuelSikora: checks
Zubasa07: bets $6
ManuelSikora: folds
Uncalled bet ($6) returned to Zubasa07
Zubasa07 collected $47.50 from pot
Zubasa07: doesn't show hand
*** SUMMARY ***
Total pot $48 | Rake $0.50
Board [Jd 4c Td 3s Ac]
Seat 1: Zubasa07 (button) (small blind) collected ($47.50)
Seat 5: ManuelSikora (big blind) folded on the River


PokerStars Hand #168991397485:  Hold'em Limit ($3/$6 USD) - 2017/04/13 15:22:34 ET
Table 'Segin II' 10-max Seat #5 is the button
Seat 1: Zubasa07 ($323.50 in chips)
Seat 5: ManuelSikora ($51.38 in chips)
ManuelSikora: posts small blind $1
Zubasa07: posts big blind $3
*** HOLE CARDS ***
ManuelSikora: calls $2
Zubasa07: raises $3 to $6
ManuelSikora: calls $3
*** FLOP *** [5d Tc 4h]
Zubasa07: checks
ManuelSikora: folds
ManuelSikora leaves the table
Zubasa07 collected $11.76 from pot
Zubasa07: doesn't show hand
*** SUMMARY ***
Total pot $12 | Rake $0.24
Board [5d Tc 4h]
Seat 1: Zubasa07 (big blind) collected ($11.76)
Seat 5: ManuelSikora (button) (small blind) folded on the Flop


