PokerStars Hand #146689628835:  Hold'em Limit ($3/$6 USD) - 2016/01/08 13:09:50 ET
Table 'Seginus II' 2-max Seat #2 is the button
Seat 1: ceasar912 ($14.60 in chips)
Seat 2: elifnur2008 ($143.58 in chips)
elifnur2008: posts small blind $1
ceasar912: posts big blind $3
*** HOLE CARDS ***
elifnur2008: folds
Uncalled bet ($2) returned to ceasar912
ceasar912 collected $2 from pot
ceasar912: doesn't show hand
*** SUMMARY ***
Total pot $2 | Rake $0
Seat 1: ceasar912 (big blind) collected ($2)
Seat 2: elifnur2008 (button) (small blind) folded before Flop


PokerStars Hand #146689672205:  Hold'em Limit ($3/$6 USD) - 2016/01/08 13:10:33 ET
Table 'Seginus II' 2-max Seat #2 is the button
Seat 1: ceasar912 ($14.90 in chips)
Seat 2: elifnur2008 ($142.62 in chips)
elifnur2008: posts small blind $1
ceasar912: posts big blind $3
*** HOLE CARDS ***
elifnur2008: raises $3 to $6
ceasar912: raises $3 to $9
elifnur2008: calls $3
*** FLOP *** [Td Jd Kd]
ceasar912: bets $3
elifnur2008: raises $3 to $6
ceasar912: calls $2.90 and is all-in
Uncalled bet ($0.10) returned to elifnur2008
*** TURN *** [Td Jd Kd] [6s]
*** RIVER *** [Td Jd Kd 6s] [9s]
*** SHOW DOWN ***
ceasar912: shows [6c Ts] (two pair, Tens and Sixes)
elifnur2008: shows [Tc Jc] (two pair, Jacks and Tens)
elifnur2008 collected $29.30 from pot
*** SUMMARY ***
Total pot $29.80 | Rake $0.50
Board [Td Jd Kd 6s 9s]
Seat 1: ceasar912 (big blind) showed [6c Ts] and lost with two pair, Tens and Sixes
Seat 2: elifnur2008 (button) (small blind) showed [Tc Jc] and won ($29.30) with two pair, Jacks and Tens


PokerStars Hand #146689657412:  Hold'em Limit ($3/$6 USD) - 2016/01/08 13:10:18 ET
Table 'Seginus II' 2-max Seat #1 is the button
Seat 1: ceasar912 ($7.60 in chips)
Seat 2: elifnur2008 ($150.22 in chips)
ceasar912: posts small blind $1
elifnur2008: posts big blind $3
*** HOLE CARDS ***
ceasar912: raises $3 to $6
elifnur2008: raises $3 to $9
ceasar912: calls $1.60 and is all-in
Uncalled bet ($1.40) returned to elifnur2008
*** FLOP *** [3s 9s Th]
*** TURN *** [3s 9s Th] [Jh]
*** RIVER *** [3s 9s Th Jh] [2c]
*** SHOW DOWN ***
elifnur2008: shows [Ah 3d] (a pair of Threes)
ceasar912: shows [Kc Td] (a pair of Tens)
ceasar912 collected $14.90 from pot
*** SUMMARY ***
Total pot $15.20 | Rake $0.30
Board [3s 9s Th Jh 2c]
Seat 1: ceasar912 (button) (small blind) showed [Kc Td] and won ($14.90) with a pair of Tens
Seat 2: elifnur2008 (big blind) showed [Ah 3d] and lost with a pair of Threes


PokerStars Hand #146689652567:  Hold'em Limit ($3/$6 USD) - 2016/01/08 13:10:14 ET
Table 'Seginus II' 2-max Seat #2 is the button
Seat 1: ceasar912 ($6.60 in chips)
Seat 2: elifnur2008 ($151.22 in chips)
elifnur2008: posts small blind $1
ceasar912: posts big blind $3
*** HOLE CARDS ***
elifnur2008: folds
Uncalled bet ($2) returned to ceasar912
ceasar912 collected $2 from pot
ceasar912: doesn't show hand
*** SUMMARY ***
Total pot $2 | Rake $0
Seat 1: ceasar912 (big blind) collected ($2)
Seat 2: elifnur2008 (button) (small blind) folded before Flop


PokerStars Hand #146689634690:  Hold'em Limit ($3/$6 USD) - 2016/01/08 13:09:56 ET
Table 'Seginus II' 2-max Seat #1 is the button
Seat 1: ceasar912 ($15.60 in chips)
Seat 2: elifnur2008 ($142.58 in chips)
ceasar912: posts small blind $1
elifnur2008: posts big blind $3
*** HOLE CARDS ***
ceasar912: raises $3 to $6
elifnur2008: calls $3
*** FLOP *** [7h Tc 7d]
elifnur2008: checks
ceasar912: bets $3
elifnur2008: calls $3
*** TURN *** [7h Tc 7d] [9d]
elifnur2008: checks
ceasar912: checks
*** RIVER *** [7h Tc 7d 9d] [6h]
elifnur2008: checks
ceasar912: checks
*** SHOW DOWN ***
elifnur2008: shows [5h 6d] (two pair, Sevens and Sixes)
ceasar912: mucks hand
elifnur2008 collected $17.64 from pot
*** SUMMARY ***
Total pot $18 | Rake $0.36
Board [7h Tc 7d 9d 6h]
Seat 1: ceasar912 (button) (small blind) mucked
Seat 2: elifnur2008 (big blind) showed [5h 6d] and won ($17.64) with two pair, Sevens and Sixes


