PokerStars Hand #172915352608:  Hold'em Limit ($3/$6 USD) - 2017/07/11 19:23:09 ET
Table 'Seginus' 6-max Seat #3 is the button
Seat 3: simper11 ($120 in chips)
Seat 4: Scheubi88 ($120 in chips)
simper11: posts small blind $1
Scheubi88: posts big blind $3
*** HOLE CARDS ***
simper11: raises $3 to $6
Scheubi88: calls $3
*** FLOP *** [9c Kd Ad]
Scheubi88: checks
simper11: bets $3
Scheubi88: folds
Uncalled bet ($3) returned to simper11
simper11 collected $11.76 from pot
simper11: doesn't show hand
*** SUMMARY ***
Total pot $12 | Rake $0.24
Board [9c Kd Ad]
Seat 3: simper11 (button) (small blind) collected ($11.76)
Seat 4: Scheubi88 (big blind) folded on the Flop


PokerStars Hand #172915846960:  Hold'em Limit ($3/$6 USD) - 2017/07/11 19:37:37 ET
Table 'Seginus' 6-max Seat #2 is the button
Seat 2: hockeymom857 ($120 in chips)
Seat 3: Scheubi88 ($120 in chips)
hockeymom857: posts small blind $1
Scheubi88: posts big blind $3
*** HOLE CARDS ***
hockeymom857: raises $3 to $6
Scheubi88: raises $3 to $9
hockeymom857: calls $3
*** FLOP *** [3s 4d 4h]
Scheubi88: bets $3
hockeymom857: raises $3 to $6
Scheubi88: calls $3
*** TURN *** [3s 4d 4h] [Th]
Scheubi88: checks
hockeymom857: checks
*** RIVER *** [3s 4d 4h Th] [Qs]
Scheubi88: bets $6
hockeymom857: folds
Uncalled bet ($6) returned to Scheubi88
Scheubi88 collected $29.50 from pot
Scheubi88: doesn't show hand
*** SUMMARY ***
Total pot $30 | Rake $0.50
Board [3s 4d 4h Th Qs]
Seat 2: hockeymom857 (button) (small blind) folded on the River
Seat 3: Scheubi88 (big blind) collected ($29.50)


PokerStars Hand #172915871543:  Hold'em Limit ($3/$6 USD) - 2017/07/11 19:38:22 ET
Table 'Seginus' 6-max Seat #3 is the button
Seat 2: hockeymom857 ($86.75 in chips)
Seat 3: Scheubi88 ($151.75 in chips)
Scheubi88: posts small blind $1
hockeymom857: posts big blind $3
*** HOLE CARDS ***
Scheubi88: raises $3 to $6
hockeymom857: raises $3 to $9
Scheubi88: calls $3
*** FLOP *** [5s 5d 2h]
hockeymom857: bets $3
Scheubi88: calls $3
*** TURN *** [5s 5d 2h] [7c]
hockeymom857: bets $6
Scheubi88: raises $6 to $12
hockeymom857: calls $6
*** RIVER *** [5s 5d 2h 7c] [6d]
hockeymom857: checks
Scheubi88: bets $6
hockeymom857: calls $6
*** SHOW DOWN ***
Scheubi88: shows [Js Jh] (two pair, Jacks and Fives)
hockeymom857: mucks hand
Scheubi88 collected $59.50 from pot
*** SUMMARY ***
Total pot $60 | Rake $0.50
Board [5s 5d 2h 7c 6d]
Seat 2: hockeymom857 (big blind) mucked
Seat 3: Scheubi88 (button) (small blind) showed [Js Jh] and won ($59.50) with two pair, Jacks and Fives


PokerStars Hand #172915863221:  Hold'em Limit ($3/$6 USD) - 2017/07/11 19:38:07 ET
Table 'Seginus' 6-max Seat #2 is the button
Seat 2: hockeymom857 ($104.75 in chips)
Seat 3: Scheubi88 ($134.25 in chips)
hockeymom857: posts small blind $1
Scheubi88: posts big blind $3
*** HOLE CARDS ***
hockeymom857: raises $3 to $6
Scheubi88: raises $3 to $9
hockeymom857: calls $3
*** FLOP *** [7h Ts Tc]
Scheubi88: bets $3
hockeymom857: calls $3
*** TURN *** [7h Ts Tc] [Jc]
Scheubi88: bets $6
hockeymom857: calls $6
*** RIVER *** [7h Ts Tc Jc] [Td]
Scheubi88: bets $6
hockeymom857: folds
Uncalled bet ($6) returned to Scheubi88
Scheubi88 collected $35.50 from pot
Scheubi88: doesn't show hand
*** SUMMARY ***
Total pot $36 | Rake $0.50
Board [7h Ts Tc Jc Td]
Seat 2: hockeymom857 (button) (small blind) folded on the River
Seat 3: Scheubi88 (big blind) collected ($35.50)


PokerStars Hand #172915854886:  Hold'em Limit ($3/$6 USD) - 2017/07/11 19:37:52 ET
Table 'Seginus' 6-max Seat #3 is the button
Seat 2: hockeymom857 ($105 in chips)
Seat 3: Scheubi88 ($134.50 in chips)
Scheubi88: posts small blind $1
hockeymom857: posts big blind $3
*** HOLE CARDS ***
Scheubi88: raises $3 to $6
hockeymom857: calls $3
*** FLOP *** [Qc 2d Jc]
hockeymom857: checks
Scheubi88: bets $3
hockeymom857: raises $3 to $6
Scheubi88: calls $3
*** TURN *** [Qc 2d Jc] [9d]
hockeymom857: bets $6
Scheubi88: calls $6
*** RIVER *** [Qc 2d Jc 9d] [7c]
hockeymom857: bets $6
Scheubi88: calls $6
*** SHOW DOWN ***
hockeymom857: shows [Qd 5d] (a pair of Queens)
Scheubi88: shows [4h Qh] (a pair of Queens)
hockeymom857 collected $23.75 from pot
Scheubi88 collected $23.75 from pot
*** SUMMARY ***
Total pot $48 | Rake $0.50
Board [Qc 2d Jc 9d 7c]
Seat 2: hockeymom857 (big blind) showed [Qd 5d] and won ($23.75) with a pair of Queens
Seat 3: Scheubi88 (button) (small blind) showed [4h Qh] and won ($23.75) with a pair of Queens


PokerStars Hand #172915881159:  Hold'em Limit ($3/$6 USD) - 2017/07/11 19:38:40 ET
Table 'Seginus' 6-max Seat #2 is the button
Seat 2: hockeymom857 ($56.75 in chips)
Seat 3: Scheubi88 ($181.25 in chips)
hockeymom857: posts small blind $1
Scheubi88: posts big blind $3
*** HOLE CARDS ***
hockeymom857: folds
Uncalled bet ($2) returned to Scheubi88
Scheubi88 collected $2 from pot
Scheubi88: doesn't show hand
*** SUMMARY ***
Total pot $2 | Rake $0
Seat 2: hockeymom857 (button) (small blind) folded before Flop
Seat 3: Scheubi88 (big blind) collected ($2)


PokerStars Hand #172915905431:  Hold'em Limit ($3/$6 USD) - 2017/07/11 19:39:24 ET
Table 'Seginus' 6-max Seat #3 is the button
Seat 2: hockeymom857 ($42.39 in chips)
Seat 3: Scheubi88 ($194.51 in chips)
Scheubi88: posts small blind $1
hockeymom857: posts big blind $3
*** HOLE CARDS ***
Scheubi88: folds
Uncalled bet ($2) returned to hockeymom857
hockeymom857 collected $2 from pot
hockeymom857: doesn't show hand
*** SUMMARY ***
Total pot $2 | Rake $0
Seat 2: hockeymom857 (big blind) collected ($2)
Seat 3: Scheubi88 (button) (small blind) folded before Flop


PokerStars Hand #172915897987:  Hold'em Limit ($3/$6 USD) - 2017/07/11 19:39:10 ET
Table 'Seginus' 6-max Seat #2 is the button
Seat 2: hockeymom857 ($57.39 in chips)
Seat 3: Scheubi88 ($180.01 in chips)
hockeymom857: posts small blind $1
Scheubi88: posts big blind $3
*** HOLE CARDS ***
hockeymom857: raises $3 to $6
Scheubi88: calls $3
*** FLOP *** [Js 7h Kc]
Scheubi88: checks
hockeymom857: bets $3
Scheubi88: calls $3
*** TURN *** [Js 7h Kc] [7s]
Scheubi88: checks
hockeymom857: bets $6
Scheubi88: calls $6
*** RIVER *** [Js 7h Kc 7s] [9s]
Scheubi88: checks
hockeymom857: checks
*** SHOW DOWN ***
Scheubi88: shows [Ac 5d] (a pair of Sevens)
hockeymom857: mucks hand
Scheubi88 collected $29.50 from pot
*** SUMMARY ***
Total pot $30 | Rake $0.50
Board [Js 7h Kc 7s 9s]
Seat 2: hockeymom857 (button) (small blind) mucked
Seat 3: Scheubi88 (big blind) showed [Ac 5d] and won ($29.50) with a pair of Sevens


PokerStars Hand #172915892768:  Hold'em Limit ($3/$6 USD) - 2017/07/11 19:39:01 ET
Table 'Seginus' 6-max Seat #3 is the button
Seat 2: hockeymom857 ($63.39 in chips)
Seat 3: Scheubi88 ($174.25 in chips)
Scheubi88: posts small blind $1
hockeymom857: posts big blind $3
*** HOLE CARDS ***
Scheubi88: raises $3 to $6
hockeymom857: calls $3
*** FLOP *** [Kc 3h 2d]
hockeymom857: checks
Scheubi88: bets $3
hockeymom857: folds
Uncalled bet ($3) returned to Scheubi88
Scheubi88 collected $11.76 from pot
Scheubi88: doesn't show hand
*** SUMMARY ***
Total pot $12 | Rake $0.24
Board [Kc 3h 2d]
Seat 2: hockeymom857 (big blind) folded on the Flop
Seat 3: Scheubi88 (button) (small blind) collected ($11.76)


PokerStars Hand #172915890003:  Hold'em Limit ($3/$6 USD) - 2017/07/11 19:38:56 ET
Table 'Seginus' 6-max Seat #2 is the button
Seat 2: hockeymom857 ($64.39 in chips)
Seat 3: Scheubi88 ($173.25 in chips)
hockeymom857: posts small blind $1
Scheubi88: posts big blind $3
*** HOLE CARDS ***
hockeymom857: folds
Uncalled bet ($2) returned to Scheubi88
Scheubi88 collected $2 from pot
Scheubi88: doesn't show hand
*** SUMMARY ***
Total pot $2 | Rake $0
Seat 2: hockeymom857 (button) (small blind) folded before Flop
Seat 3: Scheubi88 (big blind) collected ($2)


PokerStars Hand #172915884240:  Hold'em Limit ($3/$6 USD) - 2017/07/11 19:38:45 ET
Table 'Seginus' 6-max Seat #3 is the button
Seat 2: hockeymom857 ($55.75 in chips)
Seat 3: Scheubi88 ($182.25 in chips)
Scheubi88: posts small blind $1
hockeymom857: posts big blind $3
*** HOLE CARDS ***
Scheubi88: raises $3 to $6
hockeymom857: calls $3
*** FLOP *** [4s 2c Jc]
hockeymom857: checks
Scheubi88: bets $3
hockeymom857: raises $3 to $6
Scheubi88: folds
Uncalled bet ($3) returned to hockeymom857
hockeymom857 collected $17.64 from pot
hockeymom857: doesn't show hand
*** SUMMARY ***
Total pot $18 | Rake $0.36
Board [4s 2c Jc]
Seat 2: hockeymom857 (big blind) collected ($17.64)
Seat 3: Scheubi88 (button) (small blind) folded on the Flop


PokerStars Hand #172915908044:  Hold'em Limit ($3/$6 USD) - 2017/07/11 19:39:29 ET
Table 'Seginus' 6-max Seat #2 is the button
Seat 2: hockeymom857 ($43.39 in chips)
Seat 3: Scheubi88 ($193.51 in chips)
hockeymom857: posts small blind $1
Scheubi88: posts big blind $3
*** HOLE CARDS ***
hockeymom857: raises $3 to $6
Scheubi88: calls $3
*** FLOP *** [Th 5d 2c]
Scheubi88: checks
hockeymom857: bets $3
Scheubi88: raises $3 to $6
hockeymom857: raises $3 to $9
Scheubi88: calls $3
*** TURN *** [Th 5d 2c] [6h]
Scheubi88: checks
hockeymom857: bets $6
Scheubi88: calls $6
*** RIVER *** [Th 5d 2c 6h] [7h]
Scheubi88: checks
hockeymom857: bets $6
Scheubi88: calls $6
*** SHOW DOWN ***
hockeymom857: shows [Jh 5h] (a flush, Jack high)
Scheubi88: mucks hand
hockeymom857 collected $53.50 from pot
*** SUMMARY ***
Total pot $54 | Rake $0.50
Board [Th 5d 2c 6h 7h]
Seat 2: hockeymom857 (button) (small blind) showed [Jh 5h] and won ($53.50) with a flush, Jack high
Seat 3: Scheubi88 (big blind) mucked


PokerStars Hand #172915934256:  Hold'em Limit ($3/$6 USD) - 2017/07/11 19:40:17 ET
Table 'Seginus' 6-max Seat #3 is the button
Seat 2: hockeymom857 ($61.89 in chips)
Seat 3: Scheubi88 ($174.39 in chips)
Scheubi88: posts small blind $1
hockeymom857: posts big blind $3
*** HOLE CARDS ***
Scheubi88: raises $3 to $6
hockeymom857: calls $3
*** FLOP *** [Th Ac 7h]
hockeymom857: checks
Scheubi88: bets $3
hockeymom857: raises $3 to $6
Scheubi88: calls $3
*** TURN *** [Th Ac 7h] [2c]
hockeymom857: bets $6
Scheubi88: raises $6 to $12
hockeymom857: calls $6
*** RIVER *** [Th Ac 7h 2c] [Qs]
hockeymom857: checks
Scheubi88: bets $6
hockeymom857: calls $6
*** SHOW DOWN ***
Scheubi88: shows [2h As] (two pair, Aces and Deuces)
hockeymom857: mucks hand
Scheubi88 collected $59.50 from pot
*** SUMMARY ***
Total pot $60 | Rake $0.50
Board [Th Ac 7h 2c Qs]
Seat 2: hockeymom857 (big blind) mucked
Seat 3: Scheubi88 (button) (small blind) showed [2h As] and won ($59.50) with two pair, Aces and Deuces


PokerStars Hand #172915922843:  Hold'em Limit ($3/$6 USD) - 2017/07/11 19:39:56 ET
Table 'Seginus' 6-max Seat #2 is the button
Seat 2: hockeymom857 ($66.89 in chips)
Seat 3: Scheubi88 ($169.51 in chips)
hockeymom857: posts small blind $1
Scheubi88: posts big blind $3
*** HOLE CARDS ***
hockeymom857: folds
Uncalled bet ($2) returned to Scheubi88
Scheubi88 collected $2 from pot
Scheubi88: doesn't show hand
*** SUMMARY ***
Total pot $2 | Rake $0
Seat 2: hockeymom857 (button) (small blind) folded before Flop
Seat 3: Scheubi88 (big blind) collected ($2)


PokerStars Hand #172915919485:  Hold'em Limit ($3/$6 USD) - 2017/07/11 19:39:50 ET
Table 'Seginus' 6-max Seat #3 is the button
Seat 2: hockeymom857 ($69.89 in chips)
Seat 3: Scheubi88 ($166.51 in chips)
Scheubi88: posts small blind $1
hockeymom857: posts big blind $3
*** HOLE CARDS ***
Scheubi88: raises $3 to $6
hockeymom857: folds
Uncalled bet ($3) returned to Scheubi88
Scheubi88 collected $6 from pot
Scheubi88: doesn't show hand
*** SUMMARY ***
Total pot $6 | Rake $0
Seat 2: hockeymom857 (big blind) folded before Flop
Seat 3: Scheubi88 (button) (small blind) collected ($6)


PokerStars Hand #172915925726:  Hold'em Limit ($3/$6 USD) - 2017/07/11 19:40:01 ET
Table 'Seginus' 6-max Seat #3 is the button
Seat 2: hockeymom857 ($65.89 in chips)
Seat 3: Scheubi88 ($170.51 in chips)
Scheubi88: posts small blind $1
hockeymom857: posts big blind $3
*** HOLE CARDS ***
Scheubi88: calls $2
hockeymom857: checks
*** FLOP *** [Jd 3d 5s]
hockeymom857: checks
Scheubi88: bets $3
hockeymom857: folds
Uncalled bet ($3) returned to Scheubi88
Scheubi88 collected $5.88 from pot
Scheubi88: doesn't show hand
*** SUMMARY ***
Total pot $6 | Rake $0.12
Board [Jd 3d 5s]
Seat 2: hockeymom857 (big blind) folded on the Flop
Seat 3: Scheubi88 (button) (small blind) collected ($5.88)


PokerStars Hand #172915943851:  Hold'em Limit ($3/$6 USD) - 2017/07/11 19:40:34 ET
Table 'Seginus' 6-max Seat #2 is the button
Seat 2: hockeymom857 ($31.89 in chips)
Seat 3: Scheubi88 ($203.89 in chips)
hockeymom857: posts small blind $1
Scheubi88: posts big blind $3
*** HOLE CARDS ***
hockeymom857: raises $3 to $6
Scheubi88: calls $3
*** FLOP *** [Qh 3d 9s]
Scheubi88: checks
hockeymom857: bets $3
Scheubi88: calls $3
*** TURN *** [Qh 3d 9s] [As]
Scheubi88: checks
hockeymom857: bets $6
Scheubi88: raises $6 to $12
hockeymom857: raises $6 to $18
Scheubi88: folds
Uncalled bet ($6) returned to hockeymom857
hockeymom857 collected $41.50 from pot
hockeymom857: doesn't show hand
*** SUMMARY ***
Total pot $42 | Rake $0.50
Board [Qh 3d 9s As]
Seat 2: hockeymom857 (button) (small blind) collected ($41.50)
Seat 3: Scheubi88 (big blind) folded on the Turn


PokerStars Hand #172915931655:  Hold'em Limit ($3/$6 USD) - 2017/07/11 19:40:12 ET
Table 'Seginus' 6-max Seat #2 is the button
Seat 2: hockeymom857 ($62.89 in chips)
Seat 3: Scheubi88 ($173.39 in chips)
hockeymom857: posts small blind $1
Scheubi88: posts big blind $3
*** HOLE CARDS ***
hockeymom857: folds
Uncalled bet ($2) returned to Scheubi88
Scheubi88 collected $2 from pot
Scheubi88: doesn't show hand
*** SUMMARY ***
Total pot $2 | Rake $0
Seat 2: hockeymom857 (button) (small blind) folded before Flop
Seat 3: Scheubi88 (big blind) collected ($2)


PokerStars Hand #172915972731:  Hold'em Limit ($3/$6 USD) - 2017/07/11 19:41:27 ET
Table 'Seginus' 6-max Seat #2 is the button
Seat 2: hockeymom857 ($121.71 in chips)
Seat 3: Scheubi88 ($155.89 in chips)
hockeymom857: posts small blind $1
Scheubi88: posts big blind $3
*** HOLE CARDS ***
hockeymom857: raises $3 to $6
Scheubi88: raises $3 to $9
hockeymom857: calls $3
*** FLOP *** [Jd 7c 4h]
Scheubi88: bets $3
hockeymom857: raises $3 to $6
Scheubi88: calls $3
*** TURN *** [Jd 7c 4h] [4c]
Scheubi88: checks
hockeymom857: bets $6
Scheubi88: calls $6
*** RIVER *** [Jd 7c 4h 4c] [5h]
Scheubi88: checks
hockeymom857: bets $6
Scheubi88: folds
Uncalled bet ($6) returned to hockeymom857
hockeymom857 collected $41.50 from pot
hockeymom857: doesn't show hand
*** SUMMARY ***
Total pot $42 | Rake $0.50
Board [Jd 7c 4h 4c 5h]
Seat 2: hockeymom857 (button) (small blind) collected ($41.50)
Seat 3: Scheubi88 (big blind) folded on the River


PokerStars Hand #172915961866:  Hold'em Limit ($3/$6 USD) - 2017/07/11 19:41:07 ET
Table 'Seginus' 6-max Seat #2 is the button
Seat 2: hockeymom857 ($107.19 in chips)
Seat 3: Scheubi88 ($170.89 in chips)
hockeymom857: posts small blind $1
Scheubi88: posts big blind $3
*** HOLE CARDS ***
hockeymom857: raises $3 to $6
Scheubi88: folds
Uncalled bet ($3) returned to hockeymom857
hockeymom857 collected $6 from pot
hockeymom857: doesn't show hand
*** SUMMARY ***
Total pot $6 | Rake $0
Seat 2: hockeymom857 (button) (small blind) collected ($6)
Seat 3: Scheubi88 (big blind) folded before Flop


PokerStars Hand #172915954478:  Hold'em Limit ($3/$6 USD) - 2017/07/11 19:40:54 ET
Table 'Seginus' 6-max Seat #3 is the button
Seat 2: hockeymom857 ($95.67 in chips)
Seat 3: Scheubi88 ($182.89 in chips)
Scheubi88: posts small blind $1
hockeymom857: posts big blind $3
*** HOLE CARDS ***
Scheubi88: raises $3 to $6
hockeymom857: raises $3 to $9
Scheubi88: calls $3
*** FLOP *** [8h 6s 9h]
hockeymom857: bets $3
Scheubi88: calls $3
*** TURN *** [8h 6s 9h] [7h]
hockeymom857: checks
Scheubi88: checks
*** RIVER *** [8h 6s 9h 7h] [Ad]
hockeymom857: checks
Scheubi88: checks
*** SHOW DOWN ***
hockeymom857: shows [Kc Kh] (a pair of Kings)
Scheubi88: mucks hand
hockeymom857 collected $23.52 from pot
*** SUMMARY ***
Total pot $24 | Rake $0.48
Board [8h 6s 9h 7h Ad]
Seat 2: hockeymom857 (big blind) showed [Kc Kh] and won ($23.52) with a pair of Kings
Seat 3: Scheubi88 (button) (small blind) mucked


PokerStars Hand #172915965499:  Hold'em Limit ($3/$6 USD) - 2017/07/11 19:41:14 ET
Table 'Seginus' 6-max Seat #3 is the button
Seat 2: hockeymom857 ($110.19 in chips)
Seat 3: Scheubi88 ($167.89 in chips)
Scheubi88: posts small blind $1
hockeymom857: posts big blind $3
*** HOLE CARDS ***
Scheubi88: raises $3 to $6
hockeymom857: calls $3
*** FLOP *** [Td 9c 6h]
hockeymom857: checks
Scheubi88: checks
*** TURN *** [Td 9c 6h] [As]
hockeymom857: checks
Scheubi88: checks
*** RIVER *** [Td 9c 6h As] [Kd]
hockeymom857: bets $6
Scheubi88: calls $6
*** SHOW DOWN ***
hockeymom857: shows [9d Kc] (two pair, Kings and Nines)
Scheubi88: mucks hand
hockeymom857 collected $23.52 from pot
*** SUMMARY ***
Total pot $24 | Rake $0.48
Board [Td 9c 6h As Kd]
Seat 2: hockeymom857 (big blind) showed [9d Kc] and won ($23.52) with two pair, Kings and Nines
Seat 3: Scheubi88 (button) (small blind) mucked


PokerStars Hand #172915981603:  Hold'em Limit ($3/$6 USD) - 2017/07/11 19:41:44 ET
Table 'Seginus' 6-max Seat #3 is the button
Seat 2: hockeymom857 ($142.21 in chips)
Seat 3: Scheubi88 ($134.89 in chips)
Scheubi88: posts small blind $1
hockeymom857: posts big blind $3
*** HOLE CARDS ***
Scheubi88: raises $3 to $6
AzureCaper joins the table at seat #4
hockeymom857: calls $3
*** FLOP *** [8d Qd 4h]
hockeymom857: checks
Scheubi88: bets $3
hockeymom857: calls $3
*** TURN *** [8d Qd 4h] [5d]
hockeymom857: checks
Scheubi88: bets $6
hockeymom857: calls $6
*** RIVER *** [8d Qd 4h 5d] [9h]
hockeymom857: checks
Scheubi88: checks
*** SHOW DOWN ***
hockeymom857: shows [Jd 9c] (a pair of Nines)
Scheubi88: mucks hand
hockeymom857 collected $29.50 from pot
*** SUMMARY ***
Total pot $30 | Rake $0.50
Board [8d Qd 4h 5d 9h]
Seat 2: hockeymom857 (big blind) showed [Jd 9c] and won ($29.50) with a pair of Nines
Seat 3: Scheubi88 (button) (small blind) mucked


PokerStars Hand #172915991629:  Hold'em Limit ($3/$6 USD) - 2017/07/11 19:42:02 ET
Table 'Seginus' 6-max Seat #2 is the button
Seat 2: hockeymom857 ($156.71 in chips)
Seat 3: Scheubi88 ($119.89 in chips)
hockeymom857: posts small blind $1
Scheubi88: posts big blind $3
*** HOLE CARDS ***
hockeymom857: raises $3 to $6
Scheubi88: calls $3
*** FLOP *** [6d 3h Th]
Scheubi88: checks
hockeymom857: bets $3
Scheubi88: raises $3 to $6
hockeymom857: calls $3
*** TURN *** [6d 3h Th] [Td]
Scheubi88: bets $6
hockeymom857: raises $6 to $12
Scheubi88: folds
Uncalled bet ($6) returned to hockeymom857
hockeymom857 collected $35.50 from pot
hockeymom857: doesn't show hand
*** SUMMARY ***
Total pot $36 | Rake $0.50
Board [6d 3h Th Td]
Seat 2: hockeymom857 (button) (small blind) collected ($35.50)
Seat 3: Scheubi88 (big blind) folded on the Turn


