PokerStars Hand #145699153836:  Hold'em Limit ($3/$6 USD) - 2015/12/21 14:08:12 ET
Table 'Seili' 2-max Seat #2 is the button
Seat 1: ct-650 ($185 in chips)
Seat 2: Alex119387 ($103.64 in chips)
Alex119387: posts small blind $1
ct-650: posts big blind $3
*** HOLE CARDS ***
Alex119387: raises $3 to $6
ct-650: folds
Uncalled bet ($3) returned to Alex119387
Alex119387 collected $6 from pot
Alex119387: doesn't show hand
*** SUMMARY ***
Total pot $6 | Rake $0
Seat 1: ct-650 (big blind) folded before Flop
Seat 2: Alex119387 (button) (small blind) collected ($6)


PokerStars Hand #145699148928:  Hold'em Limit ($3/$6 USD) - 2015/12/21 14:08:07 ET
Table 'Seili' 2-max Seat #1 is the button
Seat 1: ct-650 ($182 in chips)
Seat 2: Alex119387 ($106.64 in chips)
ct-650: posts small blind $1
Alex119387: posts big blind $3
*** HOLE CARDS ***
ct-650: raises $3 to $6
Alex119387: folds
Uncalled bet ($3) returned to ct-650
ct-650 collected $6 from pot
*** SUMMARY ***
Total pot $6 | Rake $0
Seat 1: ct-650 (button) (small blind) collected ($6)
Seat 2: Alex119387 (big blind) folded before Flop


PokerStars Hand #145699218922:  Hold'em Limit ($3/$6 USD) - 2015/12/21 14:09:21 ET
Table 'Seili' 2-max Seat #1 is the button
Seat 1: ct-650 ($220.78 in chips)
Seat 2: Alex119387 ($66.14 in chips)
ct-650: posts small blind $1
Alex119387: posts big blind $3
*** HOLE CARDS ***
ct-650: raises $3 to $6
Alex119387: folds
Uncalled bet ($3) returned to ct-650
ct-650 collected $6 from pot
*** SUMMARY ***
Total pot $6 | Rake $0
Seat 1: ct-650 (button) (small blind) collected ($6)
Seat 2: Alex119387 (big blind) folded before Flop


PokerStars Hand #145699211669:  Hold'em Limit ($3/$6 USD) - 2015/12/21 14:09:13 ET
Table 'Seili' 2-max Seat #2 is the button
Seat 1: ct-650 ($215.02 in chips)
Seat 2: Alex119387 ($72.14 in chips)
Alex119387: posts small blind $1
ct-650: posts big blind $3
*** HOLE CARDS ***
Alex119387: calls $2
ct-650: raises $3 to $6
Alex119387: calls $3
*** FLOP *** [7c 2c As]
ct-650: bets $3
Alex119387: folds
Uncalled bet ($3) returned to ct-650
ct-650 collected $11.76 from pot
*** SUMMARY ***
Total pot $12 | Rake $0.24
Board [7c 2c As]
Seat 1: ct-650 (big blind) collected ($11.76)
Seat 2: Alex119387 (button) (small blind) folded on the Flop


PokerStars Hand #145699198005:  Hold'em Limit ($3/$6 USD) - 2015/12/21 14:08:59 ET
Table 'Seili' 2-max Seat #1 is the button
Seat 1: ct-650 ($230.02 in chips)
Seat 2: Alex119387 ($57.64 in chips)
ct-650: posts small blind $1
Alex119387: posts big blind $3
*** HOLE CARDS ***
ct-650: raises $3 to $6
Alex119387: calls $3
*** FLOP *** [5s 7c Kc]
Alex119387: checks
ct-650: bets $3
Alex119387: calls $3
*** TURN *** [5s 7c Kc] [9d]
Alex119387: checks
ct-650: bets $6
Alex119387: calls $6
*** RIVER *** [5s 7c Kc 9d] [5d]
Alex119387: checks
ct-650: checks
*** SHOW DOWN ***
Alex119387: shows [7s 8d] (two pair, Sevens and Fives)
ct-650: mucks hand
Alex119387 collected $29.50 from pot
*** SUMMARY ***
Total pot $30 | Rake $0.50
Board [5s 7c Kc 9d 5d]
Seat 1: ct-650 (button) (small blind) mucked
Seat 2: Alex119387 (big blind) showed [7s 8d] and won ($29.50) with two pair, Sevens and Fives


PokerStars Hand #145699193633:  Hold'em Limit ($3/$6 USD) - 2015/12/21 14:08:54 ET
Table 'Seili' 2-max Seat #2 is the button
Seat 1: ct-650 ($229.02 in chips)
Seat 2: Alex119387 ($58.64 in chips)
Alex119387: posts small blind $1
ct-650: posts big blind $3
*** HOLE CARDS ***
Alex119387: folds
Uncalled bet ($2) returned to ct-650
ct-650 collected $2 from pot
*** SUMMARY ***
Total pot $2 | Rake $0
Seat 1: ct-650 (big blind) collected ($2)
Seat 2: Alex119387 (button) (small blind) folded before Flop


PokerStars Hand #145699186891:  Hold'em Limit ($3/$6 USD) - 2015/12/21 14:08:47 ET
Table 'Seili' 2-max Seat #1 is the button
Seat 1: ct-650 ($226.02 in chips)
Seat 2: Alex119387 ($61.64 in chips)
ct-650: posts small blind $1
Alex119387: posts big blind $3
*** HOLE CARDS ***
ct-650: raises $3 to $6
Alex119387: folds
Uncalled bet ($3) returned to ct-650
ct-650 collected $6 from pot
*** SUMMARY ***
Total pot $6 | Rake $0
Seat 1: ct-650 (button) (small blind) collected ($6)
Seat 2: Alex119387 (big blind) folded before Flop


PokerStars Hand #145699173726:  Hold'em Limit ($3/$6 USD) - 2015/12/21 14:08:33 ET
Table 'Seili' 2-max Seat #2 is the button
Seat 1: ct-650 ($214.50 in chips)
Seat 2: Alex119387 ($73.64 in chips)
Alex119387: posts small blind $1
ct-650: posts big blind $3
*** HOLE CARDS ***
Alex119387: raises $3 to $6
ct-650: calls $3
*** FLOP *** [Jd 8h 7c]
ct-650: checks
Alex119387: checks
*** TURN *** [Jd 8h 7c] [5d]
ct-650: bets $6
Alex119387: calls $6
*** RIVER *** [Jd 8h 7c 5d] [Jh]
ct-650: checks
Alex119387: checks
*** SHOW DOWN ***
ct-650: shows [7d 4d] (two pair, Jacks and Sevens)
Alex119387: mucks hand
ct-650 collected $23.52 from pot
*** SUMMARY ***
Total pot $24 | Rake $0.48
Board [Jd 8h 7c 5d Jh]
Seat 1: ct-650 (big blind) showed [7d 4d] and won ($23.52) with two pair, Jacks and Sevens
Seat 2: Alex119387 (button) (small blind) mucked


PokerStars Hand #145699158835:  Hold'em Limit ($3/$6 USD) - 2015/12/21 14:08:18 ET
Table 'Seili' 2-max Seat #1 is the button
Seat 1: ct-650 ($182 in chips)
Seat 2: Alex119387 ($106.64 in chips)
ct-650: posts small blind $1
Alex119387: posts big blind $3
*** HOLE CARDS ***
ct-650: raises $3 to $6
Alex119387: calls $3
*** FLOP *** [Ah 4h Jd]
Alex119387: checks
ct-650: bets $3
Alex119387: calls $3
*** TURN *** [Ah 4h Jd] [Jh]
Alex119387: checks
ct-650: bets $6
Alex119387: raises $6 to $12
ct-650: calls $6
*** RIVER *** [Ah 4h Jd Jh] [Qh]
Alex119387: bets $6
ct-650: raises $6 to $12
Alex119387: calls $6
*** SHOW DOWN ***
ct-650: shows [Kh 3s] (a flush, Ace high)
Alex119387: mucks hand
ct-650 collected $65.50 from pot
*** SUMMARY ***
Total pot $66 | Rake $0.50
Board [Ah 4h Jd Jh Qh]
Seat 1: ct-650 (button) (small blind) showed [Kh 3s] and won ($65.50) with a flush, Ace high
Seat 2: Alex119387 (big blind) mucked


PokerStars Hand #145699259851:  Hold'em Limit ($3/$6 USD) - 2015/12/21 14:10:04 ET
Table 'Seili' 2-max Seat #2 is the button
Seat 1: ct-650 ($222.28 in chips)
Seat 2: Alex119387 ($63.54 in chips)
Alex119387: posts small blind $1
ct-650: posts big blind $3
*** HOLE CARDS ***
Alex119387: calls $2
ct-650: checks
*** FLOP *** [Kd 7d 9h]
ct-650: checks
Alex119387: checks
*** TURN *** [Kd 7d 9h] [4c]
ct-650: bets $6
Alex119387: folds
Uncalled bet ($6) returned to ct-650
ct-650 collected $5.88 from pot
*** SUMMARY ***
Total pot $6 | Rake $0.12
Board [Kd 7d 9h 4c]
Seat 1: ct-650 (big blind) collected ($5.88)
Seat 2: Alex119387 (button) (small blind) folded on the Turn


PokerStars Hand #145699255311:  Hold'em Limit ($3/$6 USD) - 2015/12/21 14:09:59 ET
Table 'Seili' 2-max Seat #1 is the button
Seat 1: ct-650 ($223.28 in chips)
Seat 2: Alex119387 ($62.54 in chips)
ct-650: posts small blind $1
Alex119387: posts big blind $3
*** HOLE CARDS ***
ct-650: folds
Uncalled bet ($2) returned to Alex119387
Alex119387 collected $2 from pot
Alex119387: doesn't show hand
*** SUMMARY ***
Total pot $2 | Rake $0
Seat 1: ct-650 (button) (small blind) folded before Flop
Seat 2: Alex119387 (big blind) collected ($2)


PokerStars Hand #145699241750:  Hold'em Limit ($3/$6 USD) - 2015/12/21 14:09:45 ET
Table 'Seili' 2-max Seat #2 is the button
Seat 1: ct-650 ($208.78 in chips)
Seat 2: Alex119387 ($77.54 in chips)
Alex119387: posts small blind $1
ct-650: posts big blind $3
*** HOLE CARDS ***
Alex119387: raises $3 to $6
ct-650: calls $3
*** FLOP *** [5s 6h 6d]
ct-650: checks
Alex119387: bets $3
ct-650: calls $3
*** TURN *** [5s 6h 6d] [5c]
ct-650: checks
Alex119387: bets $6
ct-650: calls $6
*** RIVER *** [5s 6h 6d 5c] [8h]
ct-650: checks
Alex119387: checks
*** SHOW DOWN ***
ct-650: shows [Ks Th] (two pair, Sixes and Fives)
Alex119387: mucks hand
ct-650 collected $29.50 from pot
*** SUMMARY ***
Total pot $30 | Rake $0.50
Board [5s 6h 6d 5c 8h]
Seat 1: ct-650 (big blind) showed [Ks Th] and won ($29.50) with two pair, Sixes and Fives
Seat 2: Alex119387 (button) (small blind) mucked


PokerStars Hand #145699231726:  Hold'em Limit ($3/$6 USD) - 2015/12/21 14:09:34 ET
Table 'Seili' 2-max Seat #1 is the button
Seat 1: ct-650 ($217.78 in chips)
Seat 2: Alex119387 ($68.90 in chips)
ct-650: posts small blind $1
Alex119387: posts big blind $3
*** HOLE CARDS ***
ct-650: raises $3 to $6
Alex119387: raises $3 to $9
ct-650: calls $3
*** FLOP *** [6c 2h 8d]
Alex119387: checks
ct-650: checks
*** TURN *** [6c 2h 8d] [7d]
Alex119387: bets $6
ct-650: folds
Uncalled bet ($6) returned to Alex119387
Alex119387 collected $17.64 from pot
Alex119387: doesn't show hand
*** SUMMARY ***
Total pot $18 | Rake $0.36
Board [6c 2h 8d 7d]
Seat 1: ct-650 (button) (small blind) folded on the Turn
Seat 2: Alex119387 (big blind) collected ($17.64)


PokerStars Hand #145699223142:  Hold'em Limit ($3/$6 USD) - 2015/12/21 14:09:25 ET
Table 'Seili' 2-max Seat #2 is the button
Seat 1: ct-650 ($223.78 in chips)
Seat 2: Alex119387 ($63.14 in chips)
Alex119387: posts small blind $1
ct-650: posts big blind $3
*** HOLE CARDS ***
Alex119387: raises $3 to $6
ct-650: calls $3
*** FLOP *** [Ac 7h Qd]
ct-650: checks
Alex119387: bets $3
ct-650: folds
Uncalled bet ($3) returned to Alex119387
Alex119387 collected $11.76 from pot
Alex119387: doesn't show hand
*** SUMMARY ***
Total pot $12 | Rake $0.24
Board [Ac 7h Qd]
Seat 1: ct-650 (big blind) folded on the Flop
Seat 2: Alex119387 (button) (small blind) collected ($11.76)


PokerStars Hand #145699290560:  Hold'em Limit ($3/$6 USD) - 2015/12/21 14:10:37 ET
Table 'Seili' 2-max Seat #1 is the button
Seat 1: ct-650 ($246.66 in chips)
Seat 2: Alex119387 ($38.54 in chips)
ct-650: posts small blind $1
Alex119387: posts big blind $3
*** HOLE CARDS ***
ct-650: raises $3 to $6
Alex119387: calls $3
*** FLOP *** [5h 5c 9h]
Alex119387: checks
ct-650: checks
*** TURN *** [5h 5c 9h] [8c]
Alex119387: bets $6
ct-650: calls $6
*** RIVER *** [5h 5c 9h 8c] [2d]
Alex119387: checks
ct-650: bets $6
Alex119387: folds
Uncalled bet ($6) returned to ct-650
ct-650 collected $23.52 from pot
Alex119387 leaves the table
*** SUMMARY ***
Total pot $24 | Rake $0.48
Board [5h 5c 9h 8c 2d]
Seat 1: ct-650 (button) (small blind) collected ($23.52)
Seat 2: Alex119387 (big blind) folded on the River


PokerStars Hand #145699286021:  Hold'em Limit ($3/$6 USD) - 2015/12/21 14:10:32 ET
Table 'Seili' 2-max Seat #2 is the button
Seat 1: ct-650 ($245.66 in chips)
Seat 2: Alex119387 ($39.54 in chips)
Alex119387: posts small blind $1
ct-650: posts big blind $3
*** HOLE CARDS ***
Alex119387: folds
Uncalled bet ($2) returned to ct-650
ct-650 collected $2 from pot
*** SUMMARY ***
Total pot $2 | Rake $0
Seat 1: ct-650 (big blind) collected ($2)
Seat 2: Alex119387 (button) (small blind) folded before Flop


