PokerStars Hand #166247921122:  Hold'em Limit ($3/$6 USD) - 2017/02/15 11:33:42 ET
Table 'Seinajoki' 6-max Seat #5 is the button
Seat 3: Auge72 ($73.84 in chips)
Seat 5: TinaTurner72 ($151.78 in chips)
TinaTurner72: posts small blind $1
Auge72: posts big blind $3
*** HOLE CARDS ***
TinaTurner72: raises $3 to $6
Auge72: calls $3
*** FLOP *** [4c Qc Kh]
Auge72: checks
TinaTurner72: bets $3
Auge72: raises $3 to $6
TinaTurner72: calls $3
*** TURN *** [4c Qc Kh] [5s]
Auge72: bets $6
TinaTurner72: calls $6
*** RIVER *** [4c Qc Kh 5s] [8s]
Auge72: bets $6
TinaTurner72: calls $6
*** SHOW DOWN ***
Auge72: shows [3h 9d] (high card King)
TinaTurner72: shows [Kd 3s] (a pair of Kings)
TinaTurner72 collected $47.50 from pot
*** SUMMARY ***
Total pot $48 | Rake $0.50
Board [4c Qc Kh 5s 8s]
Seat 3: Auge72 (big blind) showed [3h 9d] and lost with high card King
Seat 5: TinaTurner72 (button) (small blind) showed [Kd 3s] and won ($47.50) with a pair of Kings


PokerStars Hand #166247889658:  Hold'em Limit ($3/$6 USD) - 2017/02/15 11:33:02 ET
Table 'Seinajoki' 6-max Seat #3 is the button
Seat 3: Auge72 ($85.84 in chips)
Seat 5: TinaTurner72 ($140.26 in chips)
Auge72: posts small blind $1
TinaTurner72: posts big blind $3
*** HOLE CARDS ***
Auge72: raises $3 to $6
TinaTurner72: raises $3 to $9
Auge72: raises $3 to $12
Betting is capped
TinaTurner72: calls $3
*** FLOP *** [4d Ac Td]
TinaTurner72: checks
Auge72: checks
*** TURN *** [4d Ac Td] [Qs]
vestimokrec joins the table at seat #4
TinaTurner72: bets $6
Auge72: folds
Uncalled bet ($6) returned to TinaTurner72
TinaTurner72 collected $23.52 from pot
TinaTurner72: doesn't show hand
*** SUMMARY ***
Total pot $24 | Rake $0.48
Board [4d Ac Td Qs]
Seat 3: Auge72 (button) (small blind) folded on the Turn
Seat 5: TinaTurner72 (big blind) collected ($23.52)


PokerStars Hand #166248248546:  Hold'em Limit ($3/$6 USD) - 2017/02/15 11:40:33 ET
Table 'Seinajoki' 6-max Seat #3 is the button
Seat 3: Auge72 ($54.72 in chips)
Seat 5: TinaTurner72 ($153.78 in chips)
laubes04 will be allowed to play after the button
karxarias22 will be allowed to play after the button
Auge72: posts small blind $1
vestimokrec: is sitting out
TinaTurner72: posts big blind $3
*** HOLE CARDS ***
Auge72: raises $3 to $6
karxarias22 leaves the table
TinaTurner72: calls $3
*** FLOP *** [7c Tc Qh]
TinaTurner72: checks
Auge72: bets $3
TinaTurner72: folds
Uncalled bet ($3) returned to Auge72
Auge72 collected $11.76 from pot
Auge72: doesn't show hand
*** SUMMARY ***
Total pot $12 | Rake $0.24
Board [7c Tc Qh]
Seat 3: Auge72 (button) (small blind) collected ($11.76)
Seat 5: TinaTurner72 (big blind) folded on the Flop


PokerStars Hand #166248395828:  Hold'em Limit ($3/$6 USD) - 2017/02/15 11:43:36 ET
Table 'Seinajoki' 6-max Seat #5 is the button
Seat 5: TinaTurner72 ($153 in chips)
Seat 6: laubes04 ($176.94 in chips)
tttzzz will be allowed to play after the button
MalishR will be allowed to play after the button
TinaTurner72: posts small blind $1
laubes04: posts big blind $3
*** HOLE CARDS ***
TinaTurner72: raises $3 to $6
laubes04: raises $3 to $9
TinaTurner72: calls $3
*** FLOP *** [9h Tc 5d]
laubes04: bets $3
TinaTurner72: raises $3 to $6
laubes04: raises $3 to $9
TinaTurner72: calls $3
*** TURN *** [9h Tc 5d] [2h]
laubes04: bets $6
TinaTurner72: calls $6
*** RIVER *** [9h Tc 5d 2h] [6s]
laubes04: bets $6
TinaTurner72: raises $6 to $12
laubes04: calls $6
*** SHOW DOWN ***
TinaTurner72: shows [Qh Qs] (a pair of Queens)
laubes04: shows [Kd Ks] (a pair of Kings)
laubes04 collected $71.50 from pot
*** SUMMARY ***
Total pot $72 | Rake $0.50
Board [9h Tc 5d 2h 6s]
Seat 5: TinaTurner72 (button) (small blind) showed [Qh Qs] and lost with a pair of Queens
Seat 6: laubes04 (big blind) showed [Kd Ks] and won ($71.50) with a pair of Kings


PokerStars Hand #166249097226:  Hold'em Limit ($3/$6 USD) - 2017/02/15 11:58:30 ET
Table 'Seinajoki' 6-max Seat #1 is the button
Seat 1: TopDJTex ($101.18 in chips)
Seat 6: laubes04 ($252.74 in chips)
TopDJTex: posts small blind $1
vestimokrec: is sitting out
TinaTurner72: is sitting out
laubes04: posts big blind $3
*** HOLE CARDS ***
MalishR leaves the table
TopDJTex: folds
Uncalled bet ($2) returned to laubes04
laubes04 collected $2 from pot
laubes04: doesn't show hand
*** SUMMARY ***
Total pot $2 | Rake $0
Seat 1: TopDJTex (button) (small blind) folded before Flop
Seat 6: laubes04 (big blind) collected ($2)


