PokerStars Hand #171245873422:  Hold'em Limit ($3/$6 USD) - 2017/06/02 11:47:48 ET
Table 'Seinajoki II' 6-max Seat #4 is the button
Seat 1: Opal10 ($43.74 in chips)
Seat 4: FHstyles ($61 in chips)
FHstyles: posts small blind $1
Opal10: posts big blind $3
*** HOLE CARDS ***
FHstyles: raises $3 to $6
Opal10: folds
Uncalled bet ($3) returned to FHstyles
belik555 joins the table at seat #2
FHstyles collected $6 from pot
FHstyles: doesn't show hand
*** SUMMARY ***
Total pot $6 | Rake $0
Seat 1: Opal10 (big blind) folded before Flop
Seat 4: FHstyles (button) (small blind) collected ($6)


PokerStars Hand #171245868722:  Hold'em Limit ($3/$6 USD) - 2017/06/02 11:47:40 ET
Table 'Seinajoki II' 6-max Seat #1 is the button
Seat 1: Opal10 ($44.74 in chips)
Seat 4: FHstyles ($60 in chips)
Opal10: posts small blind $1
FHstyles: posts big blind $3
*** HOLE CARDS ***
Opal10: folds
Uncalled bet ($2) returned to FHstyles
FHstyles collected $2 from pot
*** SUMMARY ***
Total pot $2 | Rake $0
Seat 1: Opal10 (button) (small blind) folded before Flop
Seat 4: FHstyles (big blind) collected ($2)


PokerStars Hand #171246046654:  Hold'em Limit ($3/$6 USD) - 2017/06/02 11:52:31 ET
Table 'Seinajoki II' 6-max Seat #1 is the button
Seat 1: Opal10 ($74.15 in chips)
Seat 2: belik555 ($98.64 in chips)
Opal10: posts small blind $1
belik555: posts big blind $3
*** HOLE CARDS ***
Opal10: folds
Uncalled bet ($2) returned to belik555
belik555 collected $2 from pot
belik555: doesn't show hand
*** SUMMARY ***
Total pot $2 | Rake $0
Seat 1: Opal10 (button) (small blind) folded before Flop
Seat 2: belik555 (big blind) collected ($2)


PokerStars Hand #171246039769:  Hold'em Limit ($3/$6 USD) - 2017/06/02 11:52:20 ET
Table 'Seinajoki II' 6-max Seat #2 is the button
Seat 1: Opal10 ($80.15 in chips)
Seat 2: belik555 ($92.88 in chips)
belik555: posts small blind $1
Opal10: posts big blind $3
*** HOLE CARDS ***
belik555: raises $3 to $6
Opal10: calls $3
*** FLOP *** [Jd 4d 4c]
Opal10: checks
belik555: bets $3
Opal10: folds
Uncalled bet ($3) returned to belik555
belik555 collected $11.76 from pot
belik555: doesn't show hand
*** SUMMARY ***
Total pot $12 | Rake $0.24
Board [Jd 4d 4c]
Seat 1: Opal10 (big blind) folded on the Flop
Seat 2: belik555 (button) (small blind) collected ($11.76)


PokerStars Hand #171246014391:  Hold'em Limit ($3/$6 USD) - 2017/06/02 11:51:38 ET
Table 'Seinajoki II' 6-max Seat #2 is the button
Seat 1: Opal10 ($83.40 in chips)
Seat 2: belik555 ($90 in chips)
belik555: posts small blind $1
FHstyles: is sitting out
Opal10: posts big blind $3
*** HOLE CARDS ***
FHstyles leaves the table
belik555: raises $3 to $6
Opal10: calls $3
*** FLOP *** [Js Qh Qd]
Opal10: checks
belik555: bets $3
Opal10: calls $3
*** TURN *** [Js Qh Qd] [Jd]
Opal10: bets $6
belik555: calls $6
*** RIVER *** [Js Qh Qd Jd] [Qs]
Opal10: bets $6
belik555: calls $6
*** SHOW DOWN ***
Opal10: shows [Kc Ah] (a full house, Queens full of Jacks)
belik555: shows [7h Ac] (a full house, Queens full of Jacks)
Opal10 collected $20.75 from pot
belik555 collected $20.75 from pot
*** SUMMARY ***
Total pot $42 | Rake $0.50
Board [Js Qh Qd Jd Qs]
Seat 1: Opal10 (big blind) showed [Kc Ah] and won ($20.75) with a full house, Queens full of Jacks
Seat 2: belik555 (button) (small blind) showed [7h Ac] and won ($20.75) with a full house, Queens full of Jacks


PokerStars Hand #171246033111:  Hold'em Limit ($3/$6 USD) - 2017/06/02 11:52:09 ET
Table 'Seinajoki II' 6-max Seat #1 is the button
Seat 1: Opal10 ($83.15 in chips)
Seat 2: belik555 ($90 in chips)
Opal10: posts small blind $1
belik555: posts big blind $3
*** HOLE CARDS ***
Opal10: calls $2
belik555: checks
*** FLOP *** [9d 6d 8d]
belik555: bets $3
Opal10: folds
Uncalled bet ($3) returned to belik555
belik555 collected $5.88 from pot
belik555: doesn't show hand
*** SUMMARY ***
Total pot $6 | Rake $0.12
Board [9d 6d 8d]
Seat 1: Opal10 (button) (small blind) folded on the Flop
Seat 2: belik555 (big blind) collected ($5.88)


PokerStars Hand #171246049707:  Hold'em Limit ($3/$6 USD) - 2017/06/02 11:52:36 ET
Table 'Seinajoki II' 6-max Seat #2 is the button
Seat 1: Opal10 ($73.15 in chips)
Seat 2: belik555 ($99.64 in chips)
belik555: posts small blind $1
Opal10: posts big blind $3
*** HOLE CARDS ***
belik555: raises $3 to $6
Opal10: calls $3
*** FLOP *** [5s 4s 2c]
Opal10: bets $3
belik555: raises $3 to $6
Opal10: calls $3
*** TURN *** [5s 4s 2c] [Th]
Opal10: checks
belik555: bets $6
Opal10: folds
Uncalled bet ($6) returned to belik555
belik555 collected $23.52 from pot
belik555: doesn't show hand
*** SUMMARY ***
Total pot $24 | Rake $0.48
Board [5s 4s 2c Th]
Seat 1: Opal10 (big blind) folded on the Turn
Seat 2: belik555 (button) (small blind) collected ($23.52)


PokerStars Hand #171246065828:  Hold'em Limit ($3/$6 USD) - 2017/06/02 11:53:02 ET
Table 'Seinajoki II' 6-max Seat #1 is the button
Seat 1: Opal10 ($61.15 in chips)
Seat 2: belik555 ($111.16 in chips)
Opal10: posts small blind $1
belik555: posts big blind $3
*** HOLE CARDS ***
Opal10: folds
Uncalled bet ($2) returned to belik555
belik555 collected $2 from pot
belik555: doesn't show hand
*** SUMMARY ***
Total pot $2 | Rake $0
Seat 1: Opal10 (button) (small blind) folded before Flop
Seat 2: belik555 (big blind) collected ($2)


PokerStars Hand #171246069849:  Hold'em Limit ($3/$6 USD) - 2017/06/02 11:53:09 ET
Table 'Seinajoki II' 6-max Seat #2 is the button
Seat 1: Opal10 ($60.15 in chips)
Seat 2: belik555 ($112.16 in chips)
belik555: posts small blind $1
Opal10: posts big blind $3
*** HOLE CARDS ***
belik555: raises $3 to $6
Opal10: calls $3
*** FLOP *** [7s 8s 2s]
Opal10: bets $3
belik555: calls $3
*** TURN *** [7s 8s 2s] [Ts]
Opal10: bets $6
belik555: folds
Uncalled bet ($6) returned to Opal10
Opal10 collected $17.64 from pot
Opal10: doesn't show hand
*** SUMMARY ***
Total pot $18 | Rake $0.36
Board [7s 8s 2s Ts]
Seat 1: Opal10 (big blind) collected ($17.64)
Seat 2: belik555 (button) (small blind) folded on the Turn


PokerStars Hand #171246080248:  Hold'em Limit ($3/$6 USD) - 2017/06/02 11:53:25 ET
Table 'Seinajoki II' 6-max Seat #1 is the button
Seat 1: Opal10 ($68.79 in chips)
Seat 2: belik555 ($103.16 in chips)
Opal10: posts small blind $1
belik555: posts big blind $3
*** HOLE CARDS ***
Opal10: calls $2
belik555: checks
*** FLOP *** [As Tc Qs]
belik555: bets $3
Opal10: calls $3
*** TURN *** [As Tc Qs] [7s]
belik555: checks
Opal10: checks
*** RIVER *** [As Tc Qs 7s] [6d]
belik555: checks
Opal10: checks
*** SHOW DOWN ***
belik555: shows [5d 6c] (a pair of Sixes)
Opal10: mucks hand
belik555 collected $11.76 from pot
*** SUMMARY ***
Total pot $12 | Rake $0.24
Board [As Tc Qs 7s 6d]
Seat 1: Opal10 (button) (small blind) mucked
Seat 2: belik555 (big blind) showed [5d 6c] and won ($11.76) with a pair of Sixes


PokerStars Hand #171246102628:  Hold'em Limit ($3/$6 USD) - 2017/06/02 11:54:02 ET
Table 'Seinajoki II' 6-max Seat #2 is the button
Seat 1: Opal10 ($62.79 in chips)
Seat 2: belik555 ($108.92 in chips)
belik555: posts small blind $1
Opal10: posts big blind $3
*** HOLE CARDS ***
belik555: raises $3 to $6
Opal10: folds
Uncalled bet ($3) returned to belik555
belik555 collected $6 from pot
belik555: doesn't show hand
*** SUMMARY ***
Total pot $6 | Rake $0
Seat 1: Opal10 (big blind) folded before Flop
Seat 2: belik555 (button) (small blind) collected ($6)


PokerStars Hand #171246111411:  Hold'em Limit ($3/$6 USD) - 2017/06/02 11:54:17 ET
Table 'Seinajoki II' 6-max Seat #1 is the button
Seat 1: Opal10 ($59.79 in chips)
Seat 2: belik555 ($111.92 in chips)
Opal10: posts small blind $1
belik555: posts big blind $3
*** HOLE CARDS ***
Opal10: calls $2
belik555: raises $3 to $6
Opal10: calls $3
*** FLOP *** [Qd 3c 8d]
belik555: bets $3
Opal10: folds
Uncalled bet ($3) returned to belik555
belik555 collected $11.76 from pot
belik555: doesn't show hand
*** SUMMARY ***
Total pot $12 | Rake $0.24
Board [Qd 3c 8d]
Seat 1: Opal10 (button) (small blind) folded on the Flop
Seat 2: belik555 (big blind) collected ($11.76)


PokerStars Hand #171246125400:  Hold'em Limit ($3/$6 USD) - 2017/06/02 11:54:40 ET
Table 'Seinajoki II' 6-max Seat #2 is the button
Seat 1: Opal10 ($53.79 in chips)
Seat 2: belik555 ($117.68 in chips)
belik555: posts small blind $1
Opal10: posts big blind $3
*** HOLE CARDS ***
belik555: raises $3 to $6
Opal10: calls $3
*** FLOP *** [Jh Js 9s]
Opal10: bets $3
belik555: calls $3
*** TURN *** [Jh Js 9s] [Ad]
TheCRIdol joins the table at seat #5
Opal10: checks
belik555: bets $6
Opal10: folds
Uncalled bet ($6) returned to belik555
majekk joins the table at seat #3
belik555 collected $17.64 from pot
belik555: doesn't show hand
*** SUMMARY ***
Total pot $18 | Rake $0.36
Board [Jh Js 9s Ad]
Seat 1: Opal10 (big blind) folded on the Turn
Seat 2: belik555 (button) (small blind) collected ($17.64)


PokerStars Hand #171246139563:  Hold'em Limit ($3/$6 USD) - 2017/06/02 11:55:03 ET
Table 'Seinajoki II' 6-max Seat #1 is the button
Seat 1: Opal10 ($44.79 in chips)
Seat 2: belik555 ($126.32 in chips)
Opal10: posts small blind $1
belik555: posts big blind $3
*** HOLE CARDS ***
Opal10: calls $2
belik555: checks
*** FLOP *** [Th 8c 2d]
belik555: checks
Opal10: bets $3
belik555: folds
Uncalled bet ($3) returned to Opal10
Opal10 collected $5.88 from pot
Opal10: doesn't show hand
*** SUMMARY ***
Total pot $6 | Rake $0.12
Board [Th 8c 2d]
Seat 1: Opal10 (button) (small blind) collected ($5.88)
Seat 2: belik555 (big blind) folded on the Flop


