PokerStars Hand #152175999739:  Hold'em Limit ($3/$6 USD) - 2016/04/20 1:42:12 ET
Table 'Seinajoki' 6-max Seat #4 is the button
Seat 3: tangxueke ($101.24 in chips)
Seat 4: AzureCaper ($91.80 in chips)
AzureCaper: posts small blind $1
tangxueke: posts big blind $3
*** HOLE CARDS ***
AzureCaper: raises $3 to $6
tangxueke: calls $3
*** FLOP *** [4c Kd 8s]
tangxueke: checks
AzureCaper: bets $3
tangxueke: calls $3
*** TURN *** [4c Kd 8s] [3h]
tangxueke: checks
AzureCaper: checks
*** RIVER *** [4c Kd 8s 3h] [7d]
tangxueke: bets $6
AzureCaper: folds
Uncalled bet ($6) returned to tangxueke
tangxueke collected $17.64 from pot
tangxueke: doesn't show hand
*** SUMMARY ***
Total pot $18 | Rake $0.36
Board [4c Kd 8s 3h 7d]
Seat 3: tangxueke (big blind) collected ($17.64)
Seat 4: AzureCaper (button) (small blind) folded on the River


PokerStars Hand #152176014488:  Hold'em Limit ($3/$6 USD) - 2016/04/20 1:43:11 ET
Table 'Seinajoki' 6-max Seat #3 is the button
Seat 3: tangxueke ($106.52 in chips)
Seat 4: AzureCaper ($85.32 in chips)
tangxueke: posts small blind $1
AzureCaper: posts big blind $3
*** HOLE CARDS ***
tangxueke: folds
Uncalled bet ($2) returned to AzureCaper
AzureCaper collected $2 from pot
AzureCaper: doesn't show hand
*** SUMMARY ***
Total pot $2 | Rake $0
Seat 3: tangxueke (button) (small blind) folded before Flop
Seat 4: AzureCaper (big blind) collected ($2)


PokerStars Hand #152176005178:  Hold'em Limit ($3/$6 USD) - 2016/04/20 1:42:34 ET
Table 'Seinajoki' 6-max Seat #3 is the button
Seat 3: tangxueke ($109.88 in chips)
Seat 4: AzureCaper ($82.80 in chips)
tangxueke: posts small blind $1
AzureCaper: posts big blind $3
*** HOLE CARDS ***
tangxueke: raises $3 to $6
AzureCaper: raises $3 to $9
tangxueke: calls $3
*** FLOP *** [8h 5c Kh]
AzureCaper: bets $3
tangxueke: calls $3
*** TURN *** [8h 5c Kh] [Th]
AzureCaper: bets $6
tangxueke: folds
Uncalled bet ($6) returned to AzureCaper
AzureCaper collected $23.52 from pot
AzureCaper: doesn't show hand
*** SUMMARY ***
Total pot $24 | Rake $0.48
Board [8h 5c Kh Th]
Seat 3: tangxueke (button) (small blind) folded on the Turn
Seat 4: AzureCaper (big blind) collected ($23.52)


PokerStars Hand #152176009610:  Hold'em Limit ($3/$6 USD) - 2016/04/20 1:42:52 ET
Table 'Seinajoki' 6-max Seat #4 is the button
Seat 3: tangxueke ($97.88 in chips)
Seat 4: AzureCaper ($94.32 in chips)
AzureCaper: posts small blind $1
tangxueke: posts big blind $3
*** HOLE CARDS ***
AzureCaper: raises $3 to $6
tangxueke: calls $3
*** FLOP *** [Kc Qs Qh]
tangxueke: checks
AzureCaper: bets $3
catsnipples joins the table at seat #6
tangxueke: calls $3
*** TURN *** [Kc Qs Qh] [Ac]
tangxueke: checks
AzureCaper: checks
*** RIVER *** [Kc Qs Qh Ac] [Ks]
tangxueke: bets $6
AzureCaper: folds
Uncalled bet ($6) returned to tangxueke
tangxueke collected $17.64 from pot
tangxueke: doesn't show hand
*** SUMMARY ***
Total pot $18 | Rake $0.36
Board [Kc Qs Qh Ac Ks]
Seat 3: tangxueke (big blind) collected ($17.64)
Seat 4: AzureCaper (button) (small blind) folded on the River


PokerStars Hand #152176033848:  Hold'em Limit ($3/$6 USD) - 2016/04/20 1:44:28 ET
Table 'Seinajoki' 6-max Seat #3 is the button
Seat 3: tangxueke ($151.49 in chips)
Seat 4: AzureCaper ($72 in chips)
tangxueke: posts small blind $1
AzureCaper: posts big blind $3
*** HOLE CARDS ***
tangxueke: folds
Uncalled bet ($2) returned to AzureCaper
AzureCaper collected $2 from pot
AzureCaper: doesn't show hand
*** SUMMARY ***
Total pot $2 | Rake $0
Seat 3: tangxueke (button) (small blind) folded before Flop
Seat 4: AzureCaper (big blind) collected ($2)


PokerStars Hand #152176048652:  Hold'em Limit ($3/$6 USD) - 2016/04/20 1:45:26 ET
Table 'Seinajoki' 6-max Seat #4 is the button
Seat 3: tangxueke ($132.49 in chips)
Seat 4: AzureCaper ($90.52 in chips)
AzureCaper: posts small blind $1
tangxueke: posts big blind $3
*** HOLE CARDS ***
AzureCaper: raises $3 to $6
tangxueke: folds
Uncalled bet ($3) returned to AzureCaper
AzureCaper collected $6 from pot
AzureCaper: doesn't show hand
*** SUMMARY ***
Total pot $6 | Rake $0
Seat 3: tangxueke (big blind) folded before Flop
Seat 4: AzureCaper (button) (small blind) collected ($6)


PokerStars Hand #152176047069:  Hold'em Limit ($3/$6 USD) - 2016/04/20 1:45:20 ET
Table 'Seinajoki' 6-max Seat #3 is the button
Seat 3: tangxueke ($133.49 in chips)
Seat 4: AzureCaper ($89.52 in chips)
tangxueke: posts small blind $1
AzureCaper: posts big blind $3
*** HOLE CARDS ***
tangxueke: folds
Uncalled bet ($2) returned to AzureCaper
AzureCaper collected $2 from pot
AzureCaper: doesn't show hand
*** SUMMARY ***
Total pot $2 | Rake $0
Seat 3: tangxueke (button) (small blind) folded before Flop
Seat 4: AzureCaper (big blind) collected ($2)


PokerStars Hand #152176035437:  Hold'em Limit ($3/$6 USD) - 2016/04/20 1:44:34 ET
Table 'Seinajoki' 6-max Seat #4 is the button
Seat 3: tangxueke ($150.49 in chips)
Seat 4: AzureCaper ($73 in chips)
AzureCaper: posts small blind $1
tangxueke: posts big blind $3
*** HOLE CARDS ***
AzureCaper: raises $3 to $6
tangxueke: folds
Uncalled bet ($3) returned to AzureCaper
AzureCaper collected $6 from pot
AzureCaper: doesn't show hand
*** SUMMARY ***
Total pot $6 | Rake $0
Seat 3: tangxueke (big blind) folded before Flop
Seat 4: AzureCaper (button) (small blind) collected ($6)


PokerStars Hand #152176036990:  Hold'em Limit ($3/$6 USD) - 2016/04/20 1:44:40 ET
Table 'Seinajoki' 6-max Seat #3 is the button
Seat 3: tangxueke ($147.49 in chips)
Seat 4: AzureCaper ($76 in chips)
tangxueke: posts small blind $1
AzureCaper: posts big blind $3
*** HOLE CARDS ***
tangxueke: folds
Uncalled bet ($2) returned to AzureCaper
AzureCaper collected $2 from pot
AzureCaper: doesn't show hand
*** SUMMARY ***
Total pot $2 | Rake $0
Seat 3: tangxueke (button) (small blind) folded before Flop
Seat 4: AzureCaper (big blind) collected ($2)


PokerStars Hand #152176041648:  Hold'em Limit ($3/$6 USD) - 2016/04/20 1:44:58 ET
Table 'Seinajoki' 6-max Seat #3 is the button
Seat 3: tangxueke ($140.49 in chips)
Seat 4: AzureCaper ($82.76 in chips)
tangxueke: posts small blind $1
AzureCaper: posts big blind $3
*** HOLE CARDS ***
tangxueke: folds
Uncalled bet ($2) returned to AzureCaper
AzureCaper collected $2 from pot
AzureCaper: doesn't show hand
*** SUMMARY ***
Total pot $2 | Rake $0
Seat 3: tangxueke (button) (small blind) folded before Flop
Seat 4: AzureCaper (big blind) collected ($2)


PokerStars Hand #152176038469:  Hold'em Limit ($3/$6 USD) - 2016/04/20 1:44:46 ET
Table 'Seinajoki' 6-max Seat #4 is the button
Seat 3: tangxueke ($146.49 in chips)
Seat 4: AzureCaper ($77 in chips)
AzureCaper: posts small blind $1
tangxueke: posts big blind $3
*** HOLE CARDS ***
AzureCaper: raises $3 to $6
tangxueke: calls $3
*** FLOP *** [8c As Ad]
tangxueke: checks
AzureCaper: bets $3
tangxueke: folds
Uncalled bet ($3) returned to AzureCaper
AzureCaper collected $11.76 from pot
AzureCaper: doesn't show hand
*** SUMMARY ***
Total pot $12 | Rake $0.24
Board [8c As Ad]
Seat 3: tangxueke (big blind) folded on the Flop
Seat 4: AzureCaper (button) (small blind) collected ($11.76)


PokerStars Hand #152176043114:  Hold'em Limit ($3/$6 USD) - 2016/04/20 1:45:04 ET
Table 'Seinajoki' 6-max Seat #4 is the button
Seat 3: tangxueke ($139.49 in chips)
Seat 4: AzureCaper ($83.76 in chips)
AzureCaper: posts small blind $1
tangxueke: posts big blind $3
*** HOLE CARDS ***
AzureCaper: raises $3 to $6
tangxueke: calls $3
*** FLOP *** [Ah 4d Td]
tangxueke: checks
AzureCaper: bets $3
tangxueke: folds
Uncalled bet ($3) returned to AzureCaper
AzureCaper collected $11.76 from pot
AzureCaper: doesn't show hand
*** SUMMARY ***
Total pot $12 | Rake $0.24
Board [Ah 4d Td]
Seat 3: tangxueke (big blind) folded on the Flop
Seat 4: AzureCaper (button) (small blind) collected ($11.76)


PokerStars Hand #152176050303:  Hold'em Limit ($3/$6 USD) - 2016/04/20 1:45:33 ET
Table 'Seinajoki' 6-max Seat #3 is the button
Seat 3: tangxueke ($129.49 in chips)
Seat 4: AzureCaper ($93.52 in chips)
tangxueke: posts small blind $1
AzureCaper: posts big blind $3
*** HOLE CARDS ***
tangxueke: raises $3 to $6
AzureCaper: calls $3
*** FLOP *** [4s 8d Jc]
AzureCaper: checks
tangxueke: bets $3
AzureCaper: calls $3
*** TURN *** [4s 8d Jc] [7s]
AzureCaper: checks
tangxueke: bets $6
AzureCaper: calls $6
*** RIVER *** [4s 8d Jc 7s] [9c]
AzureCaper: bets $6
tangxueke: raises $6 to $12
AzureCaper: raises $6 to $18
tangxueke: calls $6
*** SHOW DOWN ***
AzureCaper: shows [Th Qd] (a straight, Eight to Queen)
tangxueke: mucks hand
AzureCaper collected $65.50 from pot
*** SUMMARY ***
Total pot $66 | Rake $0.50
Board [4s 8d Jc 7s 9c]
Seat 3: tangxueke (button) (small blind) mucked
Seat 4: AzureCaper (big blind) showed [Th Qd] and won ($65.50) with a straight, Eight to Queen


PokerStars Hand #152176059248:  Hold'em Limit ($3/$6 USD) - 2016/04/20 1:46:08 ET
Table 'Seinajoki' 6-max Seat #4 is the button
Seat 3: tangxueke ($96.49 in chips)
Seat 4: AzureCaper ($126.02 in chips)
AzureCaper: posts small blind $1
tangxueke: posts big blind $3
*** HOLE CARDS ***
AzureCaper: raises $3 to $6
tangxueke: folds
Uncalled bet ($3) returned to AzureCaper
AzureCaper collected $6 from pot
AzureCaper: doesn't show hand
*** SUMMARY ***
Total pot $6 | Rake $0
Seat 3: tangxueke (big blind) folded before Flop
Seat 4: AzureCaper (button) (small blind) collected ($6)


PokerStars Hand #152176069468:  Hold'em Limit ($3/$6 USD) - 2016/04/20 1:46:48 ET
Table 'Seinajoki' 6-max Seat #4 is the button
Seat 3: tangxueke ($63.49 in chips)
Seat 4: AzureCaper ($158.52 in chips)
AzureCaper: posts small blind $1
tangxueke: posts big blind $3
*** HOLE CARDS ***
AzureCaper: raises $3 to $6
tangxueke: raises $3 to $9
AzureCaper: calls $3
*** FLOP *** [Qd 5h 6h]
tangxueke: bets $3
AzureCaper: calls $3
*** TURN *** [Qd 5h 6h] [9d]
tangxueke: bets $6
AzureCaper: folds
Uncalled bet ($6) returned to tangxueke
tangxueke collected $23.52 from pot
tangxueke: doesn't show hand
*** SUMMARY ***
Total pot $24 | Rake $0.48
Board [Qd 5h 6h 9d]
Seat 3: tangxueke (big blind) collected ($23.52)
Seat 4: AzureCaper (button) (small blind) folded on the Turn


PokerStars Hand #152176074513:  Hold'em Limit ($3/$6 USD) - 2016/04/20 1:47:07 ET
Table 'Seinajoki' 6-max Seat #3 is the button
Seat 3: tangxueke ($75.01 in chips)
Seat 4: AzureCaper ($146.52 in chips)
tangxueke: posts small blind $1
AzureCaper: posts big blind $3
*** HOLE CARDS ***
tangxueke: raises $3 to $6
AzureCaper: calls $3
*** FLOP *** [Qs 5d 4c]
AzureCaper: checks
tangxueke: bets $3
AzureCaper: raises $3 to $6
tangxueke: folds
Uncalled bet ($3) returned to AzureCaper
AzureCaper collected $17.64 from pot
AzureCaper: doesn't show hand
*** SUMMARY ***
Total pot $18 | Rake $0.36
Board [Qs 5d 4c]
Seat 3: tangxueke (button) (small blind) folded on the Flop
Seat 4: AzureCaper (big blind) collected ($17.64)


PokerStars Hand #152176062138:  Hold'em Limit ($3/$6 USD) - 2016/04/20 1:46:19 ET
Table 'Seinajoki' 6-max Seat #3 is the button
Seat 3: tangxueke ($93.49 in chips)
Seat 4: AzureCaper ($129.02 in chips)
tangxueke: posts small blind $1
AzureCaper: posts big blind $3
*** HOLE CARDS ***
tangxueke: raises $3 to $6
AzureCaper: calls $3
*** FLOP *** [5s 4h 6c]
AzureCaper: checks
tangxueke: bets $3
AzureCaper: raises $3 to $6
tangxueke: raises $3 to $9
AzureCaper: raises $3 to $12
Betting is capped
tangxueke: calls $3
*** TURN *** [5s 4h 6c] [Kc]
AzureCaper: bets $6
tangxueke: calls $6
*** RIVER *** [5s 4h 6c Kc] [4c]
AzureCaper: bets $6
tangxueke: calls $6
*** SHOW DOWN ***
AzureCaper: shows [5c 5h] (a full house, Fives full of Fours)
tangxueke: mucks hand
AzureCaper collected $59.50 from pot
*** SUMMARY ***
Total pot $60 | Rake $0.50
Board [5s 4h 6c Kc 4c]
Seat 3: tangxueke (button) (small blind) mucked
Seat 4: AzureCaper (big blind) showed [5c 5h] and won ($59.50) with a full house, Fives full of Fours


PokerStars Hand #152176079033:  Hold'em Limit ($3/$6 USD) - 2016/04/20 1:47:25 ET
Table 'Seinajoki' 6-max Seat #4 is the button
Seat 3: tangxueke ($66.01 in chips)
Seat 4: AzureCaper ($155.16 in chips)
AzureCaper: posts small blind $1
tangxueke: posts big blind $3
*** HOLE CARDS ***
AzureCaper: raises $3 to $6
tangxueke: raises $3 to $9
AzureCaper: calls $3
*** FLOP *** [Kc 8h 4d]
tangxueke: bets $3
AzureCaper: folds
Uncalled bet ($3) returned to tangxueke
tangxueke collected $17.64 from pot
tangxueke: doesn't show hand
*** SUMMARY ***
Total pot $18 | Rake $0.36
Board [Kc 8h 4d]
Seat 3: tangxueke (big blind) collected ($17.64)
Seat 4: AzureCaper (button) (small blind) folded on the Flop


PokerStars Hand #152176083861:  Hold'em Limit ($3/$6 USD) - 2016/04/20 1:47:43 ET
Table 'Seinajoki' 6-max Seat #3 is the button
Seat 3: tangxueke ($74.65 in chips)
Seat 4: AzureCaper ($146.16 in chips)
tangxueke: posts small blind $1
AzureCaper: posts big blind $3
*** HOLE CARDS ***
tangxueke: raises $3 to $6
AzureCaper: raises $3 to $9
tangxueke: raises $3 to $12
Betting is capped
AzureCaper: calls $3
*** FLOP *** [7h 5h 4c]
AzureCaper: checks
tangxueke: bets $3
AzureCaper: calls $3
*** TURN *** [7h 5h 4c] [Tc]
AzureCaper: checks
tangxueke: bets $6
AzureCaper: folds
Uncalled bet ($6) returned to tangxueke
tangxueke collected $29.50 from pot
tangxueke: doesn't show hand
*** SUMMARY ***
Total pot $30 | Rake $0.50
Board [7h 5h 4c Tc]
Seat 3: tangxueke (button) (small blind) collected ($29.50)
Seat 4: AzureCaper (big blind) folded on the Turn


PokerStars Hand #152176089698:  Hold'em Limit ($3/$6 USD) - 2016/04/20 1:48:06 ET
Table 'Seinajoki' 6-max Seat #4 is the button
Seat 3: tangxueke ($89.15 in chips)
Seat 4: AzureCaper ($131.16 in chips)
AzureCaper: posts small blind $1
tangxueke: posts big blind $3
*** HOLE CARDS ***
AzureCaper: raises $3 to $6
tangxueke: calls $3
*** FLOP *** [2h 6h 8c]
tangxueke: checks
AzureCaper: bets $3
tangxueke: calls $3
*** TURN *** [2h 6h 8c] [Qs]
tangxueke: checks
AzureCaper: bets $6
tangxueke: raises $6 to $12
AzureCaper: calls $6
*** RIVER *** [2h 6h 8c Qs] [As]
tangxueke: checks
AzureCaper: bets $6
tangxueke: calls $6
*** SHOW DOWN ***
AzureCaper: shows [5c 7c] (high card Ace)
tangxueke: shows [Qh Tc] (a pair of Queens)
tangxueke collected $53.50 from pot
*** SUMMARY ***
Total pot $54 | Rake $0.50
Board [2h 6h 8c Qs As]
Seat 3: tangxueke (big blind) showed [Qh Tc] and won ($53.50) with a pair of Queens
Seat 4: AzureCaper (button) (small blind) showed [5c 7c] and lost with high card Ace


PokerStars Hand #152176098390:  Hold'em Limit ($3/$6 USD) - 2016/04/20 1:48:40 ET
Table 'Seinajoki' 6-max Seat #4 is the button
Seat 3: tangxueke ($114.65 in chips)
Seat 4: AzureCaper ($105.16 in chips)
AzureCaper: posts small blind $1
tangxueke: posts big blind $3
*** HOLE CARDS ***
AzureCaper: folds
Uncalled bet ($2) returned to tangxueke
tangxueke collected $2 from pot
tangxueke: doesn't show hand
*** SUMMARY ***
Total pot $2 | Rake $0
Seat 3: tangxueke (big blind) collected ($2)
Seat 4: AzureCaper (button) (small blind) folded before Flop


PokerStars Hand #152176096918:  Hold'em Limit ($3/$6 USD) - 2016/04/20 1:48:34 ET
Table 'Seinajoki' 6-max Seat #3 is the button
Seat 3: tangxueke ($115.65 in chips)
Seat 4: AzureCaper ($104.16 in chips)
tangxueke: posts small blind $1
AzureCaper: posts big blind $3
*** HOLE CARDS ***
tangxueke: folds
Uncalled bet ($2) returned to AzureCaper
AzureCaper collected $2 from pot
AzureCaper: doesn't show hand
*** SUMMARY ***
Total pot $2 | Rake $0
Seat 3: tangxueke (button) (small blind) folded before Flop
Seat 4: AzureCaper (big blind) collected ($2)


PokerStars Hand #152176099803:  Hold'em Limit ($3/$6 USD) - 2016/04/20 1:48:46 ET
Table 'Seinajoki' 6-max Seat #3 is the button
Seat 3: tangxueke ($115.65 in chips)
Seat 4: AzureCaper ($104.16 in chips)
tangxueke: posts small blind $1
AzureCaper: posts big blind $3
*** HOLE CARDS ***
tangxueke: folds
Uncalled bet ($2) returned to AzureCaper
AzureCaper collected $2 from pot
AzureCaper: doesn't show hand
*** SUMMARY ***
Total pot $2 | Rake $0
Seat 3: tangxueke (button) (small blind) folded before Flop
Seat 4: AzureCaper (big blind) collected ($2)


PokerStars Hand #152176103187:  Hold'em Limit ($3/$6 USD) - 2016/04/20 1:48:59 ET
Table 'Seinajoki' 6-max Seat #3 is the button
Seat 3: tangxueke ($111.65 in chips)
Seat 4: AzureCaper ($108.16 in chips)
tangxueke: posts small blind $1
AzureCaper: posts big blind $3
*** HOLE CARDS ***
tangxueke: folds
Uncalled bet ($2) returned to AzureCaper
AzureCaper collected $2 from pot
AzureCaper: doesn't show hand
*** SUMMARY ***
Total pot $2 | Rake $0
Seat 3: tangxueke (button) (small blind) folded before Flop
Seat 4: AzureCaper (big blind) collected ($2)


PokerStars Hand #152176101327:  Hold'em Limit ($3/$6 USD) - 2016/04/20 1:48:52 ET
Table 'Seinajoki' 6-max Seat #4 is the button
Seat 3: tangxueke ($114.65 in chips)
Seat 4: AzureCaper ($105.16 in chips)
AzureCaper: posts small blind $1
tangxueke: posts big blind $3
*** HOLE CARDS ***
AzureCaper: raises $3 to $6
tangxueke: folds
Uncalled bet ($3) returned to AzureCaper
AzureCaper collected $6 from pot
AzureCaper: doesn't show hand
*** SUMMARY ***
Total pot $6 | Rake $0
Seat 3: tangxueke (big blind) folded before Flop
Seat 4: AzureCaper (button) (small blind) collected ($6)


PokerStars Hand #152176104749:  Hold'em Limit ($3/$6 USD) - 2016/04/20 1:49:05 ET
Table 'Seinajoki' 6-max Seat #4 is the button
Seat 3: tangxueke ($110.65 in chips)
Seat 4: AzureCaper ($109.16 in chips)
AzureCaper: posts small blind $1
tangxueke: posts big blind $3
*** HOLE CARDS ***
AzureCaper: raises $3 to $6
tangxueke: calls $3
*** FLOP *** [2h 6d 3s]
tangxueke: checks
AzureCaper: bets $3
tangxueke: calls $3
*** TURN *** [2h 6d 3s] [7s]
tangxueke: checks
AzureCaper: bets $6
tangxueke: raises $6 to $12
AzureCaper: folds
Uncalled bet ($6) returned to tangxueke
tangxueke collected $29.50 from pot
tangxueke: doesn't show hand
*** SUMMARY ***
Total pot $30 | Rake $0.50
Board [2h 6d 3s 7s]
Seat 3: tangxueke (big blind) collected ($29.50)
Seat 4: AzureCaper (button) (small blind) folded on the Turn


PokerStars Hand #152176110052:  Hold'em Limit ($3/$6 USD) - 2016/04/20 1:49:26 ET
Table 'Seinajoki' 6-max Seat #3 is the button
Seat 3: tangxueke ($125.15 in chips)
Seat 4: AzureCaper ($94.16 in chips)
tangxueke: posts small blind $1
AzureCaper: posts big blind $3
*** HOLE CARDS ***
tangxueke: raises $3 to $6
AzureCaper: folds
Uncalled bet ($3) returned to tangxueke
tangxueke collected $6 from pot
tangxueke: doesn't show hand
*** SUMMARY ***
Total pot $6 | Rake $0
Seat 3: tangxueke (button) (small blind) collected ($6)
Seat 4: AzureCaper (big blind) folded before Flop


PokerStars Hand #152176120769:  Hold'em Limit ($3/$6 USD) - 2016/04/20 1:50:08 ET
Table 'Seinajoki' 6-max Seat #4 is the button
Seat 3: tangxueke ($130.65 in chips)
Seat 4: AzureCaper ($87.68 in chips)
AzureCaper: posts small blind $1
tangxueke: posts big blind $3
*** HOLE CARDS ***
AzureCaper: raises $3 to $6
tangxueke: calls $3
*** FLOP *** [6s Js Kd]
tangxueke: checks
AzureCaper: bets $3
tangxueke: calls $3
*** TURN *** [6s Js Kd] [Jh]
tangxueke: checks
AzureCaper: bets $6
tangxueke: raises $6 to $12
AzureCaper: calls $6
*** RIVER *** [6s Js Kd Jh] [Ac]
tangxueke: checks
AzureCaper: checks
*** SHOW DOWN ***
tangxueke: shows [Jd Kc] (a full house, Jacks full of Kings)
AzureCaper: mucks hand
tangxueke collected $41.50 from pot
*** SUMMARY ***
Total pot $42 | Rake $0.50
Board [6s Js Kd Jh Ac]
Seat 3: tangxueke (big blind) showed [Jd Kc] and won ($41.50) with a full house, Jacks full of Kings
Seat 4: AzureCaper (button) (small blind) mucked


PokerStars Hand #152176111635:  Hold'em Limit ($3/$6 USD) - 2016/04/20 1:49:32 ET
Table 'Seinajoki' 6-max Seat #4 is the button
Seat 3: tangxueke ($128.15 in chips)
Seat 4: AzureCaper ($91.16 in chips)
AzureCaper: posts small blind $1
tangxueke: posts big blind $3
*** HOLE CARDS ***
AzureCaper: raises $3 to $6
tangxueke: calls $3
*** FLOP *** [2s 9d 4h]
tangxueke: checks
AzureCaper: bets $3
tangxueke: calls $3
*** TURN *** [2s 9d 4h] [Td]
tangxueke: checks
AzureCaper: checks
*** RIVER *** [2s 9d 4h Td] [2d]
tangxueke: bets $6
AzureCaper: calls $6
*** SHOW DOWN ***
tangxueke: shows [Th Jh] (two pair, Tens and Deuces)
AzureCaper: mucks hand
tangxueke collected $29.50 from pot
*** SUMMARY ***
Total pot $30 | Rake $0.50
Board [2s 9d 4h Td 2d]
Seat 3: tangxueke (big blind) showed [Th Jh] and won ($29.50) with two pair, Tens and Deuces
Seat 4: AzureCaper (button) (small blind) mucked


PokerStars Hand #152176134170:  Hold'em Limit ($3/$6 USD) - 2016/04/20 1:51:01 ET
Table 'Seinajoki' 6-max Seat #3 is the button
Seat 3: tangxueke ($158.79 in chips)
Seat 4: AzureCaper ($72 in chips)
tangxueke: posts small blind $1
AzureCaper: posts big blind $3
*** HOLE CARDS ***
tangxueke: raises $3 to $6
AzureCaper: folds
Uncalled bet ($3) returned to tangxueke
tangxueke collected $6 from pot
tangxueke: doesn't show hand
*** SUMMARY ***
Total pot $6 | Rake $0
Seat 3: tangxueke (button) (small blind) collected ($6)
Seat 4: AzureCaper (big blind) folded before Flop


PokerStars Hand #152176128137:  Hold'em Limit ($3/$6 USD) - 2016/04/20 1:50:37 ET
Table 'Seinajoki' 6-max Seat #4 is the button
Seat 3: tangxueke ($150.15 in chips)
Seat 4: AzureCaper ($73 in chips)
AzureCaper: posts small blind $1
tangxueke: posts big blind $3
*** HOLE CARDS ***
AzureCaper: raises $3 to $6
tangxueke: calls $3
*** FLOP *** [Ts 5s Jd]
tangxueke: checks
AzureCaper: bets $3
tangxueke: calls $3
*** TURN *** [Ts 5s Jd] [Th]
tangxueke: checks
AzureCaper: checks
*** RIVER *** [Ts 5s Jd Th] [6h]
$polu4atel*$ joins the table at seat #5
tangxueke: bets $6
AzureCaper: folds
Uncalled bet ($6) returned to tangxueke
tangxueke collected $17.64 from pot
tangxueke: doesn't show hand
*** SUMMARY ***
Total pot $18 | Rake $0.36
Board [Ts 5s Jd Th 6h]
Seat 3: tangxueke (big blind) collected ($17.64)
Seat 4: AzureCaper (button) (small blind) folded on the River


PokerStars Hand #152176126492:  Hold'em Limit ($3/$6 USD) - 2016/04/20 1:50:31 ET
Table 'Seinajoki' 6-max Seat #3 is the button
Seat 3: tangxueke ($151.15 in chips)
Seat 4: AzureCaper ($72 in chips)
tangxueke: posts small blind $1
AzureCaper: posts big blind $3
*** HOLE CARDS ***
tangxueke: folds
Uncalled bet ($2) returned to AzureCaper
AzureCaper collected $2 from pot
AzureCaper: doesn't show hand
*** SUMMARY ***
Total pot $2 | Rake $0
Seat 3: tangxueke (button) (small blind) folded before Flop
Seat 4: AzureCaper (big blind) collected ($2)


PokerStars Hand #152176319500:  Hold'em Limit ($3/$6 USD) - 2016/04/20 2:03:40 ET
Table 'Seinajoki' 6-max Seat #4 is the button
Seat 1: factor725 ($153.11 in chips)
Seat 4: AzureCaper ($85.88 in chips)
tangxueke will be allowed to play after the button
AzureCaper: posts small blind $1
anetkaapro: is sitting out
factor725: posts big blind $3
*** HOLE CARDS ***
AzureCaper: raises $3 to $6
factor725: calls $3
*** FLOP *** [Kh Jc Td]
factor725: checks
AzureCaper: bets $3
factor725: folds
Uncalled bet ($3) returned to AzureCaper
AzureCaper collected $11.76 from pot
AzureCaper: doesn't show hand
*** SUMMARY ***
Total pot $12 | Rake $0.24
Board [Kh Jc Td]
Seat 1: factor725 (big blind) folded on the Flop
Seat 4: AzureCaper (button) (small blind) collected ($11.76)


PokerStars Hand #152176630412:  Hold'em Limit ($3/$6 USD) - 2016/04/20 2:23:40 ET
Table 'Seinajoki' 6-max Seat #4 is the button
Seat 2: anetkaapro ($153.17 in chips)
Seat 4: AzureCaper ($172.98 in chips)
AzureCaper: posts small blind $1
anetkaapro: posts big blind $3
*** HOLE CARDS ***
AzureCaper: folds
Uncalled bet ($2) returned to anetkaapro
anetkaapro collected $2 from pot
anetkaapro: doesn't show hand
*** SUMMARY ***
Total pot $2 | Rake $0
Seat 2: anetkaapro (big blind) collected ($2)
Seat 4: AzureCaper (button) (small blind) folded before Flop


