PokerStars Hand #174773610568:  Hold'em Limit ($3/$6 USD) - 2017/08/25 9:59:27 ET
Table 'Sekanina II' 10-max Seat #2 is the button
Seat 2: xxPSRxx ($94.50 in chips)
Seat 7: Ventilator69 ($193.68 in chips)
xxPSRxx: posts small blind $1
Ventilator69: posts big blind $3
*** HOLE CARDS ***
xxPSRxx: folds
Uncalled bet ($2) returned to Ventilator69
Ventilator69 collected $2 from pot
Ventilator69: doesn't show hand
*** SUMMARY ***
Total pot $2 | Rake $0
Seat 2: xxPSRxx (button) (small blind) folded before Flop
Seat 7: Ventilator69 (big blind) collected ($2)


PokerStars Hand #174773605631:  Hold'em Limit ($3/$6 USD) - 2017/08/25 9:59:17 ET
Table 'Sekanina II' 10-max Seat #7 is the button
Seat 2: xxPSRxx ($97.50 in chips)
Seat 7: Ventilator69 ($190.68 in chips)
Ventilator69: posts small blind $1
xxPSRxx: posts big blind $3
*** HOLE CARDS ***
Ventilator69: raises $3 to $6
xxPSRxx: folds
Uncalled bet ($3) returned to Ventilator69
Ventilator69 collected $6 from pot
Ventilator69: doesn't show hand
*** SUMMARY ***
Total pot $6 | Rake $0
Seat 2: xxPSRxx (big blind) folded before Flop
Seat 7: Ventilator69 (button) (small blind) collected ($6)


PokerStars Hand #174773602517:  Hold'em Limit ($3/$6 USD) - 2017/08/25 9:59:10 ET
Table 'Sekanina II' 10-max Seat #2 is the button
Seat 2: xxPSRxx ($94.50 in chips)
Seat 7: Ventilator69 ($193.68 in chips)
xxPSRxx: posts small blind $1
Ventilator69: posts big blind $3
*** HOLE CARDS ***
xxPSRxx: raises $3 to $6
Ventilator69: folds
Uncalled bet ($3) returned to xxPSRxx
xxPSRxx collected $6 from pot
xxPSRxx: doesn't show hand
*** SUMMARY ***
Total pot $6 | Rake $0
Seat 2: xxPSRxx (button) (small blind) collected ($6)
Seat 7: Ventilator69 (big blind) folded before Flop


PokerStars Hand #174773599335:  Hold'em Limit ($3/$6 USD) - 2017/08/25 9:59:03 ET
Table 'Sekanina II' 10-max Seat #7 is the button
Seat 2: xxPSRxx ($97.50 in chips)
Seat 7: Ventilator69 ($190.68 in chips)
Ventilator69: posts small blind $1
xxPSRxx: posts big blind $3
*** HOLE CARDS ***
Ventilator69: raises $3 to $6
xxPSRxx: folds
Uncalled bet ($3) returned to Ventilator69
Agrotait leaves the table
Ventilator69 collected $6 from pot
Ventilator69: doesn't show hand
*** SUMMARY ***
Total pot $6 | Rake $0
Seat 2: xxPSRxx (big blind) folded before Flop
Seat 7: Ventilator69 (button) (small blind) collected ($6)


PokerStars Hand #174773589167:  Hold'em Limit ($3/$6 USD) - 2017/08/25 9:58:41 ET
Table 'Sekanina II' 10-max Seat #2 is the button
Seat 2: xxPSRxx ($19 in chips)
Seat 7: Ventilator69 ($209.68 in chips)
xxPSRxx: posts small blind $1
Agrotait: is sitting out
Ventilator69: posts big blind $3
*** HOLE CARDS ***
xxPSRxx: raises $3 to $6
Ventilator69: raises $3 to $9
xxPSRxx: calls $3
*** FLOP *** [5d 6h 8d]
Ventilator69: bets $3
xxPSRxx: calls $3
*** TURN *** [5d 6h 8d] [2s]
Ventilator69: bets $6
xxPSRxx: calls $6
*** RIVER *** [5d 6h 8d 2s] [Qs]
Ventilator69: bets $6
xxPSRxx: calls $1 and is all-in
Uncalled bet ($5) returned to Ventilator69
*** SHOW DOWN ***
Ventilator69: shows [Qh 8h] (two pair, Queens and Eights)
xxPSRxx: shows [2c 2h] (three of a kind, Deuces)
xxPSRxx collected $37.50 from pot
*** SUMMARY ***
Total pot $38 | Rake $0.50
Board [5d 6h 8d 2s Qs]
Seat 2: xxPSRxx (button) (small blind) showed [2c 2h] and won ($37.50) with three of a kind, Deuces
Seat 7: Ventilator69 (big blind) showed [Qh 8h] and lost with two pair, Queens and Eights


PokerStars Hand #174773633947:  Hold'em Limit ($3/$6 USD) - 2017/08/25 10:00:18 ET
Table 'Sekanina II' 10-max Seat #2 is the button
Seat 2: xxPSRxx ($99 in chips)
Seat 7: Ventilator69 ($188.44 in chips)
xxPSRxx: posts small blind $1
Ventilator69: posts big blind $3
*** HOLE CARDS ***
xxPSRxx: raises $3 to $6
Ventilator69: calls $3
*** FLOP *** [5s 3s 2s]
Ventilator69: checks
xxPSRxx: checks
*** TURN *** [5s 3s 2s] [5c]
Ventilator69: bets $6
xxPSRxx: calls $6
*** RIVER *** [5s 3s 2s 5c] [Kd]
Ventilator69: checks
xxPSRxx: checks
*** SHOW DOWN ***
Ventilator69: shows [8c Qd] (a pair of Fives)
xxPSRxx: shows [6d Ad] (a pair of Fives - Ace kicker)
xxPSRxx collected $23.52 from pot
*** SUMMARY ***
Total pot $24 | Rake $0.48
Board [5s 3s 2s 5c Kd]
Seat 2: xxPSRxx (button) (small blind) showed [6d Ad] and won ($23.52) with a pair of Fives
Seat 7: Ventilator69 (big blind) showed [8c Qd] and lost with a pair of Fives


PokerStars Hand #174773630170:  Hold'em Limit ($3/$6 USD) - 2017/08/25 10:00:10 ET
Table 'Sekanina II' 10-max Seat #7 is the button
Seat 2: xxPSRxx ($102 in chips)
Seat 7: Ventilator69 ($185.44 in chips)
Ventilator69: posts small blind $1
xxPSRxx: posts big blind $3
*** HOLE CARDS ***
Ventilator69: raises $3 to $6
xxPSRxx: folds
Uncalled bet ($3) returned to Ventilator69
Ventilator69 collected $6 from pot
Ventilator69: doesn't show hand
*** SUMMARY ***
Total pot $6 | Rake $0
Seat 2: xxPSRxx (big blind) folded before Flop
Seat 7: Ventilator69 (button) (small blind) collected ($6)


PokerStars Hand #174773622947:  Hold'em Limit ($3/$6 USD) - 2017/08/25 9:59:54 ET
Table 'Sekanina II' 10-max Seat #2 is the button
Seat 2: xxPSRxx ($87.50 in chips)
Seat 7: Ventilator69 ($200.44 in chips)
xxPSRxx: posts small blind $1
Ventilator69: posts big blind $3
*** HOLE CARDS ***
xxPSRxx: raises $3 to $6
Ventilator69: calls $3
*** FLOP *** [6h Ac 3h]
Ventilator69: checks
xxPSRxx: bets $3
Ventilator69: calls $3
*** TURN *** [6h Ac 3h] [5h]
Ventilator69: checks
xxPSRxx: checks
*** RIVER *** [6h Ac 3h 5h] [Ks]
Ventilator69: bets $6
xxPSRxx: calls $6
*** SHOW DOWN ***
Ventilator69: shows [Qc Th] (high card Ace)
xxPSRxx: shows [2c Kd] (a pair of Kings)
xxPSRxx collected $29.50 from pot
*** SUMMARY ***
Total pot $30 | Rake $0.50
Board [6h Ac 3h 5h Ks]
Seat 2: xxPSRxx (button) (small blind) showed [2c Kd] and won ($29.50) with a pair of Kings
Seat 7: Ventilator69 (big blind) showed [Qc Th] and lost with high card Ace


PokerStars Hand #174773615548:  Hold'em Limit ($3/$6 USD) - 2017/08/25 9:59:38 ET
Table 'Sekanina II' 10-max Seat #7 is the button
Seat 2: xxPSRxx ($93.50 in chips)
Seat 7: Ventilator69 ($194.68 in chips)
Ventilator69: posts small blind $1
xxPSRxx: posts big blind $3
*** HOLE CARDS ***
Ventilator69: raises $3 to $6
xxPSRxx: calls $3
*** FLOP *** [Ac 7c 5d]
xxPSRxx: checks
Ventilator69: bets $3
xxPSRxx: folds
Uncalled bet ($3) returned to Ventilator69
Ventilator69 collected $11.76 from pot
Ventilator69: doesn't show hand
*** SUMMARY ***
Total pot $12 | Rake $0.24
Board [Ac 7c 5d]
Seat 2: xxPSRxx (big blind) folded on the Flop
Seat 7: Ventilator69 (button) (small blind) collected ($11.76)


PokerStars Hand #174773663428:  Hold'em Limit ($3/$6 USD) - 2017/08/25 10:01:18 ET
Table 'Sekanina II' 10-max Seat #2 is the button
Seat 2: xxPSRxx ($127.02 in chips)
Seat 7: Ventilator69 ($159.08 in chips)
xxPSRxx: posts small blind $1
Ventilator69: posts big blind $3
*** HOLE CARDS ***
xxPSRxx: folds
Uncalled bet ($2) returned to Ventilator69
Ventilator69 collected $2 from pot
Ventilator69: doesn't show hand
*** SUMMARY ***
Total pot $2 | Rake $0
Seat 2: xxPSRxx (button) (small blind) folded before Flop
Seat 7: Ventilator69 (big blind) collected ($2)


PokerStars Hand #174773652511:  Hold'em Limit ($3/$6 USD) - 2017/08/25 10:00:56 ET
Table 'Sekanina II' 10-max Seat #7 is the button
Seat 2: xxPSRxx ($100.52 in chips)
Seat 7: Ventilator69 ($186.08 in chips)
Ventilator69: posts small blind $1
xxPSRxx: posts big blind $3
*** HOLE CARDS ***
Ventilator69: raises $3 to $6
xxPSRxx: calls $3
*** FLOP *** [6d Jc 6s]
xxPSRxx: checks
Ventilator69: bets $3
xxPSRxx: calls $3
*** TURN *** [6d Jc 6s] [9h]
xxPSRxx: checks
Ventilator69: bets $6
xxPSRxx: raises $6 to $12
Ventilator69: calls $6
*** RIVER *** [6d Jc 6s 9h] [Ac]
xxPSRxx: bets $6
Ventilator69: calls $6
*** SHOW DOWN ***
xxPSRxx: shows [Js 9d] (two pair, Jacks and Nines)
Ventilator69: mucks hand
xxPSRxx collected $53.50 from pot
*** SUMMARY ***
Total pot $54 | Rake $0.50
Board [6d Jc 6s 9h Ac]
Seat 2: xxPSRxx (big blind) showed [Js 9d] and won ($53.50) with two pair, Jacks and Nines
Seat 7: Ventilator69 (button) (small blind) mucked


PokerStars Hand #174773648954:  Hold'em Limit ($3/$6 USD) - 2017/08/25 10:00:49 ET
Table 'Sekanina II' 10-max Seat #2 is the button
Seat 2: xxPSRxx ($101.52 in chips)
Seat 7: Ventilator69 ($185.08 in chips)
xxPSRxx: posts small blind $1
Ventilator69: posts big blind $3
*** HOLE CARDS ***
xxPSRxx: folds
Uncalled bet ($2) returned to Ventilator69
Ventilator69 collected $2 from pot
Ventilator69: doesn't show hand
*** SUMMARY ***
Total pot $2 | Rake $0
Seat 2: xxPSRxx (button) (small blind) folded before Flop
Seat 7: Ventilator69 (big blind) collected ($2)


PokerStars Hand #174773640567:  Hold'em Limit ($3/$6 USD) - 2017/08/25 10:00:31 ET
Table 'Sekanina II' 10-max Seat #7 is the button
Seat 2: xxPSRxx ($110.52 in chips)
Seat 7: Ventilator69 ($176.44 in chips)
Ventilator69: posts small blind $1
xxPSRxx: posts big blind $3
*** HOLE CARDS ***
Ventilator69: raises $3 to $6
xxPSRxx: calls $3
*** FLOP *** [9c 7c Jd]
xxPSRxx: checks
Ventilator69: bets $3
xxPSRxx: calls $3
*** TURN *** [9c 7c Jd] [7h]
xxPSRxx: checks
Ventilator69: bets $6
xxPSRxx: folds
Uncalled bet ($6) returned to Ventilator69
Ventilator69 collected $17.64 from pot
Ventilator69: doesn't show hand
*** SUMMARY ***
Total pot $18 | Rake $0.36
Board [9c 7c Jd 7h]
Seat 2: xxPSRxx (big blind) folded on the Turn
Seat 7: Ventilator69 (button) (small blind) collected ($17.64)


PokerStars Hand #174773698413:  Hold'em Limit ($3/$6 USD) - 2017/08/25 10:02:25 ET
Table 'Sekanina II' 10-max Seat #2 is the button
Seat 2: xxPSRxx ($170.02 in chips)
Seat 7: Ventilator69 ($115.08 in chips)
xxPSRxx: posts small blind $1
Ventilator69: posts big blind $3
*** HOLE CARDS ***
xxPSRxx: folds
Uncalled bet ($2) returned to Ventilator69
Ventilator69 collected $2 from pot
Ventilator69: doesn't show hand
*** SUMMARY ***
Total pot $2 | Rake $0
Seat 2: xxPSRxx (button) (small blind) folded before Flop
Seat 7: Ventilator69 (big blind) collected ($2)


PokerStars Hand #174773682809:  Hold'em Limit ($3/$6 USD) - 2017/08/25 10:01:56 ET
Table 'Sekanina II' 10-max Seat #7 is the button
Seat 2: xxPSRxx ($155.52 in chips)
Seat 7: Ventilator69 ($130.08 in chips)
Ventilator69: posts small blind $1
xxPSRxx: posts big blind $3
*** HOLE CARDS ***
Ventilator69: raises $3 to $6
xxPSRxx: calls $3
*** FLOP *** [5h Kd 4s]
xxPSRxx: checks
Ventilator69: bets $3
xxPSRxx: calls $3
*** TURN *** [5h Kd 4s] [9d]
xxPSRxx: checks
Ventilator69: bets $6
xxPSRxx: calls $6
*** RIVER *** [5h Kd 4s 9d] [5s]
xxPSRxx: checks
Ventilator69: checks
*** SHOW DOWN ***
xxPSRxx: shows [8h 4h] (two pair, Fives and Fours)
Ventilator69: mucks hand
xxPSRxx collected $29.50 from pot
*** SUMMARY ***
Total pot $30 | Rake $0.50
Board [5h Kd 4s 9d 5s]
Seat 2: xxPSRxx (big blind) showed [8h 4h] and won ($29.50) with two pair, Fives and Fours
Seat 7: Ventilator69 (button) (small blind) mucked


PokerStars Hand #174773679042:  Hold'em Limit ($3/$6 USD) - 2017/08/25 10:01:48 ET
Table 'Sekanina II' 10-max Seat #2 is the button
Seat 2: xxPSRxx ($152.52 in chips)
Seat 7: Ventilator69 ($133.08 in chips)
xxPSRxx: posts small blind $1
Ventilator69: posts big blind $3
*** HOLE CARDS ***
xxPSRxx: raises $3 to $6
Ventilator69: folds
Uncalled bet ($3) returned to xxPSRxx
xxPSRxx collected $6 from pot
xxPSRxx: doesn't show hand
*** SUMMARY ***
Total pot $6 | Rake $0
Seat 2: xxPSRxx (button) (small blind) collected ($6)
Seat 7: Ventilator69 (big blind) folded before Flop


PokerStars Hand #174773667014:  Hold'em Limit ($3/$6 USD) - 2017/08/25 10:01:25 ET
Table 'Sekanina II' 10-max Seat #7 is the button
Seat 2: xxPSRxx ($126.02 in chips)
Seat 7: Ventilator69 ($160.08 in chips)
Ventilator69: posts small blind $1
xxPSRxx: posts big blind $3
*** HOLE CARDS ***
Ventilator69: raises $3 to $6
xxPSRxx: calls $3
*** FLOP *** [3c 8c Kd]
xxPSRxx: checks
Ventilator69: bets $3
xxPSRxx: calls $3
*** TURN *** [3c 8c Kd] [9h]
xxPSRxx: checks
Ventilator69: bets $6
xxPSRxx: raises $6 to $12
Ventilator69: calls $6
*** RIVER *** [3c 8c Kd 9h] [Qs]
xxPSRxx: bets $6
Ventilator69: calls $6
*** SHOW DOWN ***
xxPSRxx: shows [Kh 3h] (two pair, Kings and Threes)
Ventilator69: mucks hand
xxPSRxx collected $53.50 from pot
*** SUMMARY ***
Total pot $54 | Rake $0.50
Board [3c 8c Kd 9h Qs]
Seat 2: xxPSRxx (big blind) showed [Kh 3h] and won ($53.50) with two pair, Kings and Threes
Seat 7: Ventilator69 (button) (small blind) mucked


PokerStars Hand #174773720413:  Hold'em Limit ($3/$6 USD) - 2017/08/25 10:03:07 ET
Table 'Sekanina II' 10-max Seat #2 is the button
Seat 2: xxPSRxx ($142.02 in chips)
Seat 7: Ventilator69 ($142.58 in chips)
xxPSRxx: posts small blind $1
Ventilator69: posts big blind $3
*** HOLE CARDS ***
xxPSRxx: raises $3 to $6
Ventilator69: raises $3 to $9
xxPSRxx: raises $3 to $12
Betting is capped
Ventilator69: calls $3
*** FLOP *** [Td Tc 4s]
Ventilator69: checks
xxPSRxx: bets $3
Ventilator69: raises $3 to $6
xxPSRxx: raises $3 to $9
Ventilator69: calls $3
*** TURN *** [Td Tc 4s] [Qs]
Ventilator69: checks
xxPSRxx: bets $6
Ventilator69: calls $6
*** RIVER *** [Td Tc 4s Qs] [2s]
Ventilator69: checks
xxPSRxx: bets $6
Ventilator69: calls $6
*** SHOW DOWN ***
xxPSRxx: shows [5h 5d] (two pair, Tens and Fives)
Ventilator69: mucks hand
xxPSRxx collected $65.50 from pot
*** SUMMARY ***
Total pot $66 | Rake $0.50
Board [Td Tc 4s Qs 2s]
Seat 2: xxPSRxx (button) (small blind) showed [5h 5d] and won ($65.50) with two pair, Tens and Fives
Seat 7: Ventilator69 (big blind) mucked


PokerStars Hand #174773702933:  Hold'em Limit ($3/$6 USD) - 2017/08/25 10:02:33 ET
Table 'Sekanina II' 10-max Seat #7 is the button
Seat 2: xxPSRxx ($169.02 in chips)
Seat 7: Ventilator69 ($116.08 in chips)
Ventilator69: posts small blind $1
xxPSRxx: posts big blind $3
*** HOLE CARDS ***
Ventilator69: raises $3 to $6
xxPSRxx: calls $3
*** FLOP *** [Td 2c 4c]
xxPSRxx: checks
Ventilator69: bets $3
xxPSRxx: calls $3
*** TURN *** [Td 2c 4c] [2s]
xxPSRxx: checks
Ventilator69: bets $6
xxPSRxx: raises $6 to $12
Ventilator69: calls $6
*** RIVER *** [Td 2c 4c 2s] [4d]
xxPSRxx: bets $6
Ventilator69: raises $6 to $12
xxPSRxx: folds
Uncalled bet ($6) returned to Ventilator69
Ventilator69 collected $53.50 from pot
Ventilator69: doesn't show hand
*** SUMMARY ***
Total pot $54 | Rake $0.50
Board [Td 2c 4c 2s 4d]
Seat 2: xxPSRxx (big blind) folded on the River
Seat 7: Ventilator69 (button) (small blind) collected ($53.50)


PokerStars Hand #174773760369:  Hold'em Limit ($3/$6 USD) - 2017/08/25 10:04:22 ET
Table 'Sekanina II' 10-max Seat #7 is the button
Seat 2: xxPSRxx ($184.04 in chips)
Seat 7: Ventilator69 ($99.34 in chips)
Ventilator69: posts small blind $1
xxPSRxx: posts big blind $3
*** HOLE CARDS ***
Ventilator69: raises $3 to $6
xxPSRxx: calls $3
*** FLOP *** [Kh 7h Qh]
xxPSRxx: bets $3
Ventilator69: raises $3 to $6
xxPSRxx: calls $3
*** TURN *** [Kh 7h Qh] [Ks]
xxPSRxx: checks
Ventilator69: checks
*** RIVER *** [Kh 7h Qh Ks] [6d]
xxPSRxx: bets $6
Ventilator69: calls $6
*** SHOW DOWN ***
xxPSRxx: shows [8h 4h] (a flush, King high)
Ventilator69: mucks hand
xxPSRxx collected $35.50 from pot
*** SUMMARY ***
Total pot $36 | Rake $0.50
Board [Kh 7h Qh Ks 6d]
Seat 2: xxPSRxx (big blind) showed [8h 4h] and won ($35.50) with a flush, King high
Seat 7: Ventilator69 (button) (small blind) mucked


PokerStars Hand #174773751706:  Hold'em Limit ($3/$6 USD) - 2017/08/25 10:04:05 ET
Table 'Sekanina II' 10-max Seat #2 is the button
Seat 2: xxPSRxx ($181.04 in chips)
Seat 7: Ventilator69 ($102.34 in chips)
xxPSRxx: posts small blind $1
Ventilator69: posts big blind $3
*** HOLE CARDS ***
xxPSRxx: raises $3 to $6
Ventilator69: folds
Uncalled bet ($3) returned to xxPSRxx
xxPSRxx collected $6 from pot
xxPSRxx: doesn't show hand
*** SUMMARY ***
Total pot $6 | Rake $0
Seat 2: xxPSRxx (button) (small blind) collected ($6)
Seat 7: Ventilator69 (big blind) folded before Flop


PokerStars Hand #174773749037:  Hold'em Limit ($3/$6 USD) - 2017/08/25 10:04:00 ET
Table 'Sekanina II' 10-max Seat #7 is the button
Seat 2: xxPSRxx ($180.04 in chips)
Seat 7: Ventilator69 ($103.34 in chips)
Ventilator69: posts small blind $1
xxPSRxx: posts big blind $3
*** HOLE CARDS ***
Ventilator69: folds
Uncalled bet ($2) returned to xxPSRxx
xxPSRxx collected $2 from pot
xxPSRxx: doesn't show hand
*** SUMMARY ***
Total pot $2 | Rake $0
Seat 2: xxPSRxx (big blind) collected ($2)
Seat 7: Ventilator69 (button) (small blind) folded before Flop


PokerStars Hand #174773738906:  Hold'em Limit ($3/$6 USD) - 2017/08/25 10:03:42 ET
Table 'Sekanina II' 10-max Seat #2 is the button
Seat 2: xxPSRxx ($168.52 in chips)
Seat 7: Ventilator69 ($115.34 in chips)
xxPSRxx: posts small blind $1
Ventilator69: posts big blind $3
*** HOLE CARDS ***
xxPSRxx: raises $3 to $6
Ventilator69: raises $3 to $9
xxPSRxx: calls $3
*** FLOP *** [4d Td Qd]
Ventilator69: bets $3
xxPSRxx: calls $3
*** TURN *** [4d Td Qd] [4c]
Ventilator69: checks
xxPSRxx: bets $6
Ventilator69: folds
Uncalled bet ($6) returned to xxPSRxx
xxPSRxx collected $23.52 from pot
xxPSRxx: doesn't show hand
*** SUMMARY ***
Total pot $24 | Rake $0.48
Board [4d Td Qd 4c]
Seat 2: xxPSRxx (button) (small blind) collected ($23.52)
Seat 7: Ventilator69 (big blind) folded on the Turn


PokerStars Hand #174773730176:  Hold'em Limit ($3/$6 USD) - 2017/08/25 10:03:25 ET
Table 'Sekanina II' 10-max Seat #7 is the button
Seat 2: xxPSRxx ($174.52 in chips)
Seat 7: Ventilator69 ($109.58 in chips)
Ventilator69: posts small blind $1
xxPSRxx: posts big blind $3
*** HOLE CARDS ***
Ventilator69: raises $3 to $6
xxPSRxx: calls $3
*** FLOP *** [3c 8h 9s]
xxPSRxx: checks
Ventilator69: checks
*** TURN *** [3c 8h 9s] [Js]
xxPSRxx: checks
Ventilator69: bets $6
xxPSRxx: folds
Uncalled bet ($6) returned to Ventilator69
Ventilator69 collected $11.76 from pot
Ventilator69: doesn't show hand
*** SUMMARY ***
Total pot $12 | Rake $0.24
Board [3c 8h 9s Js]
Seat 2: xxPSRxx (big blind) folded on the Turn
Seat 7: Ventilator69 (button) (small blind) collected ($11.76)


PokerStars Hand #174773778840:  Hold'em Limit ($3/$6 USD) - 2017/08/25 10:04:56 ET
Table 'Sekanina II' 10-max Seat #7 is the button
Seat 2: xxPSRxx ($210.18 in chips)
Seat 7: Ventilator69 ($72.34 in chips)
Ventilator69: posts small blind $1
xxPSRxx: posts big blind $3
*** HOLE CARDS ***
Ventilator69: folds
Uncalled bet ($2) returned to xxPSRxx
xxPSRxx collected $2 from pot
xxPSRxx: doesn't show hand
*** SUMMARY ***
Total pot $2 | Rake $0
Seat 2: xxPSRxx (big blind) collected ($2)
Seat 7: Ventilator69 (button) (small blind) folded before Flop


PokerStars Hand #174773768768:  Hold'em Limit ($3/$6 USD) - 2017/08/25 10:04:38 ET
Table 'Sekanina II' 10-max Seat #2 is the button
Seat 2: xxPSRxx ($201.54 in chips)
Seat 7: Ventilator69 ($81.34 in chips)
xxPSRxx: posts small blind $1
Ventilator69: posts big blind $3
*** HOLE CARDS ***
xxPSRxx: raises $3 to $6
Ventilator69: calls $3
*** FLOP *** [Ah 7d 2d]
Ventilator69: checks
xxPSRxx: bets $3
Ventilator69: calls $3
*** TURN *** [Ah 7d 2d] [Js]
Ventilator69: checks
xxPSRxx: checks
*** RIVER *** [Ah 7d 2d Js] [8c]
Ventilator69: checks
xxPSRxx: checks
*** SHOW DOWN ***
Ventilator69: shows [Th 4h] (high card Ace)
xxPSRxx: shows [Tc Qd] (high card Ace - Queen kicker)
oregordog joins the table at seat #6
xxPSRxx collected $17.64 from pot
*** SUMMARY ***
Total pot $18 | Rake $0.36
Board [Ah 7d 2d Js 8c]
Seat 2: xxPSRxx (button) (small blind) showed [Tc Qd] and won ($17.64) with high card Ace
Seat 7: Ventilator69 (big blind) showed [Th 4h] and lost with high card Ace


PokerStars Hand #174773873810:  Hold'em Limit ($3/$6 USD) - 2017/08/25 10:07:54 ET
Table 'Sekanina II' 10-max Seat #6 is the button
Seat 2: xxPSRxx ($217.37 in chips)
Seat 6: oregordog ($137.88 in chips)
oregordog: posts small blind $1
xxPSRxx: posts big blind $3
*** HOLE CARDS ***
oregordog: folds
Uncalled bet ($2) returned to xxPSRxx
xxPSRxx collected $2 from pot
xxPSRxx: doesn't show hand
*** SUMMARY ***
Total pot $2 | Rake $0
Seat 2: xxPSRxx (big blind) collected ($2)
Seat 6: oregordog (button) (small blind) folded before Flop


PokerStars Hand #174773869481:  Hold'em Limit ($3/$6 USD) - 2017/08/25 10:07:46 ET
Table 'Sekanina II' 10-max Seat #2 is the button
Seat 2: xxPSRxx ($218.37 in chips)
Seat 6: oregordog ($136.88 in chips)
xxPSRxx: posts small blind $1
oregordog: posts big blind $3
*** HOLE CARDS ***
GoliafUa leaves the table
Ventilator69 leaves the table
xxPSRxx: folds
Uncalled bet ($2) returned to oregordog
oregordog collected $2 from pot
oregordog: doesn't show hand
*** SUMMARY ***
Total pot $2 | Rake $0
Seat 2: xxPSRxx (button) (small blind) folded before Flop
Seat 6: oregordog (big blind) collected ($2)


PokerStars Hand #174773877317:  Hold'em Limit ($3/$6 USD) - 2017/08/25 10:08:00 ET
Table 'Sekanina II' 10-max Seat #2 is the button
Seat 2: xxPSRxx ($218.37 in chips)
Seat 6: oregordog ($136.88 in chips)
xxPSRxx: posts small blind $1
oregordog: posts big blind $3
*** HOLE CARDS ***
xxPSRxx: raises $3 to $6
oregordog: calls $3
*** FLOP *** [9d Js Qd]
oregordog: checks
xxPSRxx: bets $3
oregordog: raises $3 to $6
xxPSRxx: calls $3
*** TURN *** [9d Js Qd] [4d]
oregordog: bets $6
xxPSRxx: calls $6
*** RIVER *** [9d Js Qd 4d] [7s]
oregordog: bets $6
xxPSRxx: folds
Uncalled bet ($6) returned to oregordog
oregordog collected $35.50 from pot
oregordog: doesn't show hand
*** SUMMARY ***
Total pot $36 | Rake $0.50
Board [9d Js Qd 4d 7s]
Seat 2: xxPSRxx (button) (small blind) folded on the River
Seat 6: oregordog (big blind) collected ($35.50)


PokerStars Hand #174773898205:  Hold'em Limit ($3/$6 USD) - 2017/08/25 10:08:39 ET
Table 'Sekanina II' 10-max Seat #6 is the button
Seat 2: xxPSRxx ($200.37 in chips)
Seat 6: oregordog ($154.38 in chips)
oregordog: posts small blind $1
xxPSRxx: posts big blind $3
*** HOLE CARDS ***
oregordog: folds
Uncalled bet ($2) returned to xxPSRxx
xxPSRxx collected $2 from pot
xxPSRxx: doesn't show hand
*** SUMMARY ***
Total pot $2 | Rake $0
Seat 2: xxPSRxx (big blind) collected ($2)
Seat 6: oregordog (button) (small blind) folded before Flop


PokerStars Hand #174773902773:  Hold'em Limit ($3/$6 USD) - 2017/08/25 10:08:48 ET
Table 'Sekanina II' 10-max Seat #2 is the button
Seat 2: xxPSRxx ($201.37 in chips)
Seat 6: oregordog ($153.38 in chips)
xxPSRxx: posts small blind $1
oregordog: posts big blind $3
*** HOLE CARDS ***
xxPSRxx: raises $3 to $6
oregordog: folds
Uncalled bet ($3) returned to xxPSRxx
xxPSRxx collected $6 from pot
xxPSRxx: doesn't show hand
*** SUMMARY ***
Total pot $6 | Rake $0
Seat 2: xxPSRxx (button) (small blind) collected ($6)
Seat 6: oregordog (big blind) folded before Flop


PokerStars Hand #174773911916:  Hold'em Limit ($3/$6 USD) - 2017/08/25 10:09:05 ET
Table 'Sekanina II' 10-max Seat #6 is the button
Seat 2: xxPSRxx ($204.37 in chips)
Seat 6: oregordog ($150.38 in chips)
oregordog: posts small blind $1
xxPSRxx: posts big blind $3
*** HOLE CARDS ***
oregordog: raises $3 to $6
boffhead608 joins the table at seat #8
Agrotait joins the table at seat #7
xxPSRxx: calls $3
*** FLOP *** [Qd 2h Ah]
xxPSRxx: checks
oregordog: bets $3
xxPSRxx: calls $3
*** TURN *** [Qd 2h Ah] [9s]
xxPSRxx: checks
oregordog: bets $6
xxPSRxx: calls $6
*** RIVER *** [Qd 2h Ah 9s] [9h]
xxPSRxx: checks
oregordog: checks
*** SHOW DOWN ***
xxPSRxx: shows [Qc 5c] (two pair, Queens and Nines)
oregordog: mucks hand
xxPSRxx collected $29.50 from pot
*** SUMMARY ***
Total pot $30 | Rake $0.50
Board [Qd 2h Ah 9s 9h]
Seat 2: xxPSRxx (big blind) showed [Qc 5c] and won ($29.50) with two pair, Queens and Nines
Seat 6: oregordog (button) (small blind) mucked


PokerStars Hand #174773930675:  Hold'em Limit ($3/$6 USD) - 2017/08/25 10:09:40 ET
Table 'Sekanina II' 10-max Seat #2 is the button
Seat 2: xxPSRxx ($218.87 in chips)
Seat 6: oregordog ($135.38 in chips)
xxPSRxx: posts small blind $1
oregordog: posts big blind $3
*** HOLE CARDS ***
xxPSRxx: folds
Uncalled bet ($2) returned to oregordog
oregordog collected $2 from pot
oregordog: doesn't show hand
*** SUMMARY ***
Total pot $2 | Rake $0
Seat 2: xxPSRxx (button) (small blind) folded before Flop
Seat 6: oregordog (big blind) collected ($2)


