PokerStars Hand #173756832211:  Hold'em Limit ($3/$6 USD) - 2017/07/31 15:08:39 ET
Table 'Sekanina' 6-max Seat #6 is the button
Seat 4: SANKO2009 ($120.12 in chips)
Seat 6: denn69 ($106.08 in chips)
denn69: posts small blind $1
SANKO2009: posts big blind $3
*** HOLE CARDS ***
denn69: raises $3 to $6
SANKO2009: raises $3 to $9
denn69: calls $3
*** FLOP *** [5h 4h Ac]
SANKO2009: bets $3
denn69: folds
Uncalled bet ($3) returned to SANKO2009
SANKO2009 collected $17.64 from pot
*** SUMMARY ***
Total pot $18 | Rake $0.36
Board [5h 4h Ac]
Seat 4: SANKO2009 (big blind) collected ($17.64)
Seat 6: denn69 (button) (small blind) folded on the Flop


PokerStars Hand #173756825723:  Hold'em Limit ($3/$6 USD) - 2017/07/31 15:08:30 ET
Table 'Sekanina' 6-max Seat #4 is the button
Seat 4: SANKO2009 ($117.12 in chips)
Seat 6: denn69 ($109.08 in chips)
SANKO2009: posts small blind $1
denn69: posts big blind $3
*** HOLE CARDS ***
SANKO2009: raises $3 to $6
denn69: folds
Uncalled bet ($3) returned to SANKO2009
SANKO2009 collected $6 from pot
*** SUMMARY ***
Total pot $6 | Rake $0
Seat 4: SANKO2009 (button) (small blind) collected ($6)
Seat 6: denn69 (big blind) folded before Flop


PokerStars Hand #173756959788:  Hold'em Limit ($3/$6 USD) - 2017/07/31 15:11:22 ET
Table 'Sekanina' 6-max Seat #4 is the button
Seat 4: SANKO2009 ($156.76 in chips)
Seat 6: denn69 ($155.41 in chips)
TheU10 will be allowed to play after the button
SANKO2009: posts small blind $1
denn69: posts big blind $3
*** HOLE CARDS ***
SANKO2009: raises $3 to $6
denn69: calls $3
*** FLOP *** [5s Tc Th]
denn69: bets $3
SANKO2009: raises $3 to $6
igorkabmw leaves the table
denn69: calls $3
*** TURN *** [5s Tc Th] [3h]
denn69: checks
SANKO2009: bets $6
denn69: calls $6
*** RIVER *** [5s Tc Th 3h] [Jc]
denn69: checks
SANKO2009: bets $6
denn69: calls $6
*** SHOW DOWN ***
SANKO2009: shows [Jd Kh] (two pair, Jacks and Tens)
denn69: mucks hand
SANKO2009 collected $47.50 from pot
*** SUMMARY ***
Total pot $48 | Rake $0.50
Board [5s Tc Th 3h Jc]
Seat 4: SANKO2009 (button) (small blind) showed [Jd Kh] and won ($47.50) with two pair, Jacks and Tens
Seat 6: denn69 (big blind) mucked


PokerStars Hand #173760553070:  Hold'em Limit ($3/$6 USD) - 2017/07/31 16:27:01 ET
Table 'Sekanina' 6-max Seat #1 is the button
Seat 1: Whaaaat ($944.96 in chips)
Seat 2: RabbitNrAS ($98.36 in chips)
Whaaaat: posts small blind $1
RabbitNrAS: posts big blind $3
*** HOLE CARDS ***
Whaaaat: folds
Uncalled bet ($2) returned to RabbitNrAS
RabbitNrAS collected $2 from pot
*** SUMMARY ***
Total pot $2 | Rake $0
Seat 1: Whaaaat (button) (small blind) folded before Flop
Seat 2: RabbitNrAS (big blind) collected ($2)


PokerStars Hand #173760879823:  Hold'em Limit ($3/$6 USD) - 2017/07/31 16:33:46 ET
Table 'Sekanina' 6-max Seat #3 is the button
Seat 2: RabbitNrAS ($149.30 in chips)
Seat 3: AGALFARO ($307.71 in chips)
AGALFARO: posts small blind $1
RabbitNrAS: posts big blind $3
*** HOLE CARDS ***
AGALFARO: raises $3 to $6
RabbitNrAS: folds
Uncalled bet ($3) returned to AGALFARO
AGALFARO collected $6 from pot
AGALFARO: doesn't show hand
*** SUMMARY ***
Total pot $6 | Rake $0
Seat 2: RabbitNrAS (big blind) folded before Flop
Seat 3: AGALFARO (button) (small blind) collected ($6)


PokerStars Hand #173760875800:  Hold'em Limit ($3/$6 USD) - 2017/07/31 16:33:42 ET
Table 'Sekanina' 6-max Seat #2 is the button
Seat 2: RabbitNrAS ($150.30 in chips)
Seat 3: AGALFARO ($306.71 in chips)
RabbitNrAS: posts small blind $1
AGALFARO: posts big blind $3
*** HOLE CARDS ***
RabbitNrAS: folds
Uncalled bet ($2) returned to AGALFARO
AGALFARO collected $2 from pot
AGALFARO: doesn't show hand
*** SUMMARY ***
Total pot $2 | Rake $0
Seat 2: RabbitNrAS (button) (small blind) folded before Flop
Seat 3: AGALFARO (big blind) collected ($2)


PokerStars Hand #173760871615:  Hold'em Limit ($3/$6 USD) - 2017/07/31 16:33:36 ET
Table 'Sekanina' 6-max Seat #3 is the button
Seat 2: RabbitNrAS ($149.30 in chips)
Seat 3: AGALFARO ($307.71 in chips)
AGALFARO: posts small blind $1
RabbitNrAS: posts big blind $3
*** HOLE CARDS ***
Whaaaat leaves the table
AGALFARO: folds
Uncalled bet ($2) returned to RabbitNrAS
RabbitNrAS collected $2 from pot
*** SUMMARY ***
Total pot $2 | Rake $0
Seat 2: RabbitNrAS (big blind) collected ($2)
Seat 3: AGALFARO (button) (small blind) folded before Flop


