PokerStars Hand #176554693697:  Hold'em Limit ($3/$6 USD) - 2017/10/06 5:53:29 ET
Table 'Sekanina' 6-max Seat #1 is the button
Seat 1: Kasperla ($66.57 in chips)
Seat 5: frans72 ($110.08 in chips)
Kasperla: posts small blind $1
frans72: posts big blind $3
*** HOLE CARDS ***
Kasperla: raises $3 to $6
frans72: calls $3
*** FLOP *** [7s 5d 3h]
frans72: checks
Kasperla: bets $3
frans72: calls $3
*** TURN *** [7s 5d 3h] [Ah]
frans72: checks
Kasperla: bets $6
frans72: folds
Uncalled bet ($6) returned to Kasperla
Kasperla collected $17.64 from pot
Kasperla: doesn't show hand
*** SUMMARY ***
Total pot $18 | Rake $0.36
Board [7s 5d 3h Ah]
Seat 1: Kasperla (button) (small blind) collected ($17.64)
Seat 5: frans72 (big blind) folded on the Turn


PokerStars Hand #176554701426:  Hold'em Limit ($3/$6 USD) - 2017/10/06 5:53:51 ET
Table 'Sekanina' 6-max Seat #5 is the button
Seat 1: Kasperla ($75.21 in chips)
Seat 5: frans72 ($101.08 in chips)
frans72: posts small blind $1
Kasperla: posts big blind $3
*** HOLE CARDS ***
frans72: folds
Uncalled bet ($2) returned to Kasperla
Kasperla collected $2 from pot
Kasperla: doesn't show hand
*** SUMMARY ***
Total pot $2 | Rake $0
Seat 1: Kasperla (big blind) collected ($2)
Seat 5: frans72 (button) (small blind) folded before Flop


