PokerStars Hand #151361324688:  Hold'em Limit ($3/$6 USD) - 2016/04/03 8:26:30 ET
Table 'Selene III' 6-max Seat #1 is the button
Seat 1: Zeeon ($100 in chips)
Seat 4: Agrotait ($72 in chips)
Zeeon: posts small blind $1
Agrotait: posts big blind $3
*** HOLE CARDS ***
Zeeon: raises $3 to $6
Agrotait: calls $3
*** FLOP *** [4c Kh Qd]
Agrotait: checks
Zeeon: bets $3
Agrotait: raises $3 to $6
Zeeon: folds
Uncalled bet ($3) returned to Agrotait
Agrotait collected $17.64 from pot
Agrotait: doesn't show hand
*** SUMMARY ***
Total pot $18 | Rake $0.36
Board [4c Kh Qd]
Seat 1: Zeeon (button) (small blind) folded on the Flop
Seat 4: Agrotait (big blind) collected ($17.64)


PokerStars Hand #151361353975:  Hold'em Limit ($3/$6 USD) - 2016/04/03 8:27:19 ET
Table 'Selene III' 6-max Seat #4 is the button
Seat 1: Zeeon ($91 in chips)
Seat 4: Agrotait ($80.64 in chips)
Agrotait: posts small blind $1
Zeeon: posts big blind $3
*** HOLE CARDS ***
Agrotait: raises $3 to $6
Zeeon: calls $3
*** FLOP *** [Qc 3h 8d]
Zeeon: bets $3
Agrotait: folds
Uncalled bet ($3) returned to Zeeon
Zeeon collected $11.76 from pot
*** SUMMARY ***
Total pot $12 | Rake $0.24
Board [Qc 3h 8d]
Seat 1: Zeeon (big blind) collected ($11.76)
Seat 4: Agrotait (button) (small blind) folded on the Flop


PokerStars Hand #151361343415:  Hold'em Limit ($3/$6 USD) - 2016/04/03 8:27:01 ET
Table 'Selene III' 6-max Seat #4 is the button
Seat 1: Zeeon ($91 in chips)
Seat 4: Agrotait ($80.64 in chips)
Agrotait: posts small blind $1
Zeeon: posts big blind $3
*** HOLE CARDS ***
Agrotait: raises $3 to $6
Zeeon: folds
Uncalled bet ($3) returned to Agrotait
Agrotait collected $6 from pot
Agrotait: doesn't show hand
*** SUMMARY ***
Total pot $6 | Rake $0
Seat 1: Zeeon (big blind) folded before Flop
Seat 4: Agrotait (button) (small blind) collected ($6)


PokerStars Hand #151361338532:  Hold'em Limit ($3/$6 USD) - 2016/04/03 8:26:53 ET
Table 'Selene III' 6-max Seat #1 is the button
Seat 1: Zeeon ($88 in chips)
Seat 4: Agrotait ($83.64 in chips)
Zeeon: posts small blind $1
Agrotait: posts big blind $3
*** HOLE CARDS ***
Zeeon: raises $3 to $6
Agrotait: folds
Uncalled bet ($3) returned to Zeeon
Zeeon collected $6 from pot
*** SUMMARY ***
Total pot $6 | Rake $0
Seat 1: Zeeon (button) (small blind) collected ($6)
Seat 4: Agrotait (big blind) folded before Flop


PokerStars Hand #151361348056:  Hold'em Limit ($3/$6 USD) - 2016/04/03 8:27:09 ET
Table 'Selene III' 6-max Seat #1 is the button
Seat 1: Zeeon ($88 in chips)
Seat 4: Agrotait ($83.64 in chips)
Zeeon: posts small blind $1
Agrotait: posts big blind $3
*** HOLE CARDS ***
Zeeon: raises $3 to $6
Agrotait: folds
Uncalled bet ($3) returned to Zeeon
Zeeon collected $6 from pot
*** SUMMARY ***
Total pot $6 | Rake $0
Seat 1: Zeeon (button) (small blind) collected ($6)
Seat 4: Agrotait (big blind) folded before Flop


PokerStars Hand #151361334172:  Hold'em Limit ($3/$6 USD) - 2016/04/03 8:26:46 ET
Table 'Selene III' 6-max Seat #4 is the button
Seat 1: Zeeon ($91 in chips)
Seat 4: Agrotait ($80.64 in chips)
Agrotait: posts small blind $1
Zeeon: posts big blind $3
*** HOLE CARDS ***
Agrotait: raises $3 to $6
Zeeon: folds
Uncalled bet ($3) returned to Agrotait
Agrotait collected $6 from pot
Agrotait: doesn't show hand
*** SUMMARY ***
Total pot $6 | Rake $0
Seat 1: Zeeon (big blind) folded before Flop
Seat 4: Agrotait (button) (small blind) collected ($6)


PokerStars Hand #151361395836:  Hold'em Limit ($3/$6 USD) - 2016/04/03 8:28:28 ET
Table 'Selene III' 6-max Seat #4 is the button
Seat 1: Zeeon ($94.52 in chips)
Seat 4: Agrotait ($76.64 in chips)
Agrotait: posts small blind $1
Zeeon: posts big blind $3
*** HOLE CARDS ***
Agrotait: raises $3 to $6
Zeeon: calls $3
*** FLOP *** [9c 9d As]
Zeeon: checks
Agrotait: bets $3
Zeeon: folds
Uncalled bet ($3) returned to Agrotait
Agrotait collected $11.76 from pot
Agrotait: doesn't show hand
*** SUMMARY ***
Total pot $12 | Rake $0.24
Board [9c 9d As]
Seat 1: Zeeon (big blind) folded on the Flop
Seat 4: Agrotait (button) (small blind) collected ($11.76)


PokerStars Hand #151361405437:  Hold'em Limit ($3/$6 USD) - 2016/04/03 8:28:44 ET
Table 'Selene III' 6-max Seat #4 is the button
Seat 1: Zeeon ($87.52 in chips)
Seat 4: Agrotait ($83.40 in chips)
Agrotait: posts small blind $1
Zeeon: posts big blind $3
*** HOLE CARDS ***
Agrotait: raises $3 to $6
Zeeon: folds
Uncalled bet ($3) returned to Agrotait
Agrotait collected $6 from pot
Agrotait: doesn't show hand
*** SUMMARY ***
Total pot $6 | Rake $0
Seat 1: Zeeon (big blind) folded before Flop
Seat 4: Agrotait (button) (small blind) collected ($6)


PokerStars Hand #151361402552:  Hold'em Limit ($3/$6 USD) - 2016/04/03 8:28:39 ET
Table 'Selene III' 6-max Seat #1 is the button
Seat 1: Zeeon ($88.52 in chips)
Seat 4: Agrotait ($82.40 in chips)
Zeeon: posts small blind $1
Agrotait: posts big blind $3
*** HOLE CARDS ***
Zeeon: folds
Uncalled bet ($2) returned to Agrotait
Agrotait collected $2 from pot
Agrotait: doesn't show hand
*** SUMMARY ***
Total pot $2 | Rake $0
Seat 1: Zeeon (button) (small blind) folded before Flop
Seat 4: Agrotait (big blind) collected ($2)


PokerStars Hand #151361389055:  Hold'em Limit ($3/$6 USD) - 2016/04/03 8:28:17 ET
Table 'Selene III' 6-max Seat #4 is the button
Seat 1: Zeeon ($98.52 in chips)
Seat 4: Agrotait ($72.64 in chips)
Agrotait: posts small blind $1
Zeeon: posts big blind $3
*** HOLE CARDS ***
Agrotait: raises $3 to $6
Zeeon: folds
Uncalled bet ($3) returned to Agrotait
Agrotait collected $6 from pot
Agrotait: doesn't show hand
*** SUMMARY ***
Total pot $6 | Rake $0
Seat 1: Zeeon (big blind) folded before Flop
Seat 4: Agrotait (button) (small blind) collected ($6)


PokerStars Hand #151361374104:  Hold'em Limit ($3/$6 USD) - 2016/04/03 8:27:52 ET
Table 'Selene III' 6-max Seat #1 is the button
Seat 1: Zeeon ($92.76 in chips)
Seat 4: Agrotait ($78.64 in chips)
Zeeon: posts small blind $1
Agrotait: posts big blind $3
*** HOLE CARDS ***
Zeeon: raises $3 to $6
Agrotait: calls $3
*** FLOP *** [Qd 4c Kh]
Agrotait: checks
Zeeon: bets $3
Agrotait: folds
Uncalled bet ($3) returned to Zeeon
Zeeon collected $11.76 from pot
*** SUMMARY ***
Total pot $12 | Rake $0.24
Board [Qd 4c Kh]
Seat 1: Zeeon (button) (small blind) collected ($11.76)
Seat 4: Agrotait (big blind) folded on the Flop


PokerStars Hand #151361368545:  Hold'em Limit ($3/$6 USD) - 2016/04/03 8:27:43 ET
Table 'Selene III' 6-max Seat #4 is the button
Seat 1: Zeeon ($95.76 in chips)
Seat 4: Agrotait ($75.64 in chips)
Agrotait: posts small blind $1
Zeeon: posts big blind $3
*** HOLE CARDS ***
Agrotait: raises $3 to $6
Zeeon: folds
Uncalled bet ($3) returned to Agrotait
Agrotait collected $6 from pot
Agrotait: doesn't show hand
*** SUMMARY ***
Total pot $6 | Rake $0
Seat 1: Zeeon (big blind) folded before Flop
Seat 4: Agrotait (button) (small blind) collected ($6)


PokerStars Hand #151361408846:  Hold'em Limit ($3/$6 USD) - 2016/04/03 8:28:50 ET
Table 'Selene III' 6-max Seat #1 is the button
Seat 1: Zeeon ($84.52 in chips)
Seat 4: Agrotait ($86.40 in chips)
Zeeon: posts small blind $1
Agrotait: posts big blind $3
*** HOLE CARDS ***
Zeeon: raises $3 to $6
Agrotait: calls $3
*** FLOP *** [4s Tc 5h]
Agrotait: checks
Zeeon: bets $3
Agrotait: raises $3 to $6
Zeeon: raises $3 to $9
Agrotait: calls $3
*** TURN *** [4s Tc 5h] [9h]
Agrotait: checks
Zeeon: bets $6
Agrotait: calls $6
*** RIVER *** [4s Tc 5h 9h] [2d]
Agrotait: checks
Zeeon: bets $6
Agrotait: folds
Uncalled bet ($6) returned to Zeeon
Zeeon collected $41.50 from pot
*** SUMMARY ***
Total pot $42 | Rake $0.50
Board [4s Tc 5h 9h 2d]
Seat 1: Zeeon (button) (small blind) collected ($41.50)
Seat 4: Agrotait (big blind) folded on the River


PokerStars Hand #151361427189:  Hold'em Limit ($3/$6 USD) - 2016/04/03 8:29:20 ET
Table 'Selene III' 6-max Seat #4 is the button
Seat 1: Zeeon ($105.02 in chips)
Seat 4: Agrotait ($65.40 in chips)
Agrotait: posts small blind $1
Zeeon: posts big blind $3
*** HOLE CARDS ***
Agrotait: raises $3 to $6
Zeeon: folds
Uncalled bet ($3) returned to Agrotait
Agrotait collected $6 from pot
Agrotait: doesn't show hand
*** SUMMARY ***
Total pot $6 | Rake $0
Seat 1: Zeeon (big blind) folded before Flop
Seat 4: Agrotait (button) (small blind) collected ($6)


PokerStars Hand #151361430177:  Hold'em Limit ($3/$6 USD) - 2016/04/03 8:29:25 ET
Table 'Selene III' 6-max Seat #1 is the button
Seat 1: Zeeon ($102.02 in chips)
Seat 4: Agrotait ($68.40 in chips)
Zeeon: posts small blind $1
Agrotait: posts big blind $3
*** HOLE CARDS ***
Zeeon: raises $3 to $6
Agrotait: calls $3
*** FLOP *** [2s Tc Qs]
Agrotait: checks
Zeeon: bets $3
Agrotait: raises $3 to $6
Zeeon: folds
Uncalled bet ($3) returned to Agrotait
Agrotait collected $17.64 from pot
Agrotait: doesn't show hand
*** SUMMARY ***
Total pot $18 | Rake $0.36
Board [2s Tc Qs]
Seat 1: Zeeon (button) (small blind) folded on the Flop
Seat 4: Agrotait (big blind) collected ($17.64)


PokerStars Hand #151361437502:  Hold'em Limit ($3/$6 USD) - 2016/04/03 8:29:37 ET
Table 'Selene III' 6-max Seat #4 is the button
Seat 1: Zeeon ($93.02 in chips)
Seat 4: Agrotait ($77.04 in chips)
Agrotait: posts small blind $1
Zeeon: posts big blind $3
*** HOLE CARDS ***
Agrotait: raises $3 to $6
Zeeon: calls $3
*** FLOP *** [Kc As Tc]
Zeeon: checks
Agrotait: bets $3
Zeeon: calls $3
*** TURN *** [Kc As Tc] [8s]
Zeeon: checks
Agrotait: checks
*** RIVER *** [Kc As Tc 8s] [3c]
Zeeon: bets $6
Agrotait: raises $6 to $12
Zeeon: folds
Uncalled bet ($6) returned to Agrotait
Agrotait collected $29.50 from pot
Agrotait: doesn't show hand
*** SUMMARY ***
Total pot $30 | Rake $0.50
Board [Kc As Tc 8s 3c]
Seat 1: Zeeon (big blind) folded on the River
Seat 4: Agrotait (button) (small blind) collected ($29.50)


PokerStars Hand #151361502555:  Hold'em Limit ($3/$6 USD) - 2016/04/03 8:31:22 ET
Table 'Selene III' 6-max Seat #4 is the button
Seat 1: Zeeon ($122.52 in chips)
Seat 4: Agrotait ($72 in chips)
Agrotait: posts small blind $1
Zeeon: posts big blind $3
*** HOLE CARDS ***
Agrotait: folds
Uncalled bet ($2) returned to Zeeon
Zeeon collected $2 from pot
*** SUMMARY ***
Total pot $2 | Rake $0
Seat 1: Zeeon (big blind) collected ($2)
Seat 4: Agrotait (button) (small blind) folded before Flop


PokerStars Hand #151361470197:  Hold'em Limit ($3/$6 USD) - 2016/04/03 8:30:29 ET
Table 'Selene III' 6-max Seat #1 is the button
Seat 1: Zeeon ($78.02 in chips)
Seat 4: Agrotait ($91.54 in chips)
Zeeon: posts small blind $1
Agrotait: posts big blind $3
*** HOLE CARDS ***
Zeeon: raises $3 to $6
Agrotait: raises $3 to $9
Zeeon: calls $3
*** FLOP *** [8s 5c Th]
Agrotait: bets $3
Zeeon: raises $3 to $6
Agrotait: raises $3 to $9
Zeeon: raises $3 to $12
Betting is capped
Agrotait: calls $3
*** TURN *** [8s 5c Th] [6d]
Agrotait: checks
Zeeon: bets $6
Agrotait: raises $6 to $12
Zeeon: raises $6 to $18
Agrotait: calls $6
*** RIVER *** [8s 5c Th 6d] [4h]
Agrotait: checks
Zeeon: bets $6
Agrotait: calls $6
*** SHOW DOWN ***
Zeeon: shows [9d 7d] (a straight, Six to Ten)
Agrotait: mucks hand
Zeeon collected $89.50 from pot
*** SUMMARY ***
Total pot $90 | Rake $0.50
Board [8s 5c Th 6d 4h]
Seat 1: Zeeon (button) (small blind) showed [9d 7d] and won ($89.50) with a straight, Six to Ten
Seat 4: Agrotait (big blind) mucked


PokerStars Hand #151361505865:  Hold'em Limit ($3/$6 USD) - 2016/04/03 8:31:27 ET
Table 'Selene III' 6-max Seat #1 is the button
Seat 1: Zeeon ($123.52 in chips)
Seat 4: Agrotait ($71 in chips)
Zeeon: posts small blind $1
Agrotait: posts big blind $3
*** HOLE CARDS ***
Zeeon: raises $3 to $6
Agrotait: calls $3
*** FLOP *** [3c 9s Qh]
Agrotait: checks
Zeeon: bets $3
Agrotait: folds
Uncalled bet ($3) returned to Zeeon
Zeeon collected $11.76 from pot
*** SUMMARY ***
Total pot $12 | Rake $0.24
Board [3c 9s Qh]
Seat 1: Zeeon (button) (small blind) collected ($11.76)
Seat 4: Agrotait (big blind) folded on the Flop


PokerStars Hand #151361515701:  Hold'em Limit ($3/$6 USD) - 2016/04/03 8:31:43 ET
Table 'Selene III' 6-max Seat #1 is the button
Seat 1: Zeeon ($126.28 in chips)
Seat 4: Agrotait ($68 in chips)
Zeeon: posts small blind $1
Agrotait: posts big blind $3
*** HOLE CARDS ***
Zeeon: folds
Uncalled bet ($2) returned to Agrotait
Agrotait collected $2 from pot
Agrotait: doesn't show hand
*** SUMMARY ***
Total pot $2 | Rake $0
Seat 1: Zeeon (button) (small blind) folded before Flop
Seat 4: Agrotait (big blind) collected ($2)


PokerStars Hand #151361512100:  Hold'em Limit ($3/$6 USD) - 2016/04/03 8:31:37 ET
Table 'Selene III' 6-max Seat #4 is the button
Seat 1: Zeeon ($129.28 in chips)
Seat 4: Agrotait ($65 in chips)
Agrotait: posts small blind $1
Zeeon: posts big blind $3
*** HOLE CARDS ***
Agrotait: raises $3 to $6
Zeeon: folds
Uncalled bet ($3) returned to Agrotait
Agrotait collected $6 from pot
Agrotait: doesn't show hand
*** SUMMARY ***
Total pot $6 | Rake $0
Seat 1: Zeeon (big blind) folded before Flop
Seat 4: Agrotait (button) (small blind) collected ($6)


PokerStars Hand #151361523611:  Hold'em Limit ($3/$6 USD) - 2016/04/03 8:31:56 ET
Table 'Selene III' 6-max Seat #1 is the button
Seat 1: Zeeon ($126.28 in chips)
Seat 4: Agrotait ($68 in chips)
Zeeon: posts small blind $1
Agrotait: posts big blind $3
*** HOLE CARDS ***
Zeeon: raises $3 to $6
Agrotait: raises $3 to $9
Zeeon: calls $3
*** FLOP *** [3s Ad 6d]
Agrotait: bets $3
Zeeon: calls $3
*** TURN *** [3s Ad 6d] [Qs]
Agrotait: checks
Zeeon: bets $6
Agrotait: calls $6
*** RIVER *** [3s Ad 6d Qs] [Jd]
Agrotait: checks
Zeeon: checks
*** SHOW DOWN ***
Agrotait: shows [Th Qh] (a pair of Queens)
Zeeon: mucks hand
Agrotait collected $35.50 from pot
*** SUMMARY ***
Total pot $36 | Rake $0.50
Board [3s Ad 6d Qs Jd]
Seat 1: Zeeon (button) (small blind) mucked
Seat 4: Agrotait (big blind) showed [Th Qh] and won ($35.50) with a pair of Queens


PokerStars Hand #151361538030:  Hold'em Limit ($3/$6 USD) - 2016/04/03 8:32:19 ET
Table 'Selene III' 6-max Seat #4 is the button
Seat 1: Zeeon ($108.28 in chips)
Seat 4: Agrotait ($85.50 in chips)
Agrotait: posts small blind $1
Zeeon: posts big blind $3
*** HOLE CARDS ***
Agrotait: raises $3 to $6
Zeeon: folds
Uncalled bet ($3) returned to Agrotait
Agrotait collected $6 from pot
Agrotait: doesn't show hand
*** SUMMARY ***
Total pot $6 | Rake $0
Seat 1: Zeeon (big blind) folded before Flop
Seat 4: Agrotait (button) (small blind) collected ($6)


PokerStars Hand #151361519492:  Hold'em Limit ($3/$6 USD) - 2016/04/03 8:31:49 ET
Table 'Selene III' 6-max Seat #4 is the button
Seat 1: Zeeon ($125.28 in chips)
Seat 4: Agrotait ($69 in chips)
Agrotait: posts small blind $1
Zeeon: posts big blind $3
*** HOLE CARDS ***
Agrotait: folds
Uncalled bet ($2) returned to Zeeon
Zeeon collected $2 from pot
*** SUMMARY ***
Total pot $2 | Rake $0
Seat 1: Zeeon (big blind) collected ($2)
Seat 4: Agrotait (button) (small blind) folded before Flop


PokerStars Hand #151361542379:  Hold'em Limit ($3/$6 USD) - 2016/04/03 8:32:26 ET
Table 'Selene III' 6-max Seat #1 is the button
Seat 1: Zeeon ($105.28 in chips)
Seat 4: Agrotait ($88.50 in chips)
Zeeon: posts small blind $1
Agrotait: posts big blind $3
*** HOLE CARDS ***
Zeeon: raises $3 to $6
Agrotait: folds
Uncalled bet ($3) returned to Zeeon
Zeeon collected $6 from pot
*** SUMMARY ***
Total pot $6 | Rake $0
Seat 1: Zeeon (button) (small blind) collected ($6)
Seat 4: Agrotait (big blind) folded before Flop


PokerStars Hand #151361576771:  Hold'em Limit ($3/$6 USD) - 2016/04/03 8:33:22 ET
Table 'Selene III' 6-max Seat #4 is the button
Seat 1: Zeeon ($97.28 in chips)
Seat 4: Agrotait ($96.26 in chips)
Agrotait: posts small blind $1
Zeeon: posts big blind $3
*** HOLE CARDS ***
Agrotait: raises $3 to $6
Zeeon: calls $3
*** FLOP *** [7h Tc 6c]
Zeeon: bets $3
Agrotait: raises $3 to $6
Zeeon: calls $3
*** TURN *** [7h Tc 6c] [Ts]
Zeeon: checks
Agrotait: bets $6
Zeeon: folds
Uncalled bet ($6) returned to Agrotait
Agrotait collected $23.52 from pot
Agrotait: doesn't show hand
*** SUMMARY ***
Total pot $24 | Rake $0.48
Board [7h Tc 6c Ts]
Seat 1: Zeeon (big blind) folded on the Turn
Seat 4: Agrotait (button) (small blind) collected ($23.52)


PokerStars Hand #151361564236:  Hold'em Limit ($3/$6 USD) - 2016/04/03 8:33:01 ET
Table 'Selene III' 6-max Seat #1 is the button
Seat 1: Zeeon ($105.28 in chips)
Seat 4: Agrotait ($88.50 in chips)
Zeeon: posts small blind $1
Agrotait: posts big blind $3
*** HOLE CARDS ***
Zeeon: folds
Uncalled bet ($2) returned to Agrotait
Agrotait collected $2 from pot
Agrotait: doesn't show hand
*** SUMMARY ***
Total pot $2 | Rake $0
Seat 1: Zeeon (button) (small blind) folded before Flop
Seat 4: Agrotait (big blind) collected ($2)


PokerStars Hand #151361553286:  Hold'em Limit ($3/$6 USD) - 2016/04/03 8:32:44 ET
Table 'Selene III' 6-max Seat #4 is the button
Seat 1: Zeeon ($108.28 in chips)
Seat 4: Agrotait ($85.50 in chips)
Agrotait: posts small blind $1
Zeeon: posts big blind $3
*** HOLE CARDS ***
Agrotait: raises $3 to $6
Zeeon: folds
Uncalled bet ($3) returned to Agrotait
Agrotait collected $6 from pot
Agrotait: doesn't show hand
*** SUMMARY ***
Total pot $6 | Rake $0
Seat 1: Zeeon (big blind) folded before Flop
Seat 4: Agrotait (button) (small blind) collected ($6)


PokerStars Hand #151361574026:  Hold'em Limit ($3/$6 USD) - 2016/04/03 8:33:17 ET
Table 'Selene III' 6-max Seat #1 is the button
Seat 1: Zeeon ($98.28 in chips)
Seat 4: Agrotait ($95.26 in chips)
Zeeon: posts small blind $1
Agrotait: posts big blind $3
*** HOLE CARDS ***
Zeeon: folds
Uncalled bet ($2) returned to Agrotait
Agrotait collected $2 from pot
Agrotait: doesn't show hand
*** SUMMARY ***
Total pot $2 | Rake $0
Seat 1: Zeeon (button) (small blind) folded before Flop
Seat 4: Agrotait (big blind) collected ($2)


PokerStars Hand #151361589099:  Hold'em Limit ($3/$6 USD) - 2016/04/03 8:33:41 ET
Table 'Selene III' 6-max Seat #4 is the button
Seat 1: Zeeon ($84.28 in chips)
Seat 4: Agrotait ($108.78 in chips)
Agrotait: posts small blind $1
Zeeon: posts big blind $3
*** HOLE CARDS ***
Agrotait: raises $3 to $6
Zeeon: folds
Uncalled bet ($3) returned to Agrotait
Agrotait collected $6 from pot
Agrotait: doesn't show hand
*** SUMMARY ***
Total pot $6 | Rake $0
Seat 1: Zeeon (big blind) folded before Flop
Seat 4: Agrotait (button) (small blind) collected ($6)


PokerStars Hand #151361586358:  Hold'em Limit ($3/$6 USD) - 2016/04/03 8:33:37 ET
Table 'Selene III' 6-max Seat #1 is the button
Seat 1: Zeeon ($85.28 in chips)
Seat 4: Agrotait ($107.78 in chips)
Zeeon: posts small blind $1
Agrotait: posts big blind $3
*** HOLE CARDS ***
Zeeon: folds
Uncalled bet ($2) returned to Agrotait
Agrotait collected $2 from pot
Agrotait: doesn't show hand
*** SUMMARY ***
Total pot $2 | Rake $0
Seat 1: Zeeon (button) (small blind) folded before Flop
Seat 4: Agrotait (big blind) collected ($2)


PokerStars Hand #151361567210:  Hold'em Limit ($3/$6 USD) - 2016/04/03 8:33:06 ET
Table 'Selene III' 6-max Seat #4 is the button
Seat 1: Zeeon ($104.28 in chips)
Seat 4: Agrotait ($89.50 in chips)
Agrotait: posts small blind $1
Zeeon: posts big blind $3
*** HOLE CARDS ***
Agrotait: raises $3 to $6
Zeeon: calls $3
*** FLOP *** [Qd 2d Ac]
Zeeon: checks
Agrotait: bets $3
Zeeon: folds
Uncalled bet ($3) returned to Agrotait
Agrotait collected $11.76 from pot
Agrotait: doesn't show hand
*** SUMMARY ***
Total pot $12 | Rake $0.24
Board [Qd 2d Ac]
Seat 1: Zeeon (big blind) folded on the Flop
Seat 4: Agrotait (button) (small blind) collected ($11.76)


PokerStars Hand #151361593196:  Hold'em Limit ($3/$6 USD) - 2016/04/03 8:33:48 ET
Table 'Selene III' 6-max Seat #1 is the button
Seat 1: Zeeon ($81.28 in chips)
Seat 4: Agrotait ($111.78 in chips)
Zeeon: posts small blind $1
Agrotait: posts big blind $3
*** HOLE CARDS ***
Zeeon: raises $3 to $6
Agrotait: raises $3 to $9
Zeeon: calls $3
*** FLOP *** [As Ks 9d]
Agrotait: bets $3
Zeeon: calls $3
*** TURN *** [As Ks 9d] [Js]
Agrotait: checks
Zeeon: bets $6
Agrotait: calls $6
*** RIVER *** [As Ks 9d Js] [7s]
Agrotait: checks
Zeeon: bets $6
Agrotait: folds
Uncalled bet ($6) returned to Zeeon
MissEKAmouse joins the table at seat #2
Zeeon collected $35.50 from pot
*** SUMMARY ***
Total pot $36 | Rake $0.50
Board [As Ks 9d Js 7s]
Seat 1: Zeeon (button) (small blind) collected ($35.50)
Seat 4: Agrotait (big blind) folded on the River


PokerStars Hand #151361608420:  Hold'em Limit ($3/$6 USD) - 2016/04/03 8:34:12 ET
Table 'Selene III' 6-max Seat #1 is the button
Seat 1: Zeeon ($99.78 in chips)
Seat 2: MissEKAmouse ($120 in chips)
Zeeon: posts small blind $1
MissEKAmouse: posts big blind $3
*** HOLE CARDS ***
Zeeon: folds
Uncalled bet ($2) returned to MissEKAmouse
MissEKAmouse collected $2 from pot
MissEKAmouse: doesn't show hand
*** SUMMARY ***
Total pot $2 | Rake $0
Seat 1: Zeeon (button) (small blind) folded before Flop
Seat 2: MissEKAmouse (big blind) collected ($2)


PokerStars Hand #151361604465:  Hold'em Limit ($3/$6 USD) - 2016/04/03 8:34:06 ET
Table 'Selene III' 6-max Seat #4 is the button
Seat 1: Zeeon ($98.78 in chips)
Seat 4: Agrotait ($93.78 in chips)
Agrotait: posts small blind $1
Zeeon: posts big blind $3
*** HOLE CARDS ***
Agrotait: folds
Uncalled bet ($2) returned to Zeeon
Zeeon collected $2 from pot
Agrotait leaves the table
*** SUMMARY ***
Total pot $2 | Rake $0
Seat 1: Zeeon (big blind) collected ($2)
Seat 4: Agrotait (button) (small blind) folded before Flop


PokerStars Hand #151361615139:  Hold'em Limit ($3/$6 USD) - 2016/04/03 8:34:23 ET
Table 'Selene III' 6-max Seat #1 is the button
Seat 1: Zeeon ($99.78 in chips)
Seat 2: MissEKAmouse ($120 in chips)
Zeeon: posts small blind $1
MissEKAmouse: posts big blind $3
*** HOLE CARDS ***
Zeeon: folds
Uncalled bet ($2) returned to MissEKAmouse
MissEKAmouse collected $2 from pot
MissEKAmouse: doesn't show hand
*** SUMMARY ***
Total pot $2 | Rake $0
Seat 1: Zeeon (button) (small blind) folded before Flop
Seat 2: MissEKAmouse (big blind) collected ($2)


PokerStars Hand #151361611268:  Hold'em Limit ($3/$6 USD) - 2016/04/03 8:34:17 ET
Table 'Selene III' 6-max Seat #2 is the button
Seat 1: Zeeon ($98.78 in chips)
Seat 2: MissEKAmouse ($121 in chips)
MissEKAmouse: posts small blind $1
Zeeon: posts big blind $3
*** HOLE CARDS ***
MissEKAmouse: folds
Uncalled bet ($2) returned to Zeeon
Zeeon collected $2 from pot
*** SUMMARY ***
Total pot $2 | Rake $0
Seat 1: Zeeon (big blind) collected ($2)
Seat 2: MissEKAmouse (button) (small blind) folded before Flop


PokerStars Hand #151361621966:  Hold'em Limit ($3/$6 USD) - 2016/04/03 8:34:34 ET
Table 'Selene III' 6-max Seat #1 is the button
Seat 1: Zeeon ($95.78 in chips)
Seat 2: MissEKAmouse ($124 in chips)
Zeeon: posts small blind $1
MissEKAmouse: posts big blind $3
*** HOLE CARDS ***
Zeeon: folds
Uncalled bet ($2) returned to MissEKAmouse
MissEKAmouse collected $2 from pot
MissEKAmouse: doesn't show hand
*** SUMMARY ***
Total pot $2 | Rake $0
Seat 1: Zeeon (button) (small blind) folded before Flop
Seat 2: MissEKAmouse (big blind) collected ($2)


PokerStars Hand #151361618373:  Hold'em Limit ($3/$6 USD) - 2016/04/03 8:34:28 ET
Table 'Selene III' 6-max Seat #2 is the button
Seat 1: Zeeon ($98.78 in chips)
Seat 2: MissEKAmouse ($121 in chips)
MissEKAmouse: posts small blind $1
Zeeon: posts big blind $3
*** HOLE CARDS ***
MissEKAmouse: raises $3 to $6
Zeeon: folds
Uncalled bet ($3) returned to MissEKAmouse
MissEKAmouse collected $6 from pot
MissEKAmouse: doesn't show hand
*** SUMMARY ***
Total pot $6 | Rake $0
Seat 1: Zeeon (big blind) folded before Flop
Seat 2: MissEKAmouse (button) (small blind) collected ($6)


PokerStars Hand #151361625544:  Hold'em Limit ($3/$6 USD) - 2016/04/03 8:34:40 ET
Table 'Selene III' 6-max Seat #2 is the button
Seat 1: Zeeon ($94.78 in chips)
Seat 2: MissEKAmouse ($125 in chips)
MissEKAmouse: posts small blind $1
Zeeon: posts big blind $3
*** HOLE CARDS ***
MissEKAmouse: raises $3 to $6
Zeeon: calls $3
*** FLOP *** [3c Qc Jc]
Zeeon: bets $3
MissEKAmouse: calls $3
*** TURN *** [3c Qc Jc] [Th]
Zeeon: bets $6
MissEKAmouse: calls $6
*** RIVER *** [3c Qc Jc Th] [9h]
Zeeon: checks
MissEKAmouse: bets $6
Zeeon: calls $6
*** SHOW DOWN ***
MissEKAmouse: shows [Qd 8s] (a straight, Eight to Queen)
Zeeon: shows [8c Qh] (a straight, Eight to Queen)
Zeeon collected $20.75 from pot
MissEKAmouse collected $20.75 from pot
*** SUMMARY ***
Total pot $42 | Rake $0.50
Board [3c Qc Jc Th 9h]
Seat 1: Zeeon (big blind) showed [8c Qh] and won ($20.75) with a straight, Eight to Queen
Seat 2: MissEKAmouse (button) (small blind) showed [Qd 8s] and won ($20.75) with a straight, Eight to Queen


PokerStars Hand #151361642970:  Hold'em Limit ($3/$6 USD) - 2016/04/03 8:35:08 ET
Table 'Selene III' 6-max Seat #1 is the button
Seat 1: Zeeon ($94.53 in chips)
Seat 2: MissEKAmouse ($124.75 in chips)
Zeeon: posts small blind $1
MissEKAmouse: posts big blind $3
*** HOLE CARDS ***
Zeeon: raises $3 to $6
MissEKAmouse: calls $3
*** FLOP *** [2c 7c 4h]
MissEKAmouse: bets $3
Zeeon: calls $3
*** TURN *** [2c 7c 4h] [4s]
MissEKAmouse: bets $6
Zeeon: folds
Uncalled bet ($6) returned to MissEKAmouse
MissEKAmouse collected $17.64 from pot
MissEKAmouse: doesn't show hand
*** SUMMARY ***
Total pot $18 | Rake $0.36
Board [2c 7c 4h 4s]
Seat 1: Zeeon (button) (small blind) folded on the Turn
Seat 2: MissEKAmouse (big blind) collected ($17.64)


PokerStars Hand #151361653193:  Hold'em Limit ($3/$6 USD) - 2016/04/03 8:35:24 ET
Table 'Selene III' 6-max Seat #2 is the button
Seat 1: Zeeon ($85.53 in chips)
Seat 2: MissEKAmouse ($133.39 in chips)
MissEKAmouse: posts small blind $1
Zeeon: posts big blind $3
*** HOLE CARDS ***
MissEKAmouse: calls $2
Zeeon: checks
*** FLOP *** [6c 7h Jc]
Zeeon: checks
MissEKAmouse: bets $3
Zeeon: raises $3 to $6
MissEKAmouse: folds
Uncalled bet ($3) returned to Zeeon
Zeeon collected $11.76 from pot
*** SUMMARY ***
Total pot $12 | Rake $0.24
Board [6c 7h Jc]
Seat 1: Zeeon (big blind) collected ($11.76)
Seat 2: MissEKAmouse (button) (small blind) folded on the Flop


PokerStars Hand #151361678773:  Hold'em Limit ($3/$6 USD) - 2016/04/03 8:36:06 ET
Table 'Selene III' 6-max Seat #2 is the button
Seat 1: Zeeon ($85.29 in chips)
Seat 2: MissEKAmouse ($133.15 in chips)
MissEKAmouse: posts small blind $1
Zeeon: posts big blind $3
*** HOLE CARDS ***
MissEKAmouse: raises $3 to $6
Zeeon: folds
Uncalled bet ($3) returned to MissEKAmouse
MissEKAmouse collected $6 from pot
MissEKAmouse: doesn't show hand
*** SUMMARY ***
Total pot $6 | Rake $0
Seat 1: Zeeon (big blind) folded before Flop
Seat 2: MissEKAmouse (button) (small blind) collected ($6)


PokerStars Hand #151361669269:  Hold'em Limit ($3/$6 USD) - 2016/04/03 8:35:50 ET
Table 'Selene III' 6-max Seat #1 is the button
Seat 1: Zeeon ($91.29 in chips)
Seat 2: MissEKAmouse ($127.39 in chips)
Zeeon: posts small blind $1
MissEKAmouse: posts big blind $3
*** HOLE CARDS ***
Zeeon: raises $3 to $6
MissEKAmouse: calls $3
*** FLOP *** [6h Tc 2h]
MissEKAmouse: checks
Zeeon: checks
*** TURN *** [6h Tc 2h] [8c]
MissEKAmouse: bets $6
Zeeon: folds
Uncalled bet ($6) returned to MissEKAmouse
MissEKAmouse collected $11.76 from pot
MissEKAmouse: doesn't show hand
*** SUMMARY ***
Total pot $12 | Rake $0.24
Board [6h Tc 2h 8c]
Seat 1: Zeeon (button) (small blind) folded on the Turn
Seat 2: MissEKAmouse (big blind) collected ($11.76)


PokerStars Hand #151361686012:  Hold'em Limit ($3/$6 USD) - 2016/04/03 8:36:17 ET
Table 'Selene III' 6-max Seat #2 is the button
Seat 1: Zeeon ($81.29 in chips)
Seat 2: MissEKAmouse ($137.15 in chips)
MissEKAmouse: posts small blind $1
Zeeon: posts big blind $3
*** HOLE CARDS ***
MissEKAmouse: folds
Uncalled bet ($2) returned to Zeeon
Zeeon collected $2 from pot
*** SUMMARY ***
Total pot $2 | Rake $0
Seat 1: Zeeon (big blind) collected ($2)
Seat 2: MissEKAmouse (button) (small blind) folded before Flop


PokerStars Hand #151361682424:  Hold'em Limit ($3/$6 USD) - 2016/04/03 8:36:11 ET
Table 'Selene III' 6-max Seat #1 is the button
Seat 1: Zeeon ($82.29 in chips)
Seat 2: MissEKAmouse ($136.15 in chips)
Zeeon: posts small blind $1
MissEKAmouse: posts big blind $3
*** HOLE CARDS ***
Zeeon: folds
Uncalled bet ($2) returned to MissEKAmouse
MissEKAmouse collected $2 from pot
MissEKAmouse: doesn't show hand
*** SUMMARY ***
Total pot $2 | Rake $0
Seat 1: Zeeon (button) (small blind) folded before Flop
Seat 2: MissEKAmouse (big blind) collected ($2)


PokerStars Hand #151361689277:  Hold'em Limit ($3/$6 USD) - 2016/04/03 8:36:22 ET
Table 'Selene III' 6-max Seat #1 is the button
Seat 1: Zeeon ($82.29 in chips)
Seat 2: MissEKAmouse ($136.15 in chips)
Zeeon: posts small blind $1
MissEKAmouse: posts big blind $3
*** HOLE CARDS ***
Zeeon: folds
Uncalled bet ($2) returned to MissEKAmouse
MissEKAmouse collected $2 from pot
MissEKAmouse: doesn't show hand
*** SUMMARY ***
Total pot $2 | Rake $0
Seat 1: Zeeon (button) (small blind) folded before Flop
Seat 2: MissEKAmouse (big blind) collected ($2)


PokerStars Hand #151361692857:  Hold'em Limit ($3/$6 USD) - 2016/04/03 8:36:28 ET
Table 'Selene III' 6-max Seat #2 is the button
Seat 1: Zeeon ($81.29 in chips)
Seat 2: MissEKAmouse ($137.15 in chips)
MissEKAmouse: posts small blind $1
Zeeon: posts big blind $3
*** HOLE CARDS ***
MissEKAmouse: calls $2
Zeeon: checks
*** FLOP *** [2h 5h 5s]
Zeeon: bets $3
MissEKAmouse: calls $3
*** TURN *** [2h 5h 5s] [Ad]
Zeeon: checks
MissEKAmouse: checks
*** RIVER *** [2h 5h 5s Ad] [4h]
Zeeon: checks
MissEKAmouse: checks
*** SHOW DOWN ***
Zeeon: shows [Kd 8h] (a pair of Fives)
MissEKAmouse: mucks hand
Zeeon collected $11.76 from pot
*** SUMMARY ***
Total pot $12 | Rake $0.24
Board [2h 5h 5s Ad 4h]
Seat 1: Zeeon (big blind) showed [Kd 8h] and won ($11.76) with a pair of Fives
Seat 2: MissEKAmouse (button) (small blind) mucked


PokerStars Hand #151361708107:  Hold'em Limit ($3/$6 USD) - 2016/04/03 8:36:52 ET
Table 'Selene III' 6-max Seat #1 is the button
Seat 1: Zeeon ($87.05 in chips)
Seat 2: MissEKAmouse ($131.15 in chips)
Zeeon: posts small blind $1
MissEKAmouse: posts big blind $3
*** HOLE CARDS ***
Zeeon: raises $3 to $6
MissEKAmouse: calls $3
*** FLOP *** [Th 9d Ks]
MissEKAmouse: checks
Zeeon: bets $3
MissEKAmouse: raises $3 to $6
Zeeon: folds
Uncalled bet ($3) returned to MissEKAmouse
MissEKAmouse collected $17.64 from pot
MissEKAmouse: doesn't show hand
*** SUMMARY ***
Total pot $18 | Rake $0.36
Board [Th 9d Ks]
Seat 1: Zeeon (button) (small blind) folded on the Flop
Seat 2: MissEKAmouse (big blind) collected ($17.64)


PokerStars Hand #151361740138:  Hold'em Limit ($3/$6 USD) - 2016/04/03 8:37:44 ET
Table 'Selene III' 6-max Seat #1 is the button
Seat 1: Zeeon ($69.05 in chips)
Seat 2: MissEKAmouse ($148.43 in chips)
Zeeon: posts small blind $1
MissEKAmouse: posts big blind $3
*** HOLE CARDS ***
Zeeon: raises $3 to $6
MissEKAmouse: folds
Uncalled bet ($3) returned to Zeeon
Zeeon collected $6 from pot
*** SUMMARY ***
Total pot $6 | Rake $0
Seat 1: Zeeon (button) (small blind) collected ($6)
Seat 2: MissEKAmouse (big blind) folded before Flop


PokerStars Hand #151361717450:  Hold'em Limit ($3/$6 USD) - 2016/04/03 8:37:07 ET
Table 'Selene III' 6-max Seat #2 is the button
Seat 1: Zeeon ($78.05 in chips)
Seat 2: MissEKAmouse ($139.79 in chips)
MissEKAmouse: posts small blind $1
Zeeon: posts big blind $3
*** HOLE CARDS ***
MissEKAmouse: raises $3 to $6
Zeeon: calls $3
*** FLOP *** [Ad 6c Ah]
Zeeon: checks
MissEKAmouse: bets $3
Zeeon: calls $3
*** TURN *** [Ad 6c Ah] [8d]
Zeeon: checks
MissEKAmouse: checks
*** RIVER *** [Ad 6c Ah 8d] [Tc]
Zeeon: checks
MissEKAmouse: bets $6
Zeeon: folds
Uncalled bet ($6) returned to MissEKAmouse
MissEKAmouse collected $17.64 from pot
MissEKAmouse: doesn't show hand
*** SUMMARY ***
Total pot $18 | Rake $0.36
Board [Ad 6c Ah 8d Tc]
Seat 1: Zeeon (big blind) folded on the River
Seat 2: MissEKAmouse (button) (small blind) collected ($17.64)


PokerStars Hand #151361757930:  Hold'em Limit ($3/$6 USD) - 2016/04/03 8:38:12 ET
Table 'Selene III' 6-max Seat #1 is the button
Seat 1: Zeeon ($69.05 in chips)
Seat 2: MissEKAmouse ($148.43 in chips)
Zeeon: posts small blind $1
MissEKAmouse: posts big blind $3
*** HOLE CARDS ***
Zeeon: folds
Uncalled bet ($2) returned to MissEKAmouse
MissEKAmouse collected $2 from pot
MissEKAmouse: doesn't show hand
*** SUMMARY ***
Total pot $2 | Rake $0
Seat 1: Zeeon (button) (small blind) folded before Flop
Seat 2: MissEKAmouse (big blind) collected ($2)


PokerStars Hand #151361744278:  Hold'em Limit ($3/$6 USD) - 2016/04/03 8:37:50 ET
Table 'Selene III' 6-max Seat #2 is the button
Seat 1: Zeeon ($72.05 in chips)
Seat 2: MissEKAmouse ($145.43 in chips)
MissEKAmouse: posts small blind $1
Zeeon: posts big blind $3
*** HOLE CARDS ***
MissEKAmouse: folds
Uncalled bet ($2) returned to Zeeon
Zeeon collected $2 from pot
*** SUMMARY ***
Total pot $2 | Rake $0
Seat 1: Zeeon (big blind) collected ($2)
Seat 2: MissEKAmouse (button) (small blind) folded before Flop


PokerStars Hand #151361752692:  Hold'em Limit ($3/$6 USD) - 2016/04/03 8:38:04 ET
Table 'Selene III' 6-max Seat #2 is the button
Seat 1: Zeeon ($72.05 in chips)
Seat 2: MissEKAmouse ($145.43 in chips)
MissEKAmouse: posts small blind $1
Zeeon: posts big blind $3
*** HOLE CARDS ***
MissEKAmouse: raises $3 to $6
Zeeon: folds
Uncalled bet ($3) returned to MissEKAmouse
MissEKAmouse collected $6 from pot
MissEKAmouse: doesn't show hand
*** SUMMARY ***
Total pot $6 | Rake $0
Seat 1: Zeeon (big blind) folded before Flop
Seat 2: MissEKAmouse (button) (small blind) collected ($6)


PokerStars Hand #151361749360:  Hold'em Limit ($3/$6 USD) - 2016/04/03 8:37:58 ET
Table 'Selene III' 6-max Seat #1 is the button
Seat 1: Zeeon ($73.05 in chips)
Seat 2: MissEKAmouse ($144.43 in chips)
Zeeon: posts small blind $1
MissEKAmouse: posts big blind $3
*** HOLE CARDS ***
Zeeon: folds
Uncalled bet ($2) returned to MissEKAmouse
MissEKAmouse collected $2 from pot
MissEKAmouse: doesn't show hand
*** SUMMARY ***
Total pot $2 | Rake $0
Seat 1: Zeeon (button) (small blind) folded before Flop
Seat 2: MissEKAmouse (big blind) collected ($2)


PokerStars Hand #151361806761:  Hold'em Limit ($3/$6 USD) - 2016/04/03 8:39:30 ET
Table 'Selene III' 6-max Seat #1 is the button
Seat 1: Zeeon ($105.55 in chips)
Seat 2: MissEKAmouse ($124 in chips)
Zeeon: posts small blind $1
MissEKAmouse: posts big blind $3
*** HOLE CARDS ***
Zeeon: folds
Uncalled bet ($2) returned to MissEKAmouse
MissEKAmouse collected $2 from pot
MissEKAmouse: doesn't show hand
*** SUMMARY ***
Total pot $2 | Rake $0
Seat 1: Zeeon (button) (small blind) folded before Flop
Seat 2: MissEKAmouse (big blind) collected ($2)


PokerStars Hand #151361802911:  Hold'em Limit ($3/$6 USD) - 2016/04/03 8:39:24 ET
Table 'Selene III' 6-max Seat #2 is the button
Seat 1: Zeeon ($104.55 in chips)
Seat 2: MissEKAmouse ($125 in chips)
MissEKAmouse: posts small blind $1
Zeeon: posts big blind $3
*** HOLE CARDS ***
MissEKAmouse: folds
Uncalled bet ($2) returned to Zeeon
Zeeon collected $2 from pot
*** SUMMARY ***
Total pot $2 | Rake $0
Seat 1: Zeeon (big blind) collected ($2)
Seat 2: MissEKAmouse (button) (small blind) folded before Flop


PokerStars Hand #151361799616:  Hold'em Limit ($3/$6 USD) - 2016/04/03 8:39:19 ET
Table 'Selene III' 6-max Seat #1 is the button
Seat 1: Zeeon ($105.55 in chips)
Seat 2: MissEKAmouse ($124 in chips)
Zeeon: posts small blind $1
MissEKAmouse: posts big blind $3
*** HOLE CARDS ***
Zeeon: folds
Uncalled bet ($2) returned to MissEKAmouse
MissEKAmouse collected $2 from pot
MissEKAmouse: doesn't show hand
*** SUMMARY ***
Total pot $2 | Rake $0
Seat 1: Zeeon (button) (small blind) folded before Flop
Seat 2: MissEKAmouse (big blind) collected ($2)


PokerStars Hand #151361793332:  Hold'em Limit ($3/$6 USD) - 2016/04/03 8:39:09 ET
Table 'Selene III' 6-max Seat #2 is the button
Seat 1: Zeeon ($108.55 in chips)
Seat 2: MissEKAmouse ($121 in chips)
MissEKAmouse: posts small blind $1
Zeeon: posts big blind $3
*** HOLE CARDS ***
MissEKAmouse: raises $3 to $6
Zeeon: folds
Uncalled bet ($3) returned to MissEKAmouse
MissEKAmouse collected $6 from pot
MissEKAmouse: doesn't show hand
*** SUMMARY ***
Total pot $6 | Rake $0
Seat 1: Zeeon (big blind) folded before Flop
Seat 2: MissEKAmouse (button) (small blind) collected ($6)


PokerStars Hand #151361789128:  Hold'em Limit ($3/$6 USD) - 2016/04/03 8:39:02 ET
Table 'Selene III' 6-max Seat #1 is the button
Seat 1: Zeeon ($109.55 in chips)
Seat 2: MissEKAmouse ($120 in chips)
Zeeon: posts small blind $1
MissEKAmouse: posts big blind $3
*** HOLE CARDS ***
Zeeon: folds
Uncalled bet ($2) returned to MissEKAmouse
MissEKAmouse collected $2 from pot
MissEKAmouse: doesn't show hand
*** SUMMARY ***
Total pot $2 | Rake $0
Seat 1: Zeeon (button) (small blind) folded before Flop
Seat 2: MissEKAmouse (big blind) collected ($2)


PokerStars Hand #151361763579:  Hold'em Limit ($3/$6 USD) - 2016/04/03 8:38:21 ET
Table 'Selene III' 6-max Seat #2 is the button
Seat 1: Zeeon ($68.05 in chips)
Seat 2: MissEKAmouse ($149.43 in chips)
MissEKAmouse: posts small blind $1
Zeeon: posts big blind $3
*** HOLE CARDS ***
MissEKAmouse: raises $3 to $6
Zeeon: raises $3 to $9
MissEKAmouse: calls $3
*** FLOP *** [8h 6s Qs]
Zeeon: bets $3
MissEKAmouse: raises $3 to $6
Zeeon: raises $3 to $9
MissEKAmouse: calls $3
*** TURN *** [8h 6s Qs] [Tc]
Zeeon: bets $6
MissEKAmouse: raises $6 to $12
Zeeon: raises $6 to $18
MissEKAmouse: calls $6
*** RIVER *** [8h 6s Qs Tc] [4d]
Zeeon: bets $6
MissEKAmouse: calls $6
*** SHOW DOWN ***
Zeeon: shows [Qd Qc] (three of a kind, Queens)
MissEKAmouse: mucks hand
Zeeon collected $83.50 from pot
*** SUMMARY ***
Total pot $84 | Rake $0.50
Board [8h 6s Qs Tc 4d]
Seat 1: Zeeon (big blind) showed [Qd Qc] and won ($83.50) with three of a kind, Queens
Seat 2: MissEKAmouse (button) (small blind) mucked


PokerStars Hand #151361842900:  Hold'em Limit ($3/$6 USD) - 2016/04/03 8:40:28 ET
Table 'Selene III' 6-max Seat #6 is the button
Seat 1: Zeeon ($95.55 in chips)
Seat 6: anetkaapro ($80.76 in chips)
anetkaapro: posts small blind $1
Zeeon: posts big blind $3
*** HOLE CARDS ***
anetkaapro: raises $3 to $6
Zeeon: calls $3
*** FLOP *** [5d Ah 2d]
Zeeon: checks
anetkaapro: bets $3
Zeeon: folds
Uncalled bet ($3) returned to anetkaapro
anetkaapro collected $11.76 from pot
anetkaapro: doesn't show hand
*** SUMMARY ***
Total pot $12 | Rake $0.24
Board [5d Ah 2d]
Seat 1: Zeeon (big blind) folded on the Flop
Seat 6: anetkaapro (button) (small blind) collected ($11.76)


PokerStars Hand #151361829871:  Hold'em Limit ($3/$6 USD) - 2016/04/03 8:40:07 ET
Table 'Selene III' 6-max Seat #1 is the button
Seat 1: Zeeon ($101.55 in chips)
Seat 6: anetkaapro ($75 in chips)
Zeeon: posts small blind $1
anetkaapro: posts big blind $3
*** HOLE CARDS ***
Zeeon: raises $3 to $6
anetkaapro: calls $3
*** FLOP *** [Td 8d 7s]
anetkaapro: checks
Zeeon: checks
*** TURN *** [Td 8d 7s] [3h]
anetkaapro: bets $6
Zeeon: folds
Uncalled bet ($6) returned to anetkaapro
anetkaapro collected $11.76 from pot
anetkaapro: doesn't show hand
*** SUMMARY ***
Total pot $12 | Rake $0.24
Board [Td 8d 7s 3h]
Seat 1: Zeeon (button) (small blind) folded on the Turn
Seat 6: anetkaapro (big blind) collected ($11.76)


PokerStars Hand #151361825462:  Hold'em Limit ($3/$6 USD) - 2016/04/03 8:40:00 ET
Table 'Selene III' 6-max Seat #6 is the button
Seat 1: Zeeon ($104.55 in chips)
Seat 6: anetkaapro ($72 in chips)
anetkaapro: posts small blind $1
Zeeon: posts big blind $3
*** HOLE CARDS ***
anetkaapro: raises $3 to $6
Zeeon: folds
Uncalled bet ($3) returned to anetkaapro
anetkaapro collected $6 from pot
anetkaapro: doesn't show hand
*** SUMMARY ***
Total pot $6 | Rake $0
Seat 1: Zeeon (big blind) folded before Flop
Seat 6: anetkaapro (button) (small blind) collected ($6)


PokerStars Hand #151361890162:  Hold'em Limit ($3/$6 USD) - 2016/04/03 8:41:43 ET
Table 'Selene III' 6-max Seat #1 is the button
Seat 1: Zeeon ($151.09 in chips)
Seat 6: anetkaapro ($72 in chips)
Zeeon: posts small blind $1
anetkaapro: posts big blind $3
*** HOLE CARDS ***
Zeeon: folds
Uncalled bet ($2) returned to anetkaapro
anetkaapro collected $2 from pot
anetkaapro: doesn't show hand
*** SUMMARY ***
Total pot $2 | Rake $0
Seat 1: Zeeon (button) (small blind) folded before Flop
Seat 6: anetkaapro (big blind) collected ($2)


PokerStars Hand #151361880169:  Hold'em Limit ($3/$6 USD) - 2016/04/03 8:41:27 ET
Table 'Selene III' 6-max Seat #6 is the button
Seat 1: Zeeon ($142.45 in chips)
Seat 6: anetkaapro ($72 in chips)
anetkaapro: posts small blind $1
Zeeon: posts big blind $3
*** HOLE CARDS ***
anetkaapro: raises $3 to $6
Zeeon: raises $3 to $9
anetkaapro: calls $3
*** FLOP *** [Ad Jh 7c]
Zeeon: bets $3
anetkaapro: folds
Uncalled bet ($3) returned to Zeeon
Zeeon collected $17.64 from pot
*** SUMMARY ***
Total pot $18 | Rake $0.36
Board [Ad Jh 7c]
Seat 1: Zeeon (big blind) collected ($17.64)
Seat 6: anetkaapro (button) (small blind) folded on the Flop


PokerStars Hand #151361872857:  Hold'em Limit ($3/$6 USD) - 2016/04/03 8:41:16 ET
Table 'Selene III' 6-max Seat #1 is the button
Seat 1: Zeeon ($136.69 in chips)
Seat 6: anetkaapro ($72 in chips)
Zeeon: posts small blind $1
anetkaapro: posts big blind $3
*** HOLE CARDS ***
Zeeon: raises $3 to $6
anetkaapro: calls $3
*** FLOP *** [8c 4c 6c]
anetkaapro: checks
Zeeon: bets $3
anetkaapro: folds
Uncalled bet ($3) returned to Zeeon
Zeeon collected $11.76 from pot
*** SUMMARY ***
Total pot $12 | Rake $0.24
Board [8c 4c 6c]
Seat 1: Zeeon (button) (small blind) collected ($11.76)
Seat 6: anetkaapro (big blind) folded on the Flop


PokerStars Hand #151361861132:  Hold'em Limit ($3/$6 USD) - 2016/04/03 8:40:57 ET
Table 'Selene III' 6-max Seat #6 is the button
Seat 1: Zeeon ($98.19 in chips)
Seat 6: anetkaapro ($77.52 in chips)
anetkaapro: posts small blind $1
Zeeon: posts big blind $3
*** HOLE CARDS ***
anetkaapro: raises $3 to $6
Zeeon: calls $3
*** FLOP *** [Ac Ah Ad]
Zeeon: checks
anetkaapro: bets $3
Zeeon: calls $3
*** TURN *** [Ac Ah Ad] [2d]
Zeeon: checks
anetkaapro: bets $6
Zeeon: raises $6 to $12
anetkaapro: calls $6
*** RIVER *** [Ac Ah Ad 2d] [7d]
Zeeon: bets $6
anetkaapro: raises $6 to $12
Zeeon: raises $6 to $18
anetkaapro: calls $6
*** SHOW DOWN ***
Zeeon: shows [As 6d] (four of a kind, Aces)
anetkaapro: mucks hand
Zeeon collected $77.50 from pot
*** SUMMARY ***
Total pot $78 | Rake $0.50
Board [Ac Ah Ad 2d 7d]
Seat 1: Zeeon (big blind) showed [As 6d] and won ($77.50) with four of a kind, Aces
Seat 6: anetkaapro (button) (small blind) mucked


PokerStars Hand #151361849851:  Hold'em Limit ($3/$6 USD) - 2016/04/03 8:40:39 ET
Table 'Selene III' 6-max Seat #1 is the button
Seat 1: Zeeon ($89.55 in chips)
Seat 6: anetkaapro ($86.52 in chips)
Zeeon: posts small blind $1
anetkaapro: posts big blind $3
*** HOLE CARDS ***
Zeeon: raises $3 to $6
anetkaapro: calls $3
*** FLOP *** [Jc 7d Js]
anetkaapro: checks
Zeeon: bets $3
anetkaapro: calls $3
*** TURN *** [Jc 7d Js] [2d]
anetkaapro: checks
Zeeon: bets $6
anetkaapro: folds
Uncalled bet ($6) returned to Zeeon
Zeeon collected $17.64 from pot
*** SUMMARY ***
Total pot $18 | Rake $0.36
Board [Jc 7d Js 2d]
Seat 1: Zeeon (button) (small blind) collected ($17.64)
Seat 6: anetkaapro (big blind) folded on the Turn


PokerStars Hand #151361909342:  Hold'em Limit ($3/$6 USD) - 2016/04/03 8:42:14 ET
Table 'Selene III' 6-max Seat #6 is the button
Seat 1: Zeeon ($172.59 in chips)
Seat 6: anetkaapro ($73 in chips)
anetkaapro: posts small blind $1
Zeeon: posts big blind $3
*** HOLE CARDS ***
anetkaapro: raises $3 to $6
Zeeon: calls $3
*** FLOP *** [5s 9c 4h]
Zeeon: checks
anetkaapro: bets $3
Zeeon: calls $3
*** TURN *** [5s 9c 4h] [9d]
Zeeon: checks
anetkaapro: checks
*** RIVER *** [5s 9c 4h 9d] [7d]
RabbitNrAS joins the table at seat #4
Zeeon: checks
anetkaapro: checks
*** SHOW DOWN ***
Zeeon: shows [8h Kh] (a pair of Nines)
anetkaapro: shows [Ac 8s] (a pair of Nines - Ace kicker)
anetkaapro collected $17.64 from pot
*** SUMMARY ***
Total pot $18 | Rake $0.36
Board [5s 9c 4h 9d 7d]
Seat 1: Zeeon (big blind) showed [8h Kh] and lost with a pair of Nines
Seat 6: anetkaapro (button) (small blind) showed [Ac 8s] and won ($17.64) with a pair of Nines


PokerStars Hand #151361906655:  Hold'em Limit ($3/$6 USD) - 2016/04/03 8:42:09 ET
Table 'Selene III' 6-max Seat #1 is the button
Seat 1: Zeeon ($173.59 in chips)
Seat 6: anetkaapro ($72 in chips)
Zeeon: posts small blind $1
anetkaapro: posts big blind $3
*** HOLE CARDS ***
Zeeon: folds
Uncalled bet ($2) returned to anetkaapro
anetkaapro collected $2 from pot
anetkaapro: doesn't show hand
*** SUMMARY ***
Total pot $2 | Rake $0
Seat 1: Zeeon (button) (small blind) folded before Flop
Seat 6: anetkaapro (big blind) collected ($2)


PokerStars Hand #151361893176:  Hold'em Limit ($3/$6 USD) - 2016/04/03 8:41:48 ET
Table 'Selene III' 6-max Seat #6 is the button
Seat 1: Zeeon ($150.09 in chips)
Seat 6: anetkaapro ($73 in chips)
anetkaapro: posts small blind $1
Zeeon: posts big blind $3
*** HOLE CARDS ***
anetkaapro: raises $3 to $6
Zeeon: raises $3 to $9
anetkaapro: calls $3
*** FLOP *** [Jc 2d 3d]
Zeeon: bets $3
anetkaapro: calls $3
*** TURN *** [Jc 2d 3d] [6s]
Zeeon: bets $6
anetkaapro: calls $6
*** RIVER *** [Jc 2d 3d 6s] [8s]
Zeeon: bets $6
anetkaapro: calls $6
*** SHOW DOWN ***
Zeeon: shows [Qs Qh] (a pair of Queens)
anetkaapro: mucks hand
Zeeon collected $47.50 from pot
*** SUMMARY ***
Total pot $48 | Rake $0.50
Board [Jc 2d 3d 6s 8s]
Seat 1: Zeeon (big blind) showed [Qs Qh] and won ($47.50) with a pair of Queens
Seat 6: anetkaapro (button) (small blind) mucked


