PokerStars Hand #156353365586:  Hold'em Limit ($3/$6 USD) - 2016/07/23 16:39:10 ET
Table 'Selene' 10-max Seat #6 is the button
Seat 6: Scheubi88 ($90 in chips)
Seat 7: Fantomet ($100 in chips)
Scheubi88: posts small blind $1
Fantomet: posts big blind $3
*** HOLE CARDS ***
Scheubi88: raises $3 to $6
Fantomet: raises $3 to $9
Scheubi88: calls $3
*** FLOP *** [2h 2s 8h]
Fantomet: bets $3
Scheubi88: calls $3
*** TURN *** [2h 2s 8h] [Th]
Fantomet: bets $6
Scheubi88: raises $6 to $12
Fantomet: calls $6
*** RIVER *** [2h 2s 8h Th] [Ah]
Fantomet: checks
Scheubi88: bets $6
Fantomet: calls $6
*** SHOW DOWN ***
Scheubi88: shows [2c Kh] (a flush, Ace high)
Fantomet: mucks hand
Scheubi88 collected $59.50 from pot
*** SUMMARY ***
Total pot $60 | Rake $0.50
Board [2h 2s 8h Th Ah]
Seat 6: Scheubi88 (button) (small blind) showed [2c Kh] and won ($59.50) with a flush, Ace high
Seat 7: Fantomet (big blind) mucked


PokerStars Hand #156353418412:  Hold'em Limit ($3/$6 USD) - 2016/07/23 16:40:23 ET
Table 'Selene' 10-max Seat #6 is the button
Seat 6: Scheubi88 ($146 in chips)
Seat 7: Fantomet ($43 in chips)
Scheubi88: posts small blind $1
Fantomet: posts big blind $3
*** HOLE CARDS ***
Scheubi88: folds
Uncalled bet ($2) returned to Fantomet
Fantomet collected $2 from pot
*** SUMMARY ***
Total pot $2 | Rake $0
Seat 6: Scheubi88 (button) (small blind) folded before Flop
Seat 7: Fantomet (big blind) collected ($2)


PokerStars Hand #156353406762:  Hold'em Limit ($3/$6 USD) - 2016/07/23 16:40:07 ET
Table 'Selene' 10-max Seat #7 is the button
Seat 6: Scheubi88 ($122.50 in chips)
Seat 7: Fantomet ($67 in chips)
Fantomet: posts small blind $1
simper11: is sitting out
Scheubi88: posts big blind $3
*** HOLE CARDS ***
Fantomet: raises $3 to $6
Scheubi88: calls $3
*** FLOP *** [Qd 7d 9s]
Scheubi88: checks
Fantomet: bets $3
Scheubi88: raises $3 to $6
Fantomet: calls $3
*** TURN *** [Qd 7d 9s] [2d]
Scheubi88: bets $6
Fantomet: calls $6
*** RIVER *** [Qd 7d 9s 2d] [8s]
Scheubi88: bets $6
Fantomet: calls $6
*** SHOW DOWN ***
Scheubi88: shows [5d 9d] (a flush, Queen high)
Fantomet: mucks hand
Scheubi88 collected $47.50 from pot
*** SUMMARY ***
Total pot $48 | Rake $0.50
Board [Qd 7d 9s 2d 8s]
Seat 6: Scheubi88 (big blind) showed [5d 9d] and won ($47.50) with a flush, Queen high
Seat 7: Fantomet (button) (small blind) mucked


