PokerStars Hand #151134890872:  Hold'em Limit ($3/$6 USD) - 2016/03/29 16:55:03 ET
Table 'Selinur II' 6-max Seat #6 is the button
Seat 1: Zubasa07 ($483 in chips)
Seat 6: ya-borzoi ($70.30 in chips)
ya-borzoi: posts small blind $1
Zubasa07: posts big blind $3
*** HOLE CARDS ***
ya-borzoi: folds
Uncalled bet ($2) returned to Zubasa07
Zubasa07 collected $2 from pot
Zubasa07: doesn't show hand
*** SUMMARY ***
Total pot $2 | Rake $0
Seat 1: Zubasa07 (big blind) collected ($2)
Seat 6: ya-borzoi (button) (small blind) folded before Flop


PokerStars Hand #151134834236:  Hold'em Limit ($3/$6 USD) - 2016/03/29 16:54:07 ET
Table 'Selinur II' 6-max Seat #1 is the button
Seat 1: Zubasa07 ($501 in chips)
Seat 6: ya-borzoi ($52.80 in chips)
Zubasa07: posts small blind $1
ya-borzoi: posts big blind $3
*** HOLE CARDS ***
Zubasa07: raises $3 to $6
ya-borzoi: raises $3 to $9
Zubasa07: calls $3
*** FLOP *** [Ks 4s 6h]
ya-borzoi: bets $3
Zubasa07: calls $3
*** TURN *** [Ks 4s 6h] [Js]
ya-borzoi: bets $6
Zubasa07: calls $6
*** RIVER *** [Ks 4s 6h Js] [8c]
ya-borzoi: bets $6
Zubasa07: folds
Uncalled bet ($6) returned to ya-borzoi
ya-borzoi collected $35.50 from pot
ya-borzoi: doesn't show hand
*** SUMMARY ***
Total pot $36 | Rake $0.50
Board [Ks 4s 6h Js 8c]
Seat 1: Zubasa07 (button) (small blind) folded on the River
Seat 6: ya-borzoi (big blind) collected ($35.50)


PokerStars Hand #151134899139:  Hold'em Limit ($3/$6 USD) - 2016/03/29 16:55:11 ET
Table 'Selinur II' 6-max Seat #1 is the button
Seat 1: Zubasa07 ($484 in chips)
Seat 6: ya-borzoi ($69.30 in chips)
Zubasa07: posts small blind $1
ya-borzoi: posts big blind $3
*** HOLE CARDS ***
Zubasa07: raises $3 to $6
ya-borzoi: calls $3
*** FLOP *** [Th 4d 7h]
BuzovaPro joins the table at seat #2
ya-borzoi: checks
Zubasa07: bets $3
ya-borzoi: calls $3
*** TURN *** [Th 4d 7h] [9c]
ya-borzoi: checks
Zubasa07: checks
*** RIVER *** [Th 4d 7h 9c] [Js]
ya-borzoi: checks
Zubasa07: checks
*** SHOW DOWN ***
ya-borzoi: shows [9h Jh] (two pair, Jacks and Nines)
Zubasa07: mucks hand
ya-borzoi collected $17.64 from pot
*** SUMMARY ***
Total pot $18 | Rake $0.36
Board [Th 4d 7h 9c Js]
Seat 1: Zubasa07 (button) (small blind) mucked
Seat 6: ya-borzoi (big blind) showed [9h Jh] and won ($17.64) with two pair, Jacks and Nines


PokerStars Hand #151134923964:  Hold'em Limit ($3/$6 USD) - 2016/03/29 16:55:42 ET
Table 'Selinur II' 6-max Seat #6 is the button
Seat 1: Zubasa07 ($475 in chips)
Seat 6: ya-borzoi ($77.94 in chips)
ya-borzoi: posts small blind $1
Zubasa07: posts big blind $3
*** HOLE CARDS ***
ya-borzoi: calls $2
Zubasa07: raises $3 to $6
ya-borzoi: calls $3
*** FLOP *** [3h Kd 2h]
Zubasa07: bets $3
masterblstr8 joins the table at seat #3
ya-borzoi: folds
Uncalled bet ($3) returned to Zubasa07
Zubasa07 collected $11.76 from pot
Zubasa07: doesn't show hand
*** SUMMARY ***
Total pot $12 | Rake $0.24
Board [3h Kd 2h]
Seat 1: Zubasa07 (big blind) collected ($11.76)
Seat 6: ya-borzoi (button) (small blind) folded on the Flop


PokerStars Hand #151135052041:  Hold'em Limit ($3/$6 USD) - 2016/03/29 16:58:27 ET
Table 'Selinur II' 6-max Seat #4 is the button
Seat 2: BuzovaPro ($81.43 in chips)
Seat 4: vovojc ($27 in chips)
vovojc: posts small blind $1
BuzovaPro: posts big blind $3
*** HOLE CARDS ***
vovojc: raises $3 to $6
BuzovaPro: calls $3
*** FLOP *** [4s 9h 6h]
BuzovaPro: checks
vovojc: checks
*** TURN *** [4s 9h 6h] [2h]
BuzovaPro: bets $6
vovojc: folds
Uncalled bet ($6) returned to BuzovaPro
BuzovaPro collected $11.76 from pot
BuzovaPro: doesn't show hand
*** SUMMARY ***
Total pot $12 | Rake $0.24
Board [4s 9h 6h 2h]
Seat 2: BuzovaPro (big blind) collected ($11.76)
Seat 4: vovojc (button) (small blind) folded on the Turn


PokerStars Hand #151135096865:  Hold'em Limit ($3/$6 USD) - 2016/03/29 16:59:24 ET
Table 'Selinur II' 6-max Seat #4 is the button
Seat 2: BuzovaPro ($78.19 in chips)
Seat 4: vovojc ($29.64 in chips)
vovojc: posts small blind $1
BuzovaPro: posts big blind $3
*** HOLE CARDS ***
vovojc: calls $2
BuzovaPro: raises $3 to $6
Zubasa07 leaves the table
vovojc: calls $3
*** FLOP *** [9d 8h 8c]
BuzovaPro: bets $3
vovojc: folds
Uncalled bet ($3) returned to BuzovaPro
BuzovaPro collected $11.76 from pot
BuzovaPro: doesn't show hand
*** SUMMARY ***
Total pot $12 | Rake $0.24
Board [9d 8h 8c]
Seat 2: BuzovaPro (big blind) collected ($11.76)
Seat 4: vovojc (button) (small blind) folded on the Flop


PokerStars Hand #151135072981:  Hold'em Limit ($3/$6 USD) - 2016/03/29 16:58:53 ET
Table 'Selinur II' 6-max Seat #2 is the button
Seat 2: BuzovaPro ($87.19 in chips)
Seat 4: vovojc ($21 in chips)
BuzovaPro: posts small blind $1
vovojc: posts big blind $3
*** HOLE CARDS ***
BuzovaPro: raises $3 to $6
vovojc: calls $3
*** FLOP *** [Th 5h 2s]
vovojc: checks
BuzovaPro: bets $3
vovojc: calls $3
*** TURN *** [Th 5h 2s] [6h]
vovojc: checks
BuzovaPro: checks
*** RIVER *** [Th 5h 2s 6h] [Jc]
vovojc: checks
BuzovaPro: checks
*** SHOW DOWN ***
vovojc: shows [2c 4c] (a pair of Deuces)
BuzovaPro: mucks hand
vovojc collected $17.64 from pot
*** SUMMARY ***
Total pot $18 | Rake $0.36
Board [Th 5h 2s 6h Jc]
Seat 2: BuzovaPro (button) (small blind) mucked
Seat 4: vovojc (big blind) showed [2c 4c] and won ($17.64) with a pair of Deuces


PokerStars Hand #151135146427:  Hold'em Limit ($3/$6 USD) - 2016/03/29 17:00:27 ET
Table 'Selinur II' 6-max Seat #2 is the button
Seat 2: BuzovaPro ($73 in chips)
Seat 4: vovojc ($40.14 in chips)
BuzovaPro: posts small blind $1
vovojc: posts big blind $3
*** HOLE CARDS ***
BuzovaPro: raises $3 to $6
AzureCaper joins the table at seat #5
vovojc: folds
Uncalled bet ($3) returned to BuzovaPro
BuzovaPro collected $6 from pot
BuzovaPro: doesn't show hand
*** SUMMARY ***
Total pot $6 | Rake $0
Seat 2: BuzovaPro (button) (small blind) collected ($6)
Seat 4: vovojc (big blind) folded before Flop


PokerStars Hand #151135140595:  Hold'em Limit ($3/$6 USD) - 2016/03/29 17:00:19 ET
Table 'Selinur II' 6-max Seat #4 is the button
Seat 2: BuzovaPro ($72 in chips)
Seat 4: vovojc ($41.14 in chips)
vovojc: posts small blind $1
BuzovaPro: posts big blind $3
*** HOLE CARDS ***
vovojc: folds
Uncalled bet ($2) returned to BuzovaPro
BuzovaPro collected $2 from pot
BuzovaPro: doesn't show hand
*** SUMMARY ***
Total pot $2 | Rake $0
Seat 2: BuzovaPro (big blind) collected ($2)
Seat 4: vovojc (button) (small blind) folded before Flop


PokerStars Hand #151135112256:  Hold'em Limit ($3/$6 USD) - 2016/03/29 16:59:44 ET
Table 'Selinur II' 6-max Seat #2 is the button
Seat 2: BuzovaPro ($83.95 in chips)
Seat 4: vovojc ($23.64 in chips)
BuzovaPro: posts small blind $1
vovojc: posts big blind $3
*** HOLE CARDS ***
BuzovaPro: raises $3 to $6
vovojc: calls $3
*** FLOP *** [Ac 6c 8c]
vovojc: checks
BuzovaPro: bets $3
vovojc: raises $3 to $6
BuzovaPro: calls $3
*** TURN *** [Ac 6c 8c] [9s]
vovojc: bets $6
BuzovaPro: calls $6
*** RIVER *** [Ac 6c 8c 9s] [As]
vovojc: bets $5.64 and is all-in
BuzovaPro: folds
Uncalled bet ($5.64) returned to vovojc
vovojc collected $35.50 from pot
*** SUMMARY ***
Total pot $36 | Rake $0.50
Board [Ac 6c 8c 9s As]
Seat 2: BuzovaPro (button) (small blind) folded on the River
Seat 4: vovojc (big blind) collected ($35.50)


PokerStars Hand #151135424106:  Hold'em Limit ($3/$6 USD) - 2016/03/29 17:05:19 ET
Table 'Selinur II' 6-max Seat #2 is the button
Seat 2: BuzovaPro ($73 in chips)
Seat 6: N.BlackRaven ($28 in chips)
BuzovaPro: posts small blind $1
N.BlackRaven: posts big blind $3
*** HOLE CARDS ***
BuzovaPro: raises $3 to $6
N.BlackRaven: folds
Uncalled bet ($3) returned to BuzovaPro
BuzovaPro collected $6 from pot
BuzovaPro: doesn't show hand
*** SUMMARY ***
Total pot $6 | Rake $0
Seat 2: BuzovaPro (button) (small blind) collected ($6)
Seat 6: N.BlackRaven (big blind) folded before Flop


PokerStars Hand #151136880976:  Hold'em Limit ($3/$6 USD) - 2016/03/29 17:29:51 ET
Table 'Selinur II' 6-max Seat #5 is the button
Seat 4: MissEKAmouse ($121.42 in chips)
Seat 5: GlamDragon ($232.39 in chips)
GlamDragon: posts small blind $1
masterblstr8: is sitting out
Necromadx: is sitting out
MissEKAmouse: posts big blind $3
*** HOLE CARDS ***
Necromadx leaves the table
GlamDragon: folds
Uncalled bet ($2) returned to MissEKAmouse
masterblstr8 leaves the table
MissEKAmouse collected $2 from pot
MissEKAmouse: doesn't show hand
*** SUMMARY ***
Total pot $2 | Rake $0
Seat 4: MissEKAmouse (big blind) collected ($2)
Seat 5: GlamDragon (button) (small blind) folded before Flop


