PokerStars Hand #145729782175:  Hold'em Limit ($3/$6 USD) - 2015/12/22 5:31:31 ET
Table 'Selinur' 6-max Seat #2 is the button
Seat 1: VolkovDmitri ($125.76 in chips)
Seat 2: Hywong ($24 in chips)
Hywong: posts small blind $1
VolkovDmitri: posts big blind $3
*** HOLE CARDS ***
Hywong: raises $3 to $6
VolkovDmitri: calls $3
*** FLOP *** [8s 5h 4h]
VolkovDmitri: checks
Hywong: bets $3
VolkovDmitri: raises $3 to $6
Hywong: calls $3
*** TURN *** [8s 5h 4h] [Qc]
VolkovDmitri: bets $6
Hywong: calls $6
*** RIVER *** [8s 5h 4h Qc] [8d]
VolkovDmitri: bets $6
Hywong: calls $6 and is all-in
*** SHOW DOWN ***
VolkovDmitri: shows [6h 7d] (a straight, Four to Eight)
Hywong: shows [As 4c] (two pair, Eights and Fours)
VolkovDmitri collected $47.50 from pot
*** SUMMARY ***
Total pot $48 | Rake $0.50
Board [8s 5h 4h Qc 8d]
Seat 1: VolkovDmitri (big blind) showed [6h 7d] and won ($47.50) with a straight, Four to Eight
Seat 2: Hywong (button) (small blind) showed [As 4c] and lost with two pair, Eights and Fours


PokerStars Hand #145729771719:  Hold'em Limit ($3/$6 USD) - 2015/12/22 5:31:09 ET
Table 'Selinur' 6-max Seat #1 is the button
Seat 1: VolkovDmitri ($120 in chips)
Seat 2: Hywong ($30 in chips)
VolkovDmitri: posts small blind $1
Hywong: posts big blind $3
*** HOLE CARDS ***
VolkovDmitri: raises $3 to $6
Hywong: calls $3
*** FLOP *** [Jh 2d Kd]
Hywong: checks
VolkovDmitri: bets $3
Hywong: folds
Uncalled bet ($3) returned to VolkovDmitri
VolkovDmitri collected $11.76 from pot
VolkovDmitri: doesn't show hand
*** SUMMARY ***
Total pot $12 | Rake $0.24
Board [Jh 2d Kd]
Seat 1: VolkovDmitri (button) (small blind) collected ($11.76)
Seat 2: Hywong (big blind) folded on the Flop


PokerStars Hand #145730065668:  Hold'em Limit ($3/$6 USD) - 2015/12/22 5:41:35 ET
Table 'Selinur' 6-max Seat #4 is the button
Seat 1: VolkovDmitri ($172.76 in chips)
Seat 4: Yuppy13 ($76 in chips)
Yuppy13: posts small blind $1
VolkovDmitri: posts big blind $3
*** HOLE CARDS ***
Yuppy13: raises $3 to $6
VolkovDmitri: raises $3 to $9
Yuppy13: raises $3 to $12
Betting is capped
VolkovDmitri: calls $3
*** FLOP *** [7s Th 8c]
VolkovDmitri: checks
Yuppy13: bets $3
VolkovDmitri: calls $3
*** TURN *** [7s Th 8c] [7d]
VolkovDmitri: checks
Yuppy13: bets $6
VolkovDmitri: calls $6
*** RIVER *** [7s Th 8c 7d] [Qs]
VolkovDmitri: bets $6
Yuppy13: calls $6
*** SHOW DOWN ***
VolkovDmitri: shows [Qd Jd] (two pair, Queens and Sevens)
Yuppy13: mucks hand
VolkovDmitri collected $53.50 from pot
*** SUMMARY ***
Total pot $54 | Rake $0.50
Board [7s Th 8c 7d Qs]
Seat 1: VolkovDmitri (big blind) showed [Qd Jd] and won ($53.50) with two pair, Queens and Sevens
Seat 4: Yuppy13 (button) (small blind) mucked


PokerStars Hand #145730094821:  Hold'em Limit ($3/$6 USD) - 2015/12/22 5:42:37 ET
Table 'Selinur' 6-max Seat #4 is the button
Seat 1: VolkovDmitri ($231.76 in chips)
Seat 4: Yuppy13 ($16 in chips)
Yuppy13: posts small blind $1
VolkovDmitri: posts big blind $3
*** HOLE CARDS ***
Yuppy13: folds
Uncalled bet ($2) returned to VolkovDmitri
VolkovDmitri collected $2 from pot
VolkovDmitri: doesn't show hand
*** SUMMARY ***
Total pot $2 | Rake $0
Seat 1: VolkovDmitri (big blind) collected ($2)
Seat 4: Yuppy13 (button) (small blind) folded before Flop


PokerStars Hand #145730082038:  Hold'em Limit ($3/$6 USD) - 2015/12/22 5:42:10 ET
Table 'Selinur' 6-max Seat #1 is the button
Seat 1: VolkovDmitri ($199.26 in chips)
Seat 4: Yuppy13 ($49 in chips)
VolkovDmitri: posts small blind $1
Yuppy13: posts big blind $3
*** HOLE CARDS ***
VolkovDmitri: raises $3 to $6
Yuppy13: raises $3 to $9
VolkovDmitri: raises $3 to $12
Betting is capped
Yuppy13: calls $3
*** FLOP *** [4s 4h 2d]
Yuppy13: bets $3
VolkovDmitri: calls $3
*** TURN *** [4s 4h 2d] [Qc]
Yuppy13: bets $6
VolkovDmitri: raises $6 to $12
Yuppy13: calls $6
*** RIVER *** [4s 4h 2d Qc] [2s]
Yuppy13: checks
VolkovDmitri: bets $6
Yuppy13: calls $6
*** SHOW DOWN ***
VolkovDmitri: shows [Kc Kd] (two pair, Kings and Fours)
Yuppy13: mucks hand
VolkovDmitri collected $65.50 from pot
*** SUMMARY ***
Total pot $66 | Rake $0.50
Board [4s 4h 2d Qc 2s]
Seat 1: VolkovDmitri (button) (small blind) showed [Kc Kd] and won ($65.50) with two pair, Kings and Fours
Seat 4: Yuppy13 (big blind) mucked


PokerStars Hand #145730706350:  Hold'em Limit ($3/$6 USD) - 2015/12/22 6:04:35 ET
Table 'Selinur' 6-max Seat #1 is the button
Seat 1: VolkovDmitri ($265.98 in chips)
Seat 6: biemea ($114.44 in chips)
VolkovDmitri: posts small blind $1
biemea: posts big blind $3
*** HOLE CARDS ***
VolkovDmitri: folds
Uncalled bet ($2) returned to biemea
biemea collected $2 from pot
biemea: doesn't show hand
*** SUMMARY ***
Total pot $2 | Rake $0
Seat 1: VolkovDmitri (button) (small blind) folded before Flop
Seat 6: biemea (big blind) collected ($2)


PokerStars Hand #145730703341:  Hold'em Limit ($3/$6 USD) - 2015/12/22 6:04:29 ET
Table 'Selinur' 6-max Seat #6 is the button
Seat 1: VolkovDmitri ($264.98 in chips)
Seat 6: biemea ($115.44 in chips)
biemea: posts small blind $1
VolkovDmitri: posts big blind $3
*** HOLE CARDS ***
biemea: folds
Uncalled bet ($2) returned to VolkovDmitri
VolkovDmitri collected $2 from pot
VolkovDmitri: doesn't show hand
*** SUMMARY ***
Total pot $2 | Rake $0
Seat 1: VolkovDmitri (big blind) collected ($2)
Seat 6: biemea (button) (small blind) folded before Flop


PokerStars Hand #145730709096:  Hold'em Limit ($3/$6 USD) - 2015/12/22 6:04:40 ET
Table 'Selinur' 6-max Seat #6 is the button
Seat 1: VolkovDmitri ($264.98 in chips)
Seat 6: biemea ($115.44 in chips)
biemea: posts small blind $1
VolkovDmitri: posts big blind $3
*** HOLE CARDS ***
biemea: calls $2
VolkovDmitri: raises $3 to $6
biemea: calls $3
*** FLOP *** [Qh 6c Kd]
VolkovDmitri: bets $3
alingi77 leaves the table
biemea: folds
Uncalled bet ($3) returned to VolkovDmitri
VolkovDmitri collected $11.76 from pot
VolkovDmitri: doesn't show hand
*** SUMMARY ***
Total pot $12 | Rake $0.24
Board [Qh 6c Kd]
Seat 1: VolkovDmitri (big blind) collected ($11.76)
Seat 6: biemea (button) (small blind) folded on the Flop


