PokerStars Hand #155748345938:  Hold'em Limit ($3/$6 USD) - 2016/07/09 8:00:04 ET
Table 'Selinur' 6-max Seat #1 is the button
Seat 1: _fayzulllo_ ($72 in chips)
Seat 4: VolkovDmitri ($120 in chips)
_fayzulllo_: posts small blind $1
VolkovDmitri: posts big blind $3
*** HOLE CARDS ***
_fayzulllo_: raises $3 to $6
VolkovDmitri: folds
Uncalled bet ($3) returned to _fayzulllo_
_fayzulllo_ collected $6 from pot
_fayzulllo_: doesn't show hand
*** SUMMARY ***
Total pot $6 | Rake $0
Seat 1: _fayzulllo_ (button) (small blind) collected ($6)
Seat 4: VolkovDmitri (big blind) folded before Flop


PokerStars Hand #155748365584:  Hold'em Limit ($3/$6 USD) - 2016/07/09 8:00:50 ET
Table 'Selinur' 6-max Seat #1 is the button
Seat 1: _fayzulllo_ ($83.64 in chips)
Seat 4: VolkovDmitri ($120 in chips)
_fayzulllo_: posts small blind $1
VolkovDmitri: posts big blind $3
*** HOLE CARDS ***
_fayzulllo_: folds
Uncalled bet ($2) returned to VolkovDmitri
VolkovDmitri collected $2 from pot
VolkovDmitri: doesn't show hand
*** SUMMARY ***
Total pot $2 | Rake $0
Seat 1: _fayzulllo_ (button) (small blind) folded before Flop
Seat 4: VolkovDmitri (big blind) collected ($2)


PokerStars Hand #155748352013:  Hold'em Limit ($3/$6 USD) - 2016/07/09 8:00:18 ET
Table 'Selinur' 6-max Seat #4 is the button
Seat 1: _fayzulllo_ ($75 in chips)
Seat 4: VolkovDmitri ($120 in chips)
VolkovDmitri: posts small blind $1
_fayzulllo_: posts big blind $3
*** HOLE CARDS ***
VolkovDmitri: raises $3 to $6
_fayzulllo_: calls $3
*** FLOP *** [2s Qh 9h]
haydy142 joins the table at seat #5
_fayzulllo_: checks
VolkovDmitri: bets $3
_fayzulllo_: calls $3
*** TURN *** [2s Qh 9h] [As]
_fayzulllo_: checks
VolkovDmitri: checks
*** RIVER *** [2s Qh 9h As] [Ah]
_fayzulllo_: bets $6
VolkovDmitri: folds
Uncalled bet ($6) returned to _fayzulllo_
_fayzulllo_ collected $17.64 from pot
_fayzulllo_: doesn't show hand
*** SUMMARY ***
Total pot $18 | Rake $0.36
Board [2s Qh 9h As Ah]
Seat 1: _fayzulllo_ (big blind) collected ($17.64)
Seat 4: VolkovDmitri (button) (small blind) folded on the River


PokerStars Hand #155748580293:  Hold'em Limit ($3/$6 USD) - 2016/07/09 8:08:08 ET
Table 'Selinur' 6-max Seat #4 is the button
Seat 3: Tivsy ($162.69 in chips)
Seat 4: VolkovDmitri ($148.15 in chips)
VolkovDmitri: posts small blind $1
Tivsy: posts big blind $3
*** HOLE CARDS ***
VolkovDmitri: raises $3 to $6
Tivsy: folds
Uncalled bet ($3) returned to VolkovDmitri
VolkovDmitri collected $6 from pot
VolkovDmitri: doesn't show hand
*** SUMMARY ***
Total pot $6 | Rake $0
Seat 3: Tivsy (big blind) folded before Flop
Seat 4: VolkovDmitri (button) (small blind) collected ($6)


PokerStars Hand #155748584745:  Hold'em Limit ($3/$6 USD) - 2016/07/09 8:08:18 ET
Table 'Selinur' 6-max Seat #3 is the button
Seat 3: Tivsy ($159.69 in chips)
Seat 4: VolkovDmitri ($151.15 in chips)
Tivsy: posts small blind $1
VolkovDmitri: posts big blind $3
*** HOLE CARDS ***
Tivsy: calls $2
VolkovDmitri: raises $3 to $6
Tivsy: calls $3
*** FLOP *** [7d 6h Tc]
VolkovDmitri: bets $3
Tivsy: calls $3
*** TURN *** [7d 6h Tc] [4c]
VolkovDmitri: bets $6
Tivsy: raises $6 to $12
Grieserix joins the table at seat #6
VolkovDmitri: calls $6
*** RIVER *** [7d 6h Tc 4c] [Js]
VolkovDmitri: checks
Tivsy: bets $6
VolkovDmitri: calls $6
*** SHOW DOWN ***
Tivsy: shows [8c 2c] (high card Jack)
VolkovDmitri: shows [Th 8d] (a pair of Tens)
VolkovDmitri collected $53.50 from pot
*** SUMMARY ***
Total pot $54 | Rake $0.50
Board [7d 6h Tc 4c Js]
Seat 3: Tivsy (button) (small blind) showed [8c 2c] and lost with high card Jack
Seat 4: VolkovDmitri (big blind) showed [Th 8d] and won ($53.50) with a pair of Tens


PokerStars Hand #155748641678:  Hold'em Limit ($3/$6 USD) - 2016/07/09 8:10:17 ET
Table 'Selinur' 6-max Seat #4 is the button
Seat 3: Tivsy ($147.61 in chips)
Seat 4: VolkovDmitri ($149.65 in chips)
VolkovDmitri: posts small blind $1
Tivsy: posts big blind $3
*** HOLE CARDS ***
VolkovDmitri: raises $3 to $6
Tivsy: calls $3
*** FLOP *** [Td 7s 2h]
Tivsy: checks
VolkovDmitri: bets $3
Tivsy: folds
Uncalled bet ($3) returned to VolkovDmitri
VolkovDmitri collected $11.76 from pot
VolkovDmitri: doesn't show hand
*** SUMMARY ***
Total pot $12 | Rake $0.24
Board [Td 7s 2h]
Seat 3: Tivsy (big blind) folded on the Flop
Seat 4: VolkovDmitri (button) (small blind) collected ($11.76)


PokerStars Hand #155748636705:  Hold'em Limit ($3/$6 USD) - 2016/07/09 8:10:07 ET
Table 'Selinur' 6-max Seat #3 is the button
Seat 3: Tivsy ($148.61 in chips)
Seat 4: VolkovDmitri ($148.65 in chips)
Tivsy: posts small blind $1
VolkovDmitri: posts big blind $3
*** HOLE CARDS ***
Tivsy: folds
Uncalled bet ($2) returned to VolkovDmitri
VolkovDmitri collected $2 from pot
VolkovDmitri: doesn't show hand
*** SUMMARY ***
Total pot $2 | Rake $0
Seat 3: Tivsy (button) (small blind) folded before Flop
Seat 4: VolkovDmitri (big blind) collected ($2)


PokerStars Hand #155748634303:  Hold'em Limit ($3/$6 USD) - 2016/07/09 8:10:02 ET
Table 'Selinur' 6-max Seat #4 is the button
Seat 3: Tivsy ($147.61 in chips)
Seat 4: VolkovDmitri ($149.65 in chips)
VolkovDmitri: posts small blind $1
Tivsy: posts big blind $3
*** HOLE CARDS ***
VolkovDmitri: folds
Uncalled bet ($2) returned to Tivsy
Tivsy collected $2 from pot
Tivsy: doesn't show hand
*** SUMMARY ***
Total pot $2 | Rake $0
Seat 3: Tivsy (big blind) collected ($2)
Seat 4: VolkovDmitri (button) (small blind) folded before Flop


PokerStars Hand #155748671977:  Hold'em Limit ($3/$6 USD) - 2016/07/09 8:11:20 ET
Table 'Selinur' 6-max Seat #3 is the button
Seat 3: Tivsy ($150.13 in chips)
Seat 4: VolkovDmitri ($146.41 in chips)
Tivsy: posts small blind $1
VolkovDmitri: posts big blind $3
*** HOLE CARDS ***
Tivsy: folds
Uncalled bet ($2) returned to VolkovDmitri
VolkovDmitri collected $2 from pot
VolkovDmitri: doesn't show hand
*** SUMMARY ***
Total pot $2 | Rake $0
Seat 3: Tivsy (button) (small blind) folded before Flop
Seat 4: VolkovDmitri (big blind) collected ($2)


PokerStars Hand #155748667556:  Hold'em Limit ($3/$6 USD) - 2016/07/09 8:11:11 ET
Table 'Selinur' 6-max Seat #4 is the button
Seat 3: Tivsy ($153.13 in chips)
Seat 4: VolkovDmitri ($143.41 in chips)
VolkovDmitri: posts small blind $1
Tivsy: posts big blind $3
*** HOLE CARDS ***
VolkovDmitri: raises $3 to $6
Tivsy: folds
Uncalled bet ($3) returned to VolkovDmitri
VolkovDmitri collected $6 from pot
VolkovDmitri: doesn't show hand
*** SUMMARY ***
Total pot $6 | Rake $0
Seat 3: Tivsy (big blind) folded before Flop
Seat 4: VolkovDmitri (button) (small blind) collected ($6)


PokerStars Hand #155748664214:  Hold'em Limit ($3/$6 USD) - 2016/07/09 8:11:04 ET
Table 'Selinur' 6-max Seat #3 is the button
Seat 3: Tivsy ($150.13 in chips)
Seat 4: VolkovDmitri ($146.41 in chips)
Tivsy: posts small blind $1
VolkovDmitri: posts big blind $3
*** HOLE CARDS ***
Tivsy: raises $3 to $6
VolkovDmitri: folds
Uncalled bet ($3) returned to Tivsy
Tivsy collected $6 from pot
Tivsy: doesn't show hand
*** SUMMARY ***
Total pot $6 | Rake $0
Seat 3: Tivsy (button) (small blind) collected ($6)
Seat 4: VolkovDmitri (big blind) folded before Flop


PokerStars Hand #155748661674:  Hold'em Limit ($3/$6 USD) - 2016/07/09 8:10:58 ET
Table 'Selinur' 6-max Seat #4 is the button
Seat 3: Tivsy ($153.13 in chips)
Seat 4: VolkovDmitri ($143.41 in chips)
VolkovDmitri: posts small blind $1
Tivsy: posts big blind $3
*** HOLE CARDS ***
VolkovDmitri: raises $3 to $6
Tivsy: folds
Uncalled bet ($3) returned to VolkovDmitri
VolkovDmitri collected $6 from pot
VolkovDmitri: doesn't show hand
*** SUMMARY ***
Total pot $6 | Rake $0
Seat 3: Tivsy (big blind) folded before Flop
Seat 4: VolkovDmitri (button) (small blind) collected ($6)


PokerStars Hand #155748649527:  Hold'em Limit ($3/$6 USD) - 2016/07/09 8:10:33 ET
Table 'Selinur' 6-max Seat #3 is the button
Seat 3: Tivsy ($141.61 in chips)
Seat 4: VolkovDmitri ($155.41 in chips)
Tivsy: posts small blind $1
VolkovDmitri: posts big blind $3
*** HOLE CARDS ***
Tivsy: raises $3 to $6
VolkovDmitri: raises $3 to $9
Tivsy: calls $3
*** FLOP *** [6c 6h Ac]
VolkovDmitri: bets $3
Tivsy: calls $3
*** TURN *** [6c 6h Ac] [3d]
VolkovDmitri: checks
Tivsy: bets $6
VolkovDmitri: folds
Uncalled bet ($6) returned to Tivsy
Tivsy collected $23.52 from pot
Tivsy: doesn't show hand
*** SUMMARY ***
Total pot $24 | Rake $0.48
Board [6c 6h Ac 3d]
Seat 3: Tivsy (button) (small blind) collected ($23.52)
Seat 4: VolkovDmitri (big blind) folded on the Turn


PokerStars Hand #155748685334:  Hold'em Limit ($3/$6 USD) - 2016/07/09 8:11:48 ET
Table 'Selinur' 6-max Seat #3 is the button
Seat 3: Tivsy ($143.13 in chips)
Seat 4: VolkovDmitri ($153.17 in chips)
Tivsy: posts small blind $1
VolkovDmitri: posts big blind $3
*** HOLE CARDS ***
Tivsy: raises $3 to $6
VolkovDmitri: raises $3 to $9
Tivsy: raises $3 to $12
Betting is capped
VolkovDmitri: calls $3
*** FLOP *** [2h 4s Ks]
VolkovDmitri: checks
Tivsy: bets $3
VolkovDmitri: folds
Uncalled bet ($3) returned to Tivsy
Tivsy collected $23.52 from pot
Tivsy: doesn't show hand
*** SUMMARY ***
Total pot $24 | Rake $0.48
Board [2h 4s Ks]
Seat 3: Tivsy (button) (small blind) collected ($23.52)
Seat 4: VolkovDmitri (big blind) folded on the Flop


PokerStars Hand #155748675990:  Hold'em Limit ($3/$6 USD) - 2016/07/09 8:11:28 ET
Table 'Selinur' 6-max Seat #4 is the button
Seat 3: Tivsy ($149.13 in chips)
Seat 4: VolkovDmitri ($147.41 in chips)
VolkovDmitri: posts small blind $1
Tivsy: posts big blind $3
*** HOLE CARDS ***
VolkovDmitri: raises $3 to $6
Tivsy: calls $3
*** FLOP *** [Qd Qs Jd]
Tivsy: checks
VolkovDmitri: bets $3
Tivsy: folds
Uncalled bet ($3) returned to VolkovDmitri
VolkovDmitri collected $11.76 from pot
VolkovDmitri: doesn't show hand
*** SUMMARY ***
Total pot $12 | Rake $0.24
Board [Qd Qs Jd]
Seat 3: Tivsy (big blind) folded on the Flop
Seat 4: VolkovDmitri (button) (small blind) collected ($11.76)


PokerStars Hand #155748723272:  Hold'em Limit ($3/$6 USD) - 2016/07/09 8:13:07 ET
Table 'Selinur' 6-max Seat #3 is the button
Seat 3: Tivsy ($155.65 in chips)
Seat 5: haydy142 ($117.31 in chips)
Tivsy: posts small blind $1
haydy142: posts big blind $3
*** HOLE CARDS ***
Tivsy: raises $3 to $6
haydy142: folds
Uncalled bet ($3) returned to Tivsy
Tivsy collected $6 from pot
Tivsy: doesn't show hand
*** SUMMARY ***
Total pot $6 | Rake $0
Seat 3: Tivsy (button) (small blind) collected ($6)
Seat 5: haydy142 (big blind) folded before Flop


PokerStars Hand #155748721161:  Hold'em Limit ($3/$6 USD) - 2016/07/09 8:13:03 ET
Table 'Selinur' 6-max Seat #5 is the button
Seat 3: Tivsy ($154.65 in chips)
Seat 5: haydy142 ($118.31 in chips)
haydy142: posts small blind $1
Tivsy: posts big blind $3
*** HOLE CARDS ***
haydy142: folds
Uncalled bet ($2) returned to Tivsy
Tivsy collected $2 from pot
VolkovDmitri leaves the table
Tivsy: doesn't show hand
*** SUMMARY ***
Total pot $2 | Rake $0
Seat 3: Tivsy (big blind) collected ($2)
Seat 5: haydy142 (button) (small blind) folded before Flop


