PokerStars Hand #155909969378:  Hold'em Limit ($3/$6 USD) - 2016/07/13 4:55:21 ET
Table 'Selinur' 6-max Seat #2 is the button
Seat 2: Bucs9397 ($129.91 in chips)
Seat 4: kolaz03 ($234.96 in chips)
iskambil will be allowed to play after the button
Bucs9397: posts small blind $1
Hi Im Alexey: is sitting out
kolaz03: posts big blind $3
*** HOLE CARDS ***
Bucs9397: folds
Uncalled bet ($2) returned to kolaz03
_fayzulllo_ leaves the table
kolaz03 collected $2 from pot
kolaz03: doesn't show hand
*** SUMMARY ***
Total pot $2 | Rake $0
Seat 2: Bucs9397 (button) (small blind) folded before Flop
Seat 4: kolaz03 (big blind) collected ($2)


PokerStars Hand #155910088959:  Hold'em Limit ($3/$6 USD) - 2016/07/13 5:02:18 ET
Table 'Selinur' 6-max Seat #2 is the button
Seat 2: Bucs9397 ($208.29 in chips)
Seat 4: kolaz03 ($229.20 in chips)
Bucs9397: posts small blind $1
kolaz03: posts big blind $3
*** HOLE CARDS ***
Bucs9397: calls $2
Valya98 leaves the table
kolaz03: raises $3 to $6
Bucs9397: calls $3
*** FLOP *** [7d 6d Th]
kolaz03: checks
Bucs9397: bets $3
kolaz03: calls $3
*** TURN *** [7d 6d Th] [2h]
kolaz03: checks
Bucs9397: bets $6
kolaz03: calls $6
*** RIVER *** [7d 6d Th 2h] [9s]
kolaz03: checks
Bucs9397: bets $6
kolaz03: folds
Uncalled bet ($6) returned to Bucs9397
Bucs9397 collected $29.50 from pot
Bucs9397: doesn't show hand
*** SUMMARY ***
Total pot $30 | Rake $0.50
Board [7d 6d Th 2h 9s]
Seat 2: Bucs9397 (button) (small blind) collected ($29.50)
Seat 4: kolaz03 (big blind) folded on the River


PokerStars Hand #155910097026:  Hold'em Limit ($3/$6 USD) - 2016/07/13 5:02:44 ET
Table 'Selinur' 6-max Seat #4 is the button
Seat 2: Bucs9397 ($222.79 in chips)
Seat 4: kolaz03 ($214.20 in chips)
kolaz03: posts small blind $1
Bucs9397: posts big blind $3
*** HOLE CARDS ***
kolaz03: raises $3 to $6
Bucs9397: calls $3
*** FLOP *** [8c 8d 7c]
Bucs9397: checks
kolaz03: bets $3
Bucs9397: raises $3 to $6
kolaz03: calls $3
*** TURN *** [8c 8d 7c] [As]
Bucs9397: checks
kolaz03: bets $6
Bucs9397: folds
Uncalled bet ($6) returned to kolaz03
kolaz03 collected $23.52 from pot
kolaz03: doesn't show hand
*** SUMMARY ***
Total pot $24 | Rake $0.48
Board [8c 8d 7c As]
Seat 2: Bucs9397 (big blind) folded on the Turn
Seat 4: kolaz03 (button) (small blind) collected ($23.52)


