PokerStars Hand #174087277779:  Hold'em Limit ($3/$6 USD) - 2017/08/08 15:40:14 ET
Table 'Semele II' 6-max Seat #3 is the button
Seat 2: BaterZ_oO ($10.86 in chips)
Seat 3: zavarko58 ($149.08 in chips)
zavarko58: posts small blind $1
BaterZ_oO: posts big blind $3
*** HOLE CARDS ***
zavarko58: raises $3 to $6
BaterZ_oO: calls $3
*** FLOP *** [Qc 3h Ah]
BaterZ_oO: checks
zavarko58: checks
*** TURN *** [Qc 3h Ah] [3s]
BaterZ_oO: checks
zavarko58: checks
*** RIVER *** [Qc 3h Ah 3s] [5h]
BaterZ_oO: checks
zavarko58: bets $6
BaterZ_oO: folds
Uncalled bet ($6) returned to zavarko58
zavarko58 collected $11.76 from pot
zavarko58: doesn't show hand
*** SUMMARY ***
Total pot $12 | Rake $0.24
Board [Qc 3h Ah 3s 5h]
Seat 2: BaterZ_oO (big blind) folded on the River
Seat 3: zavarko58 (button) (small blind) collected ($11.76)


PokerStars Hand #174087227061:  Hold'em Limit ($3/$6 USD) - 2017/08/08 15:39:07 ET
Table 'Semele II' 6-max Seat #2 is the button
Seat 2: BaterZ_oO ($109.86 in chips)
Seat 3: zavarko58 ($51.58 in chips)
BaterZ_oO: posts small blind $1
zavarko58: posts big blind $3
*** HOLE CARDS ***
BaterZ_oO: raises $3 to $6
zavarko58: raises $3 to $9
BaterZ_oO: raises $3 to $12
Betting is capped
zavarko58: calls $3
*** FLOP *** [3d 2s Ah]
zavarko58: bets $3
BaterZ_oO: raises $3 to $6
zavarko58: raises $3 to $9
BaterZ_oO: raises $3 to $12
Betting is capped
zavarko58: calls $3
*** TURN *** [3d 2s Ah] [Jh]
zavarko58: bets $6
BaterZ_oO: calls $6
*** RIVER *** [3d 2s Ah Jh] [7s]
zavarko58: bets $6
BaterZ_oO: folds
Uncalled bet ($6) returned to zavarko58
zavarko58 collected $59.50 from pot
zavarko58: doesn't show hand
*** SUMMARY ***
Total pot $60 | Rake $0.50
Board [3d 2s Ah Jh 7s]
Seat 2: BaterZ_oO (button) (small blind) folded on the River
Seat 3: zavarko58 (big blind) collected ($59.50)


PokerStars Hand #174087267738:  Hold'em Limit ($3/$6 USD) - 2017/08/08 15:40:01 ET
Table 'Semele II' 6-max Seat #2 is the button
Seat 2: BaterZ_oO ($25.86 in chips)
Seat 3: zavarko58 ($134.58 in chips)
BaterZ_oO: posts small blind $1
zavarko58: posts big blind $3
*** HOLE CARDS ***
BaterZ_oO: raises $3 to $6
zavarko58: raises $3 to $9
BaterZ_oO: raises $3 to $12
Betting is capped
zavarko58: calls $3
*** FLOP *** [Ac 7d 4h]
zavarko58: bets $3
BaterZ_oO: calls $3
*** TURN *** [Ac 7d 4h] [Jd]
zavarko58: bets $6
BaterZ_oO: folds
Uncalled bet ($6) returned to zavarko58
zavarko58 collected $29.50 from pot
zavarko58: doesn't show hand
*** SUMMARY ***
Total pot $30 | Rake $0.50
Board [Ac 7d 4h Jd]
Seat 2: BaterZ_oO (button) (small blind) folded on the Turn
Seat 3: zavarko58 (big blind) collected ($29.50)


PokerStars Hand #174087289706:  Hold'em Limit ($3/$6 USD) - 2017/08/08 15:40:30 ET
Table 'Semele II' 6-max Seat #2 is the button
Seat 2: BaterZ_oO ($4.86 in chips)
Seat 3: zavarko58 ($154.84 in chips)
BaterZ_oO: posts small blind $1
zavarko58: posts big blind $3
*** HOLE CARDS ***
BaterZ_oO: calls $2
Psynto joins the table at seat #4
zavarko58: checks
*** FLOP *** [Ts 6c 4c]
zavarko58: checks
BaterZ_oO: checks
*** TURN *** [Ts 6c 4c] [8c]
zavarko58: checks
BaterZ_oO: bets $1.86 and is all-in
zavarko58: calls $1.86
*** RIVER *** [Ts 6c 4c 8c] [Jc]
*** SHOW DOWN ***
zavarko58: shows [5h 8s] (a pair of Eights)
BaterZ_oO: shows [7s As] (high card Ace)
zavarko58 collected $9.53 from pot
*** SUMMARY ***
Total pot $9.72 | Rake $0.19
Board [Ts 6c 4c 8c Jc]
Seat 2: BaterZ_oO (button) (small blind) showed [7s As] and lost with high card Ace
Seat 3: zavarko58 (big blind) showed [5h 8s] and won ($9.53) with a pair of Eights


