PokerStars Hand #148908196810:  Hold'em Limit ($3/$6 USD) - 2016/02/16 12:41:01 ET
Table 'Semele II' 6-max Seat #3 is the button
Seat 1: Zubasa07 ($536.67 in chips)
Seat 3: Haukland ($80.64 in chips)
Haukland: posts small blind $1
Zubasa07: posts big blind $3
*** HOLE CARDS ***
Haukland: folds
Uncalled bet ($2) returned to Zubasa07
Zubasa07 collected $2 from pot
Zubasa07: doesn't show hand
*** SUMMARY ***
Total pot $2 | Rake $0
Seat 1: Zubasa07 (big blind) collected ($2)
Seat 3: Haukland (button) (small blind) folded before Flop


PokerStars Hand #148908182597:  Hold'em Limit ($3/$6 USD) - 2016/02/16 12:40:45 ET
Table 'Semele II' 6-max Seat #1 is the button
Seat 1: Zubasa07 ($528.03 in chips)
Seat 3: Haukland ($89.64 in chips)
Zubasa07: posts small blind $1
Haukland: posts big blind $3
*** HOLE CARDS ***
Zubasa07: raises $3 to $6
Haukland: calls $3
*** FLOP *** [9s 4c Qd]
Haukland: checks
Zubasa07: bets $3
Haukland: calls $3
*** TURN *** [9s 4c Qd] [Ac]
Haukland: checks
Zubasa07: bets $6
Haukland: folds
Uncalled bet ($6) returned to Zubasa07
Zubasa07 collected $17.64 from pot
Zubasa07: doesn't show hand
*** SUMMARY ***
Total pot $18 | Rake $0.36
Board [9s 4c Qd Ac]
Seat 1: Zubasa07 (button) (small blind) collected ($17.64)
Seat 3: Haukland (big blind) folded on the Turn


PokerStars Hand #148908159318:  Hold'em Limit ($3/$6 USD) - 2016/02/16 12:40:19 ET
Table 'Semele II' 6-max Seat #3 is the button
Seat 1: Zubasa07 ($513.53 in chips)
Seat 3: Haukland ($104.64 in chips)
Haukland: posts small blind $1
Zubasa07: posts big blind $3
*** HOLE CARDS ***
Haukland: raises $3 to $6
Zubasa07: calls $3
*** FLOP *** [Th 4h 3h]
Zubasa07: checks
Haukland: bets $3
Zubasa07: calls $3
*** TURN *** [Th 4h 3h] [7d]
Zubasa07: checks
Haukland: checks
*** RIVER *** [Th 4h 3h 7d] [Qh]
Zubasa07: bets $6
Haukland: calls $6
*** SHOW DOWN ***
Zubasa07: shows [5s Ah] (a flush, Ace high)
Haukland: mucks hand
Zubasa07 collected $29.50 from pot
*** SUMMARY ***
Total pot $30 | Rake $0.50
Board [Th 4h 3h 7d Qh]
Seat 1: Zubasa07 (big blind) showed [5s Ah] and won ($29.50) with a flush, Ace high
Seat 3: Haukland (button) (small blind) mucked


PokerStars Hand #148908201417:  Hold'em Limit ($3/$6 USD) - 2016/02/16 12:41:06 ET
Table 'Semele II' 6-max Seat #1 is the button
Seat 1: Zubasa07 ($537.67 in chips)
Seat 3: Haukland ($79.64 in chips)
Zubasa07: posts small blind $1
Haukland: posts big blind $3
*** HOLE CARDS ***
Zubasa07: raises $3 to $6
Haukland: calls $3
*** FLOP *** [5d 8c 3c]
Haukland: checks
Zubasa07: bets $3
Haukland: raises $3 to $6
Zubasa07: calls $3
*** TURN *** [5d 8c 3c] [Jc]
Haukland: bets $6
Zubasa07: calls $6
*** RIVER *** [5d 8c 3c Jc] [Ks]
Haukland: bets $6
Zubasa07: calls $6
*** SHOW DOWN ***
Haukland: shows [Kc 6c] (a flush, King high)
Zubasa07: mucks hand
Haukland collected $47.50 from pot
*** SUMMARY ***
Total pot $48 | Rake $0.50
Board [5d 8c 3c Jc Ks]
Seat 1: Zubasa07 (button) (small blind) mucked
Seat 3: Haukland (big blind) showed [Kc 6c] and won ($47.50) with a flush, King high


PokerStars Hand #148908221164:  Hold'em Limit ($3/$6 USD) - 2016/02/16 12:41:27 ET
Table 'Semele II' 6-max Seat #3 is the button
Seat 1: Zubasa07 ($513.67 in chips)
Seat 3: Haukland ($103.14 in chips)
Haukland: posts small blind $1
Zubasa07: posts big blind $3
*** HOLE CARDS ***
Haukland: raises $3 to $6
Zubasa07: calls $3
*** FLOP *** [3c Ac Ts]
Zubasa07: checks
Haukland: bets $3
Zubasa07: calls $3
*** TURN *** [3c Ac Ts] [6d]
Zubasa07: checks
Haukland: bets $6
Zubasa07: calls $6
*** RIVER *** [3c Ac Ts 6d] [6c]
Zubasa07: checks
Haukland: bets $6
raccoon444 joins the table at seat #2
Zubasa07: calls $6
*** SHOW DOWN ***
Haukland: shows [Ad 2s] (two pair, Aces and Sixes)
Zubasa07: mucks hand
Haukland collected $41.50 from pot
*** SUMMARY ***
Total pot $42 | Rake $0.50
Board [3c Ac Ts 6d 6c]
Seat 1: Zubasa07 (big blind) mucked
Seat 3: Haukland (button) (small blind) showed [Ad 2s] and won ($41.50) with two pair, Aces and Sixes


