PokerStars Hand #154848962958:  Hold'em Limit ($3/$6 USD) - 2016/06/17 10:16:47 ET
Table 'Semele II' 6-max Seat #1 is the button
Seat 1: shalomrum ($9 in chips)
Seat 2: B_loJkl ($161.50 in chips)
shalomrum: posts small blind $1
B_loJkl: posts big blind $3
*** HOLE CARDS ***
shalomrum: raises $3 to $6
B_loJkl: calls $3
*** FLOP *** [Jc 5c Tc]
B_loJkl: checks
shalomrum: bets $3 and is all-in
B_loJkl: folds
Uncalled bet ($3) returned to shalomrum
shalomrum collected $11.76 from pot
shalomrum: doesn't show hand
*** SUMMARY ***
Total pot $12 | Rake $0.24
Board [Jc 5c Tc]
Seat 1: shalomrum (button) (small blind) collected ($11.76)
Seat 2: B_loJkl (big blind) folded on the Flop


PokerStars Hand #154848952339:  Hold'em Limit ($3/$6 USD) - 2016/06/17 10:16:27 ET
Table 'Semele II' 6-max Seat #2 is the button
Seat 1: shalomrum ($33 in chips)
Seat 2: B_loJkl ($138 in chips)
B_loJkl: posts small blind $1
shalomrum: posts big blind $3
*** HOLE CARDS ***
B_loJkl: raises $3 to $6
shalomrum: calls $3
*** FLOP *** [6d 2d 5s]
shalomrum: checks
B_loJkl: bets $3
shalomrum: raises $3 to $6
B_loJkl: calls $3
*** TURN *** [6d 2d 5s] [9s]
shalomrum: bets $6
B_loJkl: raises $6 to $12
shalomrum: calls $6
*** RIVER *** [6d 2d 5s 9s] [2s]
shalomrum: checks
B_loJkl: bets $6
shalomrum: folds
Uncalled bet ($6) returned to B_loJkl
B_loJkl collected $47.50 from pot
B_loJkl: doesn't show hand
*** SUMMARY ***
Total pot $48 | Rake $0.50
Board [6d 2d 5s 9s 2s]
Seat 1: shalomrum (big blind) folded on the River
Seat 2: B_loJkl (button) (small blind) collected ($47.50)


PokerStars Hand #154848947980:  Hold'em Limit ($3/$6 USD) - 2016/06/17 10:16:18 ET
Table 'Semele II' 6-max Seat #1 is the button
Seat 1: shalomrum ($30 in chips)
Seat 2: B_loJkl ($141 in chips)
shalomrum: posts small blind $1
B_loJkl: posts big blind $3
*** HOLE CARDS ***
shalomrum: raises $3 to $6
B_loJkl: folds
Uncalled bet ($3) returned to shalomrum
shalomrum collected $6 from pot
shalomrum: doesn't show hand
*** SUMMARY ***
Total pot $6 | Rake $0
Seat 1: shalomrum (button) (small blind) collected ($6)
Seat 2: B_loJkl (big blind) folded before Flop


PokerStars Hand #154848970786:  Hold'em Limit ($3/$6 USD) - 2016/06/17 10:17:02 ET
Table 'Semele II' 6-max Seat #2 is the button
Seat 1: shalomrum ($14.76 in chips)
Seat 2: B_loJkl ($155.50 in chips)
B_loJkl: posts small blind $1
shalomrum: posts big blind $3
*** HOLE CARDS ***
B_loJkl: folds
Uncalled bet ($2) returned to shalomrum
shalomrum collected $2 from pot
shalomrum: doesn't show hand
*** SUMMARY ***
Total pot $2 | Rake $0
Seat 1: shalomrum (big blind) collected ($2)
Seat 2: B_loJkl (button) (small blind) folded before Flop


PokerStars Hand #154848973905:  Hold'em Limit ($3/$6 USD) - 2016/06/17 10:17:08 ET
Table 'Semele II' 6-max Seat #1 is the button
Seat 1: shalomrum ($15.76 in chips)
Seat 2: B_loJkl ($154.50 in chips)
shalomrum: posts small blind $1
B_loJkl: posts big blind $3
*** HOLE CARDS ***
shalomrum: raises $3 to $6
B_loJkl: calls $3
*** FLOP *** [7h 5h Jh]
B_loJkl: checks
shalomrum: bets $3
B_loJkl: folds
Uncalled bet ($3) returned to shalomrum
shalomrum collected $11.76 from pot
shalomrum: doesn't show hand
*** SUMMARY ***
Total pot $12 | Rake $0.24
Board [7h 5h Jh]
Seat 1: shalomrum (button) (small blind) collected ($11.76)
Seat 2: B_loJkl (big blind) folded on the Flop


PokerStars Hand #154848980161:  Hold'em Limit ($3/$6 USD) - 2016/06/17 10:17:20 ET
Table 'Semele II' 6-max Seat #2 is the button
Seat 1: shalomrum ($21.52 in chips)
Seat 2: B_loJkl ($148.50 in chips)
B_loJkl: posts small blind $1
shalomrum: posts big blind $3
*** HOLE CARDS ***
B_loJkl: raises $3 to $6
shalomrum: folds
Uncalled bet ($3) returned to B_loJkl
B_loJkl collected $6 from pot
B_loJkl: doesn't show hand
*** SUMMARY ***
Total pot $6 | Rake $0
Seat 1: shalomrum (big blind) folded before Flop
Seat 2: B_loJkl (button) (small blind) collected ($6)


PokerStars Hand #154848986232:  Hold'em Limit ($3/$6 USD) - 2016/06/17 10:17:32 ET
Table 'Semele II' 6-max Seat #1 is the button
Seat 1: shalomrum ($18.52 in chips)
Seat 2: B_loJkl ($151.50 in chips)
shalomrum: posts small blind $1
B_loJkl: posts big blind $3
*** HOLE CARDS ***
shalomrum: raises $3 to $6
B_loJkl: calls $3
*** FLOP *** [Jc Ac 6s]
B_loJkl: checks
shalomrum: bets $3
B_loJkl: folds
Uncalled bet ($3) returned to shalomrum
shalomrum collected $11.76 from pot
shalomrum: doesn't show hand
*** SUMMARY ***
Total pot $12 | Rake $0.24
Board [Jc Ac 6s]
Seat 1: shalomrum (button) (small blind) collected ($11.76)
Seat 2: B_loJkl (big blind) folded on the Flop


PokerStars Hand #154849018260:  Hold'em Limit ($3/$6 USD) - 2016/06/17 10:18:34 ET
Table 'Semele II' 6-max Seat #1 is the button
Seat 1: shalomrum ($3.28 in chips)
Seat 2: B_loJkl ($166 in chips)
shalomrum: posts small blind $1
B_loJkl: posts big blind $3
*** HOLE CARDS ***
shalomrum: raises $0.28 to $3.28 and is all-in
B_loJkl: calls $0.28
*** FLOP *** [Ad 9d 8h]
*** TURN *** [Ad 9d 8h] [Th]
*** RIVER *** [Ad 9d 8h Th] [3s]
*** SHOW DOWN ***
B_loJkl: shows [Kh 7c] (high card Ace)
shalomrum: shows [4c 7d] (high card Ace - lower kicker)
B_loJkl collected $6.43 from pot
*** SUMMARY ***
Total pot $6.56 | Rake $0.13
Board [Ad 9d 8h Th 3s]
Seat 1: shalomrum (button) (small blind) showed [4c 7d] and lost with high card Ace
Seat 2: B_loJkl (big blind) showed [Kh 7c] and won ($6.43) with high card Ace


PokerStars Hand #154849001136:  Hold'em Limit ($3/$6 USD) - 2016/06/17 10:18:01 ET
Table 'Semele II' 6-max Seat #2 is the button
Seat 1: shalomrum ($24.28 in chips)
Seat 2: B_loJkl ($145.50 in chips)
B_loJkl: posts small blind $1
shalomrum: posts big blind $3
*** HOLE CARDS ***
B_loJkl: raises $3 to $6
shalomrum: calls $3
*** FLOP *** [9s Jh Kh]
shalomrum: checks
B_loJkl: bets $3
shalomrum: calls $3
*** TURN *** [9s Jh Kh] [5s]
shalomrum: checks
B_loJkl: bets $6
shalomrum: calls $6
*** RIVER *** [9s Jh Kh 5s] [3s]
shalomrum: checks
B_loJkl: bets $6
shalomrum: calls $6
*** SHOW DOWN ***
B_loJkl: shows [7h Kd] (a pair of Kings)
shalomrum: mucks hand
B_loJkl collected $41.50 from pot
*** SUMMARY ***
Total pot $42 | Rake $0.50
Board [9s Jh Kh 5s 3s]
Seat 1: shalomrum (big blind) mucked
Seat 2: B_loJkl (button) (small blind) showed [7h Kd] and won ($41.50) with a pair of Kings


PokerStars Hand #154849032682:  Hold'em Limit ($3/$6 USD) - 2016/06/17 10:19:02 ET
Table 'Semele II' 6-max Seat #2 is the button
Seat 1: shalomrum ($162.91 in chips)
Seat 2: B_loJkl ($169.15 in chips)
B_loJkl: posts small blind $1
shalomrum: posts big blind $3
*** HOLE CARDS ***
B_loJkl: raises $3 to $6
shalomrum: calls $3
*** FLOP *** [5s 9c Ks]
shalomrum: checks
B_loJkl: bets $3
shalomrum: calls $3
*** TURN *** [5s 9c Ks] [5c]
shalomrum: checks
B_loJkl: checks
*** RIVER *** [5s 9c Ks 5c] [Ac]
shalomrum: bets $6
B_loJkl: calls $6
*** SHOW DOWN ***
shalomrum: shows [7s 6c] (a pair of Fives)
B_loJkl: shows [Ah Qh] (two pair, Aces and Fives)
B_loJkl collected $29.50 from pot
*** SUMMARY ***
Total pot $30 | Rake $0.50
Board [5s 9c Ks 5c Ac]
Seat 1: shalomrum (big blind) showed [7s 6c] and lost with a pair of Fives
Seat 2: B_loJkl (button) (small blind) showed [Ah Qh] and won ($29.50) with two pair, Aces and Fives


PokerStars Hand #154849046482:  Hold'em Limit ($3/$6 USD) - 2016/06/17 10:19:29 ET
Table 'Semele II' 6-max Seat #2 is the button
Seat 1: shalomrum ($146.91 in chips)
Seat 2: B_loJkl ($184.65 in chips)
B_loJkl: posts small blind $1
shalomrum: posts big blind $3
*** HOLE CARDS ***
B_loJkl: raises $3 to $6
shalomrum: folds
Uncalled bet ($3) returned to B_loJkl
B_loJkl collected $6 from pot
B_loJkl: doesn't show hand
*** SUMMARY ***
Total pot $6 | Rake $0
Seat 1: shalomrum (big blind) folded before Flop
Seat 2: B_loJkl (button) (small blind) collected ($6)


PokerStars Hand #154849051528:  Hold'em Limit ($3/$6 USD) - 2016/06/17 10:19:38 ET
Table 'Semele II' 6-max Seat #1 is the button
Seat 1: shalomrum ($143.91 in chips)
Seat 2: B_loJkl ($187.65 in chips)
shalomrum: posts small blind $1
B_loJkl: posts big blind $3
*** HOLE CARDS ***
shalomrum: raises $3 to $6
B_loJkl: calls $3
*** FLOP *** [5c 4h 3d]
B_loJkl: checks
shalomrum: bets $3
B_loJkl: raises $3 to $6
shalomrum: raises $3 to $9
B_loJkl: calls $3
*** TURN *** [5c 4h 3d] [Ts]
B_loJkl: checks
shalomrum: bets $6
B_loJkl: calls $6
*** RIVER *** [5c 4h 3d Ts] [2h]
B_loJkl: bets $6
shalomrum: calls $6
*** SHOW DOWN ***
B_loJkl: shows [3c Ad] (a straight, Ace to Five)
shalomrum: mucks hand
B_loJkl collected $53.50 from pot
*** SUMMARY ***
Total pot $54 | Rake $0.50
Board [5c 4h 3d Ts 2h]
Seat 1: shalomrum (button) (small blind) mucked
Seat 2: B_loJkl (big blind) showed [3c Ad] and won ($53.50) with a straight, Ace to Five


PokerStars Hand #154849064862:  Hold'em Limit ($3/$6 USD) - 2016/06/17 10:20:04 ET
Table 'Semele II' 6-max Seat #2 is the button
Seat 1: shalomrum ($116.91 in chips)
Seat 2: B_loJkl ($214.15 in chips)
B_loJkl: posts small blind $1
shalomrum: posts big blind $3
*** HOLE CARDS ***
B_loJkl: raises $3 to $6
shalomrum: calls $3
*** FLOP *** [Jd 6c 6s]
shalomrum: checks
B_loJkl: bets $3
shalomrum: folds
Uncalled bet ($3) returned to B_loJkl
B_loJkl collected $11.76 from pot
B_loJkl: doesn't show hand
*** SUMMARY ***
Total pot $12 | Rake $0.24
Board [Jd 6c 6s]
Seat 1: shalomrum (big blind) folded on the Flop
Seat 2: B_loJkl (button) (small blind) collected ($11.76)


PokerStars Hand #154849071132:  Hold'em Limit ($3/$6 USD) - 2016/06/17 10:20:16 ET
Table 'Semele II' 6-max Seat #1 is the button
Seat 1: shalomrum ($110.91 in chips)
Seat 2: B_loJkl ($219.91 in chips)
shalomrum: posts small blind $1
B_loJkl: posts big blind $3
*** HOLE CARDS ***
shalomrum: raises $3 to $6
B_loJkl: calls $3
*** FLOP *** [9d Ks 6h]
B_loJkl: checks
shalomrum: bets $3
B_loJkl: calls $3
*** TURN *** [9d Ks 6h] [Th]
B_loJkl: checks
shalomrum: bets $6
B_loJkl: calls $6
*** RIVER *** [9d Ks 6h Th] [5s]
B_loJkl: checks
shalomrum: bets $6
B_loJkl: folds
Uncalled bet ($6) returned to shalomrum
shalomrum collected $29.50 from pot
shalomrum: doesn't show hand
*** SUMMARY ***
Total pot $30 | Rake $0.50
Board [9d Ks 6h Th 5s]
Seat 1: shalomrum (button) (small blind) collected ($29.50)
Seat 2: B_loJkl (big blind) folded on the River


