PokerStars Hand #157213620601:  Hold'em Limit ($3/$6 USD) - 2016/08/13 3:56:55 ET
Table 'Semele' 6-max Seat #3 is the button
Seat 3: Mite1981 ($457.56 in chips)
Seat 4: Agrotait ($72 in chips)
Mite1981: posts small blind $1
Agrotait: posts big blind $3
*** HOLE CARDS ***
Mite1981: raises $3 to $6
Agrotait: calls $3
*** FLOP *** [Ah 4c As]
Agrotait: checks
Mite1981: bets $3
Agrotait: folds
Uncalled bet ($3) returned to Mite1981
Mite1981 collected $11.76 from pot
Mite1981: doesn't show hand
*** SUMMARY ***
Total pot $12 | Rake $0.24
Board [Ah 4c As]
Seat 3: Mite1981 (button) (small blind) collected ($11.76)
Seat 4: Agrotait (big blind) folded on the Flop


PokerStars Hand #157213733800:  Hold'em Limit ($3/$6 USD) - 2016/08/13 4:03:50 ET
Table 'Semele' 6-max Seat #4 is the button
Seat 3: Mite1981 ($463.32 in chips)
Seat 4: Agrotait ($66 in chips)
Agrotait: posts small blind $1
Mite1981: posts big blind $3
*** HOLE CARDS ***
Agrotait: raises $3 to $6
Mite1981: calls $3
*** FLOP *** [7d 7h Tc]
Mite1981: checks
Agrotait: bets $3
Mite1981: calls $3
*** TURN *** [7d 7h Tc] [Jc]
Mite1981: bets $6
Agrotait: folds
Uncalled bet ($6) returned to Mite1981
Mite1981 collected $17.64 from pot
Mite1981: doesn't show hand
*** SUMMARY ***
Total pot $18 | Rake $0.36
Board [7d 7h Tc Jc]
Seat 3: Mite1981 (big blind) collected ($17.64)
Seat 4: Agrotait (button) (small blind) folded on the Turn


PokerStars Hand #157213745480:  Hold'em Limit ($3/$6 USD) - 2016/08/13 4:04:30 ET
Table 'Semele' 6-max Seat #3 is the button
Seat 3: Mite1981 ($471.96 in chips)
Seat 4: Agrotait ($72 in chips)
Mite1981: posts small blind $1
Agrotait: posts big blind $3
*** HOLE CARDS ***
Mite1981: folds
Uncalled bet ($2) returned to Agrotait
Agrotait collected $2 from pot
Agrotait: doesn't show hand
*** SUMMARY ***
Total pot $2 | Rake $0
Seat 3: Mite1981 (button) (small blind) folded before Flop
Seat 4: Agrotait (big blind) collected ($2)


PokerStars Hand #157213757400:  Hold'em Limit ($3/$6 USD) - 2016/08/13 4:05:11 ET
Table 'Semele' 6-max Seat #4 is the button
Seat 3: Mite1981 ($454.96 in chips)
Seat 4: Agrotait ($88.50 in chips)
Agrotait: posts small blind $1
Mite1981: posts big blind $3
*** HOLE CARDS ***
Agrotait: folds
Uncalled bet ($2) returned to Mite1981
Mite1981 collected $2 from pot
Mite1981: doesn't show hand
*** SUMMARY ***
Total pot $2 | Rake $0
Seat 3: Mite1981 (big blind) collected ($2)
Seat 4: Agrotait (button) (small blind) folded before Flop


PokerStars Hand #157213755985:  Hold'em Limit ($3/$6 USD) - 2016/08/13 4:05:06 ET
Table 'Semele' 6-max Seat #3 is the button
Seat 3: Mite1981 ($455.96 in chips)
Seat 4: Agrotait ($87.50 in chips)
Mite1981: posts small blind $1
Agrotait: posts big blind $3
*** HOLE CARDS ***
Mite1981: folds
Uncalled bet ($2) returned to Agrotait
Agrotait collected $2 from pot
Agrotait: doesn't show hand
*** SUMMARY ***
Total pot $2 | Rake $0
Seat 3: Mite1981 (button) (small blind) folded before Flop
Seat 4: Agrotait (big blind) collected ($2)


PokerStars Hand #157213750155:  Hold'em Limit ($3/$6 USD) - 2016/08/13 4:04:46 ET
Table 'Semele' 6-max Seat #4 is the button
Seat 3: Mite1981 ($470.96 in chips)
Seat 4: Agrotait ($73 in chips)
Agrotait: posts small blind $1
Mite1981: posts big blind $3
*** HOLE CARDS ***
Agrotait: raises $3 to $6
Mite1981: calls $3
*** FLOP *** [As 7c 7d]
Mite1981: checks
Agrotait: bets $3
Mite1981: calls $3
*** TURN *** [As 7c 7d] [8s]
Mite1981: checks
Agrotait: checks
*** RIVER *** [As 7c 7d 8s] [Th]
Mite1981: bets $6
Agrotait: calls $6
*** SHOW DOWN ***
Mite1981: shows [Qd 3s] (a pair of Sevens)
Agrotait: shows [9s 9h] (two pair, Nines and Sevens)
Agrotait collected $29.50 from pot
*** SUMMARY ***
Total pot $30 | Rake $0.50
Board [As 7c 7d 8s Th]
Seat 3: Mite1981 (big blind) showed [Qd 3s] and lost with a pair of Sevens
Seat 4: Agrotait (button) (small blind) showed [9s 9h] and won ($29.50) with two pair, Nines and Sevens


