PokerStars Hand #170658232156:  Hold'em Limit ($3/$6 USD) - 2017/05/20 1:14:43 ET
Table 'Semiramis' 6-max Seat #1 is the button
Seat 1: Chessnok ($104.78 in chips)
Seat 6: acemoney1988 ($128.66 in chips)
Chessnok: posts small blind $1
acemoney1988: posts big blind $3
*** HOLE CARDS ***
Chessnok: raises $3 to $6
acemoney1988: calls $3
*** FLOP *** [As 2c 3c]
acemoney1988: checks
Chessnok: bets $3
acemoney1988: folds
Uncalled bet ($3) returned to Chessnok
Chessnok collected $11.76 from pot
Chessnok: doesn't show hand
*** SUMMARY ***
Total pot $12 | Rake $0.24
Board [As 2c 3c]
Seat 1: Chessnok (button) (small blind) collected ($11.76)
Seat 6: acemoney1988 (big blind) folded on the Flop


PokerStars Hand #170658228369:  Hold'em Limit ($3/$6 USD) - 2017/05/20 1:14:30 ET
Table 'Semiramis' 6-max Seat #6 is the button
Seat 1: Chessnok ($96.14 in chips)
Seat 6: acemoney1988 ($137.66 in chips)
acemoney1988: posts small blind $1
Chessnok: posts big blind $3
*** HOLE CARDS ***
acemoney1988: calls $2
Chessnok: raises $3 to $6
acemoney1988: calls $3
*** FLOP *** [3d As Kh]
Chessnok: bets $3
acemoney1988: calls $3
*** TURN *** [3d As Kh] [5s]
Chessnok: bets $6
acemoney1988: folds
Uncalled bet ($6) returned to Chessnok
Chessnok collected $17.64 from pot
Chessnok: doesn't show hand
*** SUMMARY ***
Total pot $18 | Rake $0.36
Board [3d As Kh 5s]
Seat 1: Chessnok (big blind) collected ($17.64)
Seat 6: acemoney1988 (button) (small blind) folded on the Turn


PokerStars Hand #170658223563:  Hold'em Limit ($3/$6 USD) - 2017/05/20 1:14:14 ET
Table 'Semiramis' 6-max Seat #1 is the button
Seat 1: Chessnok ($111.14 in chips)
Seat 6: acemoney1988 ($123.16 in chips)
Chessnok: posts small blind $1
acemoney1988: posts big blind $3
*** HOLE CARDS ***
Chessnok: raises $3 to $6
acemoney1988: calls $3
*** FLOP *** [9d 6h Jh]
acemoney1988: checks
Chessnok: bets $3
acemoney1988: calls $3
*** TURN *** [9d 6h Jh] [Ts]
acemoney1988: checks
Chessnok: checks
*** RIVER *** [9d 6h Jh Ts] [2h]
acemoney1988: bets $6
Chessnok: calls $6
*** SHOW DOWN ***
acemoney1988: shows [Jc Qs] (a pair of Jacks)
Chessnok: mucks hand
acemoney1988 collected $29.50 from pot
*** SUMMARY ***
Total pot $30 | Rake $0.50
Board [9d 6h Jh Ts 2h]
Seat 1: Chessnok (button) (small blind) mucked
Seat 6: acemoney1988 (big blind) showed [Jc Qs] and won ($29.50) with a pair of Jacks


PokerStars Hand #170658246919:  Hold'em Limit ($3/$6 USD) - 2017/05/20 1:15:34 ET
Table 'Semiramis' 6-max Seat #6 is the button
Seat 1: Chessnok ($78.54 in chips)
Seat 6: acemoney1988 ($153.66 in chips)
acemoney1988: posts small blind $1
Chessnok: posts big blind $3
*** HOLE CARDS ***
acemoney1988: raises $3 to $6
Chessnok: calls $3
*** FLOP *** [Td Qs 4d]
Chessnok: checks
acemoney1988: bets $3
Chessnok: calls $3
*** TURN *** [Td Qs 4d] [2c]
Chessnok: checks
Dron21200 joins the table at seat #3
acemoney1988: bets $6
Chessnok: folds
Uncalled bet ($6) returned to acemoney1988
acemoney1988 collected $17.64 from pot
acemoney1988: doesn't show hand
*** SUMMARY ***
Total pot $18 | Rake $0.36
Board [Td Qs 4d 2c]
Seat 1: Chessnok (big blind) folded on the Turn
Seat 6: acemoney1988 (button) (small blind) collected ($17.64)


PokerStars Hand #170658234829:  Hold'em Limit ($3/$6 USD) - 2017/05/20 1:14:52 ET
Table 'Semiramis' 6-max Seat #6 is the button
Seat 1: Chessnok ($110.54 in chips)
Seat 6: acemoney1988 ($122.66 in chips)
acemoney1988: posts small blind $1
Chessnok: posts big blind $3
*** HOLE CARDS ***
acemoney1988: calls $2
Chessnok: raises $3 to $6
acemoney1988: calls $3
*** FLOP *** [5d 4h 2h]
Chessnok: bets $3
acemoney1988: calls $3
*** TURN *** [5d 4h 2h] [As]
Chessnok: bets $6
acemoney1988: calls $6
*** RIVER *** [5d 4h 2h As] [Jc]
Chessnok: checks
acemoney1988: checks
*** SHOW DOWN ***
Chessnok: shows [5c 6c] (a pair of Fives)
acemoney1988: shows [5h Kh] (a pair of Fives - Ace+King kicker)
acemoney1988 collected $29.50 from pot
*** SUMMARY ***
Total pot $30 | Rake $0.50
Board [5d 4h 2h As Jc]
Seat 1: Chessnok (big blind) showed [5c 6c] and lost with a pair of Fives
Seat 6: acemoney1988 (button) (small blind) showed [5h Kh] and won ($29.50) with a pair of Fives


PokerStars Hand #170658245424:  Hold'em Limit ($3/$6 USD) - 2017/05/20 1:15:29 ET
Table 'Semiramis' 6-max Seat #1 is the button
Seat 1: Chessnok ($75.54 in chips)
Seat 6: acemoney1988 ($156.66 in chips)
Chessnok: posts small blind $1
acemoney1988: posts big blind $3
*** HOLE CARDS ***
Chessnok: raises $3 to $6
acemoney1988: folds
Uncalled bet ($3) returned to Chessnok
Chessnok collected $6 from pot
Chessnok: doesn't show hand
*** SUMMARY ***
Total pot $6 | Rake $0
Seat 1: Chessnok (button) (small blind) collected ($6)
Seat 6: acemoney1988 (big blind) folded before Flop


PokerStars Hand #170658243976:  Hold'em Limit ($3/$6 USD) - 2017/05/20 1:15:24 ET
Table 'Semiramis' 6-max Seat #6 is the button
Seat 1: Chessnok ($74.54 in chips)
Seat 6: acemoney1988 ($157.66 in chips)
acemoney1988: posts small blind $1
Chessnok: posts big blind $3
*** HOLE CARDS ***
acemoney1988: folds
Uncalled bet ($2) returned to Chessnok
Chessnok collected $2 from pot
Chessnok: doesn't show hand
*** SUMMARY ***
Total pot $2 | Rake $0
Seat 1: Chessnok (big blind) collected ($2)
Seat 6: acemoney1988 (button) (small blind) folded before Flop


PokerStars Hand #170658239111:  Hold'em Limit ($3/$6 USD) - 2017/05/20 1:15:07 ET
Table 'Semiramis' 6-max Seat #1 is the button
Seat 1: Chessnok ($95.54 in chips)
Seat 6: acemoney1988 ($137.16 in chips)
Chessnok: posts small blind $1
acemoney1988: posts big blind $3
*** HOLE CARDS ***
Chessnok: raises $3 to $6
acemoney1988: calls $3
*** FLOP *** [Qc Ah 5c]
acemoney1988: checks
Chessnok: bets $3
acemoney1988: calls $3
*** TURN *** [Qc Ah 5c] [4h]
acemoney1988: bets $6
Chessnok: calls $6
*** RIVER *** [Qc Ah 5c 4h] [As]
acemoney1988: bets $6
Chessnok: calls $6
*** SHOW DOWN ***
acemoney1988: shows [7s Ad] (three of a kind, Aces)
Chessnok: mucks hand
acemoney1988 collected $41.50 from pot
*** SUMMARY ***
Total pot $42 | Rake $0.50
Board [Qc Ah 5c 4h As]
Seat 1: Chessnok (button) (small blind) mucked
Seat 6: acemoney1988 (big blind) showed [7s Ad] and won ($41.50) with three of a kind, Aces


