PokerStars Hand #173004113565:  Hold'em Limit ($3/$6 USD) - 2017/07/13 22:24:14 ET
Table 'Semirot' 6-max Seat #3 is the button
Seat 1: SALZHERZ ($108 in chips)
Seat 3: cbarnes ($298.59 in chips)
cbarnes: posts small blind $1
SALZHERZ: posts big blind $3
*** HOLE CARDS ***
GoliafUa leaves the table
cbarnes: raises $3 to $6
SALZHERZ: calls $3
*** FLOP *** [6c Qd Ah]
SALZHERZ: checks
cbarnes: bets $3
SALZHERZ: folds
Uncalled bet ($3) returned to cbarnes
cbarnes collected $11.76 from pot
*** SUMMARY ***
Total pot $12 | Rake $0.24
Board [6c Qd Ah]
Seat 1: SALZHERZ (big blind) folded on the Flop
Seat 3: cbarnes (button) (small blind) collected ($11.76)


PokerStars Hand #173004107004:  Hold'em Limit ($3/$6 USD) - 2017/07/13 22:23:55 ET
Table 'Semirot' 6-max Seat #1 is the button
Seat 1: SALZHERZ ($120 in chips)
Seat 3: cbarnes ($287.07 in chips)
SALZHERZ: posts small blind $1
cbarnes: posts big blind $3
*** HOLE CARDS ***
SALZHERZ: raises $3 to $6
cbarnes: calls $3
*** FLOP *** [7c Tc Jh]
cbarnes: checks
SALZHERZ: bets $3
AzureCaper joins the table at seat #2
cbarnes: raises $3 to $6
SALZHERZ: calls $3
*** TURN *** [7c Tc Jh] [2c]
cbarnes: bets $6
SALZHERZ: folds
Uncalled bet ($6) returned to cbarnes
cbarnes collected $23.52 from pot
cbarnes: doesn't show hand
*** SUMMARY ***
Total pot $24 | Rake $0.48
Board [7c Tc Jh 2c]
Seat 1: SALZHERZ (button) (small blind) folded on the Turn
Seat 3: cbarnes (big blind) collected ($23.52)


PokerStars Hand #173004258085:  Hold'em Limit ($3/$6 USD) - 2017/07/13 22:30:59 ET
Table 'Semirot' 6-max Seat #2 is the button
Seat 2: AzureCaper ($123.72 in chips)
Seat 3: cbarnes ($311.02 in chips)
AzureCaper: posts small blind $1
cbarnes: posts big blind $3
*** HOLE CARDS ***
ogdealer leaves the table
AzureCaper: folds
Uncalled bet ($2) returned to cbarnes
cbarnes collected $2 from pot
*** SUMMARY ***
Total pot $2 | Rake $0
Seat 2: AzureCaper (button) (small blind) folded before Flop
Seat 3: cbarnes (big blind) collected ($2)


PokerStars Hand #173004260097:  Hold'em Limit ($3/$6 USD) - 2017/07/13 22:31:05 ET
Table 'Semirot' 6-max Seat #3 is the button
Seat 2: AzureCaper ($122.72 in chips)
Seat 3: cbarnes ($312.02 in chips)
cbarnes: posts small blind $1
AzureCaper: posts big blind $3
*** HOLE CARDS ***
cbarnes: folds
Uncalled bet ($2) returned to AzureCaper
AzureCaper collected $2 from pot
AzureCaper: doesn't show hand
*** SUMMARY ***
Total pot $2 | Rake $0
Seat 2: AzureCaper (big blind) collected ($2)
Seat 3: cbarnes (button) (small blind) folded before Flop


PokerStars Hand #173004262831:  Hold'em Limit ($3/$6 USD) - 2017/07/13 22:31:13 ET
Table 'Semirot' 6-max Seat #2 is the button
Seat 2: AzureCaper ($123.72 in chips)
Seat 3: cbarnes ($311.02 in chips)
AzureCaper: posts small blind $1
cbarnes: posts big blind $3
*** HOLE CARDS ***
AzureCaper: raises $3 to $6
cbarnes: raises $3 to $9
AzureCaper: calls $3
*** FLOP *** [Qd 8c Jc]
cbarnes: bets $3
AzureCaper: raises $3 to $6
cbarnes: calls $3
*** TURN *** [Qd 8c Jc] [7h]
cbarnes: checks
AzureCaper: bets $6
cbarnes: folds
Uncalled bet ($6) returned to AzureCaper
AzureCaper collected $29.50 from pot
AzureCaper: doesn't show hand
*** SUMMARY ***
Total pot $30 | Rake $0.50
Board [Qd 8c Jc 7h]
Seat 2: AzureCaper (button) (small blind) collected ($29.50)
Seat 3: cbarnes (big blind) folded on the Turn


