PokerStars Hand #159124937803:  Hold'em Limit ($3/$6 USD) - 2016/09/26 13:40:44 ET
Table 'Semiramis' 6-max Seat #5 is the button
Seat 3: mateuniooo30 ($308.75 in chips)
Seat 5: GoliafUa ($125.76 in chips)
GoliafUa: posts small blind $1
mateuniooo30: posts big blind $3
*** HOLE CARDS ***
GoliafUa: folds
Uncalled bet ($2) returned to mateuniooo30
mateuniooo30 collected $2 from pot
mateuniooo30: doesn't show hand
*** SUMMARY ***
Total pot $2 | Rake $0
Seat 3: mateuniooo30 (big blind) collected ($2)
Seat 5: GoliafUa (button) (small blind) folded before Flop


PokerStars Hand #159124933334:  Hold'em Limit ($3/$6 USD) - 2016/09/26 13:40:38 ET
Table 'Semiramis' 6-max Seat #3 is the button
Seat 3: mateuniooo30 ($305.75 in chips)
Seat 5: GoliafUa ($128.76 in chips)
mateuniooo30: posts small blind $1
GoliafUa: posts big blind $3
*** HOLE CARDS ***
mateuniooo30: raises $3 to $6
GoliafUa: folds
Uncalled bet ($3) returned to mateuniooo30
mateuniooo30 collected $6 from pot
mateuniooo30: doesn't show hand
*** SUMMARY ***
Total pot $6 | Rake $0
Seat 3: mateuniooo30 (button) (small blind) collected ($6)
Seat 5: GoliafUa (big blind) folded before Flop


PokerStars Hand #159124927995:  Hold'em Limit ($3/$6 USD) - 2016/09/26 13:40:32 ET
Table 'Semiramis' 6-max Seat #5 is the button
Seat 3: mateuniooo30 ($308.75 in chips)
Seat 5: GoliafUa ($125.76 in chips)
GoliafUa: posts small blind $1
mateuniooo30: posts big blind $3
*** HOLE CARDS ***
GoliafUa: raises $3 to $6
mateuniooo30: folds
Uncalled bet ($3) returned to GoliafUa
GoliafUa collected $6 from pot
GoliafUa: doesn't show hand
*** SUMMARY ***
Total pot $6 | Rake $0
Seat 3: mateuniooo30 (big blind) folded before Flop
Seat 5: GoliafUa (button) (small blind) collected ($6)


