PokerStars Hand #156658068055:  Hold'em Limit ($3/$6 USD) - 2016/07/30 20:29:22 ET
Table 'Semirot' 10-max Seat #4 is the button
Seat 4: berhosa ($64.13 in chips)
Seat 7: navbiKA ($60.70 in chips)
berhosa: posts small blind $1
navbiKA: posts big blind $3
*** HOLE CARDS ***
berhosa: raises $3 to $6
navbiKA: raises $3 to $9
berhosa: raises $3 to $12
Betting is capped
navbiKA: calls $3
*** FLOP *** [4h 8h Qh]
navbiKA: bets $3
berhosa: raises $3 to $6
navbiKA: raises $3 to $9
berhosa: raises $3 to $12
Betting is capped
navbiKA: calls $3
*** TURN *** [4h 8h Qh] [7c]
navbiKA: bets $6
berhosa: raises $6 to $12
navbiKA: raises $6 to $18
berhosa: raises $6 to $24
Betting is capped
navbiKA: calls $6
*** RIVER *** [4h 8h Qh 7c] [5s]
navbiKA: bets $6
berhosa: raises $6 to $12
navbiKA: folds
Uncalled bet ($6) returned to berhosa
berhosa collected $107.50 from pot
berhosa: doesn't show hand
*** SUMMARY ***
Total pot $108 | Rake $0.50
Board [4h 8h Qh 7c 5s]
Seat 4: berhosa (button) (small blind) collected ($107.50)
Seat 7: navbiKA (big blind) folded on the River


PokerStars Hand #156658077570:  Hold'em Limit ($3/$6 USD) - 2016/07/30 20:29:43 ET
Table 'Semirot' 10-max Seat #7 is the button
Seat 4: berhosa ($117.63 in chips)
Seat 7: navbiKA ($6.70 in chips)
navbiKA: posts small blind $1
berhosa: posts big blind $3
*** HOLE CARDS ***
navbiKA: raises $3 to $6
berhosa: raises $3 to $9
navbiKA: folds
Uncalled bet ($3) returned to berhosa
berhosa collected $12 from pot
berhosa: doesn't show hand
berhosa leaves the table
*** SUMMARY ***
Total pot $12 | Rake $0
Seat 4: berhosa (big blind) collected ($12)
Seat 7: navbiKA (button) (small blind) folded before Flop


