PokerStars Hand #160544851736:  Hold'em Limit ($3/$6 USD) - 2016/10/28 9:09:49 ET
Table 'Semiramis' 6-max Seat #4 is the button
Seat 3: SLK500 ($124 in chips)
Seat 4: kolaz03 ($72 in chips)
kolaz03: posts small blind $1
SLK500: posts big blind $3
*** HOLE CARDS ***
kolaz03: raises $3 to $6
SLK500: calls $3
*** FLOP *** [Kh Js 4s]
SLK500: bets $3
kolaz03: calls $3
*** TURN *** [Kh Js 4s] [3s]
SLK500: bets $6
kolaz03: calls $6
*** RIVER *** [Kh Js 4s 3s] [6h]
SLK500: checks
kolaz03: checks
*** SHOW DOWN ***
SLK500: shows [7d Jh] (a pair of Jacks)
kolaz03: mucks hand
SLK500 collected $29.50 from pot
*** SUMMARY ***
Total pot $30 | Rake $0.50
Board [Kh Js 4s 3s 6h]
Seat 3: SLK500 (big blind) showed [7d Jh] and won ($29.50) with a pair of Jacks
Seat 4: kolaz03 (button) (small blind) mucked


PokerStars Hand #160544882772:  Hold'em Limit ($3/$6 USD) - 2016/10/28 9:10:43 ET
Table 'Semiramis' 6-max Seat #3 is the button
Seat 3: SLK500 ($131.50 in chips)
Seat 4: kolaz03 ($78.76 in chips)
SLK500: posts small blind $1
kolaz03: posts big blind $3
*** HOLE CARDS ***
SLK500: raises $3 to $6
kolaz03: raises $3 to $9
SLK500: raises $3 to $12
Betting is capped
kolaz03: calls $3
*** FLOP *** [5c 8s 2c]
kolaz03: checks
SLK500: bets $3
kolaz03: calls $3
*** TURN *** [5c 8s 2c] [6s]
kolaz03: checks
SLK500: checks
*** RIVER *** [5c 8s 2c 6s] [4c]
kolaz03: checks
SLK500: checks
*** SHOW DOWN ***
kolaz03: shows [Qd Kc] (high card King)
SLK500: shows [As Qh] (high card Ace)
SLK500 collected $29.50 from pot
*** SUMMARY ***
Total pot $30 | Rake $0.50
Board [5c 8s 2c 6s 4c]
Seat 3: SLK500 (button) (small blind) showed [As Qh] and won ($29.50) with high card Ace
Seat 4: kolaz03 (big blind) showed [Qd Kc] and lost with high card King


PokerStars Hand #160544873321:  Hold'em Limit ($3/$6 USD) - 2016/10/28 9:10:27 ET
Table 'Semiramis' 6-max Seat #4 is the button
Seat 3: SLK500 ($137.50 in chips)
Seat 4: kolaz03 ($73 in chips)
kolaz03: posts small blind $1
SLK500: posts big blind $3
*** HOLE CARDS ***
kolaz03: raises $3 to $6
SLK500: calls $3
*** FLOP *** [8h Ks Jd]
SLK500: checks
kolaz03: bets $3
SLK500: folds
Uncalled bet ($3) returned to kolaz03
kolaz03 collected $11.76 from pot
kolaz03: doesn't show hand
*** SUMMARY ***
Total pot $12 | Rake $0.24
Board [8h Ks Jd]
Seat 3: SLK500 (big blind) folded on the Flop
Seat 4: kolaz03 (button) (small blind) collected ($11.76)


PokerStars Hand #160544865423:  Hold'em Limit ($3/$6 USD) - 2016/10/28 9:10:13 ET
Table 'Semiramis' 6-max Seat #3 is the button
Seat 3: SLK500 ($138.50 in chips)
Seat 4: kolaz03 ($72 in chips)
SLK500: posts small blind $1
kolaz03: posts big blind $3
*** HOLE CARDS ***
SLK500: folds
Uncalled bet ($2) returned to kolaz03
kolaz03 collected $2 from pot
kolaz03: doesn't show hand
*** SUMMARY ***
Total pot $2 | Rake $0
Seat 3: SLK500 (button) (small blind) folded before Flop
Seat 4: kolaz03 (big blind) collected ($2)


PokerStars Hand #160544916661:  Hold'em Limit ($3/$6 USD) - 2016/10/28 9:11:43 ET
Table 'Semiramis' 6-max Seat #3 is the button
Seat 3: SLK500 ($144.76 in chips)
Seat 4: kolaz03 ($72.76 in chips)
SLK500: posts small blind $1
kolaz03: posts big blind $3
*** HOLE CARDS ***
SLK500: folds
Uncalled bet ($2) returned to kolaz03
kolaz03 collected $2 from pot
kolaz03: doesn't show hand
*** SUMMARY ***
Total pot $2 | Rake $0
Seat 3: SLK500 (button) (small blind) folded before Flop
Seat 4: kolaz03 (big blind) collected ($2)


PokerStars Hand #160544908027:  Hold'em Limit ($3/$6 USD) - 2016/10/28 9:11:28 ET
Table 'Semiramis' 6-max Seat #4 is the button
Seat 3: SLK500 ($139 in chips)
Seat 4: kolaz03 ($78.76 in chips)
kolaz03: posts small blind $1
SLK500: posts big blind $3
*** HOLE CARDS ***
kolaz03: raises $3 to $6
SLK500: calls $3
*** FLOP *** [8s Js Ts]
SLK500: bets $3
kolaz03: folds
Uncalled bet ($3) returned to SLK500
SLK500 collected $11.76 from pot
SLK500: doesn't show hand
*** SUMMARY ***
Total pot $12 | Rake $0.24
Board [8s Js Ts]
Seat 3: SLK500 (big blind) collected ($11.76)
Seat 4: kolaz03 (button) (small blind) folded on the Flop


PokerStars Hand #160544905094:  Hold'em Limit ($3/$6 USD) - 2016/10/28 9:11:22 ET
Table 'Semiramis' 6-max Seat #3 is the button
Seat 3: SLK500 ($140 in chips)
Seat 4: kolaz03 ($77.76 in chips)
SLK500: posts small blind $1
kolaz03: posts big blind $3
*** HOLE CARDS ***
SLK500: folds
Uncalled bet ($2) returned to kolaz03
kolaz03 collected $2 from pot
kolaz03: doesn't show hand
*** SUMMARY ***
Total pot $2 | Rake $0
Seat 3: SLK500 (button) (small blind) folded before Flop
Seat 4: kolaz03 (big blind) collected ($2)


PokerStars Hand #160544895653:  Hold'em Limit ($3/$6 USD) - 2016/10/28 9:11:06 ET
Table 'Semiramis' 6-max Seat #4 is the button
Seat 3: SLK500 ($146 in chips)
Seat 4: kolaz03 ($72 in chips)
kolaz03: posts small blind $1
SLK500: posts big blind $3
*** HOLE CARDS ***
kolaz03: raises $3 to $6
SLK500: calls $3
*** FLOP *** [Js 3d Jc]
SLK500: checks
kolaz03: bets $3
SLK500: folds
Uncalled bet ($3) returned to kolaz03
kolaz03 collected $11.76 from pot
kolaz03: doesn't show hand
*** SUMMARY ***
Total pot $12 | Rake $0.24
Board [Js 3d Jc]
Seat 3: SLK500 (big blind) folded on the Flop
Seat 4: kolaz03 (button) (small blind) collected ($11.76)


PokerStars Hand #160544921106:  Hold'em Limit ($3/$6 USD) - 2016/10/28 9:11:50 ET
Table 'Semiramis' 6-max Seat #4 is the button
Seat 3: SLK500 ($143.76 in chips)
Seat 4: kolaz03 ($73.76 in chips)
kolaz03: posts small blind $1
SLK500: posts big blind $3
*** HOLE CARDS ***
kolaz03: raises $3 to $6
SLK500: calls $3
*** FLOP *** [Th 5s Kd]
SLK500: bets $3
kolaz03: calls $3
*** TURN *** [Th 5s Kd] [3d]
SLK500: bets $6
kolaz03: calls $6
*** RIVER *** [Th 5s Kd 3d] [Tc]
SLK500: checks
kolaz03: checks
*** SHOW DOWN ***
SLK500: shows [4s 5d] (two pair, Tens and Fives)
kolaz03: mucks hand
SLK500 collected $29.50 from pot
*** SUMMARY ***
Total pot $30 | Rake $0.50
Board [Th 5s Kd 3d Tc]
Seat 3: SLK500 (big blind) showed [4s 5d] and won ($29.50) with two pair, Tens and Fives
Seat 4: kolaz03 (button) (small blind) mucked


PokerStars Hand #160544989541:  Hold'em Limit ($3/$6 USD) - 2016/10/28 9:13:49 ET
Table 'Semiramis' 6-max Seat #3 is the button
Seat 3: SLK500 ($190.26 in chips)
Seat 4: kolaz03 ($72 in chips)
SLK500: posts small blind $1
kolaz03: posts big blind $3
*** HOLE CARDS ***
SLK500: folds
Uncalled bet ($2) returned to kolaz03
kolaz03 collected $2 from pot
kolaz03: doesn't show hand
*** SUMMARY ***
Total pot $2 | Rake $0
Seat 3: SLK500 (button) (small blind) folded before Flop
Seat 4: kolaz03 (big blind) collected ($2)


PokerStars Hand #160544975006:  Hold'em Limit ($3/$6 USD) - 2016/10/28 9:13:24 ET
Table 'Semiramis' 6-max Seat #4 is the button
Seat 3: SLK500 ($172.76 in chips)
Seat 4: kolaz03 ($72 in chips)
kolaz03: posts small blind $1
SLK500: posts big blind $3
*** HOLE CARDS ***
kolaz03: raises $3 to $6
SLK500: raises $3 to $9
kolaz03: calls $3
*** FLOP *** [Th 3c 5h]
SLK500: bets $3
kolaz03: calls $3
*** TURN *** [Th 3c 5h] [2s]
SLK500: bets $6
kolaz03: calls $6
*** RIVER *** [Th 3c 5h 2s] [Kd]
SLK500: checks
kolaz03: checks
*** SHOW DOWN ***
SLK500: shows [Ah 8c] (high card Ace)
kolaz03: mucks hand
SLK500 collected $35.50 from pot
*** SUMMARY ***
Total pot $36 | Rake $0.50
Board [Th 3c 5h 2s Kd]
Seat 3: SLK500 (big blind) showed [Ah 8c] and won ($35.50) with high card Ace
Seat 4: kolaz03 (button) (small blind) mucked


PokerStars Hand #160544953596:  Hold'em Limit ($3/$6 USD) - 2016/10/28 9:12:47 ET
Table 'Semiramis' 6-max Seat #3 is the button
Seat 3: SLK500 ($158.26 in chips)
Seat 4: kolaz03 ($72 in chips)
SLK500: posts small blind $1
kolaz03: posts big blind $3
*** HOLE CARDS ***
SLK500: raises $3 to $6
kolaz03: calls $3
*** FLOP *** [5h Js 8d]
kolaz03: checks
SLK500: bets $3
kolaz03: calls $3
*** TURN *** [5h Js 8d] [7h]
kolaz03: checks
SLK500: bets $6
kolaz03: calls $6
*** RIVER *** [5h Js 8d 7h] [3c]
kolaz03: checks
SLK500: bets $6
kolaz03: folds
Uncalled bet ($6) returned to SLK500
SLK500 collected $29.50 from pot
SLK500: doesn't show hand
*** SUMMARY ***
Total pot $30 | Rake $0.50
Board [5h Js 8d 7h 3c]
Seat 3: SLK500 (button) (small blind) collected ($29.50)
Seat 4: kolaz03 (big blind) folded on the River


PokerStars Hand #160545012435:  Hold'em Limit ($3/$6 USD) - 2016/10/28 9:14:28 ET
Table 'Semiramis' 6-max Seat #3 is the button
Seat 3: SLK500 ($183.26 in chips)
Seat 4: kolaz03 ($78.76 in chips)
SLK500: posts small blind $1
kolaz03: posts big blind $3
*** HOLE CARDS ***
GoliafUa joins the table at seat #5
SLK500: folds
Uncalled bet ($2) returned to kolaz03
kolaz03 collected $2 from pot
kolaz03: doesn't show hand
*** SUMMARY ***
Total pot $2 | Rake $0
Seat 3: SLK500 (button) (small blind) folded before Flop
Seat 4: kolaz03 (big blind) collected ($2)


PokerStars Hand #160544994489:  Hold'em Limit ($3/$6 USD) - 2016/10/28 9:13:58 ET
Table 'Semiramis' 6-max Seat #4 is the button
Seat 3: SLK500 ($189.26 in chips)
Seat 4: kolaz03 ($73 in chips)
willKill4$$$ joins the table at seat #2
kolaz03: posts small blind $1
SLK500: posts big blind $3
*** HOLE CARDS ***
kolaz03: raises $3 to $6
SLK500: calls $3
*** FLOP *** [7s Qd Qs]
SLK500: checks
GoliafUa was removed from the table for failing to post
kolaz03: bets $3
birmancat44 joins the table at seat #6
JukkaSa joins the table at seat #1
SLK500: folds
Uncalled bet ($3) returned to kolaz03
kolaz03 collected $11.76 from pot
kolaz03: doesn't show hand
*** SUMMARY ***
Total pot $12 | Rake $0.24
Board [7s Qd Qs]
Seat 3: SLK500 (big blind) folded on the Flop
Seat 4: kolaz03 (button) (small blind) collected ($11.76)


PokerStars Hand #160545469644:  Hold'em Limit ($3/$6 USD) - 2016/10/28 9:27:37 ET
Table 'Semiramis' 6-max Seat #4 is the button
Seat 2: willKill4$$$ ($121.35 in chips)
Seat 4: kolaz03 ($106.09 in chips)
Kasperla will be allowed to play after the button
kolaz03: posts small blind $1
JukkaSa: is sitting out
willKill4$$$: posts big blind $3
*** HOLE CARDS ***
JukkaSa leaves the table
kolaz03: folds
Uncalled bet ($2) returned to willKill4$$$
willKill4$$$ collected $2 from pot
willKill4$$$: doesn't show hand
*** SUMMARY ***
Total pot $2 | Rake $0
Seat 2: willKill4$$$ (big blind) collected ($2)
Seat 4: kolaz03 (button) (small blind) folded before Flop


PokerStars Hand #160545495190:  Hold'em Limit ($3/$6 USD) - 2016/10/28 9:28:21 ET
Table 'Semiramis' 6-max Seat #3 is the button
Seat 2: willKill4$$$ ($133.63 in chips)
Seat 3: Kasperla ($54 in chips)
Kasperla: posts small blind $1
willKill4$$$: posts big blind $3
*** HOLE CARDS ***
Kasperla: folds
Uncalled bet ($2) returned to willKill4$$$
willKill4$$$ collected $2 from pot
willKill4$$$: doesn't show hand
*** SUMMARY ***
Total pot $2 | Rake $0
Seat 2: willKill4$$$ (big blind) collected ($2)
Seat 3: Kasperla (button) (small blind) folded before Flop


PokerStars Hand #160545492625:  Hold'em Limit ($3/$6 USD) - 2016/10/28 9:28:17 ET
Table 'Semiramis' 6-max Seat #2 is the button
Seat 2: willKill4$$$ ($134.63 in chips)
Seat 3: Kasperla ($53 in chips)
willKill4$$$: posts small blind $1
Kasperla: posts big blind $3
*** HOLE CARDS ***
willKill4$$$: folds
Uncalled bet ($2) returned to Kasperla
Kasperla collected $2 from pot
Kasperla: doesn't show hand
*** SUMMARY ***
Total pot $2 | Rake $0
Seat 2: willKill4$$$ (button) (small blind) folded before Flop
Seat 3: Kasperla (big blind) collected ($2)


PokerStars Hand #160545489606:  Hold'em Limit ($3/$6 USD) - 2016/10/28 9:28:12 ET
Table 'Semiramis' 6-max Seat #3 is the button
Seat 2: willKill4$$$ ($133.63 in chips)
Seat 3: Kasperla ($54 in chips)
Kasperla: posts small blind $1
willKill4$$$: posts big blind $3
*** HOLE CARDS ***
Kasperla: folds
Uncalled bet ($2) returned to willKill4$$$
willKill4$$$ collected $2 from pot
willKill4$$$: doesn't show hand
*** SUMMARY ***
Total pot $2 | Rake $0
Seat 2: willKill4$$$ (big blind) collected ($2)
Seat 3: Kasperla (button) (small blind) folded before Flop


PokerStars Hand #160545497955:  Hold'em Limit ($3/$6 USD) - 2016/10/28 9:28:26 ET
Table 'Semiramis' 6-max Seat #2 is the button
Seat 2: willKill4$$$ ($134.63 in chips)
Seat 3: Kasperla ($53 in chips)
willKill4$$$: posts small blind $1
Kasperla: posts big blind $3
*** HOLE CARDS ***
TbIP-TbIP 88 joins the table at seat #4
willKill4$$$: folds
Uncalled bet ($2) returned to Kasperla
Kasperla collected $2 from pot
Kasperla: doesn't show hand
*** SUMMARY ***
Total pot $2 | Rake $0
Seat 2: willKill4$$$ (button) (small blind) folded before Flop
Seat 3: Kasperla (big blind) collected ($2)


PokerStars Hand #160545622148:  Hold'em Limit ($3/$6 USD) - 2016/10/28 9:31:59 ET
Table 'Semiramis' 6-max Seat #2 is the button
Seat 2: willKill4$$$ ($179.36 in chips)
Seat 4: TbIP-TbIP 88 ($74.03 in chips)
willKill4$$$: posts small blind $1
TbIP-TbIP 88: posts big blind $3
*** HOLE CARDS ***
willKill4$$$: folds
Uncalled bet ($2) returned to TbIP-TbIP 88
Kasperla leaves the table
TbIP-TbIP 88 collected $2 from pot
TbIP-TbIP 88: doesn't show hand
*** SUMMARY ***
Total pot $2 | Rake $0
Seat 2: willKill4$$$ (button) (small blind) folded before Flop
Seat 4: TbIP-TbIP 88 (big blind) collected ($2)


PokerStars Hand #160545625261:  Hold'em Limit ($3/$6 USD) - 2016/10/28 9:32:04 ET
Table 'Semiramis' 6-max Seat #4 is the button
Seat 2: willKill4$$$ ($178.36 in chips)
Seat 4: TbIP-TbIP 88 ($75.03 in chips)
TbIP-TbIP 88: posts small blind $1
willKill4$$$: posts big blind $3
*** HOLE CARDS ***
TbIP-TbIP 88: raises $3 to $6
willKill4$$$: calls $3
*** FLOP *** [Kc 9h 2h]
willKill4$$$: checks
TbIP-TbIP 88: bets $3
willKill4$$$: calls $3
*** TURN *** [Kc 9h 2h] [Tc]
willKill4$$$: checks
TbIP-TbIP 88: checks
*** RIVER *** [Kc 9h 2h Tc] [3s]
willKill4$$$: checks
TbIP-TbIP 88: checks
*** SHOW DOWN ***
willKill4$$$: shows [Ad 2d] (a pair of Deuces)
TbIP-TbIP 88: mucks hand
willKill4$$$ collected $17.64 from pot
*** SUMMARY ***
Total pot $18 | Rake $0.36
Board [Kc 9h 2h Tc 3s]
Seat 2: willKill4$$$ (big blind) showed [Ad 2d] and won ($17.64) with a pair of Deuces
Seat 4: TbIP-TbIP 88 (button) (small blind) mucked


PokerStars Hand #160545646331:  Hold'em Limit ($3/$6 USD) - 2016/10/28 9:32:40 ET
Table 'Semiramis' 6-max Seat #4 is the button
Seat 2: willKill4$$$ ($186 in chips)
Seat 4: TbIP-TbIP 88 ($73 in chips)
TbIP-TbIP 88: posts small blind $1
willKill4$$$: posts big blind $3
*** HOLE CARDS ***
TbIP-TbIP 88: raises $3 to $6
willKill4$$$: folds
Uncalled bet ($3) returned to TbIP-TbIP 88
TbIP-TbIP 88 collected $6 from pot
TbIP-TbIP 88: doesn't show hand
*** SUMMARY ***
Total pot $6 | Rake $0
Seat 2: willKill4$$$ (big blind) folded before Flop
Seat 4: TbIP-TbIP 88 (button) (small blind) collected ($6)


PokerStars Hand #160545643423:  Hold'em Limit ($3/$6 USD) - 2016/10/28 9:32:35 ET
Table 'Semiramis' 6-max Seat #2 is the button
Seat 2: willKill4$$$ ($187 in chips)
Seat 4: TbIP-TbIP 88 ($72 in chips)
willKill4$$$: posts small blind $1
TbIP-TbIP 88: posts big blind $3
*** HOLE CARDS ***
willKill4$$$: folds
Uncalled bet ($2) returned to TbIP-TbIP 88
TbIP-TbIP 88 collected $2 from pot
TbIP-TbIP 88: doesn't show hand
*** SUMMARY ***
Total pot $2 | Rake $0
Seat 2: willKill4$$$ (button) (small blind) folded before Flop
Seat 4: TbIP-TbIP 88 (big blind) collected ($2)


PokerStars Hand #160545650334:  Hold'em Limit ($3/$6 USD) - 2016/10/28 9:32:47 ET
Table 'Semiramis' 6-max Seat #2 is the button
Seat 2: willKill4$$$ ($183 in chips)
Seat 4: TbIP-TbIP 88 ($76 in chips)
willKill4$$$: posts small blind $1
TbIP-TbIP 88: posts big blind $3
*** HOLE CARDS ***
willKill4$$$: raises $3 to $6
TbIP-TbIP 88: calls $3
*** FLOP *** [Ad 4d Kd]
TbIP-TbIP 88: checks
willKill4$$$: bets $3
TbIP-TbIP 88: folds
Uncalled bet ($3) returned to willKill4$$$
willKill4$$$ collected $11.76 from pot
willKill4$$$: doesn't show hand
*** SUMMARY ***
Total pot $12 | Rake $0.24
Board [Ad 4d Kd]
Seat 2: willKill4$$$ (button) (small blind) collected ($11.76)
Seat 4: TbIP-TbIP 88 (big blind) folded on the Flop


PokerStars Hand #160545659650:  Hold'em Limit ($3/$6 USD) - 2016/10/28 9:33:03 ET
Table 'Semiramis' 6-max Seat #4 is the button
Seat 2: willKill4$$$ ($188.76 in chips)
Seat 4: TbIP-TbIP 88 ($72 in chips)
TbIP-TbIP 88: posts small blind $1
willKill4$$$: posts big blind $3
*** HOLE CARDS ***
TbIP-TbIP 88: folds
Uncalled bet ($2) returned to willKill4$$$
willKill4$$$ collected $2 from pot
willKill4$$$: doesn't show hand
*** SUMMARY ***
Total pot $2 | Rake $0
Seat 2: willKill4$$$ (big blind) collected ($2)
Seat 4: TbIP-TbIP 88 (button) (small blind) folded before Flop


PokerStars Hand #160545662991:  Hold'em Limit ($3/$6 USD) - 2016/10/28 9:33:09 ET
Table 'Semiramis' 6-max Seat #2 is the button
Seat 2: willKill4$$$ ($189.76 in chips)
Seat 4: TbIP-TbIP 88 ($72 in chips)
willKill4$$$: posts small blind $1
TbIP-TbIP 88: posts big blind $3
*** HOLE CARDS ***
willKill4$$$: raises $3 to $6
TbIP-TbIP 88: calls $3
*** FLOP *** [Js 2s 5c]
TbIP-TbIP 88: checks
willKill4$$$: checks
*** TURN *** [Js 2s 5c] [5d]
TbIP-TbIP 88: checks
willKill4$$$: checks
*** RIVER *** [Js 2s 5c 5d] [Th]
TbIP-TbIP 88: bets $6
willKill4$$$: folds
Uncalled bet ($6) returned to TbIP-TbIP 88
TbIP-TbIP 88 collected $11.76 from pot
TbIP-TbIP 88: doesn't show hand
*** SUMMARY ***
Total pot $12 | Rake $0.24
Board [Js 2s 5c 5d Th]
Seat 2: willKill4$$$ (button) (small blind) folded on the River
Seat 4: TbIP-TbIP 88 (big blind) collected ($11.76)


PokerStars Hand #160545703686:  Hold'em Limit ($3/$6 USD) - 2016/10/28 9:34:18 ET
Table 'Semiramis' 6-max Seat #2 is the button
Seat 2: willKill4$$$ ($184.76 in chips)
Seat 4: TbIP-TbIP 88 ($76.76 in chips)
willKill4$$$: posts small blind $1
TbIP-TbIP 88: posts big blind $3
*** HOLE CARDS ***
willKill4$$$: folds
Uncalled bet ($2) returned to TbIP-TbIP 88
TbIP-TbIP 88 collected $2 from pot
TbIP-TbIP 88: doesn't show hand
*** SUMMARY ***
Total pot $2 | Rake $0
Seat 2: willKill4$$$ (button) (small blind) folded before Flop
Seat 4: TbIP-TbIP 88 (big blind) collected ($2)


PokerStars Hand #160545695960:  Hold'em Limit ($3/$6 USD) - 2016/10/28 9:34:05 ET
Table 'Semiramis' 6-max Seat #4 is the button
Seat 2: willKill4$$$ ($183.76 in chips)
Seat 4: TbIP-TbIP 88 ($77.76 in chips)
TbIP-TbIP 88: posts small blind $1
willKill4$$$: posts big blind $3
*** HOLE CARDS ***
TbIP-TbIP 88: folds
Uncalled bet ($2) returned to willKill4$$$
willKill4$$$ collected $2 from pot
willKill4$$$: doesn't show hand
*** SUMMARY ***
Total pot $2 | Rake $0
Seat 2: willKill4$$$ (big blind) collected ($2)
Seat 4: TbIP-TbIP 88 (button) (small blind) folded before Flop


PokerStars Hand #160545706622:  Hold'em Limit ($3/$6 USD) - 2016/10/28 9:34:23 ET
Table 'Semiramis' 6-max Seat #4 is the button
Seat 2: willKill4$$$ ($183.76 in chips)
Seat 4: TbIP-TbIP 88 ($77.76 in chips)
TbIP-TbIP 88: posts small blind $1
willKill4$$$: posts big blind $3
*** HOLE CARDS ***
TbIP-TbIP 88: raises $3 to $6
willKill4$$$: folds
Uncalled bet ($3) returned to TbIP-TbIP 88
TbIP-TbIP 88 collected $6 from pot
TbIP-TbIP 88: doesn't show hand
*** SUMMARY ***
Total pot $6 | Rake $0
Seat 2: willKill4$$$ (big blind) folded before Flop
Seat 4: TbIP-TbIP 88 (button) (small blind) collected ($6)


PokerStars Hand #160545710366:  Hold'em Limit ($3/$6 USD) - 2016/10/28 9:34:29 ET
Table 'Semiramis' 6-max Seat #2 is the button
Seat 2: willKill4$$$ ($180.76 in chips)
Seat 4: TbIP-TbIP 88 ($80.76 in chips)
willKill4$$$: posts small blind $1
TbIP-TbIP 88: posts big blind $3
*** HOLE CARDS ***
willKill4$$$: raises $3 to $6
TbIP-TbIP 88: folds
Uncalled bet ($3) returned to willKill4$$$
willKill4$$$ collected $6 from pot
willKill4$$$: doesn't show hand
*** SUMMARY ***
Total pot $6 | Rake $0
Seat 2: willKill4$$$ (button) (small blind) collected ($6)
Seat 4: TbIP-TbIP 88 (big blind) folded before Flop


PokerStars Hand #160545717306:  Hold'em Limit ($3/$6 USD) - 2016/10/28 9:34:41 ET
Table 'Semiramis' 6-max Seat #4 is the button
Seat 2: willKill4$$$ ($183.76 in chips)
Seat 4: TbIP-TbIP 88 ($77.76 in chips)
TbIP-TbIP 88: posts small blind $1
willKill4$$$: posts big blind $3
*** HOLE CARDS ***
TbIP-TbIP 88: raises $3 to $6
willKill4$$$: calls $3
*** FLOP *** [8s Th 7d]
willKill4$$$: checks
TbIP-TbIP 88: bets $3
willKill4$$$: calls $3
*** TURN *** [8s Th 7d] [Td]
willKill4$$$: checks
TbIP-TbIP 88: checks
*** RIVER *** [8s Th 7d Td] [Kc]
willKill4$$$: bets $6
TbIP-TbIP 88: calls $6
*** SHOW DOWN ***
willKill4$$$: shows [Qh Tc] (three of a kind, Tens)
TbIP-TbIP 88: mucks hand
willKill4$$$ collected $29.50 from pot
*** SUMMARY ***
Total pot $30 | Rake $0.50
Board [8s Th 7d Td Kc]
Seat 2: willKill4$$$ (big blind) showed [Qh Tc] and won ($29.50) with three of a kind, Tens
Seat 4: TbIP-TbIP 88 (button) (small blind) mucked


PokerStars Hand #160545726192:  Hold'em Limit ($3/$6 USD) - 2016/10/28 9:34:56 ET
Table 'Semiramis' 6-max Seat #2 is the button
Seat 2: willKill4$$$ ($198.26 in chips)
Seat 4: TbIP-TbIP 88 ($72 in chips)
willKill4$$$: posts small blind $1
TbIP-TbIP 88: posts big blind $3
*** HOLE CARDS ***
willKill4$$$: raises $3 to $6
TbIP-TbIP 88: calls $3
*** FLOP *** [7s 3s 8c]
TbIP-TbIP 88: checks
willKill4$$$: checks
*** TURN *** [7s 3s 8c] [Jd]
TbIP-TbIP 88: checks
willKill4$$$: checks
*** RIVER *** [7s 3s 8c Jd] [5s]
TbIP-TbIP 88: bets $6
willKill4$$$: folds
Uncalled bet ($6) returned to TbIP-TbIP 88
TbIP-TbIP 88 collected $11.76 from pot
TbIP-TbIP 88: doesn't show hand
*** SUMMARY ***
Total pot $12 | Rake $0.24
Board [7s 3s 8c Jd 5s]
Seat 2: willKill4$$$ (button) (small blind) folded on the River
Seat 4: TbIP-TbIP 88 (big blind) collected ($11.76)


PokerStars Hand #160545736538:  Hold'em Limit ($3/$6 USD) - 2016/10/28 9:35:14 ET
Table 'Semiramis' 6-max Seat #4 is the button
Seat 2: willKill4$$$ ($192.26 in chips)
Seat 4: TbIP-TbIP 88 ($77.76 in chips)
TbIP-TbIP 88: posts small blind $1
willKill4$$$: posts big blind $3
*** HOLE CARDS ***
TbIP-TbIP 88: raises $3 to $6
willKill4$$$: folds
Uncalled bet ($3) returned to TbIP-TbIP 88
TbIP-TbIP 88 collected $6 from pot
TbIP-TbIP 88: doesn't show hand
*** SUMMARY ***
Total pot $6 | Rake $0
Seat 2: willKill4$$$ (big blind) folded before Flop
Seat 4: TbIP-TbIP 88 (button) (small blind) collected ($6)


PokerStars Hand #160545740168:  Hold'em Limit ($3/$6 USD) - 2016/10/28 9:35:20 ET
Table 'Semiramis' 6-max Seat #2 is the button
Seat 2: willKill4$$$ ($189.26 in chips)
Seat 4: TbIP-TbIP 88 ($80.76 in chips)
willKill4$$$: posts small blind $1
TbIP-TbIP 88: posts big blind $3
*** HOLE CARDS ***
willKill4$$$: raises $3 to $6
TbIP-TbIP 88: calls $3
*** FLOP *** [7s 9s As]
TbIP-TbIP 88: checks
willKill4$$$: bets $3
TbIP-TbIP 88: raises $3 to $6
willKill4$$$: folds
Uncalled bet ($3) returned to TbIP-TbIP 88
TbIP-TbIP 88 collected $17.64 from pot
TbIP-TbIP 88: doesn't show hand
*** SUMMARY ***
Total pot $18 | Rake $0.36
Board [7s 9s As]
Seat 2: willKill4$$$ (button) (small blind) folded on the Flop
Seat 4: TbIP-TbIP 88 (big blind) collected ($17.64)


PokerStars Hand #160545747456:  Hold'em Limit ($3/$6 USD) - 2016/10/28 9:35:32 ET
Table 'Semiramis' 6-max Seat #4 is the button
Seat 2: willKill4$$$ ($180.26 in chips)
Seat 4: TbIP-TbIP 88 ($89.40 in chips)
TbIP-TbIP 88: posts small blind $1
willKill4$$$: posts big blind $3
*** HOLE CARDS ***
TbIP-TbIP 88: raises $3 to $6
willKill4$$$: folds
Uncalled bet ($3) returned to TbIP-TbIP 88
TbIP-TbIP 88 collected $6 from pot
TbIP-TbIP 88: doesn't show hand
*** SUMMARY ***
Total pot $6 | Rake $0
Seat 2: willKill4$$$ (big blind) folded before Flop
Seat 4: TbIP-TbIP 88 (button) (small blind) collected ($6)


PokerStars Hand #160545750932:  Hold'em Limit ($3/$6 USD) - 2016/10/28 9:35:38 ET
Table 'Semiramis' 6-max Seat #2 is the button
Seat 2: willKill4$$$ ($177.26 in chips)
Seat 4: TbIP-TbIP 88 ($92.40 in chips)
willKill4$$$: posts small blind $1
TbIP-TbIP 88: posts big blind $3
*** HOLE CARDS ***
willKill4$$$: raises $3 to $6
TbIP-TbIP 88: raises $3 to $9
willKill4$$$: calls $3
*** FLOP *** [Ks 3d Qc]
TbIP-TbIP 88: bets $3
willKill4$$$: calls $3
*** TURN *** [Ks 3d Qc] [2s]
TbIP-TbIP 88: bets $6
willKill4$$$: raises $6 to $12
TbIP-TbIP 88: raises $6 to $18
willKill4$$$: calls $6
*** RIVER *** [Ks 3d Qc 2s] [4s]
TbIP-TbIP 88: bets $6
willKill4$$$: calls $6
*** SHOW DOWN ***
TbIP-TbIP 88: shows [Kc Kd] (three of a kind, Kings)
willKill4$$$: mucks hand
TbIP-TbIP 88 collected $71.50 from pot
*** SUMMARY ***
Total pot $72 | Rake $0.50
Board [Ks 3d Qc 2s 4s]
Seat 2: willKill4$$$ (button) (small blind) mucked
Seat 4: TbIP-TbIP 88 (big blind) showed [Kc Kd] and won ($71.50) with three of a kind, Kings


PokerStars Hand #160545769911:  Hold'em Limit ($3/$6 USD) - 2016/10/28 9:36:10 ET
Table 'Semiramis' 6-max Seat #4 is the button
Seat 2: willKill4$$$ ($141.26 in chips)
Seat 4: TbIP-TbIP 88 ($127.90 in chips)
TbIP-TbIP 88: posts small blind $1
willKill4$$$: posts big blind $3
*** HOLE CARDS ***
TbIP-TbIP 88: folds
Uncalled bet ($2) returned to willKill4$$$
willKill4$$$ collected $2 from pot
willKill4$$$: doesn't show hand
*** SUMMARY ***
Total pot $2 | Rake $0
Seat 2: willKill4$$$ (big blind) collected ($2)
Seat 4: TbIP-TbIP 88 (button) (small blind) folded before Flop


PokerStars Hand #160545774703:  Hold'em Limit ($3/$6 USD) - 2016/10/28 9:36:19 ET
Table 'Semiramis' 6-max Seat #2 is the button
Seat 2: willKill4$$$ ($142.26 in chips)
Seat 4: TbIP-TbIP 88 ($126.90 in chips)
willKill4$$$: posts small blind $1
TbIP-TbIP 88: posts big blind $3
*** HOLE CARDS ***
willKill4$$$: raises $3 to $6
TbIP-TbIP 88: calls $3
*** FLOP *** [Tc 2h 8c]
TbIP-TbIP 88: checks
willKill4$$$: bets $3
TbIP-TbIP 88: folds
Uncalled bet ($3) returned to willKill4$$$
willKill4$$$ collected $11.76 from pot
willKill4$$$: doesn't show hand
*** SUMMARY ***
Total pot $12 | Rake $0.24
Board [Tc 2h 8c]
Seat 2: willKill4$$$ (button) (small blind) collected ($11.76)
Seat 4: TbIP-TbIP 88 (big blind) folded on the Flop


PokerStars Hand #160545781929:  Hold'em Limit ($3/$6 USD) - 2016/10/28 9:36:31 ET
Table 'Semiramis' 6-max Seat #4 is the button
Seat 2: willKill4$$$ ($148.02 in chips)
Seat 4: TbIP-TbIP 88 ($120.90 in chips)
TbIP-TbIP 88: posts small blind $1
willKill4$$$: posts big blind $3
*** HOLE CARDS ***
TbIP-TbIP 88: folds
Uncalled bet ($2) returned to willKill4$$$
willKill4$$$ collected $2 from pot
willKill4$$$: doesn't show hand
*** SUMMARY ***
Total pot $2 | Rake $0
Seat 2: willKill4$$$ (big blind) collected ($2)
Seat 4: TbIP-TbIP 88 (button) (small blind) folded before Flop


PokerStars Hand #160545786003:  Hold'em Limit ($3/$6 USD) - 2016/10/28 9:36:38 ET
Table 'Semiramis' 6-max Seat #2 is the button
Seat 2: willKill4$$$ ($149.02 in chips)
Seat 4: TbIP-TbIP 88 ($119.90 in chips)
willKill4$$$: posts small blind $1
TbIP-TbIP 88: posts big blind $3
*** HOLE CARDS ***
willKill4$$$: raises $3 to $6
TbIP-TbIP 88: raises $3 to $9
willKill4$$$: calls $3
*** FLOP *** [6c Td 8d]
TbIP-TbIP 88: bets $3
willKill4$$$: calls $3
*** TURN *** [6c Td 8d] [Jd]
TbIP-TbIP 88: bets $6
willKill4$$$: calls $6
*** RIVER *** [6c Td 8d Jd] [6s]
TbIP-TbIP 88: bets $6
willKill4$$$: raises $6 to $12
TbIP-TbIP 88: raises $6 to $18
willKill4$$$: calls $6
*** SHOW DOWN ***
TbIP-TbIP 88: shows [Ad 9d] (a flush, Ace high)
willKill4$$$: mucks hand
TbIP-TbIP 88 collected $71.50 from pot
*** SUMMARY ***
Total pot $72 | Rake $0.50
Board [6c Td 8d Jd 6s]
Seat 2: willKill4$$$ (button) (small blind) mucked
Seat 4: TbIP-TbIP 88 (big blind) showed [Ad 9d] and won ($71.50) with a flush, Ace high


PokerStars Hand #160545812982:  Hold'em Limit ($3/$6 USD) - 2016/10/28 9:37:24 ET
Table 'Semiramis' 6-max Seat #4 is the button
Seat 2: willKill4$$$ ($113.02 in chips)
Seat 4: TbIP-TbIP 88 ($155.40 in chips)
TbIP-TbIP 88: posts small blind $1
willKill4$$$: posts big blind $3
*** HOLE CARDS ***
TbIP-TbIP 88: raises $3 to $6
willKill4$$$: calls $3
*** FLOP *** [5d 4s 4h]
willKill4$$$: checks
TbIP-TbIP 88: bets $3
willKill4$$$: calls $3
*** TURN *** [5d 4s 4h] [Td]
willKill4$$$: checks
TbIP-TbIP 88: checks
*** RIVER *** [5d 4s 4h Td] [4c]
willKill4$$$: checks
TbIP-TbIP 88: checks
*** SHOW DOWN ***
willKill4$$$: shows [Qd Ah] (three of a kind, Fours)
TbIP-TbIP 88: mucks hand
willKill4$$$ collected $17.64 from pot
*** SUMMARY ***
Total pot $18 | Rake $0.36
Board [5d 4s 4h Td 4c]
Seat 2: willKill4$$$ (big blind) showed [Qd Ah] and won ($17.64) with three of a kind, Fours
Seat 4: TbIP-TbIP 88 (button) (small blind) mucked


PokerStars Hand #160545834902:  Hold'em Limit ($3/$6 USD) - 2016/10/28 9:38:02 ET
Table 'Semiramis' 6-max Seat #4 is the button
Seat 2: willKill4$$$ ($120.66 in chips)
Seat 4: TbIP-TbIP 88 ($147.40 in chips)
TbIP-TbIP 88: posts small blind $1
willKill4$$$: posts big blind $3
*** HOLE CARDS ***
TbIP-TbIP 88: folds
Uncalled bet ($2) returned to willKill4$$$
willKill4$$$ collected $2 from pot
willKill4$$$: doesn't show hand
*** SUMMARY ***
Total pot $2 | Rake $0
Seat 2: willKill4$$$ (big blind) collected ($2)
Seat 4: TbIP-TbIP 88 (button) (small blind) folded before Flop


PokerStars Hand #160545831623:  Hold'em Limit ($3/$6 USD) - 2016/10/28 9:37:56 ET
Table 'Semiramis' 6-max Seat #2 is the button
Seat 2: willKill4$$$ ($121.66 in chips)
Seat 4: TbIP-TbIP 88 ($146.40 in chips)
willKill4$$$: posts small blind $1
TbIP-TbIP 88: posts big blind $3
*** HOLE CARDS ***
willKill4$$$: folds
Uncalled bet ($2) returned to TbIP-TbIP 88
TbIP-TbIP 88 collected $2 from pot
TbIP-TbIP 88: doesn't show hand
*** SUMMARY ***
Total pot $2 | Rake $0
Seat 2: willKill4$$$ (button) (small blind) folded before Flop
Seat 4: TbIP-TbIP 88 (big blind) collected ($2)


PokerStars Hand #160545837958:  Hold'em Limit ($3/$6 USD) - 2016/10/28 9:38:07 ET
Table 'Semiramis' 6-max Seat #2 is the button
Seat 2: willKill4$$$ ($121.66 in chips)
Seat 4: TbIP-TbIP 88 ($146.40 in chips)
willKill4$$$: posts small blind $1
TbIP-TbIP 88: posts big blind $3
*** HOLE CARDS ***
willKill4$$$: folds
Uncalled bet ($2) returned to TbIP-TbIP 88
TbIP-TbIP 88 collected $2 from pot
TbIP-TbIP 88: doesn't show hand
*** SUMMARY ***
Total pot $2 | Rake $0
Seat 2: willKill4$$$ (button) (small blind) folded before Flop
Seat 4: TbIP-TbIP 88 (big blind) collected ($2)


PokerStars Hand #160545844059:  Hold'em Limit ($3/$6 USD) - 2016/10/28 9:38:18 ET
Table 'Semiramis' 6-max Seat #2 is the button
Seat 2: willKill4$$$ ($117.66 in chips)
Seat 4: TbIP-TbIP 88 ($150.40 in chips)
willKill4$$$: posts small blind $1
TbIP-TbIP 88: posts big blind $3
*** HOLE CARDS ***
willKill4$$$: folds
Uncalled bet ($2) returned to TbIP-TbIP 88
TbIP-TbIP 88 collected $2 from pot
TbIP-TbIP 88: doesn't show hand
*** SUMMARY ***
Total pot $2 | Rake $0
Seat 2: willKill4$$$ (button) (small blind) folded before Flop
Seat 4: TbIP-TbIP 88 (big blind) collected ($2)


PokerStars Hand #160545840908:  Hold'em Limit ($3/$6 USD) - 2016/10/28 9:38:12 ET
Table 'Semiramis' 6-max Seat #4 is the button
Seat 2: willKill4$$$ ($120.66 in chips)
Seat 4: TbIP-TbIP 88 ($147.40 in chips)
TbIP-TbIP 88: posts small blind $1
willKill4$$$: posts big blind $3
*** HOLE CARDS ***
TbIP-TbIP 88: raises $3 to $6
willKill4$$$: folds
Uncalled bet ($3) returned to TbIP-TbIP 88
TbIP-TbIP 88 collected $6 from pot
TbIP-TbIP 88: doesn't show hand
*** SUMMARY ***
Total pot $6 | Rake $0
Seat 2: willKill4$$$ (big blind) folded before Flop
Seat 4: TbIP-TbIP 88 (button) (small blind) collected ($6)


PokerStars Hand #160545846792:  Hold'em Limit ($3/$6 USD) - 2016/10/28 9:38:22 ET
Table 'Semiramis' 6-max Seat #4 is the button
Seat 2: willKill4$$$ ($116.66 in chips)
Seat 4: TbIP-TbIP 88 ($151.40 in chips)
TbIP-TbIP 88: posts small blind $1
willKill4$$$: posts big blind $3
*** HOLE CARDS ***
TbIP-TbIP 88: raises $3 to $6
willKill4$$$: folds
Uncalled bet ($3) returned to TbIP-TbIP 88
TbIP-TbIP 88 collected $6 from pot
TbIP-TbIP 88: doesn't show hand
*** SUMMARY ***
Total pot $6 | Rake $0
Seat 2: willKill4$$$ (big blind) folded before Flop
Seat 4: TbIP-TbIP 88 (button) (small blind) collected ($6)


