PokerStars Hand #168111402602:  Hold'em Limit ($3/$6 USD) - 2017/03/25 19:15:34 ET
Table 'Semirot' 10-max Seat #6 is the button
Seat 2: GoliafUa ($120 in chips)
Seat 6: FHstyles ($80.50 in chips)
FHstyles: posts small blind $1
GoliafUa: posts big blind $3
*** HOLE CARDS ***
flipflop0890 leaves the table
FHstyles: folds
Uncalled bet ($2) returned to GoliafUa
FHstyles leaves the table
GoliafUa collected $2 from pot
GoliafUa: doesn't show hand
*** SUMMARY ***
Total pot $2 | Rake $0
Seat 2: GoliafUa (big blind) collected ($2)
Seat 6: FHstyles (button) (small blind) folded before Flop


PokerStars Hand #168111384973:  Hold'em Limit ($3/$6 USD) - 2017/03/25 19:15:09 ET
Table 'Semirot' 10-max Seat #1 is the button
Seat 1: flipflop0890 ($83.53 in chips)
Seat 6: FHstyles ($60 in chips)
GoliafUa: is sitting out
flipflop0890: posts small blind $1
FHstyles: posts big blind $3
*** HOLE CARDS ***
flipflop0890: calls $2
FHstyles: raises $3 to $6
flipflop0890: calls $3
*** FLOP *** [2d Jh 4h]
FHstyles: bets $3
flipflop0890: calls $3
*** TURN *** [2d Jh 4h] [Kh]
FHstyles: bets $6
flipflop0890: calls $6
*** RIVER *** [2d Jh 4h Kh] [Ts]
FHstyles: bets $6
flipflop0890: calls $6
*** SHOW DOWN ***
FHstyles: shows [Jd Kd] (two pair, Kings and Jacks)
flipflop0890: mucks hand
FHstyles collected $41.50 from pot
*** SUMMARY ***
Total pot $42 | Rake $0.50
Board [2d Jh 4h Kh Ts]
Seat 1: flipflop0890 (button) (small blind) mucked
Seat 6: FHstyles (big blind) showed [Jd Kd] and won ($41.50) with two pair, Kings and Jacks


