PokerStars Hand #149517455686:  Hold'em Limit ($3/$6 USD) - 2016/02/27 15:30:38 ET
Table 'Semirot' 6-max Seat #6 is the button
Seat 4: anetkaapro ($72 in chips)
Seat 6: schänzli ($1332.08 in chips)
schänzli: posts small blind $1
anetkaapro: posts big blind $3
*** HOLE CARDS ***
schänzli: raises $3 to $6
anetkaapro: calls $3
*** FLOP *** [Qs Kh 7s]
anetkaapro: checks
schänzli: bets $3
anetkaapro: calls $3
*** TURN *** [Qs Kh 7s] [2h]
anetkaapro: checks
schänzli: bets $6
anetkaapro: calls $6
*** RIVER *** [Qs Kh 7s 2h] [8h]
anetkaapro: checks
schänzli: checks
*** SHOW DOWN ***
anetkaapro: shows [As 9d] (high card Ace)
schänzli: mucks hand
anetkaapro collected $29.50 from pot
*** SUMMARY ***
Total pot $30 | Rake $0.50
Board [Qs Kh 7s 2h 8h]
Seat 4: anetkaapro (big blind) showed [As 9d] and won ($29.50) with high card Ace
Seat 6: schänzli (button) (small blind) mucked


PokerStars Hand #149517552052:  Hold'em Limit ($3/$6 USD) - 2016/02/27 15:32:08 ET
Table 'Semirot' 6-max Seat #4 is the button
Seat 4: anetkaapro ($90.50 in chips)
Seat 6: schänzli ($1313.08 in chips)
anetkaapro: posts small blind $1
schänzli: posts big blind $3
*** HOLE CARDS ***
anetkaapro: raises $3 to $6
schänzli: calls $3
*** FLOP *** [7c 2d 6s]
schänzli: checks
anetkaapro: bets $3
schänzli: calls $3
*** TURN *** [7c 2d 6s] [Jd]
schänzli: checks
anetkaapro: bets $6
schänzli: calls $6
*** RIVER *** [7c 2d 6s Jd] [Ah]
schänzli: checks
anetkaapro: checks
*** SHOW DOWN ***
schänzli: shows [5s 3s] (high card Ace)
anetkaapro: shows [8c Jh] (a pair of Jacks)
anetkaapro collected $29.50 from pot
*** SUMMARY ***
Total pot $30 | Rake $0.50
Board [7c 2d 6s Jd Ah]
Seat 4: anetkaapro (button) (small blind) showed [8c Jh] and won ($29.50) with a pair of Jacks
Seat 6: schänzli (big blind) showed [5s 3s] and lost with high card Ace


PokerStars Hand #149517685801:  Hold'em Limit ($3/$6 USD) - 2016/02/27 15:34:12 ET
Table 'Semirot' 6-max Seat #6 is the button
Seat 4: anetkaapro ($122.50 in chips)
Seat 6: schänzli ($1279.48 in chips)
schänzli: posts small blind $1
anetkaapro: posts big blind $3
*** HOLE CARDS ***
schänzli: folds
Uncalled bet ($2) returned to anetkaapro
anetkaapro collected $2 from pot
anetkaapro: doesn't show hand
*** SUMMARY ***
Total pot $2 | Rake $0
Seat 4: anetkaapro (big blind) collected ($2)
Seat 6: schänzli (button) (small blind) folded before Flop


PokerStars Hand #149517652453:  Hold'em Limit ($3/$6 USD) - 2016/02/27 15:33:42 ET
Table 'Semirot' 6-max Seat #4 is the button
Seat 4: anetkaapro ($131.50 in chips)
Seat 6: schänzli ($1270.84 in chips)
anetkaapro: posts small blind $1
schänzli: posts big blind $3
*** HOLE CARDS ***
anetkaapro: raises $3 to $6
schänzli: calls $3
*** FLOP *** [9h 8s 5d]
schänzli: checks
anetkaapro: bets $3
schänzli: raises $3 to $6
anetkaapro: folds
Uncalled bet ($3) returned to schänzli
schänzli collected $17.64 from pot
schänzli: doesn't show hand
*** SUMMARY ***
Total pot $18 | Rake $0.36
Board [9h 8s 5d]
Seat 4: anetkaapro (button) (small blind) folded on the Flop
Seat 6: schänzli (big blind) collected ($17.64)


PokerStars Hand #149517640742:  Hold'em Limit ($3/$6 USD) - 2016/02/27 15:33:31 ET
Table 'Semirot' 6-max Seat #6 is the button
Seat 4: anetkaapro ($137.50 in chips)
Seat 6: schänzli ($1265.08 in chips)
schänzli: posts small blind $1
anetkaapro: posts big blind $3
*** HOLE CARDS ***
schänzli: raises $3 to $6
anetkaapro: calls $3
*** FLOP *** [3d Ts Jh]
anetkaapro: checks
schänzli: bets $3
anetkaapro: folds
Uncalled bet ($3) returned to schänzli
schänzli collected $11.76 from pot
schänzli: doesn't show hand
*** SUMMARY ***
Total pot $12 | Rake $0.24
Board [3d Ts Jh]
Seat 4: anetkaapro (big blind) folded on the Flop
Seat 6: schänzli (button) (small blind) collected ($11.76)


PokerStars Hand #149517634123:  Hold'em Limit ($3/$6 USD) - 2016/02/27 15:33:24 ET
Table 'Semirot' 6-max Seat #4 is the button
Seat 4: anetkaapro ($134.50 in chips)
Seat 6: schänzli ($1268.08 in chips)
anetkaapro: posts small blind $1
schänzli: posts big blind $3
*** HOLE CARDS ***
anetkaapro: raises $3 to $6
schänzli: folds
Uncalled bet ($3) returned to anetkaapro
anetkaapro collected $6 from pot
anetkaapro: doesn't show hand
*** SUMMARY ***
Total pot $6 | Rake $0
Seat 4: anetkaapro (button) (small blind) collected ($6)
Seat 6: schänzli (big blind) folded before Flop


PokerStars Hand #149517600852:  Hold'em Limit ($3/$6 USD) - 2016/02/27 15:32:54 ET
Table 'Semirot' 6-max Seat #6 is the button
Seat 4: anetkaapro ($105 in chips)
Seat 6: schänzli ($1298.08 in chips)
schänzli: posts small blind $1
anetkaapro: posts big blind $3
*** HOLE CARDS ***
schänzli: raises $3 to $6
anetkaapro: raises $3 to $9
schänzli: calls $3
*** FLOP *** [Tc 4s Jc]
anetkaapro: bets $3
schänzli: calls $3
*** TURN *** [Tc 4s Jc] [4c]
anetkaapro: bets $6
schänzli: raises $6 to $12
anetkaapro: raises $6 to $18
schänzli: calls $6
*** RIVER *** [Tc 4s Jc 4c] [2h]
anetkaapro: bets $6
schänzli: folds
Uncalled bet ($6) returned to anetkaapro
anetkaapro collected $59.50 from pot
anetkaapro: doesn't show hand
*** SUMMARY ***
Total pot $60 | Rake $0.50
Board [Tc 4s Jc 4c 2h]
Seat 4: anetkaapro (big blind) collected ($59.50)
Seat 6: schänzli (button) (small blind) folded on the River


PokerStars Hand #149517691147:  Hold'em Limit ($3/$6 USD) - 2016/02/27 15:34:17 ET
Table 'Semirot' 6-max Seat #4 is the button
Seat 4: anetkaapro ($123.50 in chips)
Seat 6: schänzli ($1278.48 in chips)
anetkaapro: posts small blind $1
schänzli: posts big blind $3
*** HOLE CARDS ***
anetkaapro: raises $3 to $6
schänzli: calls $3
*** FLOP *** [5d Qd 5c]
schänzli: checks
anetkaapro: bets $3
schänzli: folds
Uncalled bet ($3) returned to anetkaapro
anetkaapro collected $11.76 from pot
anetkaapro: doesn't show hand
*** SUMMARY ***
Total pot $12 | Rake $0.24
Board [5d Qd 5c]
Seat 4: anetkaapro (button) (small blind) collected ($11.76)
Seat 6: schänzli (big blind) folded on the Flop


PokerStars Hand #149517725361:  Hold'em Limit ($3/$6 USD) - 2016/02/27 15:34:49 ET
Table 'Semirot' 6-max Seat #4 is the button
Seat 4: anetkaapro ($130.26 in chips)
Seat 6: schänzli ($1271.48 in chips)
anetkaapro: posts small blind $1
schänzli: posts big blind $3
*** HOLE CARDS ***
anetkaapro: folds
Uncalled bet ($2) returned to schänzli
schänzli collected $2 from pot
schänzli: doesn't show hand
*** SUMMARY ***
Total pot $2 | Rake $0
Seat 4: anetkaapro (button) (small blind) folded before Flop
Seat 6: schänzli (big blind) collected ($2)


PokerStars Hand #149517720553:  Hold'em Limit ($3/$6 USD) - 2016/02/27 15:34:45 ET
Table 'Semirot' 6-max Seat #6 is the button
Seat 4: anetkaapro ($129.26 in chips)
Seat 6: schänzli ($1272.48 in chips)
schänzli: posts small blind $1
anetkaapro: posts big blind $3
*** HOLE CARDS ***
schänzli: folds
Uncalled bet ($2) returned to anetkaapro
anetkaapro collected $2 from pot
anetkaapro: doesn't show hand
*** SUMMARY ***
Total pot $2 | Rake $0
Seat 4: anetkaapro (big blind) collected ($2)
Seat 6: schänzli (button) (small blind) folded before Flop


PokerStars Hand #149517758997:  Hold'em Limit ($3/$6 USD) - 2016/02/27 15:35:20 ET
Table 'Semirot' 6-max Seat #4 is the button
Seat 4: anetkaapro ($152.76 in chips)
Seat 6: schänzli ($1248.48 in chips)
anetkaapro: posts small blind $1
schänzli: posts big blind $3
*** HOLE CARDS ***
anetkaapro: raises $3 to $6
schänzli: calls $3
*** FLOP *** [Tc Ks 5h]
schänzli: checks
anetkaapro: bets $3
schänzli: calls $3
*** TURN *** [Tc Ks 5h] [3h]
schänzli: checks
anetkaapro: bets $6
schänzli: calls $6
*** RIVER *** [Tc Ks 5h 3h] [Ah]
schänzli: checks
anetkaapro: checks
*** SHOW DOWN ***
schänzli: shows [7h 5c] (a pair of Fives)
anetkaapro: shows [Ts 7d] (a pair of Tens)
anetkaapro collected $29.50 from pot
*** SUMMARY ***
Total pot $30 | Rake $0.50
Board [Tc Ks 5h 3h Ah]
Seat 4: anetkaapro (button) (small blind) showed [Ts 7d] and won ($29.50) with a pair of Tens
Seat 6: schänzli (big blind) showed [7h 5c] and lost with a pair of Fives


PokerStars Hand #149517730658:  Hold'em Limit ($3/$6 USD) - 2016/02/27 15:34:54 ET
Table 'Semirot' 6-max Seat #6 is the button
Seat 4: anetkaapro ($129.26 in chips)
Seat 6: schänzli ($1272.48 in chips)
schänzli: posts small blind $1
anetkaapro: posts big blind $3
*** HOLE CARDS ***
schänzli: raises $3 to $6
anetkaapro: calls $3
*** FLOP *** [9c 9d Js]
anetkaapro: checks
schänzli: bets $3
sismos404 joins the table at seat #1
anetkaapro: raises $3 to $6
schänzli: calls $3
*** TURN *** [9c 9d Js] [9s]
anetkaapro: bets $6
schänzli: calls $6
*** RIVER *** [9c 9d Js 9s] [7s]
anetkaapro: bets $6
schänzli: calls $6
*** SHOW DOWN ***
anetkaapro: shows [Jc 6d] (a full house, Nines full of Jacks)
schänzli: mucks hand
anetkaapro collected $47.50 from pot
*** SUMMARY ***
Total pot $48 | Rake $0.50
Board [9c 9d Js 9s 7s]
Seat 4: anetkaapro (big blind) showed [Jc 6d] and won ($47.50) with a full house, Nines full of Jacks
Seat 6: schänzli (button) (small blind) mucked


