PokerStars Hand #162702877164:  Hold'em Limit ($3/$6 USD) - 2016/12/10 3:23:39 ET
Table 'Semphyra' 6-max Seat #3 is the button
Seat 3: mauro-neco ($15 in chips)
Seat 4: Agrotait ($86.40 in chips)
mauro-neco: posts small blind $1
Agrotait: posts big blind $3
*** HOLE CARDS ***
mauro-neco: raises $3 to $6
Agrotait: calls $3
*** FLOP *** [3c 9d Kc]
Agrotait: checks
mauro-neco: bets $3
Agrotait: folds
Uncalled bet ($3) returned to mauro-neco
mauro-neco collected $11.76 from pot
mauro-neco: doesn't show hand
*** SUMMARY ***
Total pot $12 | Rake $0.24
Board [3c 9d Kc]
Seat 3: mauro-neco (button) (small blind) collected ($11.76)
Seat 4: Agrotait (big blind) folded on the Flop


PokerStars Hand #162702859834:  Hold'em Limit ($3/$6 USD) - 2016/12/10 3:22:49 ET
Table 'Semphyra' 6-max Seat #3 is the button
Seat 3: mauro-neco ($30 in chips)
Seat 4: Agrotait ($72 in chips)
mauro-neco: posts small blind $1
Agrotait: posts big blind $3
*** HOLE CARDS ***
mauro-neco: calls $2
Agrotait: raises $3 to $6
mauro-neco: calls $3
*** FLOP *** [8h 2s 9h]
Agrotait: bets $3
mauro-neco: calls $3
*** TURN *** [8h 2s 9h] [Td]
Agrotait: checks
mauro-neco: checks
*** RIVER *** [8h 2s 9h Td] [Th]
Agrotait: bets $6
mauro-neco: folds
Uncalled bet ($6) returned to Agrotait
Agrotait collected $17.64 from pot
Agrotait: doesn't show hand
*** SUMMARY ***
Total pot $18 | Rake $0.36
Board [8h 2s 9h Td Th]
Seat 3: mauro-neco (button) (small blind) folded on the River
Seat 4: Agrotait (big blind) collected ($17.64)


PokerStars Hand #162702870447:  Hold'em Limit ($3/$6 USD) - 2016/12/10 3:23:19 ET
Table 'Semphyra' 6-max Seat #4 is the button
Seat 3: mauro-neco ($21 in chips)
Seat 4: Agrotait ($80.64 in chips)
Agrotait: posts small blind $1
mauro-neco: posts big blind $3
*** HOLE CARDS ***
Agrotait: raises $3 to $6
mauro-neco: calls $3
*** FLOP *** [5c Qd 4h]
mauro-neco: checks
Agrotait: bets $3
mauro-neco: folds
Uncalled bet ($3) returned to Agrotait
Agrotait collected $11.76 from pot
Agrotait: doesn't show hand
*** SUMMARY ***
Total pot $12 | Rake $0.24
Board [5c Qd 4h]
Seat 3: mauro-neco (big blind) folded on the Flop
Seat 4: Agrotait (button) (small blind) collected ($11.76)


PokerStars Hand #162702887986:  Hold'em Limit ($3/$6 USD) - 2016/12/10 3:24:10 ET
Table 'Semphyra' 6-max Seat #4 is the button
Seat 3: mauro-neco ($20.76 in chips)
Seat 4: Agrotait ($80.40 in chips)
Agrotait: posts small blind $1
mauro-neco: posts big blind $3
*** HOLE CARDS ***
Agrotait: folds
Uncalled bet ($2) returned to mauro-neco
mauro-neco collected $2 from pot
mauro-neco: doesn't show hand
*** SUMMARY ***
Total pot $2 | Rake $0
Seat 3: mauro-neco (big blind) collected ($2)
Seat 4: Agrotait (button) (small blind) folded before Flop


PokerStars Hand #162702972931:  Hold'em Limit ($3/$6 USD) - 2016/12/10 3:28:19 ET
Table 'Semphyra' 6-max Seat #5 is the button
Seat 5: karambakilla ($123.34 in chips)
Seat 6: supersjakie ($122.76 in chips)
karambakilla: posts small blind $1
supersjakie: posts big blind $3
*** HOLE CARDS ***
karambakilla: raises $3 to $6
supersjakie: raises $3 to $9
karambakilla: calls $3
*** FLOP *** [8s Kh 4h]
supersjakie: bets $3
karambakilla: calls $3
*** TURN *** [8s Kh 4h] [2s]
supersjakie: bets $6
karambakilla: raises $6 to $12
supersjakie: raises $6 to $18
karambakilla: calls $6
*** RIVER *** [8s Kh 4h 2s] [9c]
supersjakie: bets $6
karambakilla: calls $6
*** SHOW DOWN ***
supersjakie: shows [8h Kc] (two pair, Kings and Eights)
karambakilla: mucks hand
supersjakie collected $71.50 from pot
*** SUMMARY ***
Total pot $72 | Rake $0.50
Board [8s Kh 4h 2s 9c]
Seat 5: karambakilla (button) (small blind) mucked
Seat 6: supersjakie (big blind) showed [8h Kc] and won ($71.50) with two pair, Kings and Eights


PokerStars Hand #162702980935:  Hold'em Limit ($3/$6 USD) - 2016/12/10 3:28:43 ET
Table 'Semphyra' 6-max Seat #6 is the button
Seat 5: karambakilla ($87.34 in chips)
Seat 6: supersjakie ($158.26 in chips)
supersjakie: posts small blind $1
karambakilla: posts big blind $3
*** HOLE CARDS ***
supersjakie: raises $3 to $6
karambakilla: calls $3
*** FLOP *** [5s 3d 7c]
karambakilla: checks
supersjakie: bets $3
karambakilla: calls $3
*** TURN *** [5s 3d 7c] [3c]
karambakilla: checks
supersjakie: bets $6
karambakilla: folds
Uncalled bet ($6) returned to supersjakie
supersjakie collected $17.64 from pot
*** SUMMARY ***
Total pot $18 | Rake $0.36
Board [5s 3d 7c 3c]
Seat 5: karambakilla (big blind) folded on the Turn
Seat 6: supersjakie (button) (small blind) collected ($17.64)


PokerStars Hand #162702965475:  Hold'em Limit ($3/$6 USD) - 2016/12/10 3:27:58 ET
Table 'Semphyra' 6-max Seat #6 is the button
Seat 5: karambakilla ($129.34 in chips)
Seat 6: supersjakie ($117 in chips)
supersjakie: posts small blind $1
Agrotait: is sitting out
karambakilla: posts big blind $3
*** HOLE CARDS ***
supersjakie: raises $3 to $6
karambakilla: calls $3
*** FLOP *** [Jc 6c 6h]
karambakilla: checks
supersjakie: bets $3
karambakilla: folds
Uncalled bet ($3) returned to supersjakie
supersjakie collected $11.76 from pot
*** SUMMARY ***
Total pot $12 | Rake $0.24
Board [Jc 6c 6h]
Seat 5: karambakilla (big blind) folded on the Flop
Seat 6: supersjakie (button) (small blind) collected ($11.76)


