PokerStars Hand #176879559185:  Hold'em Limit ($3/$6 USD) - 2017/10/13 18:24:48 ET
Table 'Senta II' 6-max Seat #1 is the button
Seat 1: Ag3r0n ($172.33 in chips)
Seat 4: krutan ($85.86 in chips)
Ag3r0n: posts small blind $1
krutan: posts big blind $3
*** HOLE CARDS ***
Ag3r0n: raises $3 to $6
krutan: calls $3
*** FLOP *** [5s 4h 7h]
krutan: checks
Ag3r0n: checks
*** TURN *** [5s 4h 7h] [Jd]
krutan: bets $6
Ag3r0n: folds
Uncalled bet ($6) returned to krutan
krutan collected $11.76 from pot
krutan: doesn't show hand
*** SUMMARY ***
Total pot $12 | Rake $0.24
Board [5s 4h 7h Jd]
Seat 1: Ag3r0n (button) (small blind) folded on the Turn
Seat 4: krutan (big blind) collected ($11.76)


PokerStars Hand #176879553447:  Hold'em Limit ($3/$6 USD) - 2017/10/13 18:24:39 ET
Table 'Senta II' 6-max Seat #4 is the button
Seat 1: Ag3r0n ($175.33 in chips)
Seat 4: krutan ($82.86 in chips)
krutan: posts small blind $1
Ag3r0n: posts big blind $3
*** HOLE CARDS ***
krutan: raises $3 to $6
Ag3r0n: folds
Uncalled bet ($3) returned to krutan
krutan collected $6 from pot
krutan: doesn't show hand
*** SUMMARY ***
Total pot $6 | Rake $0
Seat 1: Ag3r0n (big blind) folded before Flop
Seat 4: krutan (button) (small blind) collected ($6)


PokerStars Hand #176879538859:  Hold'em Limit ($3/$6 USD) - 2017/10/13 18:24:18 ET
Table 'Senta II' 6-max Seat #1 is the button
Seat 1: Ag3r0n ($133.83 in chips)
Seat 4: krutan ($124.86 in chips)
Ag3r0n: posts small blind $1
AzureCaper: is sitting out
krutan: posts big blind $3
*** HOLE CARDS ***
Juociai leaves the table
Ag3r0n: raises $3 to $6
krutan: raises $3 to $9
Ag3r0n: calls $3
*** FLOP *** [3s 5s 6s]
krutan: bets $3
Ag3r0n: calls $3
*** TURN *** [3s 5s 6s] [Tc]
krutan: bets $6
Ag3r0n: raises $6 to $12
krutan: raises $6 to $18
Ag3r0n: raises $6 to $24
Betting is capped
AzureCaper leaves the table
krutan: calls $6
*** RIVER *** [3s 5s 6s Tc] [9c]
krutan: checks
Ag3r0n: bets $6
krutan: calls $6
*** SHOW DOWN ***
Ag3r0n: shows [As 8s] (a flush, Ace high)
krutan: mucks hand
Ag3r0n collected $83.50 from pot
*** SUMMARY ***
Total pot $84 | Rake $0.50
Board [3s 5s 6s Tc 9c]
Seat 1: Ag3r0n (button) (small blind) showed [As 8s] and won ($83.50) with a flush, Ace high
Seat 4: krutan (big blind) mucked


PokerStars Hand #176879602527:  Hold'em Limit ($3/$6 USD) - 2017/10/13 18:25:51 ET
Table 'Senta II' 6-max Seat #4 is the button
Seat 1: Ag3r0n ($213.09 in chips)
Seat 4: krutan ($43.62 in chips)
krutan: posts small blind $1
Ag3r0n: posts big blind $3
*** HOLE CARDS ***
krutan: raises $3 to $6
Ag3r0n: calls $3
*** FLOP *** [Ad Ah 5s]
Ag3r0n: checks
krutan: bets $3
Ag3r0n: calls $3
*** TURN *** [Ad Ah 5s] [Tc]
Ag3r0n: checks
krutan: bets $6
Ag3r0n: folds
Uncalled bet ($6) returned to krutan
krutan collected $17.64 from pot
krutan: doesn't show hand
*** SUMMARY ***
Total pot $18 | Rake $0.36
Board [Ad Ah 5s Tc]
Seat 1: Ag3r0n (big blind) folded on the Turn
Seat 4: krutan (button) (small blind) collected ($17.64)


PokerStars Hand #176879591275:  Hold'em Limit ($3/$6 USD) - 2017/10/13 18:25:35 ET
Table 'Senta II' 6-max Seat #1 is the button
Seat 1: Ag3r0n ($189.59 in chips)
Seat 4: krutan ($67.62 in chips)
Ag3r0n: posts small blind $1
krutan: posts big blind $3
*** HOLE CARDS ***
Ag3r0n: raises $3 to $6
krutan: raises $3 to $9
Ag3r0n: calls $3
*** FLOP *** [6c 3c Tc]
krutan: bets $3
Ag3r0n: calls $3
*** TURN *** [6c 3c Tc] [5s]
krutan: checks
Ag3r0n: bets $6
krutan: calls $6
*** RIVER *** [6c 3c Tc 5s] [3d]
krutan: checks
Ag3r0n: bets $6
krutan: calls $6
*** SHOW DOWN ***
Ag3r0n: shows [4d 7d] (a straight, Three to Seven)
krutan: mucks hand
Ag3r0n collected $47.50 from pot
*** SUMMARY ***
Total pot $48 | Rake $0.50
Board [6c 3c Tc 5s 3d]
Seat 1: Ag3r0n (button) (small blind) showed [4d 7d] and won ($47.50) with a straight, Three to Seven
Seat 4: krutan (big blind) mucked


PokerStars Hand #176879588104:  Hold'em Limit ($3/$6 USD) - 2017/10/13 18:25:30 ET
Table 'Senta II' 6-max Seat #4 is the button
Seat 1: Ag3r0n ($192.59 in chips)
Seat 4: krutan ($64.62 in chips)
krutan: posts small blind $1
Ag3r0n: posts big blind $3
*** HOLE CARDS ***
krutan: raises $3 to $6
Ag3r0n: folds
Uncalled bet ($3) returned to krutan
krutan collected $6 from pot
krutan: doesn't show hand
*** SUMMARY ***
Total pot $6 | Rake $0
Seat 1: Ag3r0n (big blind) folded before Flop
Seat 4: krutan (button) (small blind) collected ($6)


PokerStars Hand #176879582486:  Hold'em Limit ($3/$6 USD) - 2017/10/13 18:25:22 ET
Table 'Senta II' 6-max Seat #1 is the button
Seat 1: Ag3r0n ($186.83 in chips)
Seat 4: krutan ($70.62 in chips)
Ag3r0n: posts small blind $1
krutan: posts big blind $3
*** HOLE CARDS ***
Ag3r0n: raises $3 to $6
krutan: calls $3
*** FLOP *** [5s Ks 2d]
krutan: checks
Ag3r0n: bets $3
krutan: folds
Uncalled bet ($3) returned to Ag3r0n
Ag3r0n collected $11.76 from pot
Ag3r0n: doesn't show hand
*** SUMMARY ***
Total pot $12 | Rake $0.24
Board [5s Ks 2d]
Seat 1: Ag3r0n (button) (small blind) collected ($11.76)
Seat 4: krutan (big blind) folded on the Flop


PokerStars Hand #176879569285:  Hold'em Limit ($3/$6 USD) - 2017/10/13 18:25:02 ET
Table 'Senta II' 6-max Seat #4 is the button
Seat 1: Ag3r0n ($166.33 in chips)
Seat 4: krutan ($91.62 in chips)
krutan: posts small blind $1
Ag3r0n: posts big blind $3
*** HOLE CARDS ***
krutan: raises $3 to $6
Ag3r0n: calls $3
*** FLOP *** [4s 5c 2s]
Ag3r0n: checks
krutan: bets $3
Ag3r0n: calls $3
*** TURN *** [4s 5c 2s] [Js]
Ag3r0n: checks
krutan: bets $6
Ag3r0n: raises $6 to $12
krutan: calls $6
*** RIVER *** [4s 5c 2s Js] [5h]
Ag3r0n: bets $6
krutan: folds
Uncalled bet ($6) returned to Ag3r0n
Ag3r0n collected $41.50 from pot
Ag3r0n: doesn't show hand
*** SUMMARY ***
Total pot $42 | Rake $0.50
Board [4s 5c 2s Js 5h]
Seat 1: Ag3r0n (big blind) collected ($41.50)
Seat 4: krutan (button) (small blind) folded on the River


PokerStars Hand #176879610839:  Hold'em Limit ($3/$6 USD) - 2017/10/13 18:26:03 ET
Table 'Senta II' 6-max Seat #1 is the button
Seat 1: Ag3r0n ($204.09 in chips)
Seat 4: krutan ($52.26 in chips)
Ag3r0n: posts small blind $1
krutan: posts big blind $3
*** HOLE CARDS ***
Ag3r0n: raises $3 to $6
krutan: raises $3 to $9
Ag3r0n: raises $3 to $12
Betting is capped
krutan: calls $3
*** FLOP *** [7c 2d 6s]
krutan: checks
Ag3r0n: bets $3
krutan: calls $3
*** TURN *** [7c 2d 6s] [Qd]
krutan: checks
Ag3r0n: bets $6
krutan: calls $6
*** RIVER *** [7c 2d 6s Qd] [6h]
krutan: checks
Ag3r0n: bets $6
krutan: calls $6
*** SHOW DOWN ***
Ag3r0n: shows [Jd Jc] (two pair, Jacks and Sixes)
krutan: mucks hand
Ag3r0n collected $53.50 from pot
*** SUMMARY ***
Total pot $54 | Rake $0.50
Board [7c 2d 6s Qd 6h]
Seat 1: Ag3r0n (button) (small blind) showed [Jd Jc] and won ($53.50) with two pair, Jacks and Sixes
Seat 4: krutan (big blind) mucked


PokerStars Hand #176879635308:  Hold'em Limit ($3/$6 USD) - 2017/10/13 18:26:39 ET
Table 'Senta II' 6-max Seat #1 is the button
Seat 1: Ag3r0n ($242.11 in chips)
Seat 4: krutan ($13.26 in chips)
Ag3r0n: posts small blind $1
krutan: posts big blind $3
*** HOLE CARDS ***
Ag3r0n: raises $3 to $6
krutan: raises $3 to $9
Ag3r0n: calls $3
*** FLOP *** [Ks Ac Qc]
krutan: bets $3
Ag3r0n: calls $3
*** TURN *** [Ks Ac Qc] [6c]
krutan: bets $1.26 and is all-in
Ag3r0n: calls $1.26
*** RIVER *** [Ks Ac Qc 6c] [3d]
*** SHOW DOWN ***
krutan: shows [8d 8s] (a pair of Eights)
Ag3r0n: shows [6d Qh] (two pair, Queens and Sixes)
Ag3r0n collected $26.02 from pot
*** SUMMARY ***
Total pot $26.52 | Rake $0.50
Board [Ks Ac Qc 6c 3d]
Seat 1: Ag3r0n (button) (small blind) showed [6d Qh] and won ($26.02) with two pair, Queens and Sixes
Seat 4: krutan (big blind) showed [8d 8s] and lost with a pair of Eights


PokerStars Hand #176879622398:  Hold'em Limit ($3/$6 USD) - 2017/10/13 18:26:20 ET
Table 'Senta II' 6-max Seat #4 is the button
Seat 1: Ag3r0n ($230.59 in chips)
Seat 4: krutan ($25.26 in chips)
krutan: posts small blind $1
Ag3r0n: posts big blind $3
*** HOLE CARDS ***
krutan: raises $3 to $6
Ag3r0n: calls $3
*** FLOP *** [6c Kd Jc]
Ag3r0n: checks
krutan: bets $3
Ag3r0n: raises $3 to $6
krutan: calls $3
*** TURN *** [6c Kd Jc] [Qh]
Ag3r0n: checks
krutan: checks
*** RIVER *** [6c Kd Jc Qh] [2c]
Ag3r0n: bets $6
krutan: folds
Uncalled bet ($6) returned to Ag3r0n
Ag3r0n collected $23.52 from pot
Ag3r0n: doesn't show hand
*** SUMMARY ***
Total pot $24 | Rake $0.48
Board [6c Kd Jc Qh 2c]
Seat 1: Ag3r0n (big blind) collected ($23.52)
Seat 4: krutan (button) (small blind) folded on the River


