PokerStars Hand #153624728459:  Hold'em Limit ($3/$6 USD) - 2016/05/21 6:29:33 ET
Table 'Seppina' 6-max Seat #6 is the button
Seat 2: Ag3r0n ($72 in chips)
Seat 6: belik555 ($165.49 in chips)
belik555: posts small blind $1
HAL9QQQ: is sitting out
Ag3r0n: posts big blind $3
*** HOLE CARDS ***
sda.80.16 joins the table at seat #5
belik555: raises $3 to $6
Ag3r0n: calls $3
*** FLOP *** [7h Td 8c]
Ag3r0n: checks
belik555: bets $3
Ag3r0n: folds
Uncalled bet ($3) returned to belik555
belik555 collected $11.76 from pot
belik555: doesn't show hand
*** SUMMARY ***
Total pot $12 | Rake $0.24
Board [7h Td 8c]
Seat 2: Ag3r0n (big blind) folded on the Flop
Seat 6: belik555 (button) (small blind) collected ($11.76)


PokerStars Hand #153625901411:  Hold'em Limit ($3/$6 USD) - 2016/05/21 7:13:53 ET
Table 'Seppina' 6-max Seat #2 is the button
Seat 2: Ag3r0n ($260.99 in chips)
Seat 4: Tryptamean ($120 in chips)
pasha6o will be allowed to play after the button
Ag3r0n: posts small blind $1
Tryptamean: posts big blind $3
*** HOLE CARDS ***
Ag3r0n: folds
Uncalled bet ($2) returned to Tryptamean
Tryptamean collected $2 from pot
Tryptamean: doesn't show hand
*** SUMMARY ***
Total pot $2 | Rake $0
Seat 2: Ag3r0n (button) (small blind) folded before Flop
Seat 4: Tryptamean (big blind) collected ($2)


