PokerStars Hand #165487220744:  Hold'em Limit ($3/$6 USD) - 2017/01/31 20:26:44 ET
Table 'Seppina' 6-max Seat #4 is the button
Seat 4: Silverfox247 ($74.11 in chips)
Seat 5: Great_Kang ($219.59 in chips)
Silverfox247: posts small blind $1
Great_Kang: posts big blind $3
*** HOLE CARDS ***
Silverfox247: folds
Uncalled bet ($2) returned to Great_Kang
Great_Kang collected $2 from pot
Great_Kang: doesn't show hand
*** SUMMARY ***
Total pot $2 | Rake $0
Seat 4: Silverfox247 (button) (small blind) folded before Flop
Seat 5: Great_Kang (big blind) collected ($2)


PokerStars Hand #165487213910:  Hold'em Limit ($3/$6 USD) - 2017/01/31 20:26:32 ET
Table 'Seppina' 6-max Seat #5 is the button
Seat 4: Silverfox247 ($73.11 in chips)
Seat 5: Great_Kang ($220.59 in chips)
Great_Kang: posts small blind $1
Silverfox247: posts big blind $3
*** HOLE CARDS ***
Great_Kang: folds
Uncalled bet ($2) returned to Silverfox247
Silverfox247 collected $2 from pot
Silverfox247: doesn't show hand
*** SUMMARY ***
Total pot $2 | Rake $0
Seat 4: Silverfox247 (big blind) collected ($2)
Seat 5: Great_Kang (button) (small blind) folded before Flop


PokerStars Hand #165487223792:  Hold'em Limit ($3/$6 USD) - 2017/01/31 20:26:50 ET
Table 'Seppina' 6-max Seat #5 is the button
Seat 4: Silverfox247 ($73.11 in chips)
Seat 5: Great_Kang ($220.59 in chips)
Great_Kang: posts small blind $1
Silverfox247: posts big blind $3
*** HOLE CARDS ***
Great_Kang: folds
Uncalled bet ($2) returned to Silverfox247
Silverfox247 collected $2 from pot
Silverfox247: doesn't show hand
*** SUMMARY ***
Total pot $2 | Rake $0
Seat 4: Silverfox247 (big blind) collected ($2)
Seat 5: Great_Kang (button) (small blind) folded before Flop


PokerStars Hand #165489465704:  Hold'em Limit ($3/$6 USD) - 2017/01/31 21:43:48 ET
Table 'Seppina' 6-max Seat #2 is the button
Seat 1: Fabulous108 ($116.92 in chips)
Seat 2: DirtyDouble2 ($84.42 in chips)
DirtyDouble2: posts small blind $1
rascal_319: is sitting out
Fabulous108: posts big blind $3
*** HOLE CARDS ***
DirtyDouble2: raises $3 to $6
Fabulous108: folds
Uncalled bet ($3) returned to DirtyDouble2
DirtyDouble2 collected $6 from pot
*** SUMMARY ***
Total pot $6 | Rake $0
Seat 1: Fabulous108 (big blind) folded before Flop
Seat 2: DirtyDouble2 (button) (small blind) collected ($6)


PokerStars Hand #165489470260:  Hold'em Limit ($3/$6 USD) - 2017/01/31 21:43:57 ET
Table 'Seppina' 6-max Seat #1 is the button
Seat 1: Fabulous108 ($113.92 in chips)
Seat 2: DirtyDouble2 ($87.42 in chips)
Fabulous108: posts small blind $1
DirtyDouble2: posts big blind $3
*** HOLE CARDS ***
Fabulous108: raises $3 to $6
DirtyDouble2: raises $3 to $9
Fabulous108: calls $3
*** FLOP *** [6h 7h Jh]
rascal_319 leaves the table
DirtyDouble2: bets $3
Fabulous108: raises $3 to $6
DirtyDouble2: folds
Uncalled bet ($3) returned to Fabulous108
Fabulous108 collected $23.52 from pot
Fabulous108: doesn't show hand
*** SUMMARY ***
Total pot $24 | Rake $0.48
Board [6h 7h Jh]
Seat 1: Fabulous108 (button) (small blind) collected ($23.52)
Seat 2: DirtyDouble2 (big blind) folded on the Flop


PokerStars Hand #165489481537:  Hold'em Limit ($3/$6 USD) - 2017/01/31 21:44:23 ET
Table 'Seppina' 6-max Seat #2 is the button
Seat 1: Fabulous108 ($125.44 in chips)
Seat 2: DirtyDouble2 ($75.42 in chips)
DirtyDouble2: posts small blind $1
Fabulous108: posts big blind $3
*** HOLE CARDS ***
DirtyDouble2: raises $3 to $6
Fabulous108: calls $3
*** FLOP *** [5h 5s Td]
Fabulous108: checks
DirtyDouble2: bets $3
Fabulous108: calls $3
*** TURN *** [5h 5s Td] [2s]
Fabulous108: checks
DirtyDouble2: bets $6
Fabulous108: folds
Uncalled bet ($6) returned to DirtyDouble2
DirtyDouble2 collected $17.64 from pot
*** SUMMARY ***
Total pot $18 | Rake $0.36
Board [5h 5s Td 2s]
Seat 1: Fabulous108 (big blind) folded on the Turn
Seat 2: DirtyDouble2 (button) (small blind) collected ($17.64)


