PokerStars Hand #165477999342:  Hold'em Limit ($3/$6 USD) - 2017/01/31 17:02:38 ET
Table 'Seppina' 6-max Seat #3 is the button
Seat 3: habari786 ($60 in chips)
Seat 4: Actionni13 ($150 in chips)
habari786: posts small blind $1
Actionni13: posts big blind $3
*** HOLE CARDS ***
habari786: folds
Uncalled bet ($2) returned to Actionni13
Actionni13 collected $2 from pot
*** SUMMARY ***
Total pot $2 | Rake $0
Seat 3: habari786 (button) (small blind) folded before Flop
Seat 4: Actionni13 (big blind) collected ($2)


PokerStars Hand #165478030821:  Hold'em Limit ($3/$6 USD) - 2017/01/31 17:03:11 ET
Table 'Seppina' 6-max Seat #3 is the button
Seat 3: habari786 ($60 in chips)
Seat 4: Actionni13 ($150 in chips)
habari786: posts small blind $1
Actionni13: posts big blind $3
*** HOLE CARDS ***
conkris joins the table at seat #6
habari786: folds
Uncalled bet ($2) returned to Actionni13
Actionni13 collected $2 from pot
*** SUMMARY ***
Total pot $2 | Rake $0
Seat 3: habari786 (button) (small blind) folded before Flop
Seat 4: Actionni13 (big blind) collected ($2)


PokerStars Hand #165478025444:  Hold'em Limit ($3/$6 USD) - 2017/01/31 17:03:06 ET
Table 'Seppina' 6-max Seat #4 is the button
Seat 3: habari786 ($59 in chips)
Seat 4: Actionni13 ($151 in chips)
Actionni13: posts small blind $1
habari786: posts big blind $3
*** HOLE CARDS ***
Actionni13: folds
Uncalled bet ($2) returned to habari786
habari786 collected $2 from pot
habari786: doesn't show hand
*** SUMMARY ***
Total pot $2 | Rake $0
Seat 3: habari786 (big blind) collected ($2)
Seat 4: Actionni13 (button) (small blind) folded before Flop


PokerStars Hand #165480241702:  Hold'em Limit ($3/$6 USD) - 2017/01/31 17:42:41 ET
Table 'Seppina' 6-max Seat #3 is the button
Seat 3: chebob ($86 in chips)
Seat 5: Great_Kang ($128.43 in chips)
chebob: posts small blind $1
Great_Kang: posts big blind $3
*** HOLE CARDS ***
chebob: folds
Uncalled bet ($2) returned to Great_Kang
Great_Kang collected $2 from pot
Great_Kang: doesn't show hand
*** SUMMARY ***
Total pot $2 | Rake $0
Seat 3: chebob (button) (small blind) folded before Flop
Seat 5: Great_Kang (big blind) collected ($2)


PokerStars Hand #165480235736:  Hold'em Limit ($3/$6 USD) - 2017/01/31 17:42:34 ET
Table 'Seppina' 6-max Seat #5 is the button
Seat 3: chebob ($85 in chips)
Seat 5: Great_Kang ($129.43 in chips)
Great_Kang: posts small blind $1
Chessnok: is sitting out
chebob: posts big blind $3
*** HOLE CARDS ***
Great_Kang: folds
Uncalled bet ($2) returned to chebob
chebob collected $2 from pot
chebob: doesn't show hand
*** SUMMARY ***
Total pot $2 | Rake $0
Seat 3: chebob (big blind) collected ($2)
Seat 5: Great_Kang (button) (small blind) folded before Flop


PokerStars Hand #165480246558:  Hold'em Limit ($3/$6 USD) - 2017/01/31 17:42:47 ET
Table 'Seppina' 6-max Seat #5 is the button
Seat 3: chebob ($85 in chips)
Seat 5: Great_Kang ($129.43 in chips)
Great_Kang: posts small blind $1
chebob: posts big blind $3
*** HOLE CARDS ***
Great_Kang: raises $3 to $6
chebob: calls $3
*** FLOP *** [5s 6c Jh]
chebob: checks
Great_Kang: bets $3
chebob: calls $3
*** TURN *** [5s 6c Jh] [Tc]
chebob: checks
Great_Kang: checks
*** RIVER *** [5s 6c Jh Tc] [Kd]
chebob: bets $6
Jangoax joins the table at seat #4
Great_Kang: folds
Uncalled bet ($6) returned to chebob
chebob collected $17.64 from pot
chebob: doesn't show hand
*** SUMMARY ***
Total pot $18 | Rake $0.36
Board [5s 6c Jh Tc Kd]
Seat 3: chebob (big blind) collected ($17.64)
Seat 5: Great_Kang (button) (small blind) folded on the River


