PokerStars Hand #145803996621:  Hold'em Limit ($3/$6 USD) - 2015/12/23 13:51:50 ET
Table 'Sequoia II' 6-max Seat #1 is the button
Seat 1: Zubasa07 ($500 in chips)
Seat 2: Steve_Pikk ($150 in chips)
Zubasa07: posts small blind $1
Steve_Pikk: posts big blind $3
*** HOLE CARDS ***
SashaYuvelir joins the table at seat #3
Zubasa07: raises $3 to $6
Steve_Pikk: calls $3
*** FLOP *** [7h Jd 3h]
Steve_Pikk: checks
Zubasa07: bets $3
Steve_Pikk: calls $3
*** TURN *** [7h Jd 3h] [2s]
Steve_Pikk: bets $6
Zubasa07: calls $6
*** RIVER *** [7h Jd 3h 2s] [Qs]
Steve_Pikk: bets $6
Zubasa07: calls $6
*** SHOW DOWN ***
Steve_Pikk: shows [9c Th] (high card Queen)
Zubasa07: shows [7s 8s] (a pair of Sevens)
Zubasa07 collected $41.50 from pot
*** SUMMARY ***
Total pot $42 | Rake $0.50
Board [7h Jd 3h 2s Qs]
Seat 1: Zubasa07 (button) (small blind) showed [7s 8s] and won ($41.50) with a pair of Sevens
Seat 2: Steve_Pikk (big blind) showed [9c Th] and lost with high card Queen


PokerStars Hand #145804438533:  Hold'em Limit ($3/$6 USD) - 2015/12/23 14:01:06 ET
Table 'Sequoia II' 6-max Seat #2 is the button
Seat 2: Steve_Pikk ($149.91 in chips)
Seat 3: SashaYuvelir ($162.29 in chips)
Steve_Pikk: posts small blind $1
SashaYuvelir: posts big blind $3
*** HOLE CARDS ***
Steve_Pikk: folds
Uncalled bet ($2) returned to SashaYuvelir
SashaYuvelir collected $2 from pot
SashaYuvelir: doesn't show hand
*** SUMMARY ***
Total pot $2 | Rake $0
Seat 2: Steve_Pikk (button) (small blind) folded before Flop
Seat 3: SashaYuvelir (big blind) collected ($2)


PokerStars Hand #145804425632:  Hold'em Limit ($3/$6 USD) - 2015/12/23 14:00:50 ET
Table 'Sequoia II' 6-max Seat #3 is the button
Seat 2: Steve_Pikk ($152.91 in chips)
Seat 3: SashaYuvelir ($159.29 in chips)
SashaYuvelir: posts small blind $1
Zubasa07: is sitting out
Steve_Pikk: posts big blind $3
*** HOLE CARDS ***
SashaYuvelir: raises $3 to $6
Steve_Pikk: folds
Uncalled bet ($3) returned to SashaYuvelir
SashaYuvelir collected $6 from pot
SashaYuvelir: doesn't show hand
*** SUMMARY ***
Total pot $6 | Rake $0
Seat 2: Steve_Pikk (big blind) folded before Flop
Seat 3: SashaYuvelir (button) (small blind) collected ($6)


PokerStars Hand #145804442847:  Hold'em Limit ($3/$6 USD) - 2015/12/23 14:01:11 ET
Table 'Sequoia II' 6-max Seat #3 is the button
Seat 2: Steve_Pikk ($148.91 in chips)
Seat 3: SashaYuvelir ($163.29 in chips)
SashaYuvelir: posts small blind $1
Steve_Pikk: posts big blind $3
*** HOLE CARDS ***
SashaYuvelir: raises $3 to $6
Steve_Pikk: raises $3 to $9
SashaYuvelir: calls $3
*** FLOP *** [5s 6d 3c]
Steve_Pikk: bets $3
SashaYuvelir: calls $3
*** TURN *** [5s 6d 3c] [Ah]
Steve_Pikk: bets $6
SashaYuvelir: raises $6 to $12
Steve_Pikk: folds
Uncalled bet ($6) returned to SashaYuvelir
SashaYuvelir collected $35.50 from pot
SashaYuvelir: doesn't show hand
*** SUMMARY ***
Total pot $36 | Rake $0.50
Board [5s 6d 3c Ah]
Seat 2: Steve_Pikk (big blind) folded on the Turn
Seat 3: SashaYuvelir (button) (small blind) collected ($35.50)


PokerStars Hand #145804470535:  Hold'em Limit ($3/$6 USD) - 2015/12/23 14:01:43 ET
Table 'Sequoia II' 6-max Seat #2 is the button
Seat 2: Steve_Pikk ($130.91 in chips)
Seat 3: SashaYuvelir ($180.79 in chips)
Steve_Pikk: posts small blind $1
SashaYuvelir: posts big blind $3
*** HOLE CARDS ***
Steve_Pikk: folds
Uncalled bet ($2) returned to SashaYuvelir
Zubasa07 leaves the table
SashaYuvelir collected $2 from pot
SashaYuvelir: doesn't show hand
*** SUMMARY ***
Total pot $2 | Rake $0
Seat 2: Steve_Pikk (button) (small blind) folded before Flop
Seat 3: SashaYuvelir (big blind) collected ($2)


PokerStars Hand #145804474445:  Hold'em Limit ($3/$6 USD) - 2015/12/23 14:01:47 ET
Table 'Sequoia II' 6-max Seat #3 is the button
Seat 2: Steve_Pikk ($129.91 in chips)
Seat 3: SashaYuvelir ($181.79 in chips)
SashaYuvelir: posts small blind $1
Steve_Pikk: posts big blind $3
*** HOLE CARDS ***
SashaYuvelir: raises $3 to $6
Steve_Pikk: raises $3 to $9
SashaYuvelir: calls $3
*** FLOP *** [3s 8d 4s]
Steve_Pikk: bets $3
SashaYuvelir: calls $3
*** TURN *** [3s 8d 4s] [5s]
Steve_Pikk: bets $6
SashaYuvelir: folds
Uncalled bet ($6) returned to Steve_Pikk
Steve_Pikk collected $23.52 from pot
Steve_Pikk: doesn't show hand
*** SUMMARY ***
Total pot $24 | Rake $0.48
Board [3s 8d 4s 5s]
Seat 2: Steve_Pikk (big blind) collected ($23.52)
Seat 3: SashaYuvelir (button) (small blind) folded on the Turn


PokerStars Hand #145804491446:  Hold'em Limit ($3/$6 USD) - 2015/12/23 14:02:06 ET
Table 'Sequoia II' 6-max Seat #2 is the button
Seat 2: Steve_Pikk ($141.43 in chips)
Seat 3: SashaYuvelir ($169.79 in chips)
Steve_Pikk: posts small blind $1
SashaYuvelir: posts big blind $3
*** HOLE CARDS ***
Steve_Pikk: raises $3 to $6
SashaYuvelir: calls $3
*** FLOP *** [8c 5c 6s]
SashaYuvelir: checks
Steve_Pikk: bets $3
arocar joins the table at seat #5
SashaYuvelir: raises $3 to $6
Steve_Pikk: raises $3 to $9
SashaYuvelir: calls $3
*** TURN *** [8c 5c 6s] [2d]
SashaYuvelir: checks
Steve_Pikk: checks
*** RIVER *** [8c 5c 6s 2d] [4d]
SashaYuvelir: bets $6
Steve_Pikk: raises $6 to $12
SashaYuvelir: folds
Uncalled bet ($6) returned to Steve_Pikk
Steve_Pikk collected $41.50 from pot
Steve_Pikk: doesn't show hand
*** SUMMARY ***
Total pot $42 | Rake $0.50
Board [8c 5c 6s 2d 4d]
Seat 2: Steve_Pikk (button) (small blind) collected ($41.50)
Seat 3: SashaYuvelir (big blind) folded on the River


PokerStars Hand #145805968773:  Hold'em Limit ($3/$6 USD) - 2015/12/23 14:27:44 ET
Table 'Sequoia II' 6-max Seat #6 is the button
Seat 5: arocar ($11.15 in chips)
Seat 6: Chessnok ($87.48 in chips)
Chessnok: posts small blind $1
B_loJkl: is sitting out
arocar: posts big blind $3
*** HOLE CARDS ***
Chessnok: raises $3 to $6
arocar: raises $3 to $9
Chessnok: calls $3
*** FLOP *** [3s Jd 2h]
arocar: bets $2.15 and is all-in
Chessnok: calls $2.15
*** TURN *** [3s Jd 2h] [Tc]
*** RIVER *** [3s Jd 2h Tc] [Qh]
*** SHOW DOWN ***
arocar: shows [Qs 9h] (a pair of Queens)
Chessnok: shows [Kc 9c] (a straight, Nine to King)
Chessnok collected $21.85 from pot
*** SUMMARY ***
Total pot $22.30 | Rake $0.45
Board [3s Jd 2h Tc Qh]
Seat 5: arocar (big blind) showed [Qs 9h] and lost with a pair of Queens
Seat 6: Chessnok (button) (small blind) showed [Kc 9c] and won ($21.85) with a straight, Nine to King


