PokerStars Hand #152425316089:  Hold'em Limit ($3/$6 USD) - 2016/04/25 10:56:53 ET
Table 'Sequoia II' 6-max Seat #3 is the button
Seat 3: liza3008 ($100 in chips)
Seat 4: Agrotait ($72 in chips)
liza3008: posts small blind $1
Agrotait: posts big blind $3
*** HOLE CARDS ***
liza3008: raises $3 to $6
Agrotait: raises $3 to $9
liza3008: calls $3
*** FLOP *** [Ac 8s 8d]
Agrotait: bets $3
liza3008: folds
Uncalled bet ($3) returned to Agrotait
Agrotait collected $17.64 from pot
Agrotait: doesn't show hand
*** SUMMARY ***
Total pot $18 | Rake $0.36
Board [Ac 8s 8d]
Seat 3: liza3008 (button) (small blind) folded on the Flop
Seat 4: Agrotait (big blind) collected ($17.64)


PokerStars Hand #152425326173:  Hold'em Limit ($3/$6 USD) - 2016/04/25 10:57:12 ET
Table 'Sequoia II' 6-max Seat #4 is the button
Seat 3: liza3008 ($91 in chips)
Seat 4: Agrotait ($80.64 in chips)
Agrotait: posts small blind $1
liza3008: posts big blind $3
*** HOLE CARDS ***
Agrotait: raises $3 to $6
liza3008: calls $3
*** FLOP *** [7d 3h 5h]
liza3008: checks
Agrotait: bets $3
liza3008: calls $3
*** TURN *** [7d 3h 5h] [Td]
liza3008: checks
Agrotait: bets $6
liza3008: calls $6
*** RIVER *** [7d 3h 5h Td] [Qh]
liza3008: checks
Agrotait: bets $6
liza3008: folds
Uncalled bet ($6) returned to Agrotait
Agrotait collected $29.50 from pot
Agrotait: doesn't show hand
*** SUMMARY ***
Total pot $30 | Rake $0.50
Board [7d 3h 5h Td Qh]
Seat 3: liza3008 (big blind) folded on the River
Seat 4: Agrotait (button) (small blind) collected ($29.50)


PokerStars Hand #152425341777:  Hold'em Limit ($3/$6 USD) - 2016/04/25 10:57:40 ET
Table 'Sequoia II' 6-max Seat #3 is the button
Seat 3: liza3008 ($76 in chips)
Seat 4: Agrotait ($95.14 in chips)
liza3008: posts small blind $1
Agrotait: posts big blind $3
*** HOLE CARDS ***
liza3008: raises $3 to $6
Agrotait: calls $3
*** FLOP *** [Ah Js Jd]
Agrotait: checks
liza3008: checks
*** TURN *** [Ah Js Jd] [5c]
Agrotait: checks
liza3008: bets $6
Agrotait: calls $6
*** RIVER *** [Ah Js Jd 5c] [Qs]
Agrotait: checks
liza3008: bets $6
Agrotait: calls $6
*** SHOW DOWN ***
liza3008: shows [8d Ac] (two pair, Aces and Jacks)
Agrotait: shows [Ad 6s] (two pair, Aces and Jacks)
Agrotait collected $17.75 from pot
liza3008 collected $17.75 from pot
*** SUMMARY ***
Total pot $36 | Rake $0.50
Board [Ah Js Jd 5c Qs]
Seat 3: liza3008 (button) (small blind) showed [8d Ac] and won ($17.75) with two pair, Aces and Jacks
Seat 4: Agrotait (big blind) showed [Ad 6s] and won ($17.75) with two pair, Aces and Jacks


PokerStars Hand #152425351270:  Hold'em Limit ($3/$6 USD) - 2016/04/25 10:57:57 ET
Table 'Sequoia II' 6-max Seat #4 is the button
Seat 3: liza3008 ($75.75 in chips)
Seat 4: Agrotait ($94.89 in chips)
Agrotait: posts small blind $1
liza3008: posts big blind $3
*** HOLE CARDS ***
Agrotait: raises $3 to $6
liza3008: calls $3
*** FLOP *** [3h Kc As]
liza3008: checks
Agrotait: bets $3
liza3008: raises $3 to $6
Agrotait: calls $3
*** TURN *** [3h Kc As] [6s]
liza3008: bets $6
Agrotait: folds
Uncalled bet ($6) returned to liza3008
liza3008 collected $23.52 from pot
liza3008: doesn't show hand
*** SUMMARY ***
Total pot $24 | Rake $0.48
Board [3h Kc As 6s]
Seat 3: liza3008 (big blind) collected ($23.52)
Seat 4: Agrotait (button) (small blind) folded on the Turn


PokerStars Hand #152425368263:  Hold'em Limit ($3/$6 USD) - 2016/04/25 10:58:27 ET
Table 'Sequoia II' 6-max Seat #3 is the button
Seat 3: liza3008 ($87.27 in chips)
Seat 4: Agrotait ($82.89 in chips)
liza3008: posts small blind $1
Agrotait: posts big blind $3
*** HOLE CARDS ***
liza3008: raises $3 to $6
Agrotait: calls $3
*** FLOP *** [Qd 8h Ac]
Agrotait: checks
liza3008: bets $3
Agrotait: calls $3
*** TURN *** [Qd 8h Ac] [Th]
Agrotait: checks
liza3008: checks
*** RIVER *** [Qd 8h Ac Th] [8s]
Agrotait: bets $6
liza3008: folds
Uncalled bet ($6) returned to Agrotait
Agrotait collected $17.64 from pot
Agrotait: doesn't show hand
*** SUMMARY ***
Total pot $18 | Rake $0.36
Board [Qd 8h Ac Th 8s]
Seat 3: liza3008 (button) (small blind) folded on the River
Seat 4: Agrotait (big blind) collected ($17.64)


PokerStars Hand #152425402552:  Hold'em Limit ($3/$6 USD) - 2016/04/25 10:59:29 ET
Table 'Sequoia II' 6-max Seat #3 is the button
Seat 3: liza3008 ($69.27 in chips)
Seat 4: Agrotait ($100.17 in chips)
liza3008: posts small blind $1
Agrotait: posts big blind $3
*** HOLE CARDS ***
liza3008: raises $3 to $6
Agrotait: calls $3
*** FLOP *** [Jh 9h Kd]
Agrotait: checks
liza3008: bets $3
Agrotait: folds
Uncalled bet ($3) returned to liza3008
liza3008 collected $11.76 from pot
liza3008: doesn't show hand
*** SUMMARY ***
Total pot $12 | Rake $0.24
Board [Jh 9h Kd]
Seat 3: liza3008 (button) (small blind) collected ($11.76)
Seat 4: Agrotait (big blind) folded on the Flop


PokerStars Hand #152425416770:  Hold'em Limit ($3/$6 USD) - 2016/04/25 10:59:54 ET
Table 'Sequoia II' 6-max Seat #3 is the button
Seat 3: liza3008 ($69.03 in chips)
Seat 4: Agrotait ($99.93 in chips)
liza3008: posts small blind $1
Agrotait: posts big blind $3
*** HOLE CARDS ***
liza3008: raises $3 to $6
Agrotait: folds
Uncalled bet ($3) returned to liza3008
liza3008 collected $6 from pot
liza3008: doesn't show hand
*** SUMMARY ***
Total pot $6 | Rake $0
Seat 3: liza3008 (button) (small blind) collected ($6)
Seat 4: Agrotait (big blind) folded before Flop


PokerStars Hand #152425411464:  Hold'em Limit ($3/$6 USD) - 2016/04/25 10:59:45 ET
Table 'Sequoia II' 6-max Seat #4 is the button
Seat 3: liza3008 ($75.03 in chips)
Seat 4: Agrotait ($94.17 in chips)
Agrotait: posts small blind $1
liza3008: posts big blind $3
*** HOLE CARDS ***
Agrotait: raises $3 to $6
liza3008: calls $3
*** FLOP *** [5s 4s Ad]
liza3008: checks
Agrotait: bets $3
liza3008: folds
Uncalled bet ($3) returned to Agrotait
Agrotait collected $11.76 from pot
Agrotait: doesn't show hand
*** SUMMARY ***
Total pot $12 | Rake $0.24
Board [5s 4s Ad]
Seat 3: liza3008 (big blind) folded on the Flop
Seat 4: Agrotait (button) (small blind) collected ($11.76)


PokerStars Hand #152425423937:  Hold'em Limit ($3/$6 USD) - 2016/04/25 11:00:07 ET
Table 'Sequoia II' 6-max Seat #3 is the button
Seat 3: liza3008 ($69.03 in chips)
Seat 4: Agrotait ($99.93 in chips)
liza3008: posts small blind $1
Agrotait: posts big blind $3
*** HOLE CARDS ***
liza3008: raises $3 to $6
Agrotait: folds
Uncalled bet ($3) returned to liza3008
liza3008 collected $6 from pot
liza3008: doesn't show hand
*** SUMMARY ***
Total pot $6 | Rake $0
Seat 3: liza3008 (button) (small blind) collected ($6)
Seat 4: Agrotait (big blind) folded before Flop


PokerStars Hand #152425420649:  Hold'em Limit ($3/$6 USD) - 2016/04/25 11:00:01 ET
Table 'Sequoia II' 6-max Seat #4 is the button
Seat 3: liza3008 ($72.03 in chips)
Seat 4: Agrotait ($96.93 in chips)
Agrotait: posts small blind $1
liza3008: posts big blind $3
*** HOLE CARDS ***
Agrotait: raises $3 to $6
liza3008: folds
Uncalled bet ($3) returned to Agrotait
Agrotait collected $6 from pot
Agrotait: doesn't show hand
*** SUMMARY ***
Total pot $6 | Rake $0
Seat 3: liza3008 (big blind) folded before Flop
Seat 4: Agrotait (button) (small blind) collected ($6)


PokerStars Hand #152425386959:  Hold'em Limit ($3/$6 USD) - 2016/04/25 10:59:01 ET
Table 'Sequoia II' 6-max Seat #4 is the button
Seat 3: liza3008 ($78.27 in chips)
Seat 4: Agrotait ($91.53 in chips)
Agrotait: posts small blind $1
liza3008: posts big blind $3
*** HOLE CARDS ***
Agrotait: raises $3 to $6
liza3008: calls $3
*** FLOP *** [6d 9h 9c]
liza3008: checks
Agrotait: bets $3
liza3008: calls $3
*** TURN *** [6d 9h 9c] [4h]
liza3008: checks
Agrotait: bets $6
liza3008: folds
Uncalled bet ($6) returned to Agrotait
Agrotait collected $17.64 from pot
Agrotait: doesn't show hand
*** SUMMARY ***
Total pot $18 | Rake $0.36
Board [6d 9h 9c 4h]
Seat 3: liza3008 (big blind) folded on the Turn
Seat 4: Agrotait (button) (small blind) collected ($17.64)


PokerStars Hand #152425441324:  Hold'em Limit ($3/$6 USD) - 2016/04/25 11:00:36 ET
Table 'Sequoia II' 6-max Seat #4 is the button
Seat 3: liza3008 ($102.53 in chips)
Seat 4: Agrotait ($65.93 in chips)
Agrotait: posts small blind $1
liza3008: posts big blind $3
*** HOLE CARDS ***
Agrotait: raises $3 to $6
liza3008: folds
Uncalled bet ($3) returned to Agrotait
Agrotait collected $6 from pot
Agrotait: doesn't show hand
*** SUMMARY ***
Total pot $6 | Rake $0
Seat 3: liza3008 (big blind) folded before Flop
Seat 4: Agrotait (button) (small blind) collected ($6)


PokerStars Hand #152425430987:  Hold'em Limit ($3/$6 USD) - 2016/04/25 11:00:19 ET
Table 'Sequoia II' 6-max Seat #3 is the button
Seat 3: liza3008 ($73.03 in chips)
Seat 4: Agrotait ($95.93 in chips)
liza3008: posts small blind $1
Agrotait: posts big blind $3
*** HOLE CARDS ***
liza3008: raises $3 to $6
Agrotait: raises $3 to $9
liza3008: calls $3
*** FLOP *** [Qh 7c 5c]
Agrotait: bets $3
liza3008: calls $3
*** TURN *** [Qh 7c 5c] [4d]
Agrotait: bets $6
liza3008: raises $6 to $12
Agrotait: calls $6
*** RIVER *** [Qh 7c 5c 4d] [4s]
Agrotait: checks
liza3008: bets $6
Agrotait: calls $6
*** SHOW DOWN ***
liza3008: shows [8c 6s] (a straight, Four to Eight)
Agrotait: mucks hand
liza3008 collected $59.50 from pot
*** SUMMARY ***
Total pot $60 | Rake $0.50
Board [Qh 7c 5c 4d 4s]
Seat 3: liza3008 (button) (small blind) showed [8c 6s] and won ($59.50) with a straight, Four to Eight
Seat 4: Agrotait (big blind) mucked


PokerStars Hand #152425444463:  Hold'em Limit ($3/$6 USD) - 2016/04/25 11:00:42 ET
Table 'Sequoia II' 6-max Seat #3 is the button
Seat 3: liza3008 ($99.53 in chips)
Seat 4: Agrotait ($68.93 in chips)
liza3008: posts small blind $1
Agrotait: posts big blind $3
*** HOLE CARDS ***
liza3008: raises $3 to $6
Agrotait: raises $3 to $9
liza3008: calls $3
*** FLOP *** [7d 4h 9c]
Agrotait: bets $3
liza3008: calls $3
*** TURN *** [7d 4h 9c] [7h]
Agrotait: checks
liza3008: bets $6
Agrotait: calls $6
*** RIVER *** [7d 4h 9c 7h] [Jd]
Agrotait: checks
liza3008: bets $6
Agrotait: folds
Uncalled bet ($6) returned to liza3008
liza3008 collected $35.50 from pot
liza3008: doesn't show hand
*** SUMMARY ***
Total pot $36 | Rake $0.50
Board [7d 4h 9c 7h Jd]
Seat 3: liza3008 (button) (small blind) collected ($35.50)
Seat 4: Agrotait (big blind) folded on the River


PokerStars Hand #152425456190:  Hold'em Limit ($3/$6 USD) - 2016/04/25 11:01:01 ET
Table 'Sequoia II' 6-max Seat #4 is the button
Seat 3: liza3008 ($117.03 in chips)
Seat 4: Agrotait ($72 in chips)
Agrotait: posts small blind $1
liza3008: posts big blind $3
*** HOLE CARDS ***
Agrotait: raises $3 to $6
liza3008: calls $3
*** FLOP *** [3c Jc Ts]
liza3008: checks
Nirelle joins the table at seat #6
Agrotait: bets $3
liza3008: folds
Uncalled bet ($3) returned to Agrotait
Agrotait collected $11.76 from pot
Agrotait: doesn't show hand
*** SUMMARY ***
Total pot $12 | Rake $0.24
Board [3c Jc Ts]
Seat 3: liza3008 (big blind) folded on the Flop
Seat 4: Agrotait (button) (small blind) collected ($11.76)


PokerStars Hand #152425427470:  Hold'em Limit ($3/$6 USD) - 2016/04/25 11:00:13 ET
Table 'Sequoia II' 6-max Seat #4 is the button
Seat 3: liza3008 ($72.03 in chips)
Seat 4: Agrotait ($96.93 in chips)
Agrotait: posts small blind $1
liza3008: posts big blind $3
*** HOLE CARDS ***
Agrotait: folds
Uncalled bet ($2) returned to liza3008
liza3008 collected $2 from pot
liza3008: doesn't show hand
*** SUMMARY ***
Total pot $2 | Rake $0
Seat 3: liza3008 (big blind) collected ($2)
Seat 4: Agrotait (button) (small blind) folded before Flop


PokerStars Hand #152425463098:  Hold'em Limit ($3/$6 USD) - 2016/04/25 11:01:13 ET
Table 'Sequoia II' 6-max Seat #3 is the button
Seat 3: liza3008 ($111.03 in chips)
Seat 4: Agrotait ($77.76 in chips)
liza3008: posts small blind $1
Agrotait: posts big blind $3
*** HOLE CARDS ***
liza3008: folds
Uncalled bet ($2) returned to Agrotait
Agrotait collected $2 from pot
Agrotait: doesn't show hand
*** SUMMARY ***
Total pot $2 | Rake $0
Seat 3: liza3008 (button) (small blind) folded before Flop
Seat 4: Agrotait (big blind) collected ($2)


PokerStars Hand #152426223428:  Hold'em Limit ($3/$6 USD) - 2016/04/25 11:20:19 ET
Table 'Sequoia II' 6-max Seat #3 is the button
Seat 3: fsreibnitz ($97 in chips)
Seat 5: BábaPapa ($123.70 in chips)
baur017017 will be allowed to play after the button
fsreibnitz: posts small blind $1
Agrotait: is sitting out
BábaPapa: posts big blind $3
*** HOLE CARDS ***
fsreibnitz: folds
Uncalled bet ($2) returned to BábaPapa
BábaPapa collected $2 from pot
BábaPapa: doesn't show hand
*** SUMMARY ***
Total pot $2 | Rake $0
Seat 3: fsreibnitz (button) (small blind) folded before Flop
Seat 5: BábaPapa (big blind) collected ($2)


PokerStars Hand #152426374656:  Hold'em Limit ($3/$6 USD) - 2016/04/25 11:24:03 ET
Table 'Sequoia II' 6-max Seat #3 is the button
Seat 3: fsreibnitz ($67.35 in chips)
Seat 5: BábaPapa ($193.28 in chips)
fsreibnitz: posts small blind $1
BábaPapa: posts big blind $3
*** HOLE CARDS ***
fsreibnitz: folds
Uncalled bet ($2) returned to BábaPapa
BábaPapa collected $2 from pot
BábaPapa: doesn't show hand
*** SUMMARY ***
Total pot $2 | Rake $0
Seat 3: fsreibnitz (button) (small blind) folded before Flop
Seat 5: BábaPapa (big blind) collected ($2)


PokerStars Hand #152426502806:  Hold'em Limit ($3/$6 USD) - 2016/04/25 11:27:04 ET
Table 'Sequoia II' 6-max Seat #5 is the button
Seat 3: fsreibnitz ($35.60 in chips)
Seat 5: BábaPapa ($156.28 in chips)
BábaPapa: posts small blind $1
Maliance: is sitting out
fsreibnitz: posts big blind $3
*** HOLE CARDS ***
BábaPapa: folds
Uncalled bet ($2) returned to fsreibnitz
fsreibnitz collected $2 from pot
*** SUMMARY ***
Total pot $2 | Rake $0
Seat 3: fsreibnitz (big blind) collected ($2)
Seat 5: BábaPapa (button) (small blind) folded before Flop


PokerStars Hand #152426506417:  Hold'em Limit ($3/$6 USD) - 2016/04/25 11:27:10 ET
Table 'Sequoia II' 6-max Seat #3 is the button
Seat 3: fsreibnitz ($36.60 in chips)
Seat 5: BábaPapa ($155.28 in chips)
fsreibnitz: posts small blind $1
BábaPapa: posts big blind $3
*** HOLE CARDS ***
fsreibnitz: raises $3 to $6
BábaPapa: raises $3 to $9
fsreibnitz: calls $3
*** FLOP *** [Ac Ts 6c]
BábaPapa: bets $3
fsreibnitz: raises $3 to $6
BábaPapa: calls $3
*** TURN *** [Ac Ts 6c] [Qc]
BábaPapa: checks
fsreibnitz: checks
*** RIVER *** [Ac Ts 6c Qc] [Ah]
BábaPapa: checks
fsreibnitz: bets $6
BábaPapa: folds
Uncalled bet ($6) returned to fsreibnitz
fsreibnitz collected $29.50 from pot
*** SUMMARY ***
Total pot $30 | Rake $0.50
Board [Ac Ts 6c Qc Ah]
Seat 3: fsreibnitz (button) (small blind) collected ($29.50)
Seat 5: BábaPapa (big blind) folded on the River


PokerStars Hand #152426525652:  Hold'em Limit ($3/$6 USD) - 2016/04/25 11:27:38 ET
Table 'Sequoia II' 6-max Seat #5 is the button
Seat 3: fsreibnitz ($51.10 in chips)
Seat 5: BábaPapa ($140.28 in chips)
BábaPapa: posts small blind $1
fsreibnitz: posts big blind $3
*** HOLE CARDS ***
BábaPapa: folds
Uncalled bet ($2) returned to fsreibnitz
fsreibnitz collected $2 from pot
*** SUMMARY ***
Total pot $2 | Rake $0
Seat 3: fsreibnitz (big blind) collected ($2)
Seat 5: BábaPapa (button) (small blind) folded before Flop


PokerStars Hand #152426530015:  Hold'em Limit ($3/$6 USD) - 2016/04/25 11:27:45 ET
Table 'Sequoia II' 6-max Seat #3 is the button
Seat 3: fsreibnitz ($52.10 in chips)
Seat 5: BábaPapa ($139.28 in chips)
fsreibnitz: posts small blind $1
BábaPapa: posts big blind $3
*** HOLE CARDS ***
Maliance leaves the table
fsreibnitz: raises $3 to $6
BábaPapa: raises $3 to $9
fsreibnitz: calls $3
*** FLOP *** [Jd 6s 8c]
BábaPapa: bets $3
fsreibnitz: calls $3
*** TURN *** [Jd 6s 8c] [7c]
BábaPapa: bets $6
fsreibnitz: calls $6
*** RIVER *** [Jd 6s 8c 7c] [9d]
BábaPapa: bets $6
fsreibnitz: calls $6
*** SHOW DOWN ***
BábaPapa: shows [Qd Qh] (a pair of Queens)
fsreibnitz: mucks hand
BábaPapa collected $47.50 from pot
*** SUMMARY ***
Total pot $48 | Rake $0.50
Board [Jd 6s 8c 7c 9d]
Seat 3: fsreibnitz (button) (small blind) mucked
Seat 5: BábaPapa (big blind) showed [Qd Qh] and won ($47.50) with a pair of Queens


PokerStars Hand #152426557032:  Hold'em Limit ($3/$6 USD) - 2016/04/25 11:28:24 ET
Table 'Sequoia II' 6-max Seat #3 is the button
Seat 3: fsreibnitz ($36.74 in chips)
Seat 5: BábaPapa ($153.78 in chips)
fsreibnitz: posts small blind $1
BábaPapa: posts big blind $3
*** HOLE CARDS ***
fsreibnitz: folds
Uncalled bet ($2) returned to BábaPapa
BábaPapa collected $2 from pot
BábaPapa: doesn't show hand
*** SUMMARY ***
Total pot $2 | Rake $0
Seat 3: fsreibnitz (button) (small blind) folded before Flop
Seat 5: BábaPapa (big blind) collected ($2)


PokerStars Hand #152426545638:  Hold'em Limit ($3/$6 USD) - 2016/04/25 11:28:08 ET
Table 'Sequoia II' 6-max Seat #5 is the button
Seat 3: fsreibnitz ($28.10 in chips)
Seat 5: BábaPapa ($162.78 in chips)
BábaPapa: posts small blind $1
fsreibnitz: posts big blind $3
*** HOLE CARDS ***
BábaPapa: raises $3 to $6
fsreibnitz: calls $3
*** FLOP *** [Qs Qh Jc]
fsreibnitz: checks
BábaPapa: bets $3
fsreibnitz: raises $3 to $6
BábaPapa: folds
Uncalled bet ($3) returned to fsreibnitz
fsreibnitz collected $17.64 from pot
*** SUMMARY ***
Total pot $18 | Rake $0.36
Board [Qs Qh Jc]
Seat 3: fsreibnitz (big blind) collected ($17.64)
Seat 5: BábaPapa (button) (small blind) folded on the Flop


PokerStars Hand #152426560721:  Hold'em Limit ($3/$6 USD) - 2016/04/25 11:28:30 ET
Table 'Sequoia II' 6-max Seat #5 is the button
Seat 3: fsreibnitz ($35.74 in chips)
Seat 5: BábaPapa ($154.78 in chips)
BábaPapa: posts small blind $1
fsreibnitz: posts big blind $3
*** HOLE CARDS ***
BábaPapa: raises $3 to $6
fsreibnitz: calls $3
*** FLOP *** [8h Td 7d]
fsreibnitz: checks
BábaPapa: bets $3
fsreibnitz: calls $3
*** TURN *** [8h Td 7d] [Ts]
fsreibnitz: checks
BábaPapa: bets $6
fsreibnitz: calls $6
*** RIVER *** [8h Td 7d Ts] [7s]
fsreibnitz: checks
BábaPapa: bets $6
fsreibnitz: raises $6 to $12
BábaPapa: raises $6 to $18
fsreibnitz: calls $6
*** SHOW DOWN ***
BábaPapa: shows [Qc Th] (a full house, Tens full of Sevens)
fsreibnitz: mucks hand
BábaPapa collected $65.50 from pot
*** SUMMARY ***
Total pot $66 | Rake $0.50
Board [8h Td 7d Ts 7s]
Seat 3: fsreibnitz (big blind) mucked
Seat 5: BábaPapa (button) (small blind) showed [Qc Th] and won ($65.50) with a full house, Tens full of Sevens


