PokerStars Hand #151573845728:  Hold'em Limit ($3/$6 USD) - 2016/04/07 14:04:15 ET
Table 'Sequoia II' 6-max Seat #3 is the button
Seat 3: kukavica98 ($51.43 in chips)
Seat 4: Azrarn ($133.50 in chips)
kukavica98: posts small blind $1
Azrarn: posts big blind $3
*** HOLE CARDS ***
kukavica98: raises $3 to $6
Azrarn: calls $3
*** FLOP *** [7h 2h Qd]
Azrarn: checks
kukavica98: bets $3
Azrarn: raises $3 to $6
kukavica98: calls $3
*** TURN *** [7h 2h Qd] [3s]
Azrarn: bets $6
kukavica98: calls $6
*** RIVER *** [7h 2h Qd 3s] [Ts]
Azrarn: bets $6
kukavica98: calls $6
*** SHOW DOWN ***
Azrarn: shows [5d Qc] (a pair of Queens)
kukavica98: mucks hand
Azrarn collected $47.50 from pot
*** SUMMARY ***
Total pot $48 | Rake $0.50
Board [7h 2h Qd 3s Ts]
Seat 3: kukavica98 (button) (small blind) mucked
Seat 4: Azrarn (big blind) showed [5d Qc] and won ($47.50) with a pair of Queens


PokerStars Hand #151573875471:  Hold'em Limit ($3/$6 USD) - 2016/04/07 14:04:48 ET
Table 'Sequoia II' 6-max Seat #4 is the button
Seat 3: kukavica98 ($27.43 in chips)
Seat 4: Azrarn ($157 in chips)
Azrarn: posts small blind $1
kukavica98: posts big blind $3
*** HOLE CARDS ***
Azrarn: raises $3 to $6
kukavica98: raises $3 to $9
Azrarn: raises $3 to $12
Betting is capped
kukavica98: calls $3
*** FLOP *** [Td Qd Kc]
kukavica98: checks
Azrarn: bets $3
kukavica98: calls $3
*** TURN *** [Td Qd Kc] [2s]
kukavica98: checks
Azrarn: bets $6
kukavica98: raises $6 to $12
Azrarn: raises $6 to $18
kukavica98: calls $0.43 and is all-in
Uncalled bet ($5.57) returned to Azrarn
*** RIVER *** [Td Qd Kc 2s] [Ks]
*** SHOW DOWN ***
kukavica98: shows [Kd 2c] (a full house, Kings full of Deuces)
Azrarn: mucks hand
kukavica98 collected $54.36 from pot
*** SUMMARY ***
Total pot $54.86 | Rake $0.50
Board [Td Qd Kc 2s Ks]
Seat 3: kukavica98 (big blind) showed [Kd 2c] and won ($54.36) with a full house, Kings full of Deuces
Seat 4: Azrarn (button) (small blind) mucked


PokerStars Hand #151573910449:  Hold'em Limit ($3/$6 USD) - 2016/04/07 14:05:27 ET
Table 'Sequoia II' 6-max Seat #3 is the button
Seat 3: kukavica98 ($54.36 in chips)
Seat 4: Azrarn ($129.57 in chips)
kukavica98: posts small blind $1
Azrarn: posts big blind $3
*** HOLE CARDS ***
kukavica98: raises $3 to $6
Azrarn: raises $3 to $9
kukavica98: calls $3
*** FLOP *** [7h 5d 6s]
Azrarn: bets $3
kukavica98: raises $3 to $6
Azrarn: calls $3
*** TURN *** [7h 5d 6s] [Ad]
Azrarn: checks
kukavica98: bets $6
Azrarn: raises $6 to $12
kukavica98: calls $6
*** RIVER *** [7h 5d 6s Ad] [8s]
Azrarn: checks
kukavica98: checks
*** SHOW DOWN ***
Azrarn: shows [Ac Kh] (a pair of Aces)
kukavica98: shows [5s 6d] (two pair, Sixes and Fives)
kukavica98 collected $53.50 from pot
*** SUMMARY ***
Total pot $54 | Rake $0.50
Board [7h 5d 6s Ad 8s]
Seat 3: kukavica98 (button) (small blind) showed [5s 6d] and won ($53.50) with two pair, Sixes and Fives
Seat 4: Azrarn (big blind) showed [Ac Kh] and lost with a pair of Aces


PokerStars Hand #151573944788:  Hold'em Limit ($3/$6 USD) - 2016/04/07 14:06:05 ET
Table 'Sequoia II' 6-max Seat #3 is the button
Seat 3: kukavica98 ($101.36 in chips)
Seat 4: Azrarn ($81.57 in chips)
kukavica98: posts small blind $1
Azrarn: posts big blind $3
*** HOLE CARDS ***
kukavica98: folds
Uncalled bet ($2) returned to Azrarn
Azrarn collected $2 from pot
Azrarn: doesn't show hand
*** SUMMARY ***
Total pot $2 | Rake $0
Seat 3: kukavica98 (button) (small blind) folded before Flop
Seat 4: Azrarn (big blind) collected ($2)


PokerStars Hand #151573926799:  Hold'em Limit ($3/$6 USD) - 2016/04/07 14:05:45 ET
Table 'Sequoia II' 6-max Seat #4 is the button
Seat 3: kukavica98 ($80.86 in chips)
Seat 4: Azrarn ($102.57 in chips)
Azrarn: posts small blind $1
kukavica98: posts big blind $3
*** HOLE CARDS ***
Azrarn: raises $3 to $6
kukavica98: calls $3
*** FLOP *** [6d Qs 3c]
kukavica98: checks
Azrarn: bets $3
kukavica98: calls $3
*** TURN *** [6d Qs 3c] [2d]
kukavica98: checks
Azrarn: bets $6
kukavica98: calls $6
*** RIVER *** [6d Qs 3c 2d] [5h]
kukavica98: bets $6
Azrarn: calls $6
*** SHOW DOWN ***
kukavica98: shows [7d 4c] (a straight, Three to Seven)
Azrarn: mucks hand
kukavica98 collected $41.50 from pot
*** SUMMARY ***
Total pot $42 | Rake $0.50
Board [6d Qs 3c 2d 5h]
Seat 3: kukavica98 (big blind) showed [7d 4c] and won ($41.50) with a straight, Three to Seven
Seat 4: Azrarn (button) (small blind) mucked


PokerStars Hand #151573949126:  Hold'em Limit ($3/$6 USD) - 2016/04/07 14:06:10 ET
Table 'Sequoia II' 6-max Seat #4 is the button
Seat 3: kukavica98 ($100.36 in chips)
Seat 4: Azrarn ($82.57 in chips)
Azrarn: posts small blind $1
kukavica98: posts big blind $3
*** HOLE CARDS ***
Azrarn: folds
Uncalled bet ($2) returned to kukavica98
Chessnok joins the table at seat #5
kukavica98 collected $2 from pot
*** SUMMARY ***
Total pot $2 | Rake $0
Seat 3: kukavica98 (big blind) collected ($2)
Seat 4: Azrarn (button) (small blind) folded before Flop


PokerStars Hand #151573953521:  Hold'em Limit ($3/$6 USD) - 2016/04/07 14:06:15 ET
Table 'Sequoia II' 6-max Seat #3 is the button
Seat 3: kukavica98 ($101.36 in chips)
Seat 4: Azrarn ($81.57 in chips)
kukavica98: posts small blind $1
Azrarn: posts big blind $3
*** HOLE CARDS ***
kukavica98: raises $3 to $6
Azrarn: calls $3
*** FLOP *** [2d 2h Kh]
Azrarn: checks
kukavica98: bets $3
Azrarn: raises $3 to $6
kukavica98: folds
Uncalled bet ($3) returned to Azrarn
Azrarn collected $17.64 from pot
Azrarn: doesn't show hand
*** SUMMARY ***
Total pot $18 | Rake $0.36
Board [2d 2h Kh]
Seat 3: kukavica98 (button) (small blind) folded on the Flop
Seat 4: Azrarn (big blind) collected ($17.64)


PokerStars Hand #151574084938:  Hold'em Limit ($3/$6 USD) - 2016/04/07 14:08:41 ET
Table 'Sequoia II' 6-max Seat #4 is the button
Seat 4: Azrarn ($78.95 in chips)
Seat 5: Chessnok ($109 in chips)
Azrarn: posts small blind $1
Chessnok: posts big blind $3
*** HOLE CARDS ***
Azrarn: raises $3 to $6
Chessnok: calls $3
*** FLOP *** [3h 8d 8s]
Chessnok: bets $3
kukavica98 leaves the table
Azrarn: folds
Uncalled bet ($3) returned to Chessnok
Chessnok collected $11.76 from pot
Chessnok: doesn't show hand
*** SUMMARY ***
Total pot $12 | Rake $0.24
Board [3h 8d 8s]
Seat 4: Azrarn (button) (small blind) folded on the Flop
Seat 5: Chessnok (big blind) collected ($11.76)


