PokerStars Hand #171852980632:  Hold'em Limit ($3/$6 USD) - 2017/06/16 13:53:15 ET
Table 'Sequoia' 6-max Seat #4 is the button
Seat 3: NewRocker ($80 in chips)
Seat 4: vestimokrec ($120 in chips)
vestimokrec: posts small blind $1
GoliafUa: is sitting out
NewRocker: posts big blind $3
*** HOLE CARDS ***
vestimokrec: raises $3 to $6
NewRocker: raises $3 to $9
vestimokrec: calls $3
*** FLOP *** [3h Jc Js]
GoliafUa leaves the table
NewRocker: bets $3
vestimokrec: calls $3
*** TURN *** [3h Jc Js] [4h]
NewRocker: checks
vestimokrec: checks
*** RIVER *** [3h Jc Js 4h] [2s]
NewRocker: bets $6
vestimokrec: calls $6
*** SHOW DOWN ***
NewRocker: shows [Jh 6h] (three of a kind, Jacks)
vestimokrec: mucks hand
NewRocker collected $35.50 from pot
*** SUMMARY ***
Total pot $36 | Rake $0.50
Board [3h Jc Js 4h 2s]
Seat 3: NewRocker (big blind) showed [Jh 6h] and won ($35.50) with three of a kind, Jacks
Seat 4: vestimokrec (button) (small blind) mucked


PokerStars Hand #171853021954:  Hold'em Limit ($3/$6 USD) - 2017/06/16 13:54:02 ET
Table 'Sequoia' 6-max Seat #3 is the button
Seat 3: NewRocker ($97.50 in chips)
Seat 4: vestimokrec ($102 in chips)
NewRocker: posts small blind $1
vestimokrec: posts big blind $3
*** HOLE CARDS ***
NewRocker: folds
Uncalled bet ($2) returned to vestimokrec
vestimokrec collected $2 from pot
vestimokrec: doesn't show hand
*** SUMMARY ***
Total pot $2 | Rake $0
Seat 3: NewRocker (button) (small blind) folded before Flop
Seat 4: vestimokrec (big blind) collected ($2)


PokerStars Hand #171853039754:  Hold'em Limit ($3/$6 USD) - 2017/06/16 13:54:28 ET
Table 'Sequoia' 6-max Seat #3 is the button
Seat 3: NewRocker ($105.14 in chips)
Seat 4: vestimokrec ($94 in chips)
NewRocker: posts small blind $1
vestimokrec: posts big blind $3
*** HOLE CARDS ***
NewRocker: folds
Uncalled bet ($2) returned to vestimokrec
vestimokrec collected $2 from pot
vestimokrec: doesn't show hand
*** SUMMARY ***
Total pot $2 | Rake $0
Seat 3: NewRocker (button) (small blind) folded before Flop
Seat 4: vestimokrec (big blind) collected ($2)


PokerStars Hand #171853024972:  Hold'em Limit ($3/$6 USD) - 2017/06/16 13:54:07 ET
Table 'Sequoia' 6-max Seat #4 is the button
Seat 3: NewRocker ($96.50 in chips)
Seat 4: vestimokrec ($103 in chips)
vestimokrec: posts small blind $1
NewRocker: posts big blind $3
*** HOLE CARDS ***
vestimokrec: raises $3 to $6
NewRocker: raises $3 to $9
vestimokrec: calls $3
*** FLOP *** [6h 8c 5c]
NewRocker: bets $3
vestimokrec: folds
Uncalled bet ($3) returned to NewRocker
NewRocker collected $17.64 from pot
NewRocker: doesn't show hand
*** SUMMARY ***
Total pot $18 | Rake $0.36
Board [6h 8c 5c]
Seat 3: NewRocker (big blind) collected ($17.64)
Seat 4: vestimokrec (button) (small blind) folded on the Flop


PokerStars Hand #171853042704:  Hold'em Limit ($3/$6 USD) - 2017/06/16 13:54:33 ET
Table 'Sequoia' 6-max Seat #4 is the button
Seat 3: NewRocker ($104.14 in chips)
Seat 4: vestimokrec ($95 in chips)
vestimokrec: posts small blind $1
NewRocker: posts big blind $3
*** HOLE CARDS ***
vestimokrec: raises $3 to $6
NewRocker: raises $3 to $9
vestimokrec: calls $3
*** FLOP *** [6d 3h 4s]
NewRocker: bets $3
vestimokrec: calls $3
*** TURN *** [6d 3h 4s] [5h]
NewRocker: checks
vestimokrec: bets $6
NewRocker: folds
Uncalled bet ($6) returned to vestimokrec
vestimokrec collected $23.52 from pot
vestimokrec: doesn't show hand
*** SUMMARY ***
Total pot $24 | Rake $0.48
Board [6d 3h 4s 5h]
Seat 3: NewRocker (big blind) folded on the Turn
Seat 4: vestimokrec (button) (small blind) collected ($23.52)


PokerStars Hand #171853072900:  Hold'em Limit ($3/$6 USD) - 2017/06/16 13:55:19 ET
Table 'Sequoia' 6-max Seat #4 is the button
Seat 3: NewRocker ($91.14 in chips)
Seat 4: vestimokrec ($107.52 in chips)
vestimokrec: posts small blind $1
NewRocker: posts big blind $3
*** HOLE CARDS ***
vestimokrec: raises $3 to $6
NewRocker: calls $3
*** FLOP *** [7d 6h 6c]
NewRocker: checks
vestimokrec: bets $3
NewRocker: calls $3
*** TURN *** [7d 6h 6c] [5d]
NewRocker: checks
vestimokrec: bets $6
NewRocker: raises $6 to $12
vestimokrec: calls $6
*** RIVER *** [7d 6h 6c 5d] [Ah]
NewRocker: bets $6
vestimokrec: calls $6
*** SHOW DOWN ***
NewRocker: shows [Jd Qd] (a pair of Sixes)
vestimokrec: shows [Kc 5s] (two pair, Sixes and Fives)
vestimokrec collected $53.50 from pot
*** SUMMARY ***
Total pot $54 | Rake $0.50
Board [7d 6h 6c 5d Ah]
Seat 3: NewRocker (big blind) showed [Jd Qd] and lost with a pair of Sixes
Seat 4: vestimokrec (button) (small blind) showed [Kc 5s] and won ($53.50) with two pair, Sixes and Fives


PokerStars Hand #171853069762:  Hold'em Limit ($3/$6 USD) - 2017/06/16 13:55:13 ET
Table 'Sequoia' 6-max Seat #3 is the button
Seat 3: NewRocker ($92.14 in chips)
Seat 4: vestimokrec ($106.52 in chips)
NewRocker: posts small blind $1
vestimokrec: posts big blind $3
*** HOLE CARDS ***
NewRocker: folds
Uncalled bet ($2) returned to vestimokrec
vestimokrec collected $2 from pot
vestimokrec: doesn't show hand
*** SUMMARY ***
Total pot $2 | Rake $0
Seat 3: NewRocker (button) (small blind) folded before Flop
Seat 4: vestimokrec (big blind) collected ($2)


PokerStars Hand #171853097873:  Hold'em Limit ($3/$6 USD) - 2017/06/16 13:56:04 ET
Table 'Sequoia' 6-max Seat #3 is the button
Seat 3: NewRocker ($64.14 in chips)
Seat 4: vestimokrec ($134.02 in chips)
NewRocker: posts small blind $1
vestimokrec: posts big blind $3
*** HOLE CARDS ***
NewRocker: raises $3 to $6
vestimokrec: calls $3
*** FLOP *** [7d As Kh]
vestimokrec: checks
NewRocker: bets $3
vestimokrec: raises $3 to $6
NewRocker: calls $3
*** TURN *** [7d As Kh] [8d]
vestimokrec: bets $6
NewRocker: calls $6
*** RIVER *** [7d As Kh 8d] [5s]
ss_barber_ss joins the table at seat #5
vestimokrec: checks
NewRocker: bets $6
vestimokrec: folds
Uncalled bet ($6) returned to NewRocker
NewRocker collected $35.50 from pot
NewRocker: doesn't show hand
*** SUMMARY ***
Total pot $36 | Rake $0.50
Board [7d As Kh 8d 5s]
Seat 3: NewRocker (button) (small blind) collected ($35.50)
Seat 4: vestimokrec (big blind) folded on the River


PokerStars Hand #171853167603:  Hold'em Limit ($3/$6 USD) - 2017/06/16 13:58:10 ET
Table 'Sequoia' 6-max Seat #4 is the button
Seat 3: NewRocker ($69.64 in chips)
Seat 4: vestimokrec ($130.21 in chips)
vestimokrec: posts small blind $1
NewRocker: posts big blind $3
*** HOLE CARDS ***
vestimokrec: raises $3 to $6
NewRocker: raises $3 to $9
vestimokrec: calls $3
*** FLOP *** [Kd 4c 8s]
NewRocker: bets $3
vestimokrec: calls $3
*** TURN *** [Kd 4c 8s] [5c]
NewRocker: bets $6
vestimokrec: calls $6
*** RIVER *** [Kd 4c 8s 5c] [Qh]
NewRocker: bets $6
vestimokrec: calls $6
*** SHOW DOWN ***
NewRocker: shows [9h Jh] (high card King)
vestimokrec: shows [8d Ac] (a pair of Eights)
vestimokrec collected $47.50 from pot
*** SUMMARY ***
Total pot $48 | Rake $0.50
Board [Kd 4c 8s 5c Qh]
Seat 3: NewRocker (big blind) showed [9h Jh] and lost with high card King
Seat 4: vestimokrec (button) (small blind) showed [8d Ac] and won ($47.50) with a pair of Eights


PokerStars Hand #171853192173:  Hold'em Limit ($3/$6 USD) - 2017/06/16 13:58:54 ET
Table 'Sequoia' 6-max Seat #3 is the button
Seat 3: NewRocker ($45.64 in chips)
Seat 4: vestimokrec ($153.71 in chips)
NewRocker: posts small blind $1
vestimokrec: posts big blind $3
*** HOLE CARDS ***
NewRocker: folds
Uncalled bet ($2) returned to vestimokrec
vestimokrec collected $2 from pot
vestimokrec: doesn't show hand
*** SUMMARY ***
Total pot $2 | Rake $0
Seat 3: NewRocker (button) (small blind) folded before Flop
Seat 4: vestimokrec (big blind) collected ($2)


PokerStars Hand #171853211087:  Hold'em Limit ($3/$6 USD) - 2017/06/16 13:59:27 ET
Table 'Sequoia' 6-max Seat #3 is the button
Seat 3: NewRocker ($35.64 in chips)
Seat 4: vestimokrec ($163.35 in chips)
NewRocker: posts small blind $1
vestimokrec: posts big blind $3
*** HOLE CARDS ***
NewRocker: folds
Uncalled bet ($2) returned to vestimokrec
vestimokrec collected $2 from pot
vestimokrec: doesn't show hand
*** SUMMARY ***
Total pot $2 | Rake $0
Seat 3: NewRocker (button) (small blind) folded before Flop
Seat 4: vestimokrec (big blind) collected ($2)


PokerStars Hand #171853194687:  Hold'em Limit ($3/$6 USD) - 2017/06/16 13:58:58 ET
Table 'Sequoia' 6-max Seat #4 is the button
Seat 3: NewRocker ($44.64 in chips)
Seat 4: vestimokrec ($154.71 in chips)
vestimokrec: posts small blind $1
NewRocker: posts big blind $3
*** HOLE CARDS ***
vestimokrec: raises $3 to $6
NewRocker: calls $3
*** FLOP *** [Ts Qc 9s]
NewRocker: bets $3
vestimokrec: calls $3
*** TURN *** [Ts Qc 9s] [Ah]
NewRocker: checks
vestimokrec: bets $6
NewRocker: folds
Uncalled bet ($6) returned to vestimokrec
vestimokrec collected $17.64 from pot
*** SUMMARY ***
Total pot $18 | Rake $0.36
Board [Ts Qc 9s Ah]
Seat 3: NewRocker (big blind) folded on the Turn
Seat 4: vestimokrec (button) (small blind) collected ($17.64)


PokerStars Hand #171853260831:  Hold'em Limit ($3/$6 USD) - 2017/06/16 14:00:53 ET
Table 'Sequoia' 6-max Seat #3 is the button
Seat 3: NewRocker ($97.15 in chips)
Seat 4: vestimokrec ($161.10 in chips)
NewRocker: posts small blind $1
vestimokrec: posts big blind $3
*** HOLE CARDS ***
NewRocker: folds
Uncalled bet ($2) returned to vestimokrec
vestimokrec collected $2 from pot
vestimokrec: doesn't show hand
*** SUMMARY ***
Total pot $2 | Rake $0
Seat 3: NewRocker (button) (small blind) folded before Flop
Seat 4: vestimokrec (big blind) collected ($2)


PokerStars Hand #171853257273:  Hold'em Limit ($3/$6 USD) - 2017/06/16 14:00:47 ET
Table 'Sequoia' 6-max Seat #4 is the button
Seat 3: NewRocker ($100.15 in chips)
Seat 4: vestimokrec ($158.10 in chips)
vestimokrec: posts small blind $1
NewRocker: posts big blind $3
*** HOLE CARDS ***
vestimokrec: raises $3 to $6
NewRocker: folds
Uncalled bet ($3) returned to vestimokrec
vestimokrec collected $6 from pot
vestimokrec: doesn't show hand
*** SUMMARY ***
Total pot $6 | Rake $0
Seat 3: NewRocker (big blind) folded before Flop
Seat 4: vestimokrec (button) (small blind) collected ($6)


PokerStars Hand #171853251610:  Hold'em Limit ($3/$6 USD) - 2017/06/16 14:00:37 ET
Table 'Sequoia' 6-max Seat #3 is the button
Seat 3: NewRocker ($94.39 in chips)
Seat 4: vestimokrec ($164.10 in chips)
NewRocker: posts small blind $1
vestimokrec: posts big blind $3
*** HOLE CARDS ***
NewRocker: raises $3 to $6
vestimokrec: calls $3
*** FLOP *** [Ah 9c Ad]
vestimokrec: checks
NewRocker: bets $3
vestimokrec: folds
Uncalled bet ($3) returned to NewRocker
NewRocker collected $11.76 from pot
NewRocker: doesn't show hand
*** SUMMARY ***
Total pot $12 | Rake $0.24
Board [Ah 9c Ad]
Seat 3: NewRocker (button) (small blind) collected ($11.76)
Seat 4: vestimokrec (big blind) folded on the Flop


PokerStars Hand #171853214064:  Hold'em Limit ($3/$6 USD) - 2017/06/16 13:59:32 ET
Table 'Sequoia' 6-max Seat #4 is the button
Seat 3: NewRocker ($34.64 in chips)
Seat 4: vestimokrec ($164.35 in chips)
vestimokrec: posts small blind $1
NewRocker: posts big blind $3
*** HOLE CARDS ***
vestimokrec: raises $3 to $6
NewRocker: raises $3 to $9
vestimokrec: calls $3
*** FLOP *** [Ks 9h Th]
NewRocker: bets $3
vestimokrec: calls $3
*** TURN *** [Ks 9h Th] [Jh]
NewRocker: bets $6
vestimokrec: calls $6
*** RIVER *** [Ks 9h Th Jh] [4d]
NewRocker: bets $6
vestimokrec: calls $6
*** SHOW DOWN ***
NewRocker: shows [8d Td] (a pair of Tens)
vestimokrec: shows [2h Ts] (a pair of Tens)
NewRocker collected $23.75 from pot
vestimokrec collected $23.75 from pot
*** SUMMARY ***
Total pot $48 | Rake $0.50
Board [Ks 9h Th Jh 4d]
Seat 3: NewRocker (big blind) showed [8d Td] and won ($23.75) with a pair of Tens
Seat 4: vestimokrec (button) (small blind) showed [2h Ts] and won ($23.75) with a pair of Tens


PokerStars Hand #171853263389:  Hold'em Limit ($3/$6 USD) - 2017/06/16 14:00:57 ET
Table 'Sequoia' 6-max Seat #4 is the button
Seat 3: NewRocker ($96.15 in chips)
Seat 4: vestimokrec ($162.10 in chips)
vestimokrec: posts small blind $1
NewRocker: posts big blind $3
*** HOLE CARDS ***
vestimokrec: raises $3 to $6
NewRocker: raises $3 to $9
vestimokrec: calls $3
*** FLOP *** [6d 2h 8h]
B_loJkl joins the table at seat #6
NewRocker: bets $3
vestimokrec: calls $3
*** TURN *** [6d 2h 8h] [6s]
NewRocker: bets $6
vestimokrec: calls $6
*** RIVER *** [6d 2h 8h 6s] [Ad]
NewRocker: bets $6
vestimokrec: raises $6 to $12
NewRocker: calls $6
*** SHOW DOWN ***
vestimokrec: shows [7d 4h] (a pair of Sixes)
NewRocker: shows [As 3h] (two pair, Aces and Sixes)
NewRocker collected $59.50 from pot
*** SUMMARY ***
Total pot $60 | Rake $0.50
Board [6d 2h 8h 6s Ad]
Seat 3: NewRocker (big blind) showed [As 3h] and won ($59.50) with two pair, Aces and Sixes
Seat 4: vestimokrec (button) (small blind) showed [7d 4h] and lost with a pair of Sixes


PokerStars Hand #171853282938:  Hold'em Limit ($3/$6 USD) - 2017/06/16 14:01:28 ET
Table 'Sequoia' 6-max Seat #3 is the button
Seat 3: NewRocker ($125.65 in chips)
Seat 4: vestimokrec ($132.10 in chips)
NewRocker: posts small blind $1
vestimokrec: posts big blind $3
*** HOLE CARDS ***
NewRocker: raises $3 to $6
vestimokrec: calls $3
*** FLOP *** [6d 4s 4h]
vestimokrec: checks
NewRocker: bets $3
vestimokrec: calls $3
*** TURN *** [6d 4s 4h] [Jc]
vestimokrec: checks
NewRocker: bets $6
vestimokrec: calls $6
*** RIVER *** [6d 4s 4h Jc] [Qc]
vestimokrec: checks
NewRocker: bets $6
vestimokrec: calls $6
*** SHOW DOWN ***
NewRocker: shows [5c 4d] (three of a kind, Fours)
vestimokrec: mucks hand
NewRocker collected $41.50 from pot
*** SUMMARY ***
Total pot $42 | Rake $0.50
Board [6d 4s 4h Jc Qc]
Seat 3: NewRocker (button) (small blind) showed [5c 4d] and won ($41.50) with three of a kind, Fours
Seat 4: vestimokrec (big blind) mucked


