PokerStars Hand #164271830845:  Hold'em Limit ($3/$6 USD) - 2017/01/08 19:12:54 ET
Table 'Sequoia' 6-max Seat #2 is the button
Seat 2: dblmystack ($90 in chips)
Seat 4: AzureCaper ($72 in chips)
dblmystack: posts small blind $1
AzureCaper: posts big blind $3
*** HOLE CARDS ***
dblmystack: folds
Uncalled bet ($2) returned to AzureCaper
AzureCaper collected $2 from pot
AzureCaper: doesn't show hand
*** SUMMARY ***
Total pot $2 | Rake $0
Seat 2: dblmystack (button) (small blind) folded before Flop
Seat 4: AzureCaper (big blind) collected ($2)


PokerStars Hand #164271852175:  Hold'em Limit ($3/$6 USD) - 2017/01/08 19:13:22 ET
Table 'Sequoia' 6-max Seat #4 is the button
Seat 2: dblmystack ($89 in chips)
Seat 4: AzureCaper ($73 in chips)
AzureCaper: posts small blind $1
dblmystack: posts big blind $3
*** HOLE CARDS ***
AzureCaper: raises $3 to $6
dblmystack: folds
Uncalled bet ($3) returned to AzureCaper
AzureCaper collected $6 from pot
AzureCaper: doesn't show hand
*** SUMMARY ***
Total pot $6 | Rake $0
Seat 2: dblmystack (big blind) folded before Flop
Seat 4: AzureCaper (button) (small blind) collected ($6)


PokerStars Hand #164271883272:  Hold'em Limit ($3/$6 USD) - 2017/01/08 19:14:01 ET
Table 'Sequoia' 6-max Seat #2 is the button
Seat 2: dblmystack ($77 in chips)
Seat 4: AzureCaper ($84.76 in chips)
dblmystack: posts small blind $1
AzureCaper: posts big blind $3
*** HOLE CARDS ***
dblmystack: raises $3 to $6
AzureCaper: folds
Uncalled bet ($3) returned to dblmystack
dblmystack collected $6 from pot
dblmystack: doesn't show hand
*** SUMMARY ***
Total pot $6 | Rake $0
Seat 2: dblmystack (button) (small blind) collected ($6)
Seat 4: AzureCaper (big blind) folded before Flop


PokerStars Hand #164271887998:  Hold'em Limit ($3/$6 USD) - 2017/01/08 19:14:08 ET
Table 'Sequoia' 6-max Seat #4 is the button
Seat 2: dblmystack ($80 in chips)
Seat 4: AzureCaper ($81.76 in chips)
AzureCaper: posts small blind $1
dblmystack: posts big blind $3
*** HOLE CARDS ***
AzureCaper: raises $3 to $6
dblmystack: calls $3
*** FLOP *** [4d 7c 9s]
dblmystack: checks
AzureCaper: bets $3
dblmystack: raises $3 to $6
AzureCaper: calls $3
*** TURN *** [4d 7c 9s] [Qc]
dblmystack: bets $6
AzureCaper: calls $6
*** RIVER *** [4d 7c 9s Qc] [Td]
dblmystack: bets $6
AzureCaper: folds
Uncalled bet ($6) returned to dblmystack
dblmystack collected $35.50 from pot
dblmystack: doesn't show hand
*** SUMMARY ***
Total pot $36 | Rake $0.50
Board [4d 7c 9s Qc Td]
Seat 2: dblmystack (big blind) collected ($35.50)
Seat 4: AzureCaper (button) (small blind) folded on the River


PokerStars Hand #164271877739:  Hold'em Limit ($3/$6 USD) - 2017/01/08 19:13:54 ET
Table 'Sequoia' 6-max Seat #4 is the button
Seat 2: dblmystack ($80 in chips)
Seat 4: AzureCaper ($81.76 in chips)
AzureCaper: posts small blind $1
dblmystack: posts big blind $3
*** HOLE CARDS ***
AzureCaper: raises $3 to $6
dblmystack: folds
Uncalled bet ($3) returned to AzureCaper
AzureCaper collected $6 from pot
AzureCaper: doesn't show hand
*** SUMMARY ***
Total pot $6 | Rake $0
Seat 2: dblmystack (big blind) folded before Flop
Seat 4: AzureCaper (button) (small blind) collected ($6)


PokerStars Hand #164271861192:  Hold'em Limit ($3/$6 USD) - 2017/01/08 19:13:32 ET
Table 'Sequoia' 6-max Seat #2 is the button
Seat 2: dblmystack ($86 in chips)
Seat 4: AzureCaper ($76 in chips)
dblmystack: posts small blind $1
AzureCaper: posts big blind $3
*** HOLE CARDS ***
dblmystack: raises $3 to $6
AzureCaper: calls $3
*** FLOP *** [7s Qh 7d]
AzureCaper: checks
dblmystack: checks
*** TURN *** [7s Qh 7d] [7h]
AzureCaper: bets $6
dblmystack: folds
Uncalled bet ($6) returned to AzureCaper
AzureCaper collected $11.76 from pot
AzureCaper: doesn't show hand
*** SUMMARY ***
Total pot $12 | Rake $0.24
Board [7s Qh 7d 7h]
Seat 2: dblmystack (button) (small blind) folded on the Turn
Seat 4: AzureCaper (big blind) collected ($11.76)


PokerStars Hand #164271919937:  Hold'em Limit ($3/$6 USD) - 2017/01/08 19:14:51 ET
Table 'Sequoia' 6-max Seat #4 is the button
Seat 2: dblmystack ($103.26 in chips)
Seat 4: AzureCaper ($72 in chips)
AzureCaper: posts small blind $1
dblmystack: posts big blind $3
*** HOLE CARDS ***
AzureCaper: folds
Uncalled bet ($2) returned to dblmystack
dblmystack collected $2 from pot
dblmystack: doesn't show hand
*** SUMMARY ***
Total pot $2 | Rake $0
Seat 2: dblmystack (big blind) collected ($2)
Seat 4: AzureCaper (button) (small blind) folded before Flop


PokerStars Hand #164271950169:  Hold'em Limit ($3/$6 USD) - 2017/01/08 19:15:31 ET
Table 'Sequoia' 6-max Seat #2 is the button
Seat 2: dblmystack ($94.26 in chips)
Seat 4: AzureCaper ($81.64 in chips)
dblmystack: posts small blind $1
AzureCaper: posts big blind $3
*** HOLE CARDS ***
dblmystack: folds
Uncalled bet ($2) returned to AzureCaper
AzureCaper collected $2 from pot
AzureCaper: doesn't show hand
*** SUMMARY ***
Total pot $2 | Rake $0
Seat 2: dblmystack (button) (small blind) folded before Flop
Seat 4: AzureCaper (big blind) collected ($2)


PokerStars Hand #164271926055:  Hold'em Limit ($3/$6 USD) - 2017/01/08 19:14:59 ET
Table 'Sequoia' 6-max Seat #2 is the button
Seat 2: dblmystack ($104.26 in chips)
Seat 4: AzureCaper ($72 in chips)
dblmystack: posts small blind $1
AzureCaper: posts big blind $3
*** HOLE CARDS ***
dblmystack: folds
Uncalled bet ($2) returned to AzureCaper
AzureCaper collected $2 from pot
AzureCaper: doesn't show hand
*** SUMMARY ***
Total pot $2 | Rake $0
Seat 2: dblmystack (button) (small blind) folded before Flop
Seat 4: AzureCaper (big blind) collected ($2)


PokerStars Hand #164271930353:  Hold'em Limit ($3/$6 USD) - 2017/01/08 19:15:05 ET
Table 'Sequoia' 6-max Seat #4 is the button
Seat 2: dblmystack ($103.26 in chips)
Seat 4: AzureCaper ($73 in chips)
AzureCaper: posts small blind $1
dblmystack: posts big blind $3
*** HOLE CARDS ***
AzureCaper: raises $3 to $6
dblmystack: calls $3
*** FLOP *** [Js 6s 4h]
dblmystack: checks
AzureCaper: bets $3
dblmystack: calls $3
*** TURN *** [Js 6s 4h] [8s]
dblmystack: checks
AzureCaper: bets $6
dblmystack: folds
Uncalled bet ($6) returned to AzureCaper
AzureCaper collected $17.64 from pot
AzureCaper: doesn't show hand
*** SUMMARY ***
Total pot $18 | Rake $0.36
Board [Js 6s 4h 8s]
Seat 2: dblmystack (big blind) folded on the Turn
Seat 4: AzureCaper (button) (small blind) collected ($17.64)


PokerStars Hand #164271954931:  Hold'em Limit ($3/$6 USD) - 2017/01/08 19:15:38 ET
Table 'Sequoia' 6-max Seat #4 is the button
Seat 2: dblmystack ($93.26 in chips)
Seat 4: AzureCaper ($82.64 in chips)
AzureCaper: posts small blind $1
dblmystack: posts big blind $3
*** HOLE CARDS ***
AzureCaper: raises $3 to $6
dblmystack: folds
Uncalled bet ($3) returned to AzureCaper
AzureCaper collected $6 from pot
AzureCaper: doesn't show hand
*** SUMMARY ***
Total pot $6 | Rake $0
Seat 2: dblmystack (big blind) folded before Flop
Seat 4: AzureCaper (button) (small blind) collected ($6)


PokerStars Hand #164271971871:  Hold'em Limit ($3/$6 USD) - 2017/01/08 19:16:01 ET
Table 'Sequoia' 6-max Seat #2 is the button
Seat 2: dblmystack ($90.26 in chips)
Seat 4: AzureCaper ($85.64 in chips)
dblmystack: posts small blind $1
AzureCaper: posts big blind $3
*** HOLE CARDS ***
dblmystack: raises $3 to $6
AzureCaper: folds
Uncalled bet ($3) returned to dblmystack
dblmystack collected $6 from pot
dblmystack: doesn't show hand
*** SUMMARY ***
Total pot $6 | Rake $0
Seat 2: dblmystack (button) (small blind) collected ($6)
Seat 4: AzureCaper (big blind) folded before Flop


PokerStars Hand #164271979503:  Hold'em Limit ($3/$6 USD) - 2017/01/08 19:16:11 ET
Table 'Sequoia' 6-max Seat #4 is the button
Seat 2: dblmystack ($93.26 in chips)
Seat 4: AzureCaper ($82.64 in chips)
AzureCaper: posts small blind $1
dblmystack: posts big blind $3
*** HOLE CARDS ***
AzureCaper: raises $3 to $6
dblmystack: calls $3
*** FLOP *** [6s Jh 8d]
dblmystack: bets $3
AzureCaper: calls $3
*** TURN *** [6s Jh 8d] [Ts]
dblmystack: bets $6
AzureCaper: calls $6
*** RIVER *** [6s Jh 8d Ts] [3d]
dblmystack: bets $6
AzureCaper: calls $6
*** SHOW DOWN ***
dblmystack: shows [7c 8h] (a pair of Eights)
AzureCaper: shows [Ad 8c] (a pair of Eights - Ace kicker)
AzureCaper collected $41.50 from pot
*** SUMMARY ***
Total pot $42 | Rake $0.50
Board [6s Jh 8d Ts 3d]
Seat 2: dblmystack (big blind) showed [7c 8h] and lost with a pair of Eights
Seat 4: AzureCaper (button) (small blind) showed [Ad 8c] and won ($41.50) with a pair of Eights


PokerStars Hand #164272008903:  Hold'em Limit ($3/$6 USD) - 2017/01/08 19:16:51 ET
Table 'Sequoia' 6-max Seat #2 is the button
Seat 2: dblmystack ($72.26 in chips)
Seat 4: AzureCaper ($103.14 in chips)
dblmystack: posts small blind $1
AzureCaper: posts big blind $3
*** HOLE CARDS ***
dblmystack: raises $3 to $6
AzureCaper: folds
Uncalled bet ($3) returned to dblmystack
dblmystack collected $6 from pot
dblmystack: doesn't show hand
*** SUMMARY ***
Total pot $6 | Rake $0
Seat 2: dblmystack (button) (small blind) collected ($6)
Seat 4: AzureCaper (big blind) folded before Flop


PokerStars Hand #164272016101:  Hold'em Limit ($3/$6 USD) - 2017/01/08 19:17:01 ET
Table 'Sequoia' 6-max Seat #4 is the button
Seat 2: dblmystack ($75.26 in chips)
Seat 4: AzureCaper ($100.14 in chips)
AzureCaper: posts small blind $1
dblmystack: posts big blind $3
*** HOLE CARDS ***
AzureCaper: raises $3 to $6
dblmystack: calls $3
*** FLOP *** [Th Td 4s]
dblmystack: checks
AzureCaper: bets $3
dblmystack: raises $3 to $6
AzureCaper: calls $3
*** TURN *** [Th Td 4s] [2d]
dblmystack: bets $6
AzureCaper: calls $6
*** RIVER *** [Th Td 4s 2d] [6c]
dblmystack: bets $6
AzureCaper: calls $6
*** SHOW DOWN ***
dblmystack: shows [Ad Tc] (three of a kind, Tens)
AzureCaper: mucks hand
dblmystack collected $47.50 from pot
*** SUMMARY ***
Total pot $48 | Rake $0.50
Board [Th Td 4s 2d 6c]
Seat 2: dblmystack (big blind) showed [Ad Tc] and won ($47.50) with three of a kind, Tens
Seat 4: AzureCaper (button) (small blind) mucked


PokerStars Hand #164272036743:  Hold'em Limit ($3/$6 USD) - 2017/01/08 19:17:29 ET
Table 'Sequoia' 6-max Seat #2 is the button
Seat 2: dblmystack ($98.76 in chips)
Seat 4: AzureCaper ($76.14 in chips)
dblmystack: posts small blind $1
AzureCaper: posts big blind $3
*** HOLE CARDS ***
dblmystack: folds
Uncalled bet ($2) returned to AzureCaper
AzureCaper collected $2 from pot
AzureCaper: doesn't show hand
*** SUMMARY ***
Total pot $2 | Rake $0
Seat 2: dblmystack (button) (small blind) folded before Flop
Seat 4: AzureCaper (big blind) collected ($2)


PokerStars Hand #164272070934:  Hold'em Limit ($3/$6 USD) - 2017/01/08 19:18:15 ET
Table 'Sequoia' 6-max Seat #4 is the button
Seat 2: dblmystack ($127.26 in chips)
Seat 4: AzureCaper ($72 in chips)
AzureCaper: posts small blind $1
dblmystack: posts big blind $3
*** HOLE CARDS ***
AzureCaper: raises $3 to $6
dblmystack: calls $3
*** FLOP *** [5d Th 6s]
dblmystack: bets $3
AzureCaper: calls $3
*** TURN *** [5d Th 6s] [7c]
dblmystack: bets $6
AzureCaper: calls $6
*** RIVER *** [5d Th 6s 7c] [8c]
dblmystack: bets $6
AzureCaper: calls $6
*** SHOW DOWN ***
dblmystack: shows [8s 7h] (two pair, Eights and Sevens)
AzureCaper: mucks hand
dblmystack collected $41.50 from pot
*** SUMMARY ***
Total pot $42 | Rake $0.50
Board [5d Th 6s 7c 8c]
Seat 2: dblmystack (big blind) showed [8s 7h] and won ($41.50) with two pair, Eights and Sevens
Seat 4: AzureCaper (button) (small blind) mucked


PokerStars Hand #164272040949:  Hold'em Limit ($3/$6 USD) - 2017/01/08 19:17:34 ET
Table 'Sequoia' 6-max Seat #4 is the button
Seat 2: dblmystack ($97.76 in chips)
Seat 4: AzureCaper ($77.14 in chips)
AzureCaper: posts small blind $1
dblmystack: posts big blind $3
*** HOLE CARDS ***
AzureCaper: raises $3 to $6
dblmystack: calls $3
*** FLOP *** [As 8c Qh]
dblmystack: checks
AzureCaper: bets $3
dblmystack: folds
Uncalled bet ($3) returned to AzureCaper
AzureCaper collected $11.76 from pot
AzureCaper: doesn't show hand
*** SUMMARY ***
Total pot $12 | Rake $0.24
Board [As 8c Qh]
Seat 2: dblmystack (big blind) folded on the Flop
Seat 4: AzureCaper (button) (small blind) collected ($11.76)


PokerStars Hand #164272050926:  Hold'em Limit ($3/$6 USD) - 2017/01/08 19:17:48 ET
Table 'Sequoia' 6-max Seat #2 is the button
Seat 2: dblmystack ($91.76 in chips)
Seat 4: AzureCaper ($82.90 in chips)
dblmystack: posts small blind $1
AzureCaper: posts big blind $3
*** HOLE CARDS ***
dblmystack: raises $3 to $6
AzureCaper: raises $3 to $9
dblmystack: calls $3
*** FLOP *** [6d 7s 6h]
AzureCaper: bets $3
dblmystack: raises $3 to $6
AzureCaper: raises $3 to $9
dblmystack: calls $3
*** TURN *** [6d 7s 6h] [6s]
AzureCaper: bets $6
dblmystack: raises $6 to $12
AzureCaper: raises $6 to $18
dblmystack: raises $6 to $24
Betting is capped
AzureCaper: folds
Uncalled bet ($6) returned to dblmystack
dblmystack collected $71.50 from pot
dblmystack: doesn't show hand
*** SUMMARY ***
Total pot $72 | Rake $0.50
Board [6d 7s 6h 6s]
Seat 2: dblmystack (button) (small blind) collected ($71.50)
Seat 4: AzureCaper (big blind) folded on the Turn


PokerStars Hand #164272093520:  Hold'em Limit ($3/$6 USD) - 2017/01/08 19:18:46 ET
Table 'Sequoia' 6-max Seat #4 is the button
Seat 2: dblmystack ($153.52 in chips)
Seat 4: AzureCaper ($72 in chips)
AzureCaper: posts small blind $1
dblmystack: posts big blind $3
*** HOLE CARDS ***
AzureCaper: raises $3 to $6
dblmystack: folds
Uncalled bet ($3) returned to AzureCaper
AzureCaper collected $6 from pot
AzureCaper: doesn't show hand
*** SUMMARY ***
Total pot $6 | Rake $0
Seat 2: dblmystack (big blind) folded before Flop
Seat 4: AzureCaper (button) (small blind) collected ($6)


PokerStars Hand #164272085624:  Hold'em Limit ($3/$6 USD) - 2017/01/08 19:18:35 ET
Table 'Sequoia' 6-max Seat #2 is the button
Seat 2: dblmystack ($147.76 in chips)
Seat 4: AzureCaper ($72 in chips)
dblmystack: posts small blind $1
AzureCaper: posts big blind $3
*** HOLE CARDS ***
dblmystack: raises $3 to $6
AzureCaper: calls $3
*** FLOP *** [9h 8c 6c]
AzureCaper: checks
dblmystack: bets $3
AzureCaper: folds
Uncalled bet ($3) returned to dblmystack
dblmystack collected $11.76 from pot
dblmystack: doesn't show hand
*** SUMMARY ***
Total pot $12 | Rake $0.24
Board [9h 8c 6c]
Seat 2: dblmystack (button) (small blind) collected ($11.76)
Seat 4: AzureCaper (big blind) folded on the Flop


PokerStars Hand #164272123136:  Hold'em Limit ($3/$6 USD) - 2017/01/08 19:19:26 ET
Table 'Sequoia' 6-max Seat #2 is the button
Seat 2: dblmystack ($171.02 in chips)
Seat 4: AzureCaper ($72 in chips)
dblmystack: posts small blind $1
AzureCaper: posts big blind $3
*** HOLE CARDS ***
dblmystack: raises $3 to $6
AzureCaper: folds
Uncalled bet ($3) returned to dblmystack
dblmystack collected $6 from pot
dblmystack: doesn't show hand
*** SUMMARY ***
Total pot $6 | Rake $0
Seat 2: dblmystack (button) (small blind) collected ($6)
Seat 4: AzureCaper (big blind) folded before Flop


PokerStars Hand #164272098600:  Hold'em Limit ($3/$6 USD) - 2017/01/08 19:18:53 ET
Table 'Sequoia' 6-max Seat #2 is the button
Seat 2: dblmystack ($150.52 in chips)
Seat 4: AzureCaper ($75 in chips)
dblmystack: posts small blind $1
AzureCaper: posts big blind $3
*** HOLE CARDS ***
dblmystack: raises $3 to $6
AzureCaper: folds
Uncalled bet ($3) returned to dblmystack
dblmystack collected $6 from pot
dblmystack: doesn't show hand
*** SUMMARY ***
Total pot $6 | Rake $0
Seat 2: dblmystack (button) (small blind) collected ($6)
Seat 4: AzureCaper (big blind) folded before Flop


PokerStars Hand #164272103336:  Hold'em Limit ($3/$6 USD) - 2017/01/08 19:18:59 ET
Table 'Sequoia' 6-max Seat #4 is the button
Seat 2: dblmystack ($153.52 in chips)
Seat 4: AzureCaper ($72 in chips)
AzureCaper: posts small blind $1
dblmystack: posts big blind $3
*** HOLE CARDS ***
AzureCaper: raises $3 to $6
dblmystack: calls $3
*** FLOP *** [4c 3d 6d]
dblmystack: bets $3
AzureCaper: raises $3 to $6
dblmystack: calls $3
*** TURN *** [4c 3d 6d] [4s]
dblmystack: checks
AzureCaper: bets $6
dblmystack: calls $6
*** RIVER *** [4c 3d 6d 4s] [7h]
dblmystack: bets $6
AzureCaper: folds
Uncalled bet ($6) returned to dblmystack
dblmystack collected $35.50 from pot
dblmystack: doesn't show hand
*** SUMMARY ***
Total pot $36 | Rake $0.50
Board [4c 3d 6d 4s 7h]
Seat 2: dblmystack (big blind) collected ($35.50)
Seat 4: AzureCaper (button) (small blind) folded on the River


PokerStars Hand #164272144437:  Hold'em Limit ($3/$6 USD) - 2017/01/08 19:19:56 ET
Table 'Sequoia' 6-max Seat #2 is the button
Seat 2: dblmystack ($191.52 in chips)
Seat 4: AzureCaper ($72 in chips)
dblmystack: posts small blind $1
AzureCaper: posts big blind $3
*** HOLE CARDS ***
dblmystack: folds
Uncalled bet ($2) returned to AzureCaper
AzureCaper collected $2 from pot
AzureCaper: doesn't show hand
*** SUMMARY ***
Total pot $2 | Rake $0
Seat 2: dblmystack (button) (small blind) folded before Flop
Seat 4: AzureCaper (big blind) collected ($2)


PokerStars Hand #164272128783:  Hold'em Limit ($3/$6 USD) - 2017/01/08 19:19:34 ET
Table 'Sequoia' 6-max Seat #4 is the button
Seat 2: dblmystack ($174.02 in chips)
Seat 4: AzureCaper ($72 in chips)
AzureCaper: posts small blind $1
dblmystack: posts big blind $3
*** HOLE CARDS ***
AzureCaper: raises $3 to $6
dblmystack: calls $3
*** FLOP *** [Ks Js Qd]
dblmystack: bets $3
AzureCaper: raises $3 to $6
dblmystack: calls $3
*** TURN *** [Ks Js Qd] [6c]
dblmystack: checks
AzureCaper: checks
*** RIVER *** [Ks Js Qd 6c] [8s]
dblmystack: checks
AzureCaper: bets $6
dblmystack: calls $6
*** SHOW DOWN ***
AzureCaper: shows [Ts 7h] (high card King)
dblmystack: shows [Tc Qh] (a pair of Queens)
dblmystack collected $35.50 from pot
*** SUMMARY ***
Total pot $36 | Rake $0.50
Board [Ks Js Qd 6c 8s]
Seat 2: dblmystack (big blind) showed [Tc Qh] and won ($35.50) with a pair of Queens
Seat 4: AzureCaper (button) (small blind) showed [Ts 7h] and lost with high card King


PokerStars Hand #164272153237:  Hold'em Limit ($3/$6 USD) - 2017/01/08 19:20:08 ET
Table 'Sequoia' 6-max Seat #2 is the button
Seat 2: dblmystack ($191.52 in chips)
Seat 4: AzureCaper ($72 in chips)
dblmystack: posts small blind $1
AzureCaper: posts big blind $3
*** HOLE CARDS ***
dblmystack: folds
Uncalled bet ($2) returned to AzureCaper
AzureCaper collected $2 from pot
AzureCaper: doesn't show hand
*** SUMMARY ***
Total pot $2 | Rake $0
Seat 2: dblmystack (button) (small blind) folded before Flop
Seat 4: AzureCaper (big blind) collected ($2)


PokerStars Hand #164272149061:  Hold'em Limit ($3/$6 USD) - 2017/01/08 19:20:02 ET
Table 'Sequoia' 6-max Seat #4 is the button
Seat 2: dblmystack ($190.52 in chips)
Seat 4: AzureCaper ($73 in chips)
AzureCaper: posts small blind $1
dblmystack: posts big blind $3
*** HOLE CARDS ***
AzureCaper: folds
Uncalled bet ($2) returned to dblmystack
dblmystack collected $2 from pot
dblmystack: doesn't show hand
*** SUMMARY ***
Total pot $2 | Rake $0
Seat 2: dblmystack (big blind) collected ($2)
Seat 4: AzureCaper (button) (small blind) folded before Flop


PokerStars Hand #164272172959:  Hold'em Limit ($3/$6 USD) - 2017/01/08 19:20:36 ET
Table 'Sequoia' 6-max Seat #4 is the button
Seat 2: dblmystack ($183.52 in chips)
Seat 4: AzureCaper ($79.76 in chips)
AzureCaper: posts small blind $1
dblmystack: posts big blind $3
*** HOLE CARDS ***
AzureCaper: raises $3 to $6
dblmystack: folds
Uncalled bet ($3) returned to AzureCaper
AzureCaper collected $6 from pot
AzureCaper: doesn't show hand
*** SUMMARY ***
Total pot $6 | Rake $0
Seat 2: dblmystack (big blind) folded before Flop
Seat 4: AzureCaper (button) (small blind) collected ($6)


PokerStars Hand #164272168341:  Hold'em Limit ($3/$6 USD) - 2017/01/08 19:20:29 ET
Table 'Sequoia' 6-max Seat #2 is the button
Seat 2: dblmystack ($184.52 in chips)
Seat 4: AzureCaper ($78.76 in chips)
dblmystack: posts small blind $1
AzureCaper: posts big blind $3
*** HOLE CARDS ***
dblmystack: folds
Uncalled bet ($2) returned to AzureCaper
AzureCaper collected $2 from pot
AzureCaper: doesn't show hand
*** SUMMARY ***
Total pot $2 | Rake $0
Seat 2: dblmystack (button) (small blind) folded before Flop
Seat 4: AzureCaper (big blind) collected ($2)


PokerStars Hand #164272157142:  Hold'em Limit ($3/$6 USD) - 2017/01/08 19:20:14 ET
Table 'Sequoia' 6-max Seat #4 is the button
Seat 2: dblmystack ($190.52 in chips)
Seat 4: AzureCaper ($73 in chips)
AzureCaper: posts small blind $1
dblmystack: posts big blind $3
*** HOLE CARDS ***
AzureCaper: raises $3 to $6
dblmystack: calls $3
*** FLOP *** [2c Kh 2h]
dblmystack: checks
AzureCaper: bets $3
dblmystack: folds
Uncalled bet ($3) returned to AzureCaper
AzureCaper collected $11.76 from pot
AzureCaper: doesn't show hand
*** SUMMARY ***
Total pot $12 | Rake $0.24
Board [2c Kh 2h]
Seat 2: dblmystack (big blind) folded on the Flop
Seat 4: AzureCaper (button) (small blind) collected ($11.76)


PokerStars Hand #164272185037:  Hold'em Limit ($3/$6 USD) - 2017/01/08 19:20:43 ET
Table 'Sequoia' 6-max Seat #2 is the button
Seat 2: dblmystack ($180.52 in chips)
Seat 4: AzureCaper ($82.76 in chips)
dblmystack: posts small blind $1
AzureCaper: posts big blind $3
*** HOLE CARDS ***
dblmystack: raises $3 to $6
AzureCaper: folds
Uncalled bet ($3) returned to dblmystack
dblmystack collected $6 from pot
dblmystack: doesn't show hand
*** SUMMARY ***
Total pot $6 | Rake $0
Seat 2: dblmystack (button) (small blind) collected ($6)
Seat 4: AzureCaper (big blind) folded before Flop


PokerStars Hand #164272195026:  Hold'em Limit ($3/$6 USD) - 2017/01/08 19:20:57 ET
Table 'Sequoia' 6-max Seat #2 is the button
Seat 2: dblmystack ($184.52 in chips)
Seat 4: AzureCaper ($78.76 in chips)
dblmystack: posts small blind $1
AzureCaper: posts big blind $3
*** HOLE CARDS ***
dblmystack: folds
Uncalled bet ($2) returned to AzureCaper
AzureCaper collected $2 from pot
AzureCaper: doesn't show hand
*** SUMMARY ***
Total pot $2 | Rake $0
Seat 2: dblmystack (button) (small blind) folded before Flop
Seat 4: AzureCaper (big blind) collected ($2)


PokerStars Hand #164272191289:  Hold'em Limit ($3/$6 USD) - 2017/01/08 19:20:51 ET
Table 'Sequoia' 6-max Seat #4 is the button
Seat 2: dblmystack ($183.52 in chips)
Seat 4: AzureCaper ($79.76 in chips)
AzureCaper: posts small blind $1
dblmystack: posts big blind $3
*** HOLE CARDS ***
AzureCaper: folds
Uncalled bet ($2) returned to dblmystack
dblmystack collected $2 from pot
dblmystack: doesn't show hand
*** SUMMARY ***
Total pot $2 | Rake $0
Seat 2: dblmystack (big blind) collected ($2)
Seat 4: AzureCaper (button) (small blind) folded before Flop


PokerStars Hand #164272210118:  Hold'em Limit ($3/$6 USD) - 2017/01/08 19:21:17 ET
Table 'Sequoia' 6-max Seat #2 is the button
Seat 2: dblmystack ($195.04 in chips)
Seat 4: AzureCaper ($72 in chips)
dblmystack: posts small blind $1
AzureCaper: posts big blind $3
*** HOLE CARDS ***
dblmystack: folds
Uncalled bet ($2) returned to AzureCaper
AzureCaper collected $2 from pot
AzureCaper: doesn't show hand
*** SUMMARY ***
Total pot $2 | Rake $0
Seat 2: dblmystack (button) (small blind) folded before Flop
Seat 4: AzureCaper (big blind) collected ($2)


PokerStars Hand #164272199369:  Hold'em Limit ($3/$6 USD) - 2017/01/08 19:21:03 ET
Table 'Sequoia' 6-max Seat #4 is the button
Seat 2: dblmystack ($183.52 in chips)
Seat 4: AzureCaper ($79.76 in chips)
AzureCaper: posts small blind $1
dblmystack: posts big blind $3
*** HOLE CARDS ***
AzureCaper: raises $3 to $6
dblmystack: raises $3 to $9
AzureCaper: calls $3
*** FLOP *** [Kc 5s 6s]
dblmystack: bets $3
AzureCaper: calls $3
*** TURN *** [Kc 5s 6s] [Ts]
dblmystack: bets $6
AzureCaper: folds
Uncalled bet ($6) returned to dblmystack
dblmystack collected $23.52 from pot
dblmystack: doesn't show hand
*** SUMMARY ***
Total pot $24 | Rake $0.48
Board [Kc 5s 6s Ts]
Seat 2: dblmystack (big blind) collected ($23.52)
Seat 4: AzureCaper (button) (small blind) folded on the Turn


PokerStars Hand #164272214515:  Hold'em Limit ($3/$6 USD) - 2017/01/08 19:21:24 ET
Table 'Sequoia' 6-max Seat #4 is the button
Seat 2: dblmystack ($194.04 in chips)
Seat 4: AzureCaper ($73 in chips)
AzureCaper: posts small blind $1
dblmystack: posts big blind $3
*** HOLE CARDS ***
AzureCaper: raises $3 to $6
dblmystack: calls $3
*** FLOP *** [3d 4h 2h]
dblmystack: checks
AzureCaper: bets $3
dblmystack: calls $3
*** TURN *** [3d 4h 2h] [4c]
dblmystack: checks
AzureCaper: bets $6
dblmystack: folds
Uncalled bet ($6) returned to AzureCaper
AzureCaper collected $17.64 from pot
AzureCaper: doesn't show hand
*** SUMMARY ***
Total pot $18 | Rake $0.36
Board [3d 4h 2h 4c]
Seat 2: dblmystack (big blind) folded on the Turn
Seat 4: AzureCaper (button) (small blind) collected ($17.64)


PokerStars Hand #164272257354:  Hold'em Limit ($3/$6 USD) - 2017/01/08 19:22:24 ET
Table 'Sequoia' 6-max Seat #4 is the button
Seat 2: dblmystack ($167.04 in chips)
Seat 4: AzureCaper ($99.14 in chips)
AzureCaper: posts small blind $1
dblmystack: posts big blind $3
*** HOLE CARDS ***
AzureCaper: raises $3 to $6
dblmystack: raises $3 to $9
AzureCaper: calls $3
*** FLOP *** [4c 2s 9h]
dblmystack: bets $3
AzureCaper: calls $3
*** TURN *** [4c 2s 9h] [7d]
dblmystack: bets $6
AzureCaper: calls $6
*** RIVER *** [4c 2s 9h 7d] [7s]
dblmystack: bets $6
AzureCaper: calls $6
*** SHOW DOWN ***
dblmystack: shows [Ks Kh] (two pair, Kings and Sevens)
AzureCaper: mucks hand
dblmystack collected $47.50 from pot
*** SUMMARY ***
Total pot $48 | Rake $0.50
Board [4c 2s 9h 7d 7s]
Seat 2: dblmystack (big blind) showed [Ks Kh] and won ($47.50) with two pair, Kings and Sevens
Seat 4: AzureCaper (button) (small blind) mucked


PokerStars Hand #164272228017:  Hold'em Limit ($3/$6 USD) - 2017/01/08 19:21:42 ET
Table 'Sequoia' 6-max Seat #2 is the button
Seat 2: dblmystack ($185.04 in chips)
Seat 4: AzureCaper ($81.64 in chips)
dblmystack: posts small blind $1
AzureCaper: posts big blind $3
*** HOLE CARDS ***
dblmystack: raises $3 to $6
AzureCaper: raises $3 to $9
dblmystack: calls $3
*** FLOP *** [5c 8c 8h]
AzureCaper: bets $3
dblmystack: calls $3
*** TURN *** [5c 8c 8h] [4c]
AzureCaper: bets $6
dblmystack: calls $6
*** RIVER *** [5c 8c 8h 4c] [3s]
AzureCaper: bets $6
dblmystack: folds
Uncalled bet ($6) returned to AzureCaper
AzureCaper collected $35.50 from pot
AzureCaper: doesn't show hand
*** SUMMARY ***
Total pot $36 | Rake $0.50
Board [5c 8c 8h 4c 3s]
Seat 2: dblmystack (button) (small blind) folded on the River
Seat 4: AzureCaper (big blind) collected ($35.50)


PokerStars Hand #164272252904:  Hold'em Limit ($3/$6 USD) - 2017/01/08 19:22:17 ET
Table 'Sequoia' 6-max Seat #2 is the button
Seat 2: dblmystack ($168.04 in chips)
Seat 4: AzureCaper ($98.14 in chips)
dblmystack: posts small blind $1
AzureCaper: posts big blind $3
*** HOLE CARDS ***
dblmystack: folds
Uncalled bet ($2) returned to AzureCaper
AzureCaper collected $2 from pot
AzureCaper: doesn't show hand
*** SUMMARY ***
Total pot $2 | Rake $0
Seat 2: dblmystack (button) (small blind) folded before Flop
Seat 4: AzureCaper (big blind) collected ($2)


PokerStars Hand #164272242911:  Hold'em Limit ($3/$6 USD) - 2017/01/08 19:22:03 ET
Table 'Sequoia' 6-max Seat #4 is the button
Seat 2: dblmystack ($167.04 in chips)
Seat 4: AzureCaper ($99.14 in chips)
AzureCaper: posts small blind $1
dblmystack: posts big blind $3
*** HOLE CARDS ***
AzureCaper: folds
Uncalled bet ($2) returned to dblmystack
dblmystack collected $2 from pot
dblmystack: doesn't show hand
*** SUMMARY ***
Total pot $2 | Rake $0
Seat 2: dblmystack (big blind) collected ($2)
Seat 4: AzureCaper (button) (small blind) folded before Flop


PokerStars Hand #164272276595:  Hold'em Limit ($3/$6 USD) - 2017/01/08 19:22:50 ET
Table 'Sequoia' 6-max Seat #4 is the button
Seat 2: dblmystack ($189.54 in chips)
Seat 4: AzureCaper ($76.14 in chips)
AzureCaper: posts small blind $1
dblmystack: posts big blind $3
*** HOLE CARDS ***
AzureCaper: raises $3 to $6
dblmystack: calls $3
*** FLOP *** [4s Td Tc]
dblmystack: checks
AzureCaper: bets $3
dblmystack: calls $3
*** TURN *** [4s Td Tc] [Qc]
dblmystack: checks
AzureCaper: bets $6
dblmystack: folds
Uncalled bet ($6) returned to AzureCaper
AzureCaper collected $17.64 from pot
AzureCaper: doesn't show hand
*** SUMMARY ***
Total pot $18 | Rake $0.36
Board [4s Td Tc Qc]
Seat 2: dblmystack (big blind) folded on the Turn
Seat 4: AzureCaper (button) (small blind) collected ($17.64)


PokerStars Hand #164272302135:  Hold'em Limit ($3/$6 USD) - 2017/01/08 19:23:26 ET
Table 'Sequoia' 6-max Seat #4 is the button
Seat 2: dblmystack ($179.54 in chips)
Seat 4: AzureCaper ($85.78 in chips)
AzureCaper: posts small blind $1
dblmystack: posts big blind $3
*** HOLE CARDS ***
AzureCaper: folds
Uncalled bet ($2) returned to dblmystack
dblmystack collected $2 from pot
dblmystack: doesn't show hand
*** SUMMARY ***
Total pot $2 | Rake $0
Seat 2: dblmystack (big blind) collected ($2)
Seat 4: AzureCaper (button) (small blind) folded before Flop


PokerStars Hand #164272298350:  Hold'em Limit ($3/$6 USD) - 2017/01/08 19:23:21 ET
Table 'Sequoia' 6-max Seat #2 is the button
Seat 2: dblmystack ($180.54 in chips)
Seat 4: AzureCaper ($84.78 in chips)
dblmystack: posts small blind $1
AzureCaper: posts big blind $3
*** HOLE CARDS ***
dblmystack: folds
Uncalled bet ($2) returned to AzureCaper
AzureCaper collected $2 from pot
AzureCaper: doesn't show hand
*** SUMMARY ***
Total pot $2 | Rake $0
Seat 2: dblmystack (button) (small blind) folded before Flop
Seat 4: AzureCaper (big blind) collected ($2)


PokerStars Hand #164272306077:  Hold'em Limit ($3/$6 USD) - 2017/01/08 19:23:32 ET
Table 'Sequoia' 6-max Seat #2 is the button
Seat 2: dblmystack ($180.54 in chips)
Seat 4: AzureCaper ($84.78 in chips)
dblmystack: posts small blind $1
AzureCaper: posts big blind $3
*** HOLE CARDS ***
dblmystack: folds
Uncalled bet ($2) returned to AzureCaper
AzureCaper collected $2 from pot
AzureCaper: doesn't show hand
*** SUMMARY ***
Total pot $2 | Rake $0
Seat 2: dblmystack (button) (small blind) folded before Flop
Seat 4: AzureCaper (big blind) collected ($2)


PokerStars Hand #164272271767:  Hold'em Limit ($3/$6 USD) - 2017/01/08 19:22:44 ET
Table 'Sequoia' 6-max Seat #2 is the button
Seat 2: dblmystack ($190.54 in chips)
Seat 4: AzureCaper ($75.14 in chips)
dblmystack: posts small blind $1
AzureCaper: posts big blind $3
*** HOLE CARDS ***
dblmystack: folds
Uncalled bet ($2) returned to AzureCaper
AzureCaper collected $2 from pot
AzureCaper: doesn't show hand
*** SUMMARY ***
Total pot $2 | Rake $0
Seat 2: dblmystack (button) (small blind) folded before Flop
Seat 4: AzureCaper (big blind) collected ($2)


PokerStars Hand #164272294646:  Hold'em Limit ($3/$6 USD) - 2017/01/08 19:23:16 ET
Table 'Sequoia' 6-max Seat #4 is the button
Seat 2: dblmystack ($179.54 in chips)
Seat 4: AzureCaper ($85.78 in chips)
AzureCaper: posts small blind $1
dblmystack: posts big blind $3
*** HOLE CARDS ***
AzureCaper: folds
Uncalled bet ($2) returned to dblmystack
dblmystack collected $2 from pot
dblmystack: doesn't show hand
*** SUMMARY ***
Total pot $2 | Rake $0
Seat 2: dblmystack (big blind) collected ($2)
Seat 4: AzureCaper (button) (small blind) folded before Flop


PokerStars Hand #164272290807:  Hold'em Limit ($3/$6 USD) - 2017/01/08 19:23:10 ET
Table 'Sequoia' 6-max Seat #2 is the button
Seat 2: dblmystack ($180.54 in chips)
Seat 4: AzureCaper ($84.78 in chips)
dblmystack: posts small blind $1
AzureCaper: posts big blind $3
*** HOLE CARDS ***
dblmystack: folds
Uncalled bet ($2) returned to AzureCaper
AzureCaper collected $2 from pot
AzureCaper: doesn't show hand
*** SUMMARY ***
Total pot $2 | Rake $0
Seat 2: dblmystack (button) (small blind) folded before Flop
Seat 4: AzureCaper (big blind) collected ($2)


PokerStars Hand #164272310156:  Hold'em Limit ($3/$6 USD) - 2017/01/08 19:23:37 ET
Table 'Sequoia' 6-max Seat #4 is the button
Seat 2: dblmystack ($179.54 in chips)
Seat 4: AzureCaper ($85.78 in chips)
AzureCaper: posts small blind $1
dblmystack: posts big blind $3
*** HOLE CARDS ***
AzureCaper: raises $3 to $6
dblmystack: calls $3
*** FLOP *** [4d Th 8s]
dblmystack: checks
RaisemyNut$ joins the table at seat #3
AzureCaper: bets $3
dblmystack: folds
Uncalled bet ($3) returned to AzureCaper
AzureCaper collected $11.76 from pot
AzureCaper: doesn't show hand
*** SUMMARY ***
Total pot $12 | Rake $0.24
Board [4d Th 8s]
Seat 2: dblmystack (big blind) folded on the Flop
Seat 4: AzureCaper (button) (small blind) collected ($11.76)


PokerStars Hand #164272454706:  Hold'em Limit ($3/$6 USD) - 2017/01/08 19:27:01 ET
Table 'Sequoia' 6-max Seat #2 is the button
Seat 2: dblmystack ($169.61 in chips)
Seat 3: RaisemyNut$ ($120.08 in chips)
dblmystack: posts small blind $1
RaisemyNut$: posts big blind $3
*** HOLE CARDS ***
dblmystack: raises $3 to $6
RaisemyNut$: folds
Uncalled bet ($3) returned to dblmystack
dblmystack collected $6 from pot
dblmystack: doesn't show hand
*** SUMMARY ***
Total pot $6 | Rake $0
Seat 2: dblmystack (button) (small blind) collected ($6)
Seat 3: RaisemyNut$ (big blind) folded before Flop


PokerStars Hand #164272449966:  Hold'em Limit ($3/$6 USD) - 2017/01/08 19:26:55 ET
Table 'Sequoia' 6-max Seat #3 is the button
Seat 2: dblmystack ($168.61 in chips)
Seat 3: RaisemyNut$ ($121.08 in chips)
RaisemyNut$: posts small blind $1
AzureCaper: is sitting out
dblmystack: posts big blind $3
*** HOLE CARDS ***
AzureCaper leaves the table
RaisemyNut$: folds
Uncalled bet ($2) returned to dblmystack
dblmystack collected $2 from pot
dblmystack: doesn't show hand
*** SUMMARY ***
Total pot $2 | Rake $0
Seat 2: dblmystack (big blind) collected ($2)
Seat 3: RaisemyNut$ (button) (small blind) folded before Flop


PokerStars Hand #164272462357:  Hold'em Limit ($3/$6 USD) - 2017/01/08 19:27:12 ET
Table 'Sequoia' 6-max Seat #3 is the button
Seat 2: dblmystack ($172.61 in chips)
Seat 3: RaisemyNut$ ($117.08 in chips)
RaisemyNut$: posts small blind $1
dblmystack: posts big blind $3
*** HOLE CARDS ***
RaisemyNut$: raises $3 to $6
dblmystack: calls $3
*** FLOP *** [4s 3d Ks]
dblmystack: checks
RaisemyNut$: bets $3
dblmystack: raises $3 to $6
RaisemyNut$: calls $3
*** TURN *** [4s 3d Ks] [7d]
dblmystack: bets $6
RaisemyNut$: folds
Uncalled bet ($6) returned to dblmystack
dblmystack collected $23.52 from pot
dblmystack: doesn't show hand
*** SUMMARY ***
Total pot $24 | Rake $0.48
Board [4s 3d Ks 7d]
Seat 2: dblmystack (big blind) collected ($23.52)
Seat 3: RaisemyNut$ (button) (small blind) folded on the Turn


PokerStars Hand #164272521694:  Hold'em Limit ($3/$6 USD) - 2017/01/08 19:28:38 ET
Table 'Sequoia' 6-max Seat #3 is the button
Seat 2: dblmystack ($169.13 in chips)
Seat 3: RaisemyNut$ ($119.36 in chips)
RaisemyNut$: posts small blind $1
dblmystack: posts big blind $3
*** HOLE CARDS ***
RaisemyNut$: raises $3 to $6
dblmystack: folds
Uncalled bet ($3) returned to RaisemyNut$
RaisemyNut$ collected $6 from pot
RaisemyNut$: doesn't show hand
*** SUMMARY ***
Total pot $6 | Rake $0
Seat 2: dblmystack (big blind) folded before Flop
Seat 3: RaisemyNut$ (button) (small blind) collected ($6)


PokerStars Hand #164272518045:  Hold'em Limit ($3/$6 USD) - 2017/01/08 19:28:33 ET
Table 'Sequoia' 6-max Seat #2 is the button
Seat 2: dblmystack ($170.13 in chips)
Seat 3: RaisemyNut$ ($118.36 in chips)
dblmystack: posts small blind $1
RaisemyNut$: posts big blind $3
*** HOLE CARDS ***
dblmystack: folds
Uncalled bet ($2) returned to RaisemyNut$
RaisemyNut$ collected $2 from pot
RaisemyNut$: doesn't show hand
*** SUMMARY ***
Total pot $2 | Rake $0
Seat 2: dblmystack (button) (small blind) folded before Flop
Seat 3: RaisemyNut$ (big blind) collected ($2)


PokerStars Hand #164272504984:  Hold'em Limit ($3/$6 USD) - 2017/01/08 19:28:14 ET
Table 'Sequoia' 6-max Seat #3 is the button
Seat 2: dblmystack ($182.13 in chips)
Seat 3: RaisemyNut$ ($106.84 in chips)
RaisemyNut$: posts small blind $1
dblmystack: posts big blind $3
*** HOLE CARDS ***
RaisemyNut$: raises $3 to $6
dblmystack: calls $3
*** FLOP *** [Kh 4s 9d]
dblmystack: bets $3
RaisemyNut$: raises $3 to $6
dblmystack: calls $3
*** TURN *** [Kh 4s 9d] [2d]
dblmystack: checks
RaisemyNut$: bets $6
dblmystack: folds
Uncalled bet ($6) returned to RaisemyNut$
RaisemyNut$ collected $23.52 from pot
RaisemyNut$: doesn't show hand
*** SUMMARY ***
Total pot $24 | Rake $0.48
Board [Kh 4s 9d 2d]
Seat 2: dblmystack (big blind) folded on the Turn
Seat 3: RaisemyNut$ (button) (small blind) collected ($23.52)


PokerStars Hand #164272488143:  Hold'em Limit ($3/$6 USD) - 2017/01/08 19:27:49 ET
Table 'Sequoia' 6-max Seat #3 is the button
Seat 2: dblmystack ($187.13 in chips)
Seat 3: RaisemyNut$ ($102.08 in chips)
RaisemyNut$: posts small blind $1
dblmystack: posts big blind $3
*** HOLE CARDS ***
RaisemyNut$: folds
Uncalled bet ($2) returned to dblmystack
dblmystack collected $2 from pot
dblmystack: doesn't show hand
*** SUMMARY ***
Total pot $2 | Rake $0
Seat 2: dblmystack (big blind) collected ($2)
Seat 3: RaisemyNut$ (button) (small blind) folded before Flop


PokerStars Hand #164272483318:  Hold'em Limit ($3/$6 USD) - 2017/01/08 19:27:42 ET
Table 'Sequoia' 6-max Seat #2 is the button
Seat 2: dblmystack ($184.13 in chips)
Seat 3: RaisemyNut$ ($105.08 in chips)
dblmystack: posts small blind $1
RaisemyNut$: posts big blind $3
*** HOLE CARDS ***
dblmystack: raises $3 to $6
RaisemyNut$: folds
Uncalled bet ($3) returned to dblmystack
dblmystack collected $6 from pot
dblmystack: doesn't show hand
*** SUMMARY ***
Total pot $6 | Rake $0
Seat 2: dblmystack (button) (small blind) collected ($6)
Seat 3: RaisemyNut$ (big blind) folded before Flop


PokerStars Hand #164272491861:  Hold'em Limit ($3/$6 USD) - 2017/01/08 19:27:55 ET
Table 'Sequoia' 6-max Seat #2 is the button
Seat 2: dblmystack ($188.13 in chips)
Seat 3: RaisemyNut$ ($101.08 in chips)
dblmystack: posts small blind $1
RaisemyNut$: posts big blind $3
*** HOLE CARDS ***
dblmystack: raises $3 to $6
RaisemyNut$: calls $3
*** FLOP *** [Jd Jh 3d]
RaisemyNut$: checks
dblmystack: checks
*** TURN *** [Jd Jh 3d] [5d]
RaisemyNut$: bets $6
dblmystack: folds
Uncalled bet ($6) returned to RaisemyNut$
RaisemyNut$ collected $11.76 from pot
RaisemyNut$: doesn't show hand
*** SUMMARY ***
Total pot $12 | Rake $0.24
Board [Jd Jh 3d 5d]
Seat 2: dblmystack (button) (small blind) folded on the Turn
Seat 3: RaisemyNut$ (big blind) collected ($11.76)


PokerStars Hand #164272555156:  Hold'em Limit ($3/$6 USD) - 2017/01/08 19:29:26 ET
Table 'Sequoia' 6-max Seat #2 is the button
Seat 2: dblmystack ($168.77 in chips)
Seat 3: RaisemyNut$ ($119.12 in chips)
dblmystack: posts small blind $1
RaisemyNut$: posts big blind $3
*** HOLE CARDS ***
dblmystack: folds
Uncalled bet ($2) returned to RaisemyNut$
RaisemyNut$ collected $2 from pot
RaisemyNut$: doesn't show hand
*** SUMMARY ***
Total pot $2 | Rake $0
Seat 2: dblmystack (button) (small blind) folded before Flop
Seat 3: RaisemyNut$ (big blind) collected ($2)


PokerStars Hand #164272544682:  Hold'em Limit ($3/$6 USD) - 2017/01/08 19:29:11 ET
Table 'Sequoia' 6-max Seat #3 is the button
Seat 2: dblmystack ($174.77 in chips)
Seat 3: RaisemyNut$ ($113.36 in chips)
RaisemyNut$: posts small blind $1
dblmystack: posts big blind $3
*** HOLE CARDS ***
RaisemyNut$: raises $3 to $6
dblmystack: calls $3
*** FLOP *** [Ah Jc 8d]
dblmystack: checks
RaisemyNut$: bets $3
dblmystack: folds
Uncalled bet ($3) returned to RaisemyNut$
RaisemyNut$ collected $11.76 from pot
RaisemyNut$: doesn't show hand
*** SUMMARY ***
Total pot $12 | Rake $0.24
Board [Ah Jc 8d]
Seat 2: dblmystack (big blind) folded on the Flop
Seat 3: RaisemyNut$ (button) (small blind) collected ($11.76)


PokerStars Hand #164272526745:  Hold'em Limit ($3/$6 USD) - 2017/01/08 19:28:45 ET
Table 'Sequoia' 6-max Seat #2 is the button
Seat 2: dblmystack ($166.13 in chips)
Seat 3: RaisemyNut$ ($122.36 in chips)
dblmystack: posts small blind $1
RaisemyNut$: posts big blind $3
*** HOLE CARDS ***
dblmystack: raises $3 to $6
RaisemyNut$: calls $3
*** FLOP *** [Kd Jh Ad]
RaisemyNut$: bets $3
dblmystack: calls $3
*** TURN *** [Kd Jh Ad] [Qd]
RaisemyNut$: checks
dblmystack: checks
*** RIVER *** [Kd Jh Ad Qd] [5s]
RaisemyNut$: checks
dblmystack: checks
*** SHOW DOWN ***
RaisemyNut$: shows [8c Jd] (a pair of Jacks)
dblmystack: shows [9s Qs] (a pair of Queens)
dblmystack collected $17.64 from pot
*** SUMMARY ***
Total pot $18 | Rake $0.36
Board [Kd Jh Ad Qd 5s]
Seat 2: dblmystack (button) (small blind) showed [9s Qs] and won ($17.64) with a pair of Queens
Seat 3: RaisemyNut$ (big blind) showed [8c Jd] and lost with a pair of Jacks


PokerStars Hand #164272599001:  Hold'em Limit ($3/$6 USD) - 2017/01/08 19:30:30 ET
Table 'Sequoia' 6-max Seat #3 is the button
Seat 2: dblmystack ($140.77 in chips)
Seat 3: RaisemyNut$ ($146.14 in chips)
RaisemyNut$: posts small blind $1
dblmystack: posts big blind $3
*** HOLE CARDS ***
RaisemyNut$: raises $3 to $6
dblmystack: folds
Uncalled bet ($3) returned to RaisemyNut$
RaisemyNut$ collected $6 from pot
RaisemyNut$: doesn't show hand
*** SUMMARY ***
Total pot $6 | Rake $0
Seat 2: dblmystack (big blind) folded before Flop
Seat 3: RaisemyNut$ (button) (small blind) collected ($6)


PokerStars Hand #164272558924:  Hold'em Limit ($3/$6 USD) - 2017/01/08 19:29:32 ET
Table 'Sequoia' 6-max Seat #3 is the button
Seat 2: dblmystack ($167.77 in chips)
Seat 3: RaisemyNut$ ($120.12 in chips)
RaisemyNut$: posts small blind $1
dblmystack: posts big blind $3
*** HOLE CARDS ***
RaisemyNut$: raises $3 to $6
dblmystack: calls $3
*** FLOP *** [Qc 9d 2c]
dblmystack: bets $3
RaisemyNut$: calls $3
*** TURN *** [Qc 9d 2c] [Ac]
dblmystack: bets $6
RaisemyNut$: calls $6
*** RIVER *** [Qc 9d 2c Ac] [7c]
dblmystack: checks
RaisemyNut$: bets $6
dblmystack: folds
Uncalled bet ($6) returned to RaisemyNut$
RaisemyNut$ collected $29.50 from pot
RaisemyNut$: doesn't show hand
*** SUMMARY ***
Total pot $30 | Rake $0.50
Board [Qc 9d 2c Ac 7c]
Seat 2: dblmystack (big blind) folded on the River
Seat 3: RaisemyNut$ (button) (small blind) collected ($29.50)


PokerStars Hand #164272586714:  Hold'em Limit ($3/$6 USD) - 2017/01/08 19:30:12 ET
Table 'Sequoia' 6-max Seat #2 is the button
Seat 2: dblmystack ($152.77 in chips)
Seat 3: RaisemyNut$ ($134.62 in chips)
dblmystack: posts small blind $1
RaisemyNut$: posts big blind $3
*** HOLE CARDS ***
dblmystack: raises $3 to $6
RaisemyNut$: calls $3
*** FLOP *** [5c Th Ac]
RaisemyNut$: checks
dblmystack: checks
*** TURN *** [5c Th Ac] [9c]
RaisemyNut$: bets $6
dblmystack: calls $6
*** RIVER *** [5c Th Ac 9c] [3c]
RaisemyNut$: bets $6
dblmystack: folds
Uncalled bet ($6) returned to RaisemyNut$
RaisemyNut$ collected $23.52 from pot
RaisemyNut$: doesn't show hand
*** SUMMARY ***
Total pot $24 | Rake $0.48
Board [5c Th Ac 9c 3c]
Seat 2: dblmystack (button) (small blind) folded on the River
Seat 3: RaisemyNut$ (big blind) collected ($23.52)


PokerStars Hand #164272583354:  Hold'em Limit ($3/$6 USD) - 2017/01/08 19:30:07 ET
Table 'Sequoia' 6-max Seat #3 is the button
Seat 2: dblmystack ($151.77 in chips)
Seat 3: RaisemyNut$ ($135.62 in chips)
RaisemyNut$: posts small blind $1
dblmystack: posts big blind $3
*** HOLE CARDS ***
RaisemyNut$: folds
Uncalled bet ($2) returned to dblmystack
dblmystack collected $2 from pot
dblmystack: doesn't show hand
*** SUMMARY ***
Total pot $2 | Rake $0
Seat 2: dblmystack (big blind) collected ($2)
Seat 3: RaisemyNut$ (button) (small blind) folded before Flop


PokerStars Hand #164272579121:  Hold'em Limit ($3/$6 USD) - 2017/01/08 19:30:01 ET
Table 'Sequoia' 6-max Seat #2 is the button
Seat 2: dblmystack ($152.77 in chips)
Seat 3: RaisemyNut$ ($134.62 in chips)
dblmystack: posts small blind $1
RaisemyNut$: posts big blind $3
*** HOLE CARDS ***
dblmystack: folds
Uncalled bet ($2) returned to RaisemyNut$
RaisemyNut$ collected $2 from pot
RaisemyNut$: doesn't show hand
*** SUMMARY ***
Total pot $2 | Rake $0
Seat 2: dblmystack (button) (small blind) folded before Flop
Seat 3: RaisemyNut$ (big blind) collected ($2)


PokerStars Hand #164272604046:  Hold'em Limit ($3/$6 USD) - 2017/01/08 19:30:37 ET
Table 'Sequoia' 6-max Seat #2 is the button
Seat 2: dblmystack ($137.77 in chips)
Seat 3: RaisemyNut$ ($149.14 in chips)
dblmystack: posts small blind $1
RaisemyNut$: posts big blind $3
*** HOLE CARDS ***
rascal_319 joins the table at seat #4
dblmystack: raises $3 to $6
RaisemyNut$: raises $3 to $9
dblmystack: raises $3 to $12
Betting is capped
RaisemyNut$: calls $3
*** FLOP *** [9c Js Kh]
RaisemyNut$: checks
dblmystack: bets $3
RaisemyNut$: calls $3
*** TURN *** [9c Js Kh] [8h]
RaisemyNut$: checks
dblmystack: bets $6
RaisemyNut$: raises $6 to $12
dblmystack: calls $6
*** RIVER *** [9c Js Kh 8h] [Ks]
RaisemyNut$: bets $6
dblmystack: calls $6
*** SHOW DOWN ***
RaisemyNut$: shows [9h 9d] (a full house, Nines full of Kings)
dblmystack: mucks hand
RaisemyNut$ collected $65.50 from pot
*** SUMMARY ***
Total pot $66 | Rake $0.50
Board [9c Js Kh 8h Ks]
Seat 2: dblmystack (button) (small blind) mucked
Seat 3: RaisemyNut$ (big blind) showed [9h 9d] and won ($65.50) with a full house, Nines full of Kings


PokerStars Hand #164277459749:  Hold'em Limit ($3/$6 USD) - 2017/01/08 22:01:34 ET
Table 'Sequoia' 6-max Seat #5 is the button
Seat 3: RaisemyNut$ ($198.35 in chips)
Seat 5: DirtyDouble2 ($76.54 in chips)
DirtyDouble2: posts small blind $1
rascal_319: is sitting out
RaisemyNut$: posts big blind $3
*** HOLE CARDS ***
DirtyDouble2: raises $3 to $6
RaisemyNut$: calls $3
*** FLOP *** [Kc Qc 6d]
RaisemyNut$: checks
DirtyDouble2: bets $3
RaisemyNut$: calls $3
*** TURN *** [Kc Qc 6d] [3c]
RaisemyNut$: checks
DirtyDouble2: bets $6
RaisemyNut$: folds
Uncalled bet ($6) returned to DirtyDouble2
DirtyDouble2 collected $17.64 from pot
*** SUMMARY ***
Total pot $18 | Rake $0.36
Board [Kc Qc 6d 3c]
Seat 3: RaisemyNut$ (big blind) folded on the Turn
Seat 5: DirtyDouble2 (button) (small blind) collected ($17.64)


PokerStars Hand #164277467061:  Hold'em Limit ($3/$6 USD) - 2017/01/08 22:01:51 ET
Table 'Sequoia' 6-max Seat #3 is the button
Seat 3: RaisemyNut$ ($189.35 in chips)
Seat 6: rascal_319 ($93.48 in chips)
RaisemyNut$: posts small blind $1
rascal_319: posts big blind $3
*** HOLE CARDS ***
RaisemyNut$: folds
Uncalled bet ($2) returned to rascal_319
rascal_319 collected $2 from pot
rascal_319: doesn't show hand
*** SUMMARY ***
Total pot $2 | Rake $0
Seat 3: RaisemyNut$ (button) (small blind) folded before Flop
Seat 6: rascal_319 (big blind) collected ($2)


PokerStars Hand #164277469195:  Hold'em Limit ($3/$6 USD) - 2017/01/08 22:01:56 ET
Table 'Sequoia' 6-max Seat #6 is the button
Seat 3: RaisemyNut$ ($188.35 in chips)
Seat 6: rascal_319 ($94.48 in chips)
rascal_319: posts small blind $1
RaisemyNut$: posts big blind $3
*** HOLE CARDS ***
rascal_319: raises $3 to $6
RaisemyNut$: raises $3 to $9
rascal_319: raises $3 to $12
Betting is capped
RaisemyNut$: calls $3
*** FLOP *** [6d 9d 9s]
RaisemyNut$: checks
rascal_319: bets $3
RaisemyNut$: calls $3
*** TURN *** [6d 9d 9s] [5s]
RaisemyNut$: checks
rascal_319: bets $6
RaisemyNut$: folds
Uncalled bet ($6) returned to rascal_319
rascal_319 collected $29.50 from pot
rascal_319: doesn't show hand
*** SUMMARY ***
Total pot $30 | Rake $0.50
Board [6d 9d 9s 5s]
Seat 3: RaisemyNut$ (big blind) folded on the Turn
Seat 6: rascal_319 (button) (small blind) collected ($29.50)


PokerStars Hand #164277649324:  Hold'em Limit ($3/$6 USD) - 2017/01/08 22:08:53 ET
Table 'Sequoia' 6-max Seat #6 is the button
Seat 5: DirtyDouble2 ($99.25 in chips)
Seat 6: rascal_319 ($35.69 in chips)
rascal_319: posts small blind $1
RaisemyNut$: is sitting out
DirtyDouble2: posts big blind $3
*** HOLE CARDS ***
rascal_319: folds
Uncalled bet ($2) returned to DirtyDouble2
DirtyDouble2 collected $2 from pot
*** SUMMARY ***
Total pot $2 | Rake $0
Seat 5: DirtyDouble2 (big blind) collected ($2)
Seat 6: rascal_319 (button) (small blind) folded before Flop


PokerStars Hand #164278374559:  Hold'em Limit ($3/$6 USD) - 2017/01/08 22:40:02 ET
Table 'Sequoia' 6-max Seat #5 is the button
Seat 4: AzureCaper ($72 in chips)
Seat 5: Brama Br ($121 in chips)
Brama Br: posts small blind $1
AzureCaper: posts big blind $3
*** HOLE CARDS ***
Brama Br: raises $3 to $6
AzureCaper: folds
Uncalled bet ($3) returned to Brama Br
Brama Br collected $6 from pot
Brama Br: doesn't show hand
*** SUMMARY ***
Total pot $6 | Rake $0
Seat 4: AzureCaper (big blind) folded before Flop
Seat 5: Brama Br (button) (small blind) collected ($6)


PokerStars Hand #164278378085:  Hold'em Limit ($3/$6 USD) - 2017/01/08 22:40:12 ET
Table 'Sequoia' 6-max Seat #4 is the button
Seat 4: AzureCaper ($72 in chips)
Seat 5: Brama Br ($124 in chips)
AzureCaper: posts small blind $1
Brama Br: posts big blind $3
*** HOLE CARDS ***
AzureCaper: raises $3 to $6
Brama Br: calls $3
*** FLOP *** [7s Qh Ah]
Brama Br: checks
AzureCaper: bets $3
Brama Br: raises $3 to $6
AzureCaper: raises $3 to $9
Brama Br: calls $3
*** TURN *** [7s Qh Ah] [Kh]
Brama Br: checks
AzureCaper: bets $6
Brama Br: calls $6
*** RIVER *** [7s Qh Ah Kh] [2h]
Brama Br: checks
AzureCaper: checks
*** SHOW DOWN ***
Brama Br: shows [5h Ks] (a flush, Ace high)
AzureCaper: mucks hand
Brama Br collected $41.50 from pot
*** SUMMARY ***
Total pot $42 | Rake $0.50
Board [7s Qh Ah Kh 2h]
Seat 4: AzureCaper (button) (small blind) mucked
Seat 5: Brama Br (big blind) showed [5h Ks] and won ($41.50) with a flush, Ace high


PokerStars Hand #164278371000:  Hold'em Limit ($3/$6 USD) - 2017/01/08 22:39:53 ET
Table 'Sequoia' 6-max Seat #4 is the button
Seat 4: AzureCaper ($72 in chips)
Seat 5: Brama Br ($120 in chips)
AzureCaper: posts small blind $1
Brama Br: posts big blind $3
*** HOLE CARDS ***
AzureCaper: folds
Uncalled bet ($2) returned to Brama Br
Brama Br collected $2 from pot
Brama Br: doesn't show hand
*** SUMMARY ***
Total pot $2 | Rake $0
Seat 4: AzureCaper (button) (small blind) folded before Flop
Seat 5: Brama Br (big blind) collected ($2)


PokerStars Hand #164278398279:  Hold'em Limit ($3/$6 USD) - 2017/01/08 22:41:07 ET
Table 'Sequoia' 6-max Seat #4 is the button
Seat 4: AzureCaper ($95.50 in chips)
Seat 5: Brama Br ($120.50 in chips)
AzureCaper: posts small blind $1
Brama Br: posts big blind $3
*** HOLE CARDS ***
AzureCaper: folds
Uncalled bet ($2) returned to Brama Br
Brama Br collected $2 from pot
Brama Br: doesn't show hand
*** SUMMARY ***
Total pot $2 | Rake $0
Seat 4: AzureCaper (button) (small blind) folded before Flop
Seat 5: Brama Br (big blind) collected ($2)


PokerStars Hand #164278388878:  Hold'em Limit ($3/$6 USD) - 2017/01/08 22:40:41 ET
Table 'Sequoia' 6-max Seat #5 is the button
Seat 4: AzureCaper ($72 in chips)
Seat 5: Brama Br ($144.50 in chips)
Brama Br: posts small blind $1
AzureCaper: posts big blind $3
*** HOLE CARDS ***
Brama Br: raises $3 to $6
AzureCaper: raises $3 to $9
Brama Br: calls $3
*** FLOP *** [5d 7c 4c]
AzureCaper: bets $3
Brama Br: calls $3
*** TURN *** [5d 7c 4c] [Ts]
AzureCaper: bets $6
Brama Br: calls $6
*** RIVER *** [5d 7c 4c Ts] [8c]
AzureCaper: bets $6
Brama Br: calls $6
*** SHOW DOWN ***
AzureCaper: shows [Kc Jc] (a flush, King high)
Brama Br: mucks hand
AzureCaper collected $47.50 from pot
*** SUMMARY ***
Total pot $48 | Rake $0.50
Board [5d 7c 4c Ts 8c]
Seat 4: AzureCaper (big blind) showed [Kc Jc] and won ($47.50) with a flush, King high
Seat 5: Brama Br (button) (small blind) mucked


PokerStars Hand #164278400500:  Hold'em Limit ($3/$6 USD) - 2017/01/08 22:41:13 ET
Table 'Sequoia' 6-max Seat #5 is the button
Seat 4: AzureCaper ($94.50 in chips)
Seat 5: Brama Br ($121.50 in chips)
Brama Br: posts small blind $1
AzureCaper: posts big blind $3
*** HOLE CARDS ***
Brama Br: raises $3 to $6
AzureCaper: raises $3 to $9
Brama Br: raises $3 to $12
Betting is capped
AzureCaper: calls $3
*** FLOP *** [Jc 5c 5d]
SACHAVT joins the table at seat #3
AzureCaper: checks
Brama Br: bets $3
AzureCaper: calls $3
*** TURN *** [Jc 5c 5d] [7s]
AzureCaper: checks
Brama Br: checks
*** RIVER *** [Jc 5c 5d 7s] [Ah]
AzureCaper: checks
Brama Br: bets $6
AzureCaper: folds
Uncalled bet ($6) returned to Brama Br
Brama Br collected $29.50 from pot
Brama Br: doesn't show hand
*** SUMMARY ***
Total pot $30 | Rake $0.50
Board [Jc 5c 5d 7s Ah]
Seat 4: AzureCaper (big blind) folded on the River
Seat 5: Brama Br (button) (small blind) collected ($29.50)


PokerStars Hand #164278416868:  Hold'em Limit ($3/$6 USD) - 2017/01/08 22:41:58 ET
Table 'Sequoia' 6-max Seat #5 is the button
Seat 4: AzureCaper ($85.26 in chips)
Seat 5: Brama Br ($130 in chips)
Brama Br: posts small blind $1
AzureCaper: posts big blind $3
*** HOLE CARDS ***
Brama Br: raises $3 to $6
SACHAVT joins the table at seat #3
AzureCaper: raises $3 to $9
Brama Br: raises $3 to $12
Betting is capped
AzureCaper: calls $3
*** FLOP *** [Td 2c Ks]
AzureCaper: checks
Brama Br: checks
*** TURN *** [Td 2c Ks] [Qd]
GoliafUa joins the table at seat #6
AzureCaper: bets $6
Brama Br: calls $6
*** RIVER *** [Td 2c Ks Qd] [4h]
AzureCaper: bets $6
Brama Br: calls $6
*** SHOW DOWN ***
AzureCaper: shows [Jc Ad] (a straight, Ten to Ace)
Brama Br: mucks hand
AzureCaper collected $47.50 from pot
*** SUMMARY ***
Total pot $48 | Rake $0.50
Board [Td 2c Ks Qd 4h]
Seat 4: AzureCaper (big blind) showed [Jc Ad] and won ($47.50) with a straight, Ten to Ace
Seat 5: Brama Br (button) (small blind) mucked


PokerStars Hand #164278426301:  Hold'em Limit ($3/$6 USD) - 2017/01/08 22:42:25 ET
Table 'Sequoia' 6-max Seat #4 is the button
Seat 4: AzureCaper ($108.76 in chips)
Seat 5: Brama Br ($106 in chips)
AzureCaper: posts small blind $1
Brama Br: posts big blind $3
*** HOLE CARDS ***
AzureCaper: raises $3 to $6
Brama Br: raises $3 to $9
AzureCaper: calls $3
*** FLOP *** [2d 6h 7c]
Brama Br: bets $3
AzureCaper: calls $3
*** TURN *** [2d 6h 7c] [5c]
Brama Br: bets $6
AzureCaper: raises $6 to $12
Brama Br: calls $6
*** RIVER *** [2d 6h 7c 5c] [Js]
Brama Br: bets $6
AzureCaper: raises $6 to $12
Brama Br: folds
Uncalled bet ($6) returned to AzureCaper
AzureCaper collected $59.50 from pot
AzureCaper: doesn't show hand
*** SUMMARY ***
Total pot $60 | Rake $0.50
Board [2d 6h 7c 5c Js]
Seat 4: AzureCaper (button) (small blind) collected ($59.50)
Seat 5: Brama Br (big blind) folded on the River


PokerStars Hand #164278411154:  Hold'em Limit ($3/$6 USD) - 2017/01/08 22:41:43 ET
Table 'Sequoia' 6-max Seat #4 is the button
Seat 4: AzureCaper ($79.50 in chips)
Seat 5: Brama Br ($136 in chips)
AzureCaper: posts small blind $1
Brama Br: posts big blind $3
*** HOLE CARDS ***
AzureCaper: raises $3 to $6
Brama Br: calls $3
*** FLOP *** [9s Td Tc]
SACHAVT leaves the table
Brama Br: checks
AzureCaper: bets $3
Brama Br: folds
Uncalled bet ($3) returned to AzureCaper
AzureCaper collected $11.76 from pot
AzureCaper: doesn't show hand
*** SUMMARY ***
Total pot $12 | Rake $0.24
Board [9s Td Tc]
Seat 4: AzureCaper (button) (small blind) collected ($11.76)
Seat 5: Brama Br (big blind) folded on the Flop


PokerStars Hand #164278528558:  Hold'em Limit ($3/$6 USD) - 2017/01/08 22:47:11 ET
Table 'Sequoia' 6-max Seat #5 is the button
Seat 4: AzureCaper ($72 in chips)
Seat 5: Brama Br ($149.39 in chips)
Brama Br: posts small blind $1
AzureCaper: posts big blind $3
*** HOLE CARDS ***
Brama Br: raises $3 to $6
AzureCaper: folds
Uncalled bet ($3) returned to Brama Br
Brama Br collected $6 from pot
Brama Br: doesn't show hand
*** SUMMARY ***
Total pot $6 | Rake $0
Seat 4: AzureCaper (big blind) folded before Flop
Seat 5: Brama Br (button) (small blind) collected ($6)


PokerStars Hand #164278540188:  Hold'em Limit ($3/$6 USD) - 2017/01/08 22:47:44 ET
Table 'Sequoia' 6-max Seat #5 is the button
Seat 4: AzureCaper ($72 in chips)
Seat 5: Brama Br ($166.89 in chips)
Brama Br: posts small blind $1
AzureCaper: posts big blind $3
*** HOLE CARDS ***
Brama Br: raises $3 to $6
AzureCaper: folds
Uncalled bet ($3) returned to Brama Br
Brama Br collected $6 from pot
Brama Br: doesn't show hand
*** SUMMARY ***
Total pot $6 | Rake $0
Seat 4: AzureCaper (big blind) folded before Flop
Seat 5: Brama Br (button) (small blind) collected ($6)


PokerStars Hand #164278531062:  Hold'em Limit ($3/$6 USD) - 2017/01/08 22:47:18 ET
Table 'Sequoia' 6-max Seat #4 is the button
Seat 4: AzureCaper ($72 in chips)
Seat 5: Brama Br ($152.39 in chips)
AzureCaper: posts small blind $1
Brama Br: posts big blind $3
*** HOLE CARDS ***
AzureCaper: raises $3 to $6
Brama Br: calls $3
*** FLOP *** [9h 9c Qh]
Brama Br: checks
AzureCaper: bets $3
Brama Br: calls $3
*** TURN *** [9h 9c Qh] [6s]
Brama Br: checks
AzureCaper: checks
*** RIVER *** [9h 9c Qh 6s] [Ac]
Brama Br: checks
AzureCaper: bets $6
Brama Br: calls $6
*** SHOW DOWN ***
AzureCaper: shows [5h 4c] (a pair of Nines)
Brama Br: shows [8h 6h] (two pair, Nines and Sixes)
Brama Br collected $29.50 from pot
*** SUMMARY ***
Total pot $30 | Rake $0.50
Board [9h 9c Qh 6s Ac]
Seat 4: AzureCaper (button) (small blind) showed [5h 4c] and lost with a pair of Nines
Seat 5: Brama Br (big blind) showed [8h 6h] and won ($29.50) with two pair, Nines and Sixes


PokerStars Hand #164278542687:  Hold'em Limit ($3/$6 USD) - 2017/01/08 22:47:51 ET
Table 'Sequoia' 6-max Seat #4 is the button
Seat 4: AzureCaper ($72 in chips)
Seat 5: Brama Br ($169.89 in chips)
AzureCaper: posts small blind $1
Brama Br: posts big blind $3
*** HOLE CARDS ***
AzureCaper: raises $3 to $6
Brama Br: calls $3
*** FLOP *** [As Tc 6c]
Brama Br: checks
AzureCaper: bets $3
Brama Br: folds
Uncalled bet ($3) returned to AzureCaper
AzureCaper collected $11.76 from pot
*** SUMMARY ***
Total pot $12 | Rake $0.24
Board [As Tc 6c]
Seat 4: AzureCaper (button) (small blind) collected ($11.76)
Seat 5: Brama Br (big blind) folded on the Flop


PokerStars Hand #164278552089:  Hold'em Limit ($3/$6 USD) - 2017/01/08 22:48:18 ET
Table 'Sequoia' 6-max Seat #4 is the button
Seat 4: AzureCaper ($78.76 in chips)
Seat 5: Brama Br ($162.89 in chips)
AzureCaper: posts small blind $1
Brama Br: posts big blind $3
*** HOLE CARDS ***
AzureCaper: raises $3 to $6
Brama Br: raises $3 to $9
AzureCaper: raises $3 to $12
Betting is capped
Brama Br: calls $3
*** FLOP *** [3h 8d Kd]
Brama Br: bets $3
AzureCaper: folds
Uncalled bet ($3) returned to Brama Br
Brama Br collected $23.52 from pot
Brama Br: doesn't show hand
*** SUMMARY ***
Total pot $24 | Rake $0.48
Board [3h 8d Kd]
Seat 4: AzureCaper (button) (small blind) folded on the Flop
Seat 5: Brama Br (big blind) collected ($23.52)


PokerStars Hand #164278549562:  Hold'em Limit ($3/$6 USD) - 2017/01/08 22:48:10 ET
Table 'Sequoia' 6-max Seat #5 is the button
Seat 4: AzureCaper ($77.76 in chips)
Seat 5: Brama Br ($163.89 in chips)
Brama Br: posts small blind $1
AzureCaper: posts big blind $3
*** HOLE CARDS ***
Brama Br: folds
Uncalled bet ($2) returned to AzureCaper
AzureCaper collected $2 from pot
AzureCaper: doesn't show hand
*** SUMMARY ***
Total pot $2 | Rake $0
Seat 4: AzureCaper (big blind) collected ($2)
Seat 5: Brama Br (button) (small blind) folded before Flop


PokerStars Hand #164278565953:  Hold'em Limit ($3/$6 USD) - 2017/01/08 22:48:57 ET
Table 'Sequoia' 6-max Seat #4 is the button
Seat 4: AzureCaper ($72 in chips)
Seat 5: Brama Br ($177.41 in chips)
AzureCaper: posts small blind $1
Brama Br: posts big blind $3
*** HOLE CARDS ***
AzureCaper: folds
Uncalled bet ($2) returned to Brama Br
Brama Br collected $2 from pot
Brama Br: doesn't show hand
*** SUMMARY ***
Total pot $2 | Rake $0
Seat 4: AzureCaper (button) (small blind) folded before Flop
Seat 5: Brama Br (big blind) collected ($2)


PokerStars Hand #164278560395:  Hold'em Limit ($3/$6 USD) - 2017/01/08 22:48:41 ET
Table 'Sequoia' 6-max Seat #5 is the button
Seat 4: AzureCaper ($72 in chips)
Seat 5: Brama Br ($174.41 in chips)
Brama Br: posts small blind $1
AzureCaper: posts big blind $3
*** HOLE CARDS ***
Brama Br: raises $3 to $6
AzureCaper: folds
Uncalled bet ($3) returned to Brama Br
Brama Br collected $6 from pot
Brama Br: doesn't show hand
*** SUMMARY ***
Total pot $6 | Rake $0
Seat 4: AzureCaper (big blind) folded before Flop
Seat 5: Brama Br (button) (small blind) collected ($6)


PokerStars Hand #164278580189:  Hold'em Limit ($3/$6 USD) - 2017/01/08 22:49:38 ET
Table 'Sequoia' 6-max Seat #5 is the button
Seat 4: AzureCaper ($91.50 in chips)
Seat 5: Brama Br ($158.41 in chips)
Brama Br: posts small blind $1
AzureCaper: posts big blind $3
*** HOLE CARDS ***
Brama Br: folds
Uncalled bet ($2) returned to AzureCaper
AzureCaper collected $2 from pot
AzureCaper: doesn't show hand
*** SUMMARY ***
Total pot $2 | Rake $0
Seat 4: AzureCaper (big blind) collected ($2)
Seat 5: Brama Br (button) (small blind) folded before Flop


PokerStars Hand #164278577944:  Hold'em Limit ($3/$6 USD) - 2017/01/08 22:49:32 ET
Table 'Sequoia' 6-max Seat #4 is the button
Seat 4: AzureCaper ($92.50 in chips)
Seat 5: Brama Br ($157.41 in chips)
AzureCaper: posts small blind $1
Brama Br: posts big blind $3
*** HOLE CARDS ***
AzureCaper: folds
Uncalled bet ($2) returned to Brama Br
Brama Br collected $2 from pot
Brama Br: doesn't show hand
*** SUMMARY ***
Total pot $2 | Rake $0
Seat 4: AzureCaper (button) (small blind) folded before Flop
Seat 5: Brama Br (big blind) collected ($2)


PokerStars Hand #164278568480:  Hold'em Limit ($3/$6 USD) - 2017/01/08 22:49:04 ET
Table 'Sequoia' 6-max Seat #5 is the button
Seat 4: AzureCaper ($72 in chips)
Seat 5: Brama Br ($178.41 in chips)
Brama Br: posts small blind $1
AzureCaper: posts big blind $3
*** HOLE CARDS ***
Brama Br: raises $3 to $6
AzureCaper: calls $3
*** FLOP *** [Ks 6h 9c]
AzureCaper: checks
Brama Br: bets $3
AzureCaper: calls $3
*** TURN *** [Ks 6h 9c] [Qc]
AzureCaper: bets $6
Brama Br: calls $6
*** RIVER *** [Ks 6h 9c Qc] [5h]
AzureCaper: bets $6
Brama Br: calls $6
*** SHOW DOWN ***
AzureCaper: shows [Jd Ts] (a straight, Nine to King)
Brama Br: mucks hand
AzureCaper collected $41.50 from pot
*** SUMMARY ***
Total pot $42 | Rake $0.50
Board [Ks 6h 9c Qc 5h]
Seat 4: AzureCaper (big blind) showed [Jd Ts] and won ($41.50) with a straight, Nine to King
Seat 5: Brama Br (button) (small blind) mucked


PokerStars Hand #164278603368:  Hold'em Limit ($3/$6 USD) - 2017/01/08 22:50:46 ET
Table 'Sequoia' 6-max Seat #4 is the button
Seat 4: AzureCaper ($72 in chips)
Seat 5: Brama Br ($190.67 in chips)
AzureCaper: posts small blind $1
Brama Br: posts big blind $3
*** HOLE CARDS ***
AzureCaper: folds
Uncalled bet ($2) returned to Brama Br
Brama Br collected $2 from pot
Brama Br: doesn't show hand
*** SUMMARY ***
Total pot $2 | Rake $0
Seat 4: AzureCaper (button) (small blind) folded before Flop
Seat 5: Brama Br (big blind) collected ($2)


PokerStars Hand #164278596808:  Hold'em Limit ($3/$6 USD) - 2017/01/08 22:50:27 ET
Table 'Sequoia' 6-max Seat #5 is the button
Seat 4: AzureCaper ($72 in chips)
Seat 5: Brama Br ($184.91 in chips)
Brama Br: posts small blind $1
AzureCaper: posts big blind $3
*** HOLE CARDS ***
Brama Br: raises $3 to $6
AzureCaper: calls $3
*** FLOP *** [7c 5d Ad]
AzureCaper: checks
Brama Br: bets $3
AzureCaper: folds
Uncalled bet ($3) returned to Brama Br
Brama Br collected $11.76 from pot
Brama Br: doesn't show hand
*** SUMMARY ***
Total pot $12 | Rake $0.24
Board [7c 5d Ad]
Seat 4: AzureCaper (big blind) folded on the Flop
Seat 5: Brama Br (button) (small blind) collected ($11.76)


PokerStars Hand #164278594430:  Hold'em Limit ($3/$6 USD) - 2017/01/08 22:50:19 ET
Table 'Sequoia' 6-max Seat #4 is the button
Seat 4: AzureCaper ($72 in chips)
Seat 5: Brama Br ($183.91 in chips)
AzureCaper: posts small blind $1
Brama Br: posts big blind $3
*** HOLE CARDS ***
AzureCaper: folds
Uncalled bet ($2) returned to Brama Br
Brama Br collected $2 from pot
Brama Br: doesn't show hand
*** SUMMARY ***
Total pot $2 | Rake $0
Seat 4: AzureCaper (button) (small blind) folded before Flop
Seat 5: Brama Br (big blind) collected ($2)


PokerStars Hand #164278591785:  Hold'em Limit ($3/$6 USD) - 2017/01/08 22:50:12 ET
Table 'Sequoia' 6-max Seat #5 is the button
Seat 4: AzureCaper ($72 in chips)
Seat 5: Brama Br ($180.91 in chips)
Brama Br: posts small blind $1
AzureCaper: posts big blind $3
*** HOLE CARDS ***
Brama Br: raises $3 to $6
AzureCaper: folds
Uncalled bet ($3) returned to Brama Br
Brama Br collected $6 from pot
Brama Br: doesn't show hand
*** SUMMARY ***
Total pot $6 | Rake $0
Seat 4: AzureCaper (big blind) folded before Flop
Seat 5: Brama Br (button) (small blind) collected ($6)


PokerStars Hand #164278582593:  Hold'em Limit ($3/$6 USD) - 2017/01/08 22:49:45 ET
Table 'Sequoia' 6-max Seat #4 is the button
Seat 4: AzureCaper ($92.50 in chips)
Seat 5: Brama Br ($157.41 in chips)
AzureCaper: posts small blind $1
Brama Br: posts big blind $3
*** HOLE CARDS ***
AzureCaper: raises $3 to $6
Brama Br: calls $3
*** FLOP *** [Kh Qd 2c]
Brama Br: checks
AzureCaper: bets $3
Brama Br: raises $3 to $6
AzureCaper: calls $3
*** TURN *** [Kh Qd 2c] [Qh]
Brama Br: bets $6
AzureCaper: calls $6
*** RIVER *** [Kh Qd 2c Qh] [6h]
Brama Br: bets $6
AzureCaper: calls $6
*** SHOW DOWN ***
Brama Br: shows [Ks 3h] (two pair, Kings and Queens)
AzureCaper: mucks hand
Brama Br collected $47.50 from pot
*** SUMMARY ***
Total pot $48 | Rake $0.50
Board [Kh Qd 2c Qh 6h]
Seat 4: AzureCaper (button) (small blind) mucked
Seat 5: Brama Br (big blind) showed [Ks 3h] and won ($47.50) with two pair, Kings and Queens


PokerStars Hand #164278618218:  Hold'em Limit ($3/$6 USD) - 2017/01/08 22:51:29 ET
Table 'Sequoia' 6-max Seat #4 is the button
Seat 4: AzureCaper ($72 in chips)
Seat 5: Brama Br ($209.07 in chips)
AzureCaper: posts small blind $1
Brama Br: posts big blind $3
*** HOLE CARDS ***
AzureCaper: raises $3 to $6
Brama Br: raises $3 to $9
AzureCaper: calls $3
*** FLOP *** [6h 9c 4c]
Brama Br: bets $3
AzureCaper: calls $3
*** TURN *** [6h 9c 4c] [5s]
Brama Br: checks
AzureCaper: checks
*** RIVER *** [6h 9c 4c 5s] [8h]
Brama Br: bets $6
AzureCaper: folds
Uncalled bet ($6) returned to Brama Br
Brama Br collected $23.52 from pot
Brama Br: doesn't show hand
*** SUMMARY ***
Total pot $24 | Rake $0.48
Board [6h 9c 4c 5s 8h]
Seat 4: AzureCaper (button) (small blind) folded on the River
Seat 5: Brama Br (big blind) collected ($23.52)


PokerStars Hand #164278613505:  Hold'em Limit ($3/$6 USD) - 2017/01/08 22:51:15 ET
Table 'Sequoia' 6-max Seat #5 is the button
Seat 4: AzureCaper ($72 in chips)
Seat 5: Brama Br ($203.31 in chips)
Brama Br: posts small blind $1
AzureCaper: posts big blind $3
*** HOLE CARDS ***
Brama Br: raises $3 to $6
AzureCaper: calls $3
*** FLOP *** [9h 8h Ts]
AzureCaper: checks
Brama Br: bets $3
AzureCaper: folds
Uncalled bet ($3) returned to Brama Br
Brama Br collected $11.76 from pot
Brama Br: doesn't show hand
*** SUMMARY ***
Total pot $12 | Rake $0.24
Board [9h 8h Ts]
Seat 4: AzureCaper (big blind) folded on the Flop
Seat 5: Brama Br (button) (small blind) collected ($11.76)


PokerStars Hand #164278608822:  Hold'em Limit ($3/$6 USD) - 2017/01/08 22:51:02 ET
Table 'Sequoia' 6-max Seat #4 is the button
Seat 4: AzureCaper ($72 in chips)
Seat 5: Brama Br ($194.67 in chips)
AzureCaper: posts small blind $1
Brama Br: posts big blind $3
*** HOLE CARDS ***
AzureCaper: raises $3 to $6
Brama Br: raises $3 to $9
AzureCaper: calls $3
*** FLOP *** [2s Kc 6c]
Brama Br: bets $3
AzureCaper: folds
Uncalled bet ($3) returned to Brama Br
Brama Br collected $17.64 from pot
Brama Br: doesn't show hand
*** SUMMARY ***
Total pot $18 | Rake $0.36
Board [2s Kc 6c]
Seat 4: AzureCaper (button) (small blind) folded on the Flop
Seat 5: Brama Br (big blind) collected ($17.64)


PokerStars Hand #164278605974:  Hold'em Limit ($3/$6 USD) - 2017/01/08 22:50:53 ET
Table 'Sequoia' 6-max Seat #5 is the button
Seat 4: AzureCaper ($72 in chips)
Seat 5: Brama Br ($191.67 in chips)
Brama Br: posts small blind $1
AzureCaper: posts big blind $3
*** HOLE CARDS ***
Brama Br: raises $3 to $6
AzureCaper: folds
Uncalled bet ($3) returned to Brama Br
Brama Br collected $6 from pot
Brama Br: doesn't show hand
*** SUMMARY ***
Total pot $6 | Rake $0
Seat 4: AzureCaper (big blind) folded before Flop
Seat 5: Brama Br (button) (small blind) collected ($6)


PokerStars Hand #164278636534:  Hold'em Limit ($3/$6 USD) - 2017/01/08 22:52:22 ET
Table 'Sequoia' 6-max Seat #5 is the button
Seat 4: AzureCaper ($72 in chips)
Seat 5: Brama Br ($231.11 in chips)
Brama Br: posts small blind $1
AzureCaper: posts big blind $3
*** HOLE CARDS ***
Brama Br: folds
Uncalled bet ($2) returned to AzureCaper
AzureCaper collected $2 from pot
AzureCaper: doesn't show hand
*** SUMMARY ***
Total pot $2 | Rake $0
Seat 4: AzureCaper (big blind) collected ($2)
Seat 5: Brama Br (button) (small blind) folded before Flop


PokerStars Hand #164278629645:  Hold'em Limit ($3/$6 USD) - 2017/01/08 22:52:02 ET
Table 'Sequoia' 6-max Seat #4 is the button
Seat 4: AzureCaper ($73 in chips)
Seat 5: Brama Br ($219.59 in chips)
AzureCaper: posts small blind $1
Brama Br: posts big blind $3
*** HOLE CARDS ***
AzureCaper: raises $3 to $6
Brama Br: raises $3 to $9
AzureCaper: calls $3
*** FLOP *** [7d 2c 3d]
Brama Br: bets $3
AzureCaper: calls $3
*** TURN *** [7d 2c 3d] [Tc]
Brama Br: bets $6
AzureCaper: folds
Uncalled bet ($6) returned to Brama Br
Brama Br collected $23.52 from pot
Brama Br: doesn't show hand
*** SUMMARY ***
Total pot $24 | Rake $0.48
Board [7d 2c 3d Tc]
Seat 4: AzureCaper (button) (small blind) folded on the Turn
Seat 5: Brama Br (big blind) collected ($23.52)


PokerStars Hand #164278627278:  Hold'em Limit ($3/$6 USD) - 2017/01/08 22:51:55 ET
Table 'Sequoia' 6-max Seat #5 is the button
Seat 4: AzureCaper ($72 in chips)
Seat 5: Brama Br ($220.59 in chips)
Brama Br: posts small blind $1
AzureCaper: posts big blind $3
*** HOLE CARDS ***
Brama Br: folds
Uncalled bet ($2) returned to AzureCaper
AzureCaper collected $2 from pot
AzureCaper: doesn't show hand
*** SUMMARY ***
Total pot $2 | Rake $0
Seat 4: AzureCaper (big blind) collected ($2)
Seat 5: Brama Br (button) (small blind) folded before Flop


PokerStars Hand #164278638807:  Hold'em Limit ($3/$6 USD) - 2017/01/08 22:52:28 ET
Table 'Sequoia' 6-max Seat #4 is the button
Seat 4: AzureCaper ($73 in chips)
Seat 5: Brama Br ($230.11 in chips)
AzureCaper: posts small blind $1
Brama Br: posts big blind $3
*** HOLE CARDS ***
AzureCaper: raises $3 to $6
Brama Br: raises $3 to $9
AzureCaper: calls $3
*** FLOP *** [6c Ts Jd]
Brama Br: bets $3
AzureCaper: calls $3
*** TURN *** [6c Ts Jd] [3s]
Brama Br: checks
AzureCaper: bets $6
Brama Br: calls $6
*** RIVER *** [6c Ts Jd 3s] [3c]
Brama Br: checks
AzureCaper: bets $6
Brama Br: calls $6
*** SHOW DOWN ***
AzureCaper: shows [5d 6d] (two pair, Sixes and Threes)
Brama Br: mucks hand
AzureCaper collected $47.50 from pot
*** SUMMARY ***
Total pot $48 | Rake $0.50
Board [6c Ts Jd 3s 3c]
Seat 4: AzureCaper (button) (small blind) showed [5d 6d] and won ($47.50) with two pair, Sixes and Threes
Seat 5: Brama Br (big blind) mucked


PokerStars Hand #164278657948:  Hold'em Limit ($3/$6 USD) - 2017/01/08 22:53:23 ET
Table 'Sequoia' 6-max Seat #5 is the button
Seat 4: AzureCaper ($91.50 in chips)
Seat 5: Brama Br ($210.87 in chips)
Brama Br: posts small blind $1
AzureCaper: posts big blind $3
*** HOLE CARDS ***
Brama Br: raises $3 to $6
AzureCaper: folds
Uncalled bet ($3) returned to Brama Br
Brama Br collected $6 from pot
Brama Br: doesn't show hand
*** SUMMARY ***
Total pot $6 | Rake $0
Seat 4: AzureCaper (big blind) folded before Flop
Seat 5: Brama Br (button) (small blind) collected ($6)


PokerStars Hand #164278650740:  Hold'em Limit ($3/$6 USD) - 2017/01/08 22:53:03 ET
Table 'Sequoia' 6-max Seat #4 is the button
Seat 4: AzureCaper ($97.50 in chips)
Seat 5: Brama Br ($205.11 in chips)
AzureCaper: posts small blind $1
Brama Br: posts big blind $3
*** HOLE CARDS ***
AzureCaper: raises $3 to $6
Brama Br: calls $3
*** FLOP *** [7s 5h Td]
Brama Br: checks
AzureCaper: checks
*** TURN *** [7s 5h Td] [2d]
Brama Br: bets $6
AzureCaper: folds
Uncalled bet ($6) returned to Brama Br
Brama Br collected $11.76 from pot
Brama Br: doesn't show hand
*** SUMMARY ***
Total pot $12 | Rake $0.24
Board [7s 5h Td 2d]
Seat 4: AzureCaper (button) (small blind) folded on the Turn
Seat 5: Brama Br (big blind) collected ($11.76)


PokerStars Hand #164278648529:  Hold'em Limit ($3/$6 USD) - 2017/01/08 22:52:56 ET
Table 'Sequoia' 6-max Seat #5 is the button
Seat 4: AzureCaper ($96.50 in chips)
Seat 5: Brama Br ($206.11 in chips)
Brama Br: posts small blind $1
AzureCaper: posts big blind $3
*** HOLE CARDS ***
Brama Br: folds
Uncalled bet ($2) returned to AzureCaper
AzureCaper collected $2 from pot
AzureCaper: doesn't show hand
*** SUMMARY ***
Total pot $2 | Rake $0
Seat 4: AzureCaper (big blind) collected ($2)
Seat 5: Brama Br (button) (small blind) folded before Flop


PokerStars Hand #164278684011:  Hold'em Limit ($3/$6 USD) - 2017/01/08 22:54:40 ET
Table 'Sequoia' 6-max Seat #4 is the button
Seat 4: AzureCaper ($76 in chips)
Seat 5: Brama Br ($250.87 in chips)
AzureCaper: posts small blind $1
Brama Br: posts big blind $3
*** HOLE CARDS ***
AzureCaper: raises $3 to $6
Brama Br: folds
Uncalled bet ($3) returned to AzureCaper
AzureCaper collected $6 from pot
AzureCaper: doesn't show hand
*** SUMMARY ***
Total pot $6 | Rake $0
Seat 4: AzureCaper (button) (small blind) collected ($6)
Seat 5: Brama Br (big blind) folded before Flop


PokerStars Hand #164278670603:  Hold'em Limit ($3/$6 USD) - 2017/01/08 22:54:01 ET
Table 'Sequoia' 6-max Seat #5 is the button
Seat 4: AzureCaper ($72 in chips)
Seat 5: Brama Br ($231.37 in chips)
Brama Br: posts small blind $1
AzureCaper: posts big blind $3
*** HOLE CARDS ***
Brama Br: raises $3 to $6
AzureCaper: calls $3
*** FLOP *** [8s Js 7c]
AzureCaper: checks
Brama Br: bets $3
AzureCaper: raises $3 to $6
Brama Br: calls $3
*** TURN *** [8s Js 7c] [Ad]
AzureCaper: bets $6
Brama Br: raises $6 to $12
AzureCaper: calls $6
*** RIVER *** [8s Js 7c Ad] [7h]
AzureCaper: checks
Brama Br: checks
*** SHOW DOWN ***
AzureCaper: shows [9s 4s] (a pair of Sevens)
Brama Br: shows [8h Ts] (two pair, Eights and Sevens)
Brama Br collected $47.50 from pot
*** SUMMARY ***
Total pot $48 | Rake $0.50
Board [8s Js 7c Ad 7h]
Seat 4: AzureCaper (big blind) showed [9s 4s] and lost with a pair of Sevens
Seat 5: Brama Br (button) (small blind) showed [8h Ts] and won ($47.50) with two pair, Eights and Sevens


PokerStars Hand #164278661219:  Hold'em Limit ($3/$6 USD) - 2017/01/08 22:53:33 ET
Table 'Sequoia' 6-max Seat #4 is the button
Seat 4: AzureCaper ($88.50 in chips)
Seat 5: Brama Br ($213.87 in chips)
AzureCaper: posts small blind $1
Brama Br: posts big blind $3
*** HOLE CARDS ***
AzureCaper: raises $3 to $6
Brama Br: calls $3
*** FLOP *** [9h Ts Jh]
Brama Br: checks
AzureCaper: bets $3
Brama Br: raises $3 to $6
AzureCaper: calls $3
*** TURN *** [9h Ts Jh] [6d]
Brama Br: checks
AzureCaper: bets $6
Brama Br: calls $6
*** RIVER *** [9h Ts Jh 6d] [8h]
Brama Br: bets $6
AzureCaper: folds
Uncalled bet ($6) returned to Brama Br
Brama Br collected $35.50 from pot
Brama Br: doesn't show hand
*** SUMMARY ***
Total pot $36 | Rake $0.50
Board [9h Ts Jh 6d 8h]
Seat 4: AzureCaper (button) (small blind) folded on the River
Seat 5: Brama Br (big blind) collected ($35.50)


PokerStars Hand #164278681974:  Hold'em Limit ($3/$6 USD) - 2017/01/08 22:54:34 ET
Table 'Sequoia' 6-max Seat #5 is the button
Seat 4: AzureCaper ($75 in chips)
Seat 5: Brama Br ($251.87 in chips)
Brama Br: posts small blind $1
AzureCaper: posts big blind $3
*** HOLE CARDS ***
Brama Br: folds
Uncalled bet ($2) returned to AzureCaper
AzureCaper collected $2 from pot
AzureCaper: doesn't show hand
*** SUMMARY ***
Total pot $2 | Rake $0
Seat 4: AzureCaper (big blind) collected ($2)
Seat 5: Brama Br (button) (small blind) folded before Flop


PokerStars Hand #164278679547:  Hold'em Limit ($3/$6 USD) - 2017/01/08 22:54:27 ET
Table 'Sequoia' 6-max Seat #4 is the button
Seat 4: AzureCaper ($72 in chips)
Seat 5: Brama Br ($254.87 in chips)
AzureCaper: posts small blind $1
Brama Br: posts big blind $3
*** HOLE CARDS ***
AzureCaper: raises $3 to $6
Brama Br: folds
Uncalled bet ($3) returned to AzureCaper
AzureCaper collected $6 from pot
*** SUMMARY ***
Total pot $6 | Rake $0
Seat 4: AzureCaper (button) (small blind) collected ($6)
Seat 5: Brama Br (big blind) folded before Flop


PokerStars Hand #164278703397:  Hold'em Limit ($3/$6 USD) - 2017/01/08 22:55:40 ET
Table 'Sequoia' 6-max Seat #4 is the button
Seat 4: AzureCaper ($85.50 in chips)
Seat 5: Brama Br ($240.51 in chips)
AzureCaper: posts small blind $1
Brama Br: posts big blind $3
*** HOLE CARDS ***
AzureCaper: raises $3 to $6
Brama Br: folds
Uncalled bet ($3) returned to AzureCaper
AzureCaper collected $6 from pot
*** SUMMARY ***
Total pot $6 | Rake $0
Seat 4: AzureCaper (button) (small blind) collected ($6)
Seat 5: Brama Br (big blind) folded before Flop


PokerStars Hand #164278701505:  Hold'em Limit ($3/$6 USD) - 2017/01/08 22:55:34 ET
Table 'Sequoia' 6-max Seat #5 is the button
Seat 4: AzureCaper ($84.50 in chips)
Seat 5: Brama Br ($241.51 in chips)
Brama Br: posts small blind $1
AzureCaper: posts big blind $3
*** HOLE CARDS ***
Brama Br: folds
Uncalled bet ($2) returned to AzureCaper
AzureCaper collected $2 from pot
AzureCaper: doesn't show hand
*** SUMMARY ***
Total pot $2 | Rake $0
Seat 4: AzureCaper (big blind) collected ($2)
Seat 5: Brama Br (button) (small blind) folded before Flop


PokerStars Hand #164278695288:  Hold'em Limit ($3/$6 USD) - 2017/01/08 22:55:13 ET
Table 'Sequoia' 6-max Seat #4 is the button
Seat 4: AzureCaper ($93.50 in chips)
Seat 5: Brama Br ($232.87 in chips)
AzureCaper: posts small blind $1
Brama Br: posts big blind $3
*** HOLE CARDS ***
AzureCaper: raises $3 to $6
Brama Br: calls $3
*** FLOP *** [Qd Td Ac]
Brama Br: checks
AzureCaper: bets $3
Brama Br: raises $3 to $6
AzureCaper: folds
Uncalled bet ($3) returned to Brama Br
Brama Br collected $17.64 from pot
Brama Br: doesn't show hand
*** SUMMARY ***
Total pot $18 | Rake $0.36
Board [Qd Td Ac]
Seat 4: AzureCaper (button) (small blind) folded on the Flop
Seat 5: Brama Br (big blind) collected ($17.64)


PokerStars Hand #164278686808:  Hold'em Limit ($3/$6 USD) - 2017/01/08 22:54:48 ET
Table 'Sequoia' 6-max Seat #5 is the button
Seat 4: AzureCaper ($79 in chips)
Seat 5: Brama Br ($247.87 in chips)
Brama Br: posts small blind $1
AzureCaper: posts big blind $3
*** HOLE CARDS ***
Brama Br: raises $3 to $6
AzureCaper: raises $3 to $9
Brama Br: calls $3
*** FLOP *** [6c 2c 2h]
AzureCaper: bets $3
Brama Br: raises $3 to $6
AzureCaper: calls $3
*** TURN *** [6c 2c 2h] [5s]
AzureCaper: checks
Brama Br: checks
*** RIVER *** [6c 2c 2h 5s] [Qd]
AzureCaper: bets $6
Brama Br: folds
Uncalled bet ($6) returned to AzureCaper
AzureCaper collected $29.50 from pot
AzureCaper: doesn't show hand
*** SUMMARY ***
Total pot $30 | Rake $0.50
Board [6c 2c 2h 5s Qd]
Seat 4: AzureCaper (big blind) collected ($29.50)
Seat 5: Brama Br (button) (small blind) folded on the River


PokerStars Hand #164278705626:  Hold'em Limit ($3/$6 USD) - 2017/01/08 22:55:47 ET
Table 'Sequoia' 6-max Seat #5 is the button
Seat 4: AzureCaper ($88.50 in chips)
Seat 5: Brama Br ($237.51 in chips)
Brama Br: posts small blind $1
AzureCaper: posts big blind $3
*** HOLE CARDS ***
Brama Br: raises $3 to $6
AzureCaper: folds
Uncalled bet ($3) returned to Brama Br
Brama Br collected $6 from pot
Brama Br: doesn't show hand
*** SUMMARY ***
Total pot $6 | Rake $0
Seat 4: AzureCaper (big blind) folded before Flop
Seat 5: Brama Br (button) (small blind) collected ($6)


PokerStars Hand #164278710547:  Hold'em Limit ($3/$6 USD) - 2017/01/08 22:56:04 ET
Table 'Sequoia' 6-max Seat #5 is the button
Seat 4: AzureCaper ($84.50 in chips)
Seat 5: Brama Br ($241.51 in chips)
Brama Br: posts small blind $1
AzureCaper: posts big blind $3
*** HOLE CARDS ***
Brama Br: raises $3 to $6
AzureCaper: calls $3
*** FLOP *** [Th Qh As]
AzureCaper: checks
Brama Br: bets $3
AzureCaper: raises $3 to $6
Brama Br: calls $3
*** TURN *** [Th Qh As] [Qc]
AzureCaper: bets $6
Brama Br: calls $6
*** RIVER *** [Th Qh As Qc] [Jh]
AzureCaper: checks
Brama Br: checks
*** SHOW DOWN ***
AzureCaper: shows [Js 8d] (two pair, Queens and Jacks)
Brama Br: shows [6h Ad] (two pair, Aces and Queens)
Brama Br collected $35.50 from pot
*** SUMMARY ***
Total pot $36 | Rake $0.50
Board [Th Qh As Qc Jh]
Seat 4: AzureCaper (big blind) showed [Js 8d] and lost with two pair, Queens and Jacks
Seat 5: Brama Br (button) (small blind) showed [6h Ad] and won ($35.50) with two pair, Aces and Queens


PokerStars Hand #164278708452:  Hold'em Limit ($3/$6 USD) - 2017/01/08 22:55:57 ET
Table 'Sequoia' 6-max Seat #4 is the button
Seat 4: AzureCaper ($85.50 in chips)
Seat 5: Brama Br ($240.51 in chips)
AzureCaper: posts small blind $1
Brama Br: posts big blind $3
*** HOLE CARDS ***
AzureCaper: folds
Uncalled bet ($2) returned to Brama Br
Brama Br collected $2 from pot
Brama Br: doesn't show hand
*** SUMMARY ***
Total pot $2 | Rake $0
Seat 4: AzureCaper (button) (small blind) folded before Flop
Seat 5: Brama Br (big blind) collected ($2)


PokerStars Hand #164278742052:  Hold'em Limit ($3/$6 USD) - 2017/01/08 22:57:48 ET
Table 'Sequoia' 6-max Seat #4 is the button
Seat 4: AzureCaper ($79.50 in chips)
Seat 5: Brama Br ($250.65 in chips)
AzureCaper: posts small blind $1
Brama Br: posts big blind $3
*** HOLE CARDS ***
AzureCaper: folds
Uncalled bet ($2) returned to Brama Br
Brama Br collected $2 from pot
Brama Br: doesn't show hand
*** SUMMARY ***
Total pot $2 | Rake $0
Seat 4: AzureCaper (button) (small blind) folded before Flop
Seat 5: Brama Br (big blind) collected ($2)


PokerStars Hand #164278734879:  Hold'em Limit ($3/$6 USD) - 2017/01/08 22:57:24 ET
Table 'Sequoia' 6-max Seat #5 is the button
Seat 4: AzureCaper ($78.50 in chips)
Seat 5: Brama Br ($251.65 in chips)
Brama Br: posts small blind $1
AzureCaper: posts big blind $3
*** HOLE CARDS ***
Brama Br: folds
Uncalled bet ($2) returned to AzureCaper
AzureCaper collected $2 from pot
AzureCaper: doesn't show hand
*** SUMMARY ***
Total pot $2 | Rake $0
Seat 4: AzureCaper (big blind) collected ($2)
Seat 5: Brama Br (button) (small blind) folded before Flop


PokerStars Hand #164278728985:  Hold'em Limit ($3/$6 USD) - 2017/01/08 22:57:05 ET
Table 'Sequoia' 6-max Seat #4 is the button
Seat 4: AzureCaper ($87.50 in chips)
Seat 5: Brama Br ($243.01 in chips)
AzureCaper: posts small blind $1
Brama Br: posts big blind $3
*** HOLE CARDS ***
AzureCaper: raises $3 to $6
Brama Br: calls $3
*** FLOP *** [8h 2d Tc]
Brama Br: checks
AzureCaper: bets $3
Brama Br: calls $3
*** TURN *** [8h 2d Tc] [Ad]
Brama Br: checks
AzureCaper: checks
*** RIVER *** [8h 2d Tc Ad] [Ks]
Brama Br: bets $6
AzureCaper: folds
Uncalled bet ($6) returned to Brama Br
Brama Br collected $17.64 from pot
Brama Br: doesn't show hand
*** SUMMARY ***
Total pot $18 | Rake $0.36
Board [8h 2d Tc Ad Ks]
Seat 4: AzureCaper (button) (small blind) folded on the River
Seat 5: Brama Br (big blind) collected ($17.64)


PokerStars Hand #164278727095:  Hold'em Limit ($3/$6 USD) - 2017/01/08 22:56:59 ET
Table 'Sequoia' 6-max Seat #5 is the button
Seat 4: AzureCaper ($86.50 in chips)
Seat 5: Brama Br ($244.01 in chips)
Brama Br: posts small blind $1
AzureCaper: posts big blind $3
*** HOLE CARDS ***
Brama Br: folds
Uncalled bet ($2) returned to AzureCaper
AzureCaper collected $2 from pot
AzureCaper: doesn't show hand
*** SUMMARY ***
Total pot $2 | Rake $0
Seat 4: AzureCaper (big blind) collected ($2)
Seat 5: Brama Br (button) (small blind) folded before Flop


PokerStars Hand #164278718424:  Hold'em Limit ($3/$6 USD) - 2017/01/08 22:56:30 ET
Table 'Sequoia' 6-max Seat #4 is the button
Seat 4: AzureCaper ($72 in chips)
Seat 5: Brama Br ($259.01 in chips)
AzureCaper: posts small blind $1
Brama Br: posts big blind $3
*** HOLE CARDS ***
AzureCaper: raises $3 to $6
Brama Br: calls $3
*** FLOP *** [4h 3h 9d]
Brama Br: checks
AzureCaper: bets $3
Brama Br: calls $3
*** TURN *** [4h 3h 9d] [3c]
Brama Br: checks
AzureCaper: checks
*** RIVER *** [4h 3h 9d 3c] [Qc]
Brama Br: bets $6
AzureCaper: raises $6 to $12
Brama Br: folds
Uncalled bet ($6) returned to AzureCaper
AzureCaper collected $29.50 from pot
*** SUMMARY ***
Total pot $30 | Rake $0.50
Board [4h 3h 9d 3c Qc]
Seat 4: AzureCaper (button) (small blind) collected ($29.50)
Seat 5: Brama Br (big blind) folded on the River


PokerStars Hand #164278739415:  Hold'em Limit ($3/$6 USD) - 2017/01/08 22:57:39 ET
Table 'Sequoia' 6-max Seat #5 is the button
Seat 4: AzureCaper ($78.50 in chips)
Seat 5: Brama Br ($251.65 in chips)
Brama Br: posts small blind $1
AzureCaper: posts big blind $3
*** HOLE CARDS ***
Brama Br: folds
Uncalled bet ($2) returned to AzureCaper
AzureCaper collected $2 from pot
AzureCaper: doesn't show hand
*** SUMMARY ***
Total pot $2 | Rake $0
Seat 4: AzureCaper (big blind) collected ($2)
Seat 5: Brama Br (button) (small blind) folded before Flop


PokerStars Hand #164278736825:  Hold'em Limit ($3/$6 USD) - 2017/01/08 22:57:30 ET
Table 'Sequoia' 6-max Seat #4 is the button
Seat 4: AzureCaper ($79.50 in chips)
Seat 5: Brama Br ($250.65 in chips)
AzureCaper: posts small blind $1
Brama Br: posts big blind $3
*** HOLE CARDS ***
AzureCaper: folds
Uncalled bet ($2) returned to Brama Br
Brama Br collected $2 from pot
Brama Br: doesn't show hand
*** SUMMARY ***
Total pot $2 | Rake $0
Seat 4: AzureCaper (button) (small blind) folded before Flop
Seat 5: Brama Br (big blind) collected ($2)


PokerStars Hand #164278746842:  Hold'em Limit ($3/$6 USD) - 2017/01/08 22:58:03 ET
Table 'Sequoia' 6-max Seat #4 is the button
Seat 4: AzureCaper ($79.50 in chips)
Seat 5: Brama Br ($250.65 in chips)
AzureCaper: posts small blind $1
Brama Br: posts big blind $3
*** HOLE CARDS ***
AzureCaper: folds
Uncalled bet ($2) returned to Brama Br
Brama Br collected $2 from pot
Brama Br: doesn't show hand
*** SUMMARY ***
Total pot $2 | Rake $0
Seat 4: AzureCaper (button) (small blind) folded before Flop
Seat 5: Brama Br (big blind) collected ($2)


PokerStars Hand #164278744686:  Hold'em Limit ($3/$6 USD) - 2017/01/08 22:57:57 ET
Table 'Sequoia' 6-max Seat #5 is the button
Seat 4: AzureCaper ($78.50 in chips)
Seat 5: Brama Br ($251.65 in chips)
Brama Br: posts small blind $1
AzureCaper: posts big blind $3
*** HOLE CARDS ***
Brama Br: folds
Uncalled bet ($2) returned to AzureCaper
AzureCaper collected $2 from pot
AzureCaper: doesn't show hand
*** SUMMARY ***
Total pot $2 | Rake $0
Seat 4: AzureCaper (big blind) collected ($2)
Seat 5: Brama Br (button) (small blind) folded before Flop


PokerStars Hand #164278760494:  Hold'em Limit ($3/$6 USD) - 2017/01/08 22:58:49 ET
Table 'Sequoia' 6-max Seat #5 is the button
Seat 4: AzureCaper ($72 in chips)
Seat 5: Brama Br ($277.15 in chips)
Brama Br: posts small blind $1
AzureCaper: posts big blind $3
*** HOLE CARDS ***
Brama Br: folds
Uncalled bet ($2) returned to AzureCaper
AzureCaper collected $2 from pot
AzureCaper: doesn't show hand
*** SUMMARY ***
Total pot $2 | Rake $0
Seat 4: AzureCaper (big blind) collected ($2)
Seat 5: Brama Br (button) (small blind) folded before Flop


PokerStars Hand #164278752621:  Hold'em Limit ($3/$6 USD) - 2017/01/08 22:58:23 ET
Table 'Sequoia' 6-max Seat #4 is the button
Seat 4: AzureCaper ($79.50 in chips)
Seat 5: Brama Br ($250.65 in chips)
AzureCaper: posts small blind $1
Brama Br: posts big blind $3
*** HOLE CARDS ***
AzureCaper: raises $3 to $6
Brama Br: raises $3 to $9
AzureCaper: raises $3 to $12
Betting is capped
Brama Br: calls $3
*** FLOP *** [6d Kc 2d]
Brama Br: bets $3
AzureCaper: calls $3
*** TURN *** [6d Kc 2d] [9s]
Brama Br: bets $6
AzureCaper: raises $6 to $12
Brama Br: calls $6
*** RIVER *** [6d Kc 2d 9s] [7c]
Brama Br: checks
AzureCaper: checks
*** SHOW DOWN ***
Brama Br: shows [As Kh] (a pair of Kings)
AzureCaper: mucks hand
Brama Br collected $53.50 from pot
*** SUMMARY ***
Total pot $54 | Rake $0.50
Board [6d Kc 2d 9s 7c]
Seat 4: AzureCaper (button) (small blind) mucked
Seat 5: Brama Br (big blind) showed [As Kh] and won ($53.50) with a pair of Kings


PokerStars Hand #164278762452:  Hold'em Limit ($3/$6 USD) - 2017/01/08 22:58:55 ET
Table 'Sequoia' 6-max Seat #4 is the button
Seat 4: AzureCaper ($73 in chips)
Seat 5: Brama Br ($276.15 in chips)
AzureCaper: posts small blind $1
Brama Br: posts big blind $3
*** HOLE CARDS ***
AzureCaper: folds
Uncalled bet ($2) returned to Brama Br
Brama Br collected $2 from pot
Brama Br: doesn't show hand
*** SUMMARY ***
Total pot $2 | Rake $0
Seat 4: AzureCaper (button) (small blind) folded before Flop
Seat 5: Brama Br (big blind) collected ($2)


PokerStars Hand #164278783962:  Hold'em Limit ($3/$6 USD) - 2017/01/08 22:59:50 ET
Table 'Sequoia' 6-max Seat #4 is the button
Seat 4: AzureCaper ($86.50 in chips)
Seat 5: Brama Br ($264.91 in chips)
AzureCaper: posts small blind $1
Brama Br: posts big blind $3
*** HOLE CARDS ***
AzureCaper: folds
Uncalled bet ($2) returned to Brama Br
Brama Br collected $2 from pot
Brama Br: doesn't show hand
*** SUMMARY ***
Total pot $2 | Rake $0
Seat 4: AzureCaper (button) (small blind) folded before Flop
Seat 5: Brama Br (big blind) collected ($2)


PokerStars Hand #164278779201:  Hold'em Limit ($3/$6 USD) - 2017/01/08 22:59:34 ET
Table 'Sequoia' 6-max Seat #5 is the button
Seat 4: AzureCaper ($92.50 in chips)
Seat 5: Brama Br ($259.15 in chips)
Brama Br: posts small blind $1
AzureCaper: posts big blind $3
*** HOLE CARDS ***
Brama Br: raises $3 to $6
AzureCaper: calls $3
*** FLOP *** [9s Jd Ks]
AzureCaper: checks
Brama Br: bets $3
AzureCaper: folds
Uncalled bet ($3) returned to Brama Br
Brama Br collected $11.76 from pot
Brama Br: doesn't show hand
*** SUMMARY ***
Total pot $12 | Rake $0.24
Board [9s Jd Ks]
Seat 4: AzureCaper (big blind) folded on the Flop
Seat 5: Brama Br (button) (small blind) collected ($11.76)


PokerStars Hand #164278771878:  Hold'em Limit ($3/$6 USD) - 2017/01/08 22:59:10 ET
Table 'Sequoia' 6-max Seat #4 is the button
Seat 4: AzureCaper ($72 in chips)
Seat 5: Brama Br ($280.15 in chips)
AzureCaper: posts small blind $1
Brama Br: posts big blind $3
*** HOLE CARDS ***
AzureCaper: raises $3 to $6
Brama Br: calls $3
*** FLOP *** [6s 3h 8d]
Brama Br: checks
AzureCaper: bets $3
Brama Br: calls $3
*** TURN *** [6s 3h 8d] [Kc]
Brama Br: checks
AzureCaper: bets $6
Brama Br: calls $6
*** RIVER *** [6s 3h 8d Kc] [4d]
Brama Br: checks
AzureCaper: bets $6
Brama Br: calls $6
*** SHOW DOWN ***
AzureCaper: shows [Td Th] (a pair of Tens)
Brama Br: mucks hand
AzureCaper collected $41.50 from pot
*** SUMMARY ***
Total pot $42 | Rake $0.50
Board [6s 3h 8d Kc 4d]
Seat 4: AzureCaper (button) (small blind) showed [Td Th] and won ($41.50) with a pair of Tens
Seat 5: Brama Br (big blind) mucked


PokerStars Hand #164278764455:  Hold'em Limit ($3/$6 USD) - 2017/01/08 22:59:02 ET
Table 'Sequoia' 6-max Seat #5 is the button
Seat 4: AzureCaper ($72 in chips)
Seat 5: Brama Br ($277.15 in chips)
Brama Br: posts small blind $1
AzureCaper: posts big blind $3
*** HOLE CARDS ***
Brama Br: raises $3 to $6
AzureCaper: folds
Uncalled bet ($3) returned to Brama Br
Brama Br collected $6 from pot
Brama Br: doesn't show hand
*** SUMMARY ***
Total pot $6 | Rake $0
Seat 4: AzureCaper (big blind) folded before Flop
Seat 5: Brama Br (button) (small blind) collected ($6)


PokerStars Hand #164278786440:  Hold'em Limit ($3/$6 USD) - 2017/01/08 22:59:59 ET
Table 'Sequoia' 6-max Seat #5 is the button
Seat 4: AzureCaper ($85.50 in chips)
Seat 5: Brama Br ($265.91 in chips)
Brama Br: posts small blind $1
AzureCaper: posts big blind $3
*** HOLE CARDS ***
Brama Br: folds
Uncalled bet ($2) returned to AzureCaper
AzureCaper collected $2 from pot
*** SUMMARY ***
Total pot $2 | Rake $0
Seat 4: AzureCaper (big blind) collected ($2)
Seat 5: Brama Br (button) (small blind) folded before Flop


PokerStars Hand #164278792595:  Hold'em Limit ($3/$6 USD) - 2017/01/08 23:00:19 ET
Table 'Sequoia' 6-max Seat #4 is the button
Seat 4: AzureCaper ($90.50 in chips)
Seat 5: Brama Br ($260.91 in chips)
AzureCaper: posts small blind $1
Brama Br: posts big blind $3
*** HOLE CARDS ***
AzureCaper: raises $3 to $6
Brama Br: calls $3
*** FLOP *** [3s 8s Jh]
Brama Br: checks
AzureCaper: bets $3
Brama Br: raises $3 to $6
AzureCaper: calls $3
*** TURN *** [3s 8s Jh] [2d]
SACHAVT joins the table at seat #3
Brama Br: bets $6
AzureCaper: raises $6 to $12
Brama Br: calls $6
*** RIVER *** [3s 8s Jh 2d] [Qs]
Brama Br: bets $6
AzureCaper: calls $6
*** SHOW DOWN ***
Brama Br: shows [4c 5h] (high card Queen)
AzureCaper: shows [Qd Js] (two pair, Queens and Jacks)
AzureCaper collected $59.50 from pot
*** SUMMARY ***
Total pot $60 | Rake $0.50
Board [3s 8s Jh 2d Qs]
Seat 4: AzureCaper (button) (small blind) showed [Qd Js] and won ($59.50) with two pair, Queens and Jacks
Seat 5: Brama Br (big blind) showed [4c 5h] and lost with high card Queen


PokerStars Hand #164278790470:  Hold'em Limit ($3/$6 USD) - 2017/01/08 23:00:12 ET
Table 'Sequoia' 6-max Seat #5 is the button
Seat 4: AzureCaper ($89.50 in chips)
Seat 5: Brama Br ($261.91 in chips)
Brama Br: posts small blind $1
AzureCaper: posts big blind $3
*** HOLE CARDS ***
Brama Br: folds
Uncalled bet ($2) returned to AzureCaper
AzureCaper collected $2 from pot
AzureCaper: doesn't show hand
*** SUMMARY ***
Total pot $2 | Rake $0
Seat 4: AzureCaper (big blind) collected ($2)
Seat 5: Brama Br (button) (small blind) folded before Flop


PokerStars Hand #164278788341:  Hold'em Limit ($3/$6 USD) - 2017/01/08 23:00:05 ET
Table 'Sequoia' 6-max Seat #4 is the button
Seat 4: AzureCaper ($86.50 in chips)
Seat 5: Brama Br ($264.91 in chips)
AzureCaper: posts small blind $1
Brama Br: posts big blind $3
*** HOLE CARDS ***
AzureCaper: raises $3 to $6
Brama Br: folds
Uncalled bet ($3) returned to AzureCaper
AzureCaper collected $6 from pot
AzureCaper: doesn't show hand
*** SUMMARY ***
Total pot $6 | Rake $0
Seat 4: AzureCaper (button) (small blind) collected ($6)
Seat 5: Brama Br (big blind) folded before Flop


PokerStars Hand #164278830622:  Hold'em Limit ($3/$6 USD) - 2017/01/08 23:02:18 ET
Table 'Sequoia' 6-max Seat #5 is the button
Seat 4: AzureCaper ($138.56 in chips)
Seat 5: Brama Br ($240.01 in chips)
Brama Br: posts small blind $1
AzureCaper: posts big blind $3
*** HOLE CARDS ***
Brama Br: raises $3 to $6
AzureCaper: calls $3
*** FLOP *** [Ad 3s 4d]
AzureCaper: checks
Brama Br: bets $3
AzureCaper: calls $3
*** TURN *** [Ad 3s 4d] [Kh]
AzureCaper: checks
Brama Br: bets $6
AzureCaper: folds
Uncalled bet ($6) returned to Brama Br
Brama Br collected $17.64 from pot
Brama Br: doesn't show hand
*** SUMMARY ***
Total pot $18 | Rake $0.36
Board [Ad 3s 4d Kh]
Seat 4: AzureCaper (big blind) folded on the Turn
Seat 5: Brama Br (button) (small blind) collected ($17.64)


PokerStars Hand #164278841730:  Hold'em Limit ($3/$6 USD) - 2017/01/08 23:02:53 ET
Table 'Sequoia' 6-max Seat #4 is the button
Seat 4: AzureCaper ($129.56 in chips)
Seat 5: Brama Br ($248.65 in chips)
AzureCaper: posts small blind $1
Brama Br: posts big blind $3
*** HOLE CARDS ***
AzureCaper: raises $3 to $6
Brama Br: calls $3
*** FLOP *** [6h 7h 9s]
Brama Br: checks
AzureCaper: bets $3
Brama Br: calls $3
*** TURN *** [6h 7h 9s] [Th]
Brama Br: checks
AzureCaper: checks
*** RIVER *** [6h 7h 9s Th] [5c]
Brama Br: bets $6
AzureCaper: calls $6
*** SHOW DOWN ***
Brama Br: shows [8s Qh] (a straight, Six to Ten)
AzureCaper: mucks hand
Brama Br collected $29.50 from pot
*** SUMMARY ***
Total pot $30 | Rake $0.50
Board [6h 7h 9s Th 5c]
Seat 4: AzureCaper (button) (small blind) mucked
Seat 5: Brama Br (big blind) showed [8s Qh] and won ($29.50) with a straight, Six to Ten


PokerStars Hand #164278910672:  Hold'em Limit ($3/$6 USD) - 2017/01/08 23:06:23 ET
Table 'Sequoia' 6-max Seat #4 is the button
Seat 4: AzureCaper ($73 in chips)
Seat 5: Brama Br ($241.49 in chips)
AzureCaper: posts small blind $1
Brama Br: posts big blind $3
*** HOLE CARDS ***
AzureCaper: raises $3 to $6
Brama Br: calls $3
*** FLOP *** [7d Qs Ks]
Brama Br: checks
AzureCaper: bets $3
Brama Br: raises $3 to $6
AzureCaper: folds
Uncalled bet ($3) returned to Brama Br
Brama Br collected $17.64 from pot
Brama Br: doesn't show hand
*** SUMMARY ***
Total pot $18 | Rake $0.36
Board [7d Qs Ks]
Seat 4: AzureCaper (button) (small blind) folded on the Flop
Seat 5: Brama Br (big blind) collected ($17.64)


PokerStars Hand #164278916232:  Hold'em Limit ($3/$6 USD) - 2017/01/08 23:06:39 ET
Table 'Sequoia' 6-max Seat #5 is the button
Seat 4: AzureCaper ($72 in chips)
Seat 5: Brama Br ($250.13 in chips)
Brama Br: posts small blind $1
AzureCaper: posts big blind $3
*** HOLE CARDS ***
Brama Br: raises $3 to $6
AzureCaper: calls $3
*** FLOP *** [9s 2d 2s]
AzureCaper: checks
Brama Br: bets $3
AzureCaper: folds
Uncalled bet ($3) returned to Brama Br
Brama Br collected $11.76 from pot
Brama Br: doesn't show hand
*** SUMMARY ***
Total pot $12 | Rake $0.24
Board [9s 2d 2s]
Seat 4: AzureCaper (big blind) folded on the Flop
Seat 5: Brama Br (button) (small blind) collected ($11.76)


PokerStars Hand #164278925705:  Hold'em Limit ($3/$6 USD) - 2017/01/08 23:07:09 ET
Table 'Sequoia' 6-max Seat #4 is the button
Seat 4: AzureCaper ($76 in chips)
Seat 5: Brama Br ($251.89 in chips)
AzureCaper: posts small blind $1
Brama Br: posts big blind $3
*** HOLE CARDS ***
AzureCaper: raises $3 to $6
Brama Br: calls $3
*** FLOP *** [3c 8d Td]
Brama Br: checks
AzureCaper: bets $3
Brama Br: calls $3
*** TURN *** [3c 8d Td] [Jd]
Brama Br: checks
AzureCaper: checks
*** RIVER *** [3c 8d Td Jd] [4c]
Brama Br: bets $6
AzureCaper: folds
Uncalled bet ($6) returned to Brama Br
Brama Br collected $17.64 from pot
Brama Br: doesn't show hand
*** SUMMARY ***
Total pot $18 | Rake $0.36
Board [3c 8d Td Jd 4c]
Seat 4: AzureCaper (button) (small blind) folded on the River
Seat 5: Brama Br (big blind) collected ($17.64)


PokerStars Hand #164278932750:  Hold'em Limit ($3/$6 USD) - 2017/01/08 23:07:30 ET
Table 'Sequoia' 6-max Seat #5 is the button
Seat 4: AzureCaper ($72 in chips)
Seat 5: Brama Br ($260.53 in chips)
Brama Br: posts small blind $1
AzureCaper: posts big blind $3
*** HOLE CARDS ***
Brama Br: raises $3 to $6
AzureCaper: folds
Uncalled bet ($3) returned to Brama Br
Brama Br collected $6 from pot
Brama Br: doesn't show hand
*** SUMMARY ***
Total pot $6 | Rake $0
Seat 4: AzureCaper (big blind) folded before Flop
Seat 5: Brama Br (button) (small blind) collected ($6)


PokerStars Hand #164278923815:  Hold'em Limit ($3/$6 USD) - 2017/01/08 23:07:03 ET
Table 'Sequoia' 6-max Seat #5 is the button
Seat 4: AzureCaper ($75 in chips)
Seat 5: Brama Br ($252.89 in chips)
Brama Br: posts small blind $1
AzureCaper: posts big blind $3
*** HOLE CARDS ***
Brama Br: folds
Uncalled bet ($2) returned to AzureCaper
AzureCaper collected $2 from pot
AzureCaper: doesn't show hand
*** SUMMARY ***
Total pot $2 | Rake $0
Seat 4: AzureCaper (big blind) collected ($2)
Seat 5: Brama Br (button) (small blind) folded before Flop


PokerStars Hand #164278921292:  Hold'em Limit ($3/$6 USD) - 2017/01/08 23:06:55 ET
Table 'Sequoia' 6-max Seat #4 is the button
Seat 4: AzureCaper ($72 in chips)
Seat 5: Brama Br ($255.89 in chips)
AzureCaper: posts small blind $1
Brama Br: posts big blind $3
*** HOLE CARDS ***
AzureCaper: raises $3 to $6
Brama Br: folds
Uncalled bet ($3) returned to AzureCaper
AzureCaper collected $6 from pot
*** SUMMARY ***
Total pot $6 | Rake $0
Seat 4: AzureCaper (button) (small blind) collected ($6)
Seat 5: Brama Br (big blind) folded before Flop


PokerStars Hand #164278935092:  Hold'em Limit ($3/$6 USD) - 2017/01/08 23:07:37 ET
Table 'Sequoia' 6-max Seat #4 is the button
Seat 4: AzureCaper ($72 in chips)
Seat 5: Brama Br ($263.53 in chips)
AzureCaper: posts small blind $1
Brama Br: posts big blind $3
*** HOLE CARDS ***
AzureCaper: raises $3 to $6
Brama Br: raises $3 to $9
AzureCaper: raises $3 to $12
Betting is capped
Brama Br: calls $3
*** FLOP *** [2h Kh 7d]
Brama Br: checks
AzureCaper: bets $3
Brama Br: raises $3 to $6
AzureCaper: calls $3
*** TURN *** [2h Kh 7d] [5h]
Brama Br: bets $6
AzureCaper: calls $6
*** RIVER *** [2h Kh 7d 5h] [Td]
Brama Br: bets $6
AzureCaper: calls $6
*** SHOW DOWN ***
Brama Br: shows [Ks Th] (two pair, Kings and Tens)
AzureCaper: mucks hand
Brama Br collected $59.50 from pot
*** SUMMARY ***
Total pot $60 | Rake $0.50
Board [2h Kh 7d 5h Td]
Seat 4: AzureCaper (button) (small blind) mucked
Seat 5: Brama Br (big blind) showed [Ks Th] and won ($59.50) with two pair, Kings and Tens


PokerStars Hand #164278945067:  Hold'em Limit ($3/$6 USD) - 2017/01/08 23:08:08 ET
Table 'Sequoia' 6-max Seat #5 is the button
Seat 4: AzureCaper ($72 in chips)
Seat 5: Brama Br ($293.03 in chips)
Brama Br: posts small blind $1
AzureCaper: posts big blind $3
*** HOLE CARDS ***
Brama Br: raises $3 to $6
AzureCaper: raises $3 to $9
Brama Br: raises $3 to $12
Betting is capped
AzureCaper: calls $3
*** FLOP *** [Jc 8s 5d]
AzureCaper: checks
Brama Br: checks
*** TURN *** [Jc 8s 5d] [8c]
AzureCaper: bets $6
Brama Br: calls $6
*** RIVER *** [Jc 8s 5d 8c] [Kh]
AzureCaper: bets $6
Brama Br: raises $6 to $12
AzureCaper: folds
Uncalled bet ($6) returned to Brama Br
Brama Br collected $47.50 from pot
Brama Br: doesn't show hand
*** SUMMARY ***
Total pot $48 | Rake $0.50
Board [Jc 8s 5d 8c Kh]
Seat 4: AzureCaper (big blind) folded on the River
Seat 5: Brama Br (button) (small blind) collected ($47.50)


PokerStars Hand #164278953511:  Hold'em Limit ($3/$6 USD) - 2017/01/08 23:08:34 ET
Table 'Sequoia' 6-max Seat #4 is the button
Seat 4: AzureCaper ($72 in chips)
Seat 5: Brama Br ($316.53 in chips)
AzureCaper: posts small blind $1
Brama Br: posts big blind $3
*** HOLE CARDS ***
AzureCaper is disconnected
AzureCaper has timed out while disconnected
AzureCaper: folds
Uncalled bet ($2) returned to Brama Br
Brama Br collected $2 from pot
Brama Br: doesn't show hand
*** SUMMARY ***
Total pot $2 | Rake $0
Seat 4: AzureCaper (button) (small blind) folded before Flop
Seat 5: Brama Br (big blind) collected ($2)


