PokerStars Hand #168142372221:  Hold'em Limit ($3/$6 USD) - 2017/03/26 12:51:08 ET
Table 'Seraphina' 6-max Seat #6 is the button
Seat 3: hookonhook ($71.57 in chips)
Seat 6: ChaseMeIfUC ($60 in chips)
ChaseMeIfUC: posts small blind $1
hookonhook: posts big blind $3
*** HOLE CARDS ***
ChaseMeIfUC: raises $3 to $6
hookonhook: calls $3
*** FLOP *** [2h Qs 2d]
hookonhook: checks
ChaseMeIfUC: bets $3
hookonhook: calls $3
*** TURN *** [2h Qs 2d] [6h]
hookonhook: checks
ChaseMeIfUC: bets $6
hookonhook: raises $6 to $12
ChaseMeIfUC: calls $6
*** RIVER *** [2h Qs 2d 6h] [Jc]
hookonhook: bets $6
ChaseMeIfUC: calls $6
*** SHOW DOWN ***
hookonhook: shows [2s Ks] (three of a kind, Deuces)
ChaseMeIfUC: mucks hand
hookonhook collected $53.50 from pot
*** SUMMARY ***
Total pot $54 | Rake $0.50
Board [2h Qs 2d 6h Jc]
Seat 3: hookonhook (big blind) showed [2s Ks] and won ($53.50) with three of a kind, Deuces
Seat 6: ChaseMeIfUC (button) (small blind) mucked


PokerStars Hand #168142419290:  Hold'em Limit ($3/$6 USD) - 2017/03/26 12:52:01 ET
Table 'Seraphina' 6-max Seat #3 is the button
Seat 3: hookonhook ($90.07 in chips)
Seat 6: ChaseMeIfUC ($40.64 in chips)
hookonhook: posts small blind $1
ChaseMeIfUC: posts big blind $3
*** HOLE CARDS ***
hookonhook: raises $3 to $6
ChaseMeIfUC: calls $3
*** FLOP *** [Ks 9d Kd]
ChaseMeIfUC: checks
hookonhook: bets $3
ChaseMeIfUC: raises $3 to $6
hookonhook: calls $3
*** TURN *** [Ks 9d Kd] [7h]
cbarnes joins the table at seat #5
ChaseMeIfUC: bets $6
hookonhook: raises $6 to $12
ChaseMeIfUC: calls $6
*** RIVER *** [Ks 9d Kd 7h] [4s]
ChaseMeIfUC: checks
hookonhook: bets $6
ChaseMeIfUC: calls $6
*** SHOW DOWN ***
hookonhook: shows [6d 8s] (a pair of Kings)
ChaseMeIfUC: shows [2c 2h] (two pair, Kings and Deuces)
ChaseMeIfUC collected $59.50 from pot
*** SUMMARY ***
Total pot $60 | Rake $0.50
Board [Ks 9d Kd 7h 4s]
Seat 3: hookonhook (button) (small blind) showed [6d 8s] and lost with a pair of Kings
Seat 6: ChaseMeIfUC (big blind) showed [2c 2h] and won ($59.50) with two pair, Kings and Deuces


PokerStars Hand #168142410180:  Hold'em Limit ($3/$6 USD) - 2017/03/26 12:51:51 ET
Table 'Seraphina' 6-max Seat #6 is the button
Seat 3: hookonhook ($89.07 in chips)
Seat 6: ChaseMeIfUC ($41.64 in chips)
ChaseMeIfUC: posts small blind $1
hookonhook: posts big blind $3
*** HOLE CARDS ***
ChaseMeIfUC: folds
Uncalled bet ($2) returned to hookonhook
hookonhook collected $2 from pot
*** SUMMARY ***
Total pot $2 | Rake $0
Seat 3: hookonhook (big blind) collected ($2)
Seat 6: ChaseMeIfUC (button) (small blind) folded before Flop


PokerStars Hand #168142392674:  Hold'em Limit ($3/$6 USD) - 2017/03/26 12:51:31 ET
Table 'Seraphina' 6-max Seat #3 is the button
Seat 3: hookonhook ($98.07 in chips)
Seat 6: ChaseMeIfUC ($33 in chips)
hookonhook: posts small blind $1
ChaseMeIfUC: posts big blind $3
*** HOLE CARDS ***
hookonhook: raises $3 to $6
ChaseMeIfUC: calls $3
*** FLOP *** [Ah 5d 8c]
ChaseMeIfUC: checks
hookonhook: bets $3
ChaseMeIfUC: raises $3 to $6
hookonhook: folds
Uncalled bet ($3) returned to ChaseMeIfUC
ChaseMeIfUC collected $17.64 from pot
ChaseMeIfUC: doesn't show hand
*** SUMMARY ***
Total pot $18 | Rake $0.36
Board [Ah 5d 8c]
Seat 3: hookonhook (button) (small blind) folded on the Flop
Seat 6: ChaseMeIfUC (big blind) collected ($17.64)


PokerStars Hand #168142445572:  Hold'em Limit ($3/$6 USD) - 2017/03/26 12:52:31 ET
Table 'Seraphina' 6-max Seat #6 is the button
Seat 3: hookonhook ($60.07 in chips)
Seat 6: ChaseMeIfUC ($70.14 in chips)
ChaseMeIfUC: posts small blind $1
hookonhook: posts big blind $3
*** HOLE CARDS ***
ChaseMeIfUC: raises $3 to $6
hookonhook: raises $3 to $9
ChaseMeIfUC: calls $3
*** FLOP *** [5h Td Qc]
hookonhook: bets $3
ChaseMeIfUC: folds
Uncalled bet ($3) returned to hookonhook
hookonhook collected $17.64 from pot
*** SUMMARY ***
Total pot $18 | Rake $0.36
Board [5h Td Qc]
Seat 3: hookonhook (big blind) collected ($17.64)
Seat 6: ChaseMeIfUC (button) (small blind) folded on the Flop


PokerStars Hand #168146990389:  Hold'em Limit ($3/$6 USD) - 2017/03/26 14:14:02 ET
Table 'Seraphina' 6-max Seat #6 is the button
Seat 4: Janeros ($313.92 in chips)
Seat 6: vestimokrec ($171.94 in chips)
vestimokrec: posts small blind $1
KingKroniKK: is sitting out
Janeros: posts big blind $3
*** HOLE CARDS ***
vestimokrec: raises $3 to $6
Janeros: calls $3
*** FLOP *** [Ks Kh 9d]
KingKroniKK leaves the table
Janeros: checks
vestimokrec: bets $3
Janeros: folds
Uncalled bet ($3) returned to vestimokrec
vestimokrec collected $11.76 from pot
vestimokrec: doesn't show hand
*** SUMMARY ***
Total pot $12 | Rake $0.24
Board [Ks Kh 9d]
Seat 4: Janeros (big blind) folded on the Flop
Seat 6: vestimokrec (button) (small blind) collected ($11.76)


