PokerStars Hand #174470700650:  Hold'em Limit ($3/$6 USD) - 2017/08/17 22:04:12 ET
Table 'Seraphina' 6-max Seat #1 is the button
Seat 1: NAUTJE1337 ($48 in chips)
Seat 3: Blikon ($120 in chips)
NAUTJE1337: posts small blind $1
Blikon: posts big blind $3
*** HOLE CARDS ***
NAUTJE1337: folds
Uncalled bet ($2) returned to Blikon
Blikon collected $2 from pot
*** SUMMARY ***
Total pot $2 | Rake $0
Seat 1: NAUTJE1337 (button) (small blind) folded before Flop
Seat 3: Blikon (big blind) collected ($2)


PokerStars Hand #174470707941:  Hold'em Limit ($3/$6 USD) - 2017/08/17 22:04:31 ET
Table 'Seraphina' 6-max Seat #3 is the button
Seat 1: NAUTJE1337 ($47 in chips)
Seat 3: Blikon ($121 in chips)
Blikon: posts small blind $1
NAUTJE1337: posts big blind $3
*** HOLE CARDS ***
Blikon: raises $3 to $6
B_loJkl joins the table at seat #4
NAUTJE1337: folds
Uncalled bet ($3) returned to Blikon
Blikon collected $6 from pot
*** SUMMARY ***
Total pot $6 | Rake $0
Seat 1: NAUTJE1337 (big blind) folded before Flop
Seat 3: Blikon (button) (small blind) collected ($6)


PokerStars Hand #174470716070:  Hold'em Limit ($3/$6 USD) - 2017/08/17 22:04:53 ET
Table 'Seraphina' 6-max Seat #1 is the button
Seat 1: NAUTJE1337 ($44 in chips)
Seat 3: Blikon ($124 in chips)
NAUTJE1337: posts small blind $1
Blikon: posts big blind $3
*** HOLE CARDS ***
NAUTJE1337: folds
Uncalled bet ($2) returned to Blikon
Blikon collected $2 from pot
*** SUMMARY ***
Total pot $2 | Rake $0
Seat 1: NAUTJE1337 (button) (small blind) folded before Flop
Seat 3: Blikon (big blind) collected ($2)


PokerStars Hand #174470796336:  Hold'em Limit ($3/$6 USD) - 2017/08/17 22:08:31 ET
Table 'Seraphina' 6-max Seat #4 is the button
Seat 3: Blikon ($122.29 in chips)
Seat 4: B_loJkl ($103 in chips)
B_loJkl: posts small blind $1
NAUTJE1337: is sitting out
Blikon: posts big blind $3
*** HOLE CARDS ***
NAUTJE1337 leaves the table
B_loJkl: raises $3 to $6
Blikon: calls $3
*** FLOP *** [7s Js 2s]
Blikon: checks
B_loJkl: bets $3
Blikon: folds
Uncalled bet ($3) returned to B_loJkl
B_loJkl collected $11.76 from pot
B_loJkl: doesn't show hand
*** SUMMARY ***
Total pot $12 | Rake $0.24
Board [7s Js 2s]
Seat 3: Blikon (big blind) folded on the Flop
Seat 4: B_loJkl (button) (small blind) collected ($11.76)


PokerStars Hand #174470825922:  Hold'em Limit ($3/$6 USD) - 2017/08/17 22:09:52 ET
Table 'Seraphina' 6-max Seat #4 is the button
Seat 3: Blikon ($92.29 in chips)
Seat 4: B_loJkl ($132.26 in chips)
B_loJkl: posts small blind $1
Blikon: posts big blind $3
*** HOLE CARDS ***
B_loJkl: raises $3 to $6
Blikon: folds
Uncalled bet ($3) returned to B_loJkl
B_loJkl collected $6 from pot
B_loJkl: doesn't show hand
*** SUMMARY ***
Total pot $6 | Rake $0
Seat 3: Blikon (big blind) folded before Flop
Seat 4: B_loJkl (button) (small blind) collected ($6)


PokerStars Hand #174470806503:  Hold'em Limit ($3/$6 USD) - 2017/08/17 22:08:59 ET
Table 'Seraphina' 6-max Seat #3 is the button
Seat 3: Blikon ($116.29 in chips)
Seat 4: B_loJkl ($108.76 in chips)
Blikon: posts small blind $1
B_loJkl: posts big blind $3
*** HOLE CARDS ***
Blikon: raises $3 to $6
B_loJkl: calls $3
*** FLOP *** [7h 3h 2c]
B_loJkl: checks
Blikon: bets $3
B_loJkl: raises $3 to $6
Blikon: calls $3
*** TURN *** [7h 3h 2c] [8h]
B_loJkl: bets $6
Blikon: raises $6 to $12
B_loJkl: calls $6
*** RIVER *** [7h 3h 2c 8h] [Ac]
B_loJkl: checks
Blikon: checks
*** SHOW DOWN ***
B_loJkl: shows [Ks 7d] (a pair of Sevens)
Blikon: mucks hand
B_loJkl collected $47.50 from pot
*** SUMMARY ***
Total pot $48 | Rake $0.50
Board [7h 3h 2c 8h Ac]
Seat 3: Blikon (button) (small blind) mucked
Seat 4: B_loJkl (big blind) showed [Ks 7d] and won ($47.50) with a pair of Sevens


PokerStars Hand #174470828284:  Hold'em Limit ($3/$6 USD) - 2017/08/17 22:09:59 ET
Table 'Seraphina' 6-max Seat #3 is the button
Seat 3: Blikon ($89.29 in chips)
Seat 4: B_loJkl ($135.26 in chips)
Blikon: posts small blind $1
B_loJkl: posts big blind $3
*** HOLE CARDS ***
Blikon: raises $3 to $6
B_loJkl: calls $3
*** FLOP *** [4d Ah 6c]
B_loJkl: checks
Blikon: bets $3
B_loJkl: calls $3
*** TURN *** [4d Ah 6c] [7d]
B_loJkl: checks
Blikon: bets $6
B_loJkl: calls $6
*** RIVER *** [4d Ah 6c 7d] [Kc]
NAUTJE1337 joins the table at seat #6
B_loJkl: checks
Blikon: bets $6
B_loJkl: calls $6
*** SHOW DOWN ***
Blikon: shows [Ac 4h] (two pair, Aces and Fours)
B_loJkl: mucks hand
Blikon collected $41.50 from pot
*** SUMMARY ***
Total pot $42 | Rake $0.50
Board [4d Ah 6c 7d Kc]
Seat 3: Blikon (button) (small blind) showed [Ac 4h] and won ($41.50) with two pair, Aces and Fours
Seat 4: B_loJkl (big blind) mucked


PokerStars Hand #174472220134:  Hold'em Limit ($3/$6 USD) - 2017/08/17 23:20:37 ET
Table 'Seraphina' 6-max Seat #2 is the button
Seat 2: fire852181 ($74.94 in chips)
Seat 5: leclash ($224.48 in chips)
fire852181: posts small blind $1
B_loJkl: is sitting out
leclash: posts big blind $3
*** HOLE CARDS ***
fire852181: raises $3 to $6
B_loJkl leaves the table
leclash: calls $3
*** FLOP *** [8c 6s 9d]
leclash: checks
B_loJkl joins the table at seat #6
fire852181: bets $3
leclash: folds
Uncalled bet ($3) returned to fire852181
Zazi joins the table at seat #3
fire852181 collected $11.76 from pot
fire852181: doesn't show hand
*** SUMMARY ***
Total pot $12 | Rake $0.24
Board [8c 6s 9d]
Seat 2: fire852181 (button) (small blind) collected ($11.76)
Seat 5: leclash (big blind) folded on the Flop


PokerStars Hand #174472622813:  Hold'em Limit ($3/$6 USD) - 2017/08/17 23:43:45 ET
Table 'Seraphina' 6-max Seat #2 is the button
Seat 1: Blikon ($80.80 in chips)
Seat 2: fire852181 ($68.17 in chips)
fire852181: posts small blind $1
Blikon: posts big blind $3
*** HOLE CARDS ***
fire852181: calls $2
Blikon: raises $3 to $6
fire852181: calls $3
*** FLOP *** [Js 9s 9h]
Blikon: bets $3
fire852181: folds
Uncalled bet ($3) returned to Blikon
Blikon collected $11.76 from pot
*** SUMMARY ***
Total pot $12 | Rake $0.24
Board [Js 9s 9h]
Seat 1: Blikon (big blind) collected ($11.76)
Seat 2: fire852181 (button) (small blind) folded on the Flop


PokerStars Hand #174472608650:  Hold'em Limit ($3/$6 USD) - 2017/08/17 23:42:54 ET
Table 'Seraphina' 6-max Seat #2 is the button
Seat 1: Blikon ($113.80 in chips)
Seat 2: fire852181 ($36.03 in chips)
fire852181: posts small blind $1
B_loJkl: is sitting out
Blikon: posts big blind $3
*** HOLE CARDS ***
fire852181: raises $3 to $6
Blikon: calls $3
*** FLOP *** [5s 2d 2h]
Blikon: checks
fire852181: bets $3
Blikon: raises $3 to $6
fire852181: calls $3
*** TURN *** [5s 2d 2h] [9d]
Blikon: bets $6
fire852181: calls $6
*** RIVER *** [5s 2d 2h 9d] [5d]
Blikon: bets $6
fire852181: calls $6
*** SHOW DOWN ***
Blikon: shows [6c Kh] (two pair, Fives and Deuces)
fire852181: shows [Tc As] (two pair, Fives and Deuces - Ace kicker)
fire852181 collected $47.50 from pot
*** SUMMARY ***
Total pot $48 | Rake $0.50
Board [5s 2d 2h 9d 5d]
Seat 1: Blikon (big blind) showed [6c Kh] and lost with two pair, Fives and Deuces
Seat 2: fire852181 (button) (small blind) showed [Tc As] and won ($47.50) with two pair, Fives and Deuces


PokerStars Hand #174472618247:  Hold'em Limit ($3/$6 USD) - 2017/08/17 23:43:28 ET
Table 'Seraphina' 6-max Seat #1 is the button
Seat 1: Blikon ($89.80 in chips)
Seat 2: fire852181 ($59.53 in chips)
Blikon: posts small blind $1
fire852181: posts big blind $3
*** HOLE CARDS ***
Blikon: raises $3 to $6
fire852181: calls $3
*** FLOP *** [8d 2c 8c]
fire852181: checks
Blikon: bets $3
fire852181: calls $3
*** TURN *** [8d 2c 8c] [9s]
fire852181: checks
Blikon: checks
*** RIVER *** [8d 2c 8c 9s] [Jc]
fire852181: bets $6
Blikon: folds
Uncalled bet ($6) returned to fire852181
fire852181 collected $17.64 from pot
fire852181: doesn't show hand
*** SUMMARY ***
Total pot $18 | Rake $0.36
Board [8d 2c 8c 9s Jc]
Seat 1: Blikon (button) (small blind) folded on the River
Seat 2: fire852181 (big blind) collected ($17.64)


PokerStars Hand #174472626847:  Hold'em Limit ($3/$6 USD) - 2017/08/17 23:43:59 ET
Table 'Seraphina' 6-max Seat #1 is the button
Seat 1: Blikon ($86.56 in chips)
Seat 2: fire852181 ($62.17 in chips)
Blikon: posts small blind $1
fire852181: posts big blind $3
*** HOLE CARDS ***
Nikiter joins the table at seat #4
Blikon: raises $3 to $6
B_loJkl leaves the table
fire852181: folds
Uncalled bet ($3) returned to Blikon
Blikon collected $6 from pot
*** SUMMARY ***
Total pot $6 | Rake $0
Seat 1: Blikon (button) (small blind) collected ($6)
Seat 2: fire852181 (big blind) folded before Flop


PokerStars Hand #174473423927:  Hold'em Limit ($3/$6 USD) - 2017/08/18 0:34:51 ET
Table 'Seraphina' 6-max Seat #5 is the button
Seat 1: leclash ($117.88 in chips)
Seat 5: B_loJkl ($110.57 in chips)
juustmuckit1 will be allowed to play after the button
B_loJkl: posts small blind $1
leclash: posts big blind $3
*** HOLE CARDS ***
play4uron leaves the table
B_loJkl: raises $3 to $6
leclash: calls $3
*** FLOP *** [2s 8s Ac]
leclash: checks
B_loJkl: bets $3
leclash: raises $3 to $6
B_loJkl: calls $3
*** TURN *** [2s 8s Ac] [2h]
leclash: bets $6
B_loJkl: calls $6
*** RIVER *** [2s 8s Ac 2h] [3s]
leclash: checks
B_loJkl: bets $6
leclash: calls $6
*** SHOW DOWN ***
B_loJkl: shows [4s 7s] (a flush, Eight high)
leclash: mucks hand
B_loJkl collected $47.50 from pot
*** SUMMARY ***
Total pot $48 | Rake $0.50
Board [2s 8s Ac 2h 3s]
Seat 1: leclash (big blind) mucked
Seat 5: B_loJkl (button) (small blind) showed [4s 7s] and won ($47.50) with a flush, Eight high


PokerStars Hand #174473465850:  Hold'em Limit ($3/$6 USD) - 2017/08/18 0:37:41 ET
Table 'Seraphina' 6-max Seat #5 is the button
Seat 1: leclash ($63.88 in chips)
Seat 5: B_loJkl ($166.15 in chips)
B_loJkl: posts small blind $1
leclash: posts big blind $3
*** HOLE CARDS ***
B_loJkl: raises $3 to $6
leclash: calls $3
*** FLOP *** [As 7s 9c]
leclash: checks
B_loJkl: bets $3
leclash: folds
Uncalled bet ($3) returned to B_loJkl
B_loJkl collected $11.76 from pot
B_loJkl: doesn't show hand
*** SUMMARY ***
Total pot $12 | Rake $0.24
Board [As 7s 9c]
Seat 1: leclash (big blind) folded on the Flop
Seat 5: B_loJkl (button) (small blind) collected ($11.76)


PokerStars Hand #174473469854:  Hold'em Limit ($3/$6 USD) - 2017/08/18 0:37:58 ET
Table 'Seraphina' 6-max Seat #1 is the button
Seat 1: leclash ($57.88 in chips)
Seat 5: B_loJkl ($171.91 in chips)
leclash: posts small blind $1
B_loJkl: posts big blind $3
*** HOLE CARDS ***
leclash: raises $3 to $6
B_loJkl: raises $3 to $9
leclash: raises $3 to $12
Betting is capped
B_loJkl: calls $3
*** FLOP *** [Qs 4d 2c]
B_loJkl: checks
leclash: bets $3
B_loJkl: raises $3 to $6
leclash: calls $3
*** TURN *** [Qs 4d 2c] [4h]
B_loJkl: bets $6
leclash: folds
Uncalled bet ($6) returned to B_loJkl
B_loJkl collected $35.50 from pot
B_loJkl: doesn't show hand
*** SUMMARY ***
Total pot $36 | Rake $0.50
Board [Qs 4d 2c 4h]
Seat 1: leclash (button) (small blind) folded on the Turn
Seat 5: B_loJkl (big blind) collected ($35.50)


PokerStars Hand #174473479416:  Hold'em Limit ($3/$6 USD) - 2017/08/18 0:38:37 ET
Table 'Seraphina' 6-max Seat #1 is the button
Seat 1: leclash ($57.38 in chips)
Seat 5: B_loJkl ($171.41 in chips)
leclash: posts small blind $1
B_loJkl: posts big blind $3
*** HOLE CARDS ***
leclash: folds
Uncalled bet ($2) returned to B_loJkl
B_loJkl collected $2 from pot
B_loJkl: doesn't show hand
*** SUMMARY ***
Total pot $2 | Rake $0
Seat 1: leclash (button) (small blind) folded before Flop
Seat 5: B_loJkl (big blind) collected ($2)


PokerStars Hand #174473475186:  Hold'em Limit ($3/$6 USD) - 2017/08/18 0:38:19 ET
Table 'Seraphina' 6-max Seat #5 is the button
Seat 1: leclash ($39.88 in chips)
Seat 5: B_loJkl ($189.41 in chips)
B_loJkl: posts small blind $1
leclash: posts big blind $3
*** HOLE CARDS ***
B_loJkl: raises $3 to $6
leclash: raises $3 to $9
B_loJkl: calls $3
*** FLOP *** [4s 2s Ac]
leclash: bets $3
B_loJkl: calls $3
*** TURN *** [4s 2s Ac] [9s]
leclash: bets $6
B_loJkl: calls $6
*** RIVER *** [4s 2s Ac 9s] [Kh]
leclash: bets $6
B_loJkl: folds
Uncalled bet ($6) returned to leclash
leclash collected $35.50 from pot
leclash: doesn't show hand
*** SUMMARY ***
Total pot $36 | Rake $0.50
Board [4s 2s Ac 9s Kh]
Seat 1: leclash (big blind) collected ($35.50)
Seat 5: B_loJkl (button) (small blind) folded on the River


PokerStars Hand #174473480755:  Hold'em Limit ($3/$6 USD) - 2017/08/18 0:38:42 ET
Table 'Seraphina' 6-max Seat #5 is the button
Seat 1: leclash ($56.38 in chips)
Seat 5: B_loJkl ($172.41 in chips)
B_loJkl: posts small blind $1
leclash: posts big blind $3
*** HOLE CARDS ***
B_loJkl: raises $3 to $6
leclash: calls $3
*** FLOP *** [Qs 4c 5c]
leclash: checks
B_loJkl: checks
*** TURN *** [Qs 4c 5c] [4s]
leclash: bets $6
B_loJkl: folds
Uncalled bet ($6) returned to leclash
leclash collected $11.76 from pot
leclash: doesn't show hand
*** SUMMARY ***
Total pot $12 | Rake $0.24
Board [Qs 4c 5c 4s]
Seat 1: leclash (big blind) collected ($11.76)
Seat 5: B_loJkl (button) (small blind) folded on the Turn


PokerStars Hand #174473488886:  Hold'em Limit ($3/$6 USD) - 2017/08/18 0:39:15 ET
Table 'Seraphina' 6-max Seat #1 is the button
Seat 1: leclash ($80.64 in chips)
Seat 5: B_loJkl ($147.41 in chips)
leclash: posts small blind $1
B_loJkl: posts big blind $3
*** HOLE CARDS ***
leclash: raises $3 to $6
B_loJkl: calls $3
*** FLOP *** [3d 2s Kh]
B_loJkl: checks
leclash: bets $3
B_loJkl: folds
Uncalled bet ($3) returned to leclash
leclash collected $11.76 from pot
leclash: doesn't show hand
*** SUMMARY ***
Total pot $12 | Rake $0.24
Board [3d 2s Kh]
Seat 1: leclash (button) (small blind) collected ($11.76)
Seat 5: B_loJkl (big blind) folded on the Flop


PokerStars Hand #174473483978:  Hold'em Limit ($3/$6 USD) - 2017/08/18 0:38:56 ET
Table 'Seraphina' 6-max Seat #1 is the button
Seat 1: leclash ($62.14 in chips)
Seat 5: B_loJkl ($166.41 in chips)
leclash: posts small blind $1
B_loJkl: posts big blind $3
*** HOLE CARDS ***
leclash: raises $3 to $6
B_loJkl: raises $3 to $9
leclash: calls $3
*** FLOP *** [Qh 6s 5c]
B_loJkl: bets $3
leclash: calls $3
*** TURN *** [Qh 6s 5c] [3c]
B_loJkl: bets $6
leclash: raises $6 to $12
B_loJkl: folds
Uncalled bet ($6) returned to leclash
leclash collected $35.50 from pot
leclash: doesn't show hand
*** SUMMARY ***
Total pot $36 | Rake $0.50
Board [Qh 6s 5c 3c]
Seat 1: leclash (button) (small blind) collected ($35.50)
Seat 5: B_loJkl (big blind) folded on the Turn


PokerStars Hand #174473487820:  Hold'em Limit ($3/$6 USD) - 2017/08/18 0:39:11 ET
Table 'Seraphina' 6-max Seat #5 is the button
Seat 1: leclash ($79.64 in chips)
Seat 5: B_loJkl ($148.41 in chips)
B_loJkl: posts small blind $1
leclash: posts big blind $3
*** HOLE CARDS ***
B_loJkl: folds
Uncalled bet ($2) returned to leclash
leclash collected $2 from pot
leclash: doesn't show hand
*** SUMMARY ***
Total pot $2 | Rake $0
Seat 1: leclash (big blind) collected ($2)
Seat 5: B_loJkl (button) (small blind) folded before Flop


PokerStars Hand #174473492553:  Hold'em Limit ($3/$6 USD) - 2017/08/18 0:39:31 ET
Table 'Seraphina' 6-max Seat #5 is the button
Seat 1: leclash ($86.40 in chips)
Seat 5: B_loJkl ($141.41 in chips)
B_loJkl: posts small blind $1
leclash: posts big blind $3
*** HOLE CARDS ***
B_loJkl: raises $3 to $6
leclash: calls $3
*** FLOP *** [8d 3c Kh]
leclash: checks
B_loJkl: bets $3
leclash: calls $3
*** TURN *** [8d 3c Kh] [9h]
leclash: checks
B_loJkl: checks
*** RIVER *** [8d 3c Kh 9h] [4c]
leclash: bets $6
B_loJkl: calls $6
*** SHOW DOWN ***
leclash: shows [8c Kd] (two pair, Kings and Eights)
B_loJkl: mucks hand
leclash collected $29.50 from pot
*** SUMMARY ***
Total pot $30 | Rake $0.50
Board [8d 3c Kh 9h 4c]
Seat 1: leclash (big blind) showed [8c Kd] and won ($29.50) with two pair, Kings and Eights
Seat 5: B_loJkl (button) (small blind) mucked


PokerStars Hand #174473500997:  Hold'em Limit ($3/$6 USD) - 2017/08/18 0:40:06 ET
Table 'Seraphina' 6-max Seat #1 is the button
Seat 1: leclash ($100.90 in chips)
Seat 5: B_loJkl ($126.41 in chips)
leclash: posts small blind $1
B_loJkl: posts big blind $3
*** HOLE CARDS ***
leclash: raises $3 to $6
B_loJkl: calls $3
*** FLOP *** [4h Ks 5c]
B_loJkl: checks
leclash: bets $3
B_loJkl: raises $3 to $6
leclash: calls $3
*** TURN *** [4h Ks 5c] [7d]
B_loJkl: bets $6
leclash: folds
Uncalled bet ($6) returned to B_loJkl
B_loJkl collected $23.52 from pot
B_loJkl: doesn't show hand
*** SUMMARY ***
Total pot $24 | Rake $0.48
Board [4h Ks 5c 7d]
Seat 1: leclash (button) (small blind) folded on the Turn
Seat 5: B_loJkl (big blind) collected ($23.52)


PokerStars Hand #174473505706:  Hold'em Limit ($3/$6 USD) - 2017/08/18 0:40:26 ET
Table 'Seraphina' 6-max Seat #5 is the button
Seat 1: leclash ($88.90 in chips)
Seat 5: B_loJkl ($137.93 in chips)
B_loJkl: posts small blind $1
leclash: posts big blind $3
*** HOLE CARDS ***
B_loJkl: raises $3 to $6
leclash: raises $3 to $9
B_loJkl: calls $3
*** FLOP *** [9h 7h 4d]
leclash: bets $3
B_loJkl: calls $3
*** TURN *** [9h 7h 4d] [6s]
leclash: bets $6
B_loJkl: calls $6
*** RIVER *** [9h 7h 4d 6s] [Jc]
leclash: checks
B_loJkl: bets $6
leclash: calls $6
*** SHOW DOWN ***
B_loJkl: shows [4s Js] (two pair, Jacks and Fours)
leclash: mucks hand
B_loJkl collected $47.50 from pot
*** SUMMARY ***
Total pot $48 | Rake $0.50
Board [9h 7h 4d 6s Jc]
Seat 1: leclash (big blind) mucked
Seat 5: B_loJkl (button) (small blind) showed [4s Js] and won ($47.50) with two pair, Jacks and Fours


PokerStars Hand #174473511138:  Hold'em Limit ($3/$6 USD) - 2017/08/18 0:40:48 ET
Table 'Seraphina' 6-max Seat #1 is the button
Seat 1: leclash ($64.90 in chips)
Seat 5: B_loJkl ($161.43 in chips)
leclash: posts small blind $1
B_loJkl: posts big blind $3
*** HOLE CARDS ***
leclash: raises $3 to $6
B_loJkl: raises $3 to $9
leclash: calls $3
*** FLOP *** [Qs 5c Td]
B_loJkl: bets $3
leclash: calls $3
*** TURN *** [Qs 5c Td] [9d]
B_loJkl: checks
leclash: checks
*** RIVER *** [Qs 5c Td 9d] [Kd]
B_loJkl: checks
leclash: bets $6
B_loJkl: folds
Uncalled bet ($6) returned to leclash
leclash collected $23.52 from pot
leclash: doesn't show hand
*** SUMMARY ***
Total pot $24 | Rake $0.48
Board [Qs 5c Td 9d Kd]
Seat 1: leclash (button) (small blind) collected ($23.52)
Seat 5: B_loJkl (big blind) folded on the River


PokerStars Hand #174473525006:  Hold'em Limit ($3/$6 USD) - 2017/08/18 0:41:45 ET
Table 'Seraphina' 6-max Seat #5 is the button
Seat 1: leclash ($76.42 in chips)
Seat 5: B_loJkl ($149.43 in chips)
B_loJkl: posts small blind $1
leclash: posts big blind $3
*** HOLE CARDS ***
B_loJkl: folds
Uncalled bet ($2) returned to leclash
leclash collected $2 from pot
leclash: doesn't show hand
*** SUMMARY ***
Total pot $2 | Rake $0
Seat 1: leclash (big blind) collected ($2)
Seat 5: B_loJkl (button) (small blind) folded before Flop


PokerStars Hand #174473526700:  Hold'em Limit ($3/$6 USD) - 2017/08/18 0:41:52 ET
Table 'Seraphina' 6-max Seat #1 is the button
Seat 1: leclash ($77.42 in chips)
Seat 5: B_loJkl ($148.43 in chips)
leclash: posts small blind $1
B_loJkl: posts big blind $3
*** HOLE CARDS ***
leclash: raises $3 to $6
B_loJkl: calls $3
*** FLOP *** [Td Qd 5d]
B_loJkl: checks
leclash: bets $3
B_loJkl: calls $3
*** TURN *** [Td Qd 5d] [4h]
B_loJkl: checks
leclash: bets $6
B_loJkl: calls $6
*** RIVER *** [Td Qd 5d 4h] [9s]
B_loJkl: checks
leclash: bets $6
B_loJkl: folds
Uncalled bet ($6) returned to leclash
leclash collected $29.50 from pot
leclash: doesn't show hand
*** SUMMARY ***
Total pot $30 | Rake $0.50
Board [Td Qd 5d 4h 9s]
Seat 1: leclash (button) (small blind) collected ($29.50)
Seat 5: B_loJkl (big blind) folded on the River


PokerStars Hand #174473533412:  Hold'em Limit ($3/$6 USD) - 2017/08/18 0:42:21 ET
Table 'Seraphina' 6-max Seat #5 is the button
Seat 1: leclash ($91.92 in chips)
Seat 5: B_loJkl ($133.43 in chips)
B_loJkl: posts small blind $1
leclash: posts big blind $3
*** HOLE CARDS ***
B_loJkl: raises $3 to $6
leclash: calls $3
*** FLOP *** [Td 5h Qh]
leclash: checks
B_loJkl: checks
*** TURN *** [Td 5h Qh] [4s]
leclash: bets $6
B_loJkl: raises $6 to $12
leclash: calls $6
*** RIVER *** [Td 5h Qh 4s] [3h]
leclash: checks
B_loJkl: bets $6
leclash: folds
Uncalled bet ($6) returned to B_loJkl
B_loJkl collected $35.50 from pot
B_loJkl: doesn't show hand
*** SUMMARY ***
Total pot $36 | Rake $0.50
Board [Td 5h Qh 4s 3h]
Seat 1: leclash (big blind) folded on the River
Seat 5: B_loJkl (button) (small blind) collected ($35.50)


PokerStars Hand #174473547215:  Hold'em Limit ($3/$6 USD) - 2017/08/18 0:43:18 ET
Table 'Seraphina' 6-max Seat #5 is the button
Seat 1: leclash ($82.56 in chips)
Seat 5: B_loJkl ($141.93 in chips)
B_loJkl: posts small blind $1
leclash: posts big blind $3
*** HOLE CARDS ***
B_loJkl: raises $3 to $6
leclash: raises $3 to $9
B_loJkl: calls $3
*** FLOP *** [Ts 3d 2h]
leclash: bets $3
B_loJkl: calls $3
*** TURN *** [Ts 3d 2h] [4s]
leclash: bets $6
B_loJkl: folds
Uncalled bet ($6) returned to leclash
leclash collected $23.52 from pot
leclash: doesn't show hand
*** SUMMARY ***
Total pot $24 | Rake $0.48
Board [Ts 3d 2h 4s]
Seat 1: leclash (big blind) collected ($23.52)
Seat 5: B_loJkl (button) (small blind) folded on the Turn


PokerStars Hand #174473540738:  Hold'em Limit ($3/$6 USD) - 2017/08/18 0:42:51 ET
Table 'Seraphina' 6-max Seat #1 is the button
Seat 1: leclash ($73.92 in chips)
Seat 5: B_loJkl ($150.93 in chips)
leclash: posts small blind $1
B_loJkl: posts big blind $3
*** HOLE CARDS ***
leclash: raises $3 to $6
B_loJkl: calls $3
*** FLOP *** [Th 2h 8s]
B_loJkl: checks
leclash: bets $3
B_loJkl: calls $3
*** TURN *** [Th 2h 8s] [Tc]
B_loJkl: checks
leclash: bets $6
B_loJkl: folds
Uncalled bet ($6) returned to leclash
leclash collected $17.64 from pot
leclash: doesn't show hand
*** SUMMARY ***
Total pot $18 | Rake $0.36
Board [Th 2h 8s Tc]
Seat 1: leclash (button) (small blind) collected ($17.64)
Seat 5: B_loJkl (big blind) folded on the Turn


PokerStars Hand #174473558918:  Hold'em Limit ($3/$6 USD) - 2017/08/18 0:44:07 ET
Table 'Seraphina' 6-max Seat #5 is the button
Seat 1: leclash ($105.60 in chips)
Seat 5: B_loJkl ($117.93 in chips)
B_loJkl: posts small blind $1
leclash: posts big blind $3
*** HOLE CARDS ***
B_loJkl: raises $3 to $6
leclash: calls $3
*** FLOP *** [7c Jc Kd]
leclash: checks
B_loJkl: bets $3
leclash: raises $3 to $6
B_loJkl: folds
Uncalled bet ($3) returned to leclash
leclash collected $17.64 from pot
leclash: doesn't show hand
*** SUMMARY ***
Total pot $18 | Rake $0.36
Board [7c Jc Kd]
Seat 1: leclash (big blind) collected ($17.64)
Seat 5: B_loJkl (button) (small blind) folded on the Flop


PokerStars Hand #174473552253:  Hold'em Limit ($3/$6 USD) - 2017/08/18 0:43:39 ET
Table 'Seraphina' 6-max Seat #1 is the button
Seat 1: leclash ($94.08 in chips)
Seat 5: B_loJkl ($129.93 in chips)
leclash: posts small blind $1
B_loJkl: posts big blind $3
*** HOLE CARDS ***
leclash: raises $3 to $6
B_loJkl: raises $3 to $9
leclash: raises $3 to $12
Betting is capped
B_loJkl: calls $3
*** FLOP *** [Ts Qd 4c]
B_loJkl: checks
leclash: bets $3
B_loJkl: folds
Uncalled bet ($3) returned to leclash
leclash collected $23.52 from pot
leclash: doesn't show hand
*** SUMMARY ***
Total pot $24 | Rake $0.48
Board [Ts Qd 4c]
Seat 1: leclash (button) (small blind) collected ($23.52)
Seat 5: B_loJkl (big blind) folded on the Flop


PokerStars Hand #174473574431:  Hold'em Limit ($3/$6 USD) - 2017/08/18 0:44:43 ET
Table 'Seraphina' 6-max Seat #1 is the button
Seat 1: leclash ($114.24 in chips)
Seat 5: B_loJkl ($108.93 in chips)
leclash: posts small blind $1
B_loJkl: posts big blind $3
*** HOLE CARDS ***
leclash: raises $3 to $6
B_loJkl: calls $3
*** FLOP *** [Qd Td 3c]
B_loJkl: checks
leclash: bets $3
B_loJkl: raises $3 to $6
leclash: calls $3
*** TURN *** [Qd Td 3c] [2d]
B_loJkl: bets $6
leclash: calls $6
*** RIVER *** [Qd Td 3c 2d] [Js]
B_loJkl: bets $6
leclash: calls $6
*** SHOW DOWN ***
B_loJkl: shows [Jd 5d] (a flush, Queen high)
leclash: mucks hand
B_loJkl collected $47.50 from pot
*** SUMMARY ***
Total pot $48 | Rake $0.50
Board [Qd Td 3c 2d Js]
Seat 1: leclash (button) (small blind) mucked
Seat 5: B_loJkl (big blind) showed [Jd 5d] and won ($47.50) with a flush, Queen high


PokerStars Hand #174473587550:  Hold'em Limit ($3/$6 USD) - 2017/08/18 0:45:38 ET
Table 'Seraphina' 6-max Seat #5 is the button
Seat 1: leclash ($90.24 in chips)
Seat 5: B_loJkl ($132.43 in chips)
B_loJkl: posts small blind $1
leclash: posts big blind $3
*** HOLE CARDS ***
B_loJkl: raises $3 to $6
leclash: calls $3
*** FLOP *** [Kc 7c Qd]
leclash: checks
B_loJkl: bets $3
leclash: calls $3
*** TURN *** [Kc 7c Qd] [5c]
leclash: checks
B_loJkl: bets $6
leclash: calls $6
*** RIVER *** [Kc 7c Qd 5c] [6d]
leclash: checks
B_loJkl: bets $6
leclash: calls $6
*** SHOW DOWN ***
B_loJkl: shows [8d 9s] (a straight, Five to Nine)
leclash: mucks hand
B_loJkl collected $41.50 from pot
*** SUMMARY ***
Total pot $42 | Rake $0.50
Board [Kc 7c Qd 5c 6d]
Seat 1: leclash (big blind) mucked
Seat 5: B_loJkl (button) (small blind) showed [8d 9s] and won ($41.50) with a straight, Five to Nine


PokerStars Hand #174473600365:  Hold'em Limit ($3/$6 USD) - 2017/08/18 0:46:31 ET
Table 'Seraphina' 6-max Seat #1 is the button
Seat 1: leclash ($69.24 in chips)
Seat 5: B_loJkl ($152.93 in chips)
leclash: posts small blind $1
B_loJkl: posts big blind $3
*** HOLE CARDS ***
leclash: raises $3 to $6
B_loJkl: calls $3
*** FLOP *** [7c Js Ad]
B_loJkl: checks
leclash: bets $3
B_loJkl: raises $3 to $6
leclash: calls $3
*** TURN *** [7c Js Ad] [4d]
B_loJkl: bets $6
leclash: calls $6
*** RIVER *** [7c Js Ad 4d] [Qh]
B_loJkl: checks
leclash: checks
*** SHOW DOWN ***
B_loJkl: shows [Ah 2d] (a pair of Aces)
leclash: mucks hand
B_loJkl collected $35.50 from pot
*** SUMMARY ***
Total pot $36 | Rake $0.50
Board [7c Js Ad 4d Qh]
Seat 1: leclash (button) (small blind) mucked
Seat 5: B_loJkl (big blind) showed [Ah 2d] and won ($35.50) with a pair of Aces


PokerStars Hand #174473612780:  Hold'em Limit ($3/$6 USD) - 2017/08/18 0:47:23 ET
Table 'Seraphina' 6-max Seat #5 is the button
Seat 1: leclash ($51.24 in chips)
Seat 5: B_loJkl ($170.43 in chips)
B_loJkl: posts small blind $1
leclash: posts big blind $3
*** HOLE CARDS ***
B_loJkl: raises $3 to $6
leclash: calls $3
*** FLOP *** [Qc Qs Qd]
leclash: checks
B_loJkl: bets $3
leclash: calls $3
*** TURN *** [Qc Qs Qd] [Qh]
leclash: checks
B_loJkl: bets $6
leclash: calls $6
*** RIVER *** [Qc Qs Qd Qh] [Th]
leclash: checks
B_loJkl: bets $6
leclash: calls $6
*** SHOW DOWN ***
B_loJkl: shows [Ah 9d] (four of a kind, Queens)
leclash: mucks hand
B_loJkl collected $41.50 from pot
*** SUMMARY ***
Total pot $42 | Rake $0.50
Board [Qc Qs Qd Qh Th]
Seat 1: leclash (big blind) mucked
Seat 5: B_loJkl (button) (small blind) showed [Ah 9d] and won ($41.50) with four of a kind, Queens


PokerStars Hand #174473639551:  Hold'em Limit ($3/$6 USD) - 2017/08/18 0:49:13 ET
Table 'Seraphina' 6-max Seat #5 is the button
Seat 1: leclash ($38.43 in chips)
Seat 5: B_loJkl ($214.87 in chips)
B_loJkl: posts small blind $1
leclash: posts big blind $3
*** HOLE CARDS ***
B_loJkl: raises $3 to $6
leclash: raises $3 to $9
Nikiter is disconnected
B_loJkl: calls $3
*** FLOP *** [5h 7c 8h]
leclash: bets $3
B_loJkl: raises $3 to $6
leclash: calls $3
*** TURN *** [5h 7c 8h] [7d]
leclash: checks
B_loJkl: bets $6
leclash: raises $6 to $12
B_loJkl: calls $6
*** RIVER *** [5h 7c 8h 7d] [Jc]
leclash: bets $6
B_loJkl: calls $6
*** SHOW DOWN ***
leclash: shows [Jh Js] (a full house, Jacks full of Sevens)
B_loJkl: mucks hand
leclash collected $65.50 from pot
*** SUMMARY ***
Total pot $66 | Rake $0.50
Board [5h 7c 8h 7d Jc]
Seat 1: leclash (big blind) showed [Jh Js] and won ($65.50) with a full house, Jacks full of Sevens
Seat 5: B_loJkl (button) (small blind) mucked


PokerStars Hand #174473651592:  Hold'em Limit ($3/$6 USD) - 2017/08/18 0:50:03 ET
Table 'Seraphina' 6-max Seat #1 is the button
Seat 1: leclash ($70.93 in chips)
Seat 5: B_loJkl ($181.87 in chips)
leclash: posts small blind $1
B_loJkl: posts big blind $3
*** HOLE CARDS ***
leclash: raises $3 to $6
B_loJkl: calls $3
*** FLOP *** [Tc 5h Ac]
B_loJkl: checks
leclash: bets $3
B_loJkl: folds
Uncalled bet ($3) returned to leclash
leclash collected $11.76 from pot
leclash: doesn't show hand
*** SUMMARY ***
Total pot $12 | Rake $0.24
Board [Tc 5h Ac]
Seat 1: leclash (button) (small blind) collected ($11.76)
Seat 5: B_loJkl (big blind) folded on the Flop


PokerStars Hand #174473658320:  Hold'em Limit ($3/$6 USD) - 2017/08/18 0:50:31 ET
Table 'Seraphina' 6-max Seat #5 is the button
Seat 1: leclash ($76.69 in chips)
Seat 5: B_loJkl ($175.87 in chips)
B_loJkl: posts small blind $1
leclash: posts big blind $3
*** HOLE CARDS ***
B_loJkl: raises $3 to $6
leclash: calls $3
*** FLOP *** [9h Th 5s]
leclash: checks
B_loJkl: bets $3
leclash: calls $3
*** TURN *** [9h Th 5s] [9d]
leclash: checks
B_loJkl: bets $6
leclash: calls $6
*** RIVER *** [9h Th 5s 9d] [8d]
leclash: checks
B_loJkl: bets $6
leclash: calls $6
*** SHOW DOWN ***
B_loJkl: shows [Ts Js] (two pair, Tens and Nines)
leclash: mucks hand
B_loJkl collected $41.50 from pot
*** SUMMARY ***
Total pot $42 | Rake $0.50
Board [9h Th 5s 9d 8d]
Seat 1: leclash (big blind) mucked
Seat 5: B_loJkl (button) (small blind) showed [Ts Js] and won ($41.50) with two pair, Tens and Nines


PokerStars Hand #174473682721:  Hold'em Limit ($3/$6 USD) - 2017/08/18 0:52:12 ET
Table 'Seraphina' 6-max Seat #5 is the button
Seat 1: leclash ($34.69 in chips)
Seat 5: B_loJkl ($216.87 in chips)
B_loJkl: posts small blind $1
leclash: posts big blind $3
*** HOLE CARDS ***
B_loJkl: raises $3 to $6
leclash: raises $3 to $9
B_loJkl: calls $3
*** FLOP *** [Th 7c Kh]
leclash: bets $3
B_loJkl: calls $3
*** TURN *** [Th 7c Kh] [8d]
leclash: bets $6
B_loJkl: calls $6
*** RIVER *** [Th 7c Kh 8d] [6d]
leclash: bets $6
B_loJkl: calls $6
*** SHOW DOWN ***
leclash: shows [Kd Qs] (a pair of Kings)
B_loJkl: mucks hand
leclash collected $47.50 from pot
*** SUMMARY ***
Total pot $48 | Rake $0.50
Board [Th 7c Kh 8d 6d]
Seat 1: leclash (big blind) showed [Kd Qs] and won ($47.50) with a pair of Kings
Seat 5: B_loJkl (button) (small blind) mucked


PokerStars Hand #174473668221:  Hold'em Limit ($3/$6 USD) - 2017/08/18 0:51:12 ET
Table 'Seraphina' 6-max Seat #1 is the button
Seat 1: leclash ($55.69 in chips)
Seat 5: B_loJkl ($196.37 in chips)
leclash: posts small blind $1
B_loJkl: posts big blind $3
*** HOLE CARDS ***
leclash: raises $3 to $6
B_loJkl: calls $3
*** FLOP *** [Ah 2s 7s]
B_loJkl: checks
leclash: bets $3
B_loJkl: calls $3
*** TURN *** [Ah 2s 7s] [Js]
B_loJkl: checks
leclash: bets $6
B_loJkl: calls $6
*** RIVER *** [Ah 2s 7s Js] [7h]
B_loJkl: checks
leclash: bets $6
B_loJkl: calls $6
*** SHOW DOWN ***
leclash: shows [9s 4c] (a pair of Sevens)
B_loJkl: shows [4d Ks] (a pair of Sevens - Ace+King kicker)
B_loJkl collected $41.50 from pot
*** SUMMARY ***
Total pot $42 | Rake $0.50
Board [Ah 2s 7s Js 7h]
Seat 1: leclash (button) (small blind) showed [9s 4c] and lost with a pair of Sevens
Seat 5: B_loJkl (big blind) showed [4d Ks] and won ($41.50) with a pair of Sevens


PokerStars Hand #174473707562:  Hold'em Limit ($3/$6 USD) - 2017/08/18 0:53:56 ET
Table 'Seraphina' 6-max Seat #1 is the button
Seat 1: leclash ($69.69 in chips)
Seat 5: B_loJkl ($180.87 in chips)
leclash: posts small blind $1
B_loJkl: posts big blind $3
*** HOLE CARDS ***
leclash: folds
Uncalled bet ($2) returned to B_loJkl
B_loJkl collected $2 from pot
B_loJkl: doesn't show hand
*** SUMMARY ***
Total pot $2 | Rake $0
Seat 1: leclash (button) (small blind) folded before Flop
Seat 5: B_loJkl (big blind) collected ($2)


PokerStars Hand #174473705518:  Hold'em Limit ($3/$6 USD) - 2017/08/18 0:53:47 ET
Table 'Seraphina' 6-max Seat #5 is the button
Seat 1: leclash ($72.69 in chips)
Seat 5: B_loJkl ($177.87 in chips)
B_loJkl: posts small blind $1
leclash: posts big blind $3
*** HOLE CARDS ***
B_loJkl: raises $3 to $6
leclash: folds
Uncalled bet ($3) returned to B_loJkl
B_loJkl collected $6 from pot
B_loJkl: doesn't show hand
*** SUMMARY ***
Total pot $6 | Rake $0
Seat 1: leclash (big blind) folded before Flop
Seat 5: B_loJkl (button) (small blind) collected ($6)


PokerStars Hand #174473691330:  Hold'em Limit ($3/$6 USD) - 2017/08/18 0:52:47 ET
Table 'Seraphina' 6-max Seat #1 is the button
Seat 1: leclash ($58.19 in chips)
Seat 5: B_loJkl ($192.87 in chips)
leclash: posts small blind $1
B_loJkl: posts big blind $3
*** HOLE CARDS ***
leclash: raises $3 to $6
B_loJkl: calls $3
*** FLOP *** [6d 9d Jd]
B_loJkl: checks
leclash: bets $3
B_loJkl: calls $3
*** TURN *** [6d 9d Jd] [4c]
B_loJkl: checks
leclash: bets $6
B_loJkl: calls $6
*** RIVER *** [6d 9d Jd 4c] [Kc]
B_loJkl: checks
leclash: checks
*** SHOW DOWN ***
B_loJkl: shows [8h As] (high card Ace)
leclash: shows [8c 8s] (a pair of Eights)
leclash collected $29.50 from pot
*** SUMMARY ***
Total pot $30 | Rake $0.50
Board [6d 9d Jd 4c Kc]
Seat 1: leclash (button) (small blind) showed [8c 8s] and won ($29.50) with a pair of Eights
Seat 5: B_loJkl (big blind) showed [8h As] and lost with high card Ace


PokerStars Hand #174473717144:  Hold'em Limit ($3/$6 USD) - 2017/08/18 0:54:37 ET
Table 'Seraphina' 6-max Seat #1 is the button
Seat 1: leclash ($80.21 in chips)
Seat 5: B_loJkl ($169.87 in chips)
leclash: posts small blind $1
B_loJkl: posts big blind $3
*** HOLE CARDS ***
leclash: raises $3 to $6
B_loJkl: folds
Uncalled bet ($3) returned to leclash
leclash collected $6 from pot
leclash: doesn't show hand
*** SUMMARY ***
Total pot $6 | Rake $0
Seat 1: leclash (button) (small blind) collected ($6)
Seat 5: B_loJkl (big blind) folded before Flop


PokerStars Hand #174473709016:  Hold'em Limit ($3/$6 USD) - 2017/08/18 0:54:02 ET
Table 'Seraphina' 6-max Seat #5 is the button
Seat 1: leclash ($68.69 in chips)
Seat 5: B_loJkl ($181.87 in chips)
B_loJkl: posts small blind $1
leclash: posts big blind $3
*** HOLE CARDS ***
B_loJkl: raises $3 to $6
leclash: raises $3 to $9
B_loJkl: calls $3
*** FLOP *** [Th 6s 4d]
leclash: bets $3
B_loJkl: calls $3
*** TURN *** [Th 6s 4d] [Ah]
leclash: bets $6
B_loJkl: folds
Uncalled bet ($6) returned to leclash
leclash collected $23.52 from pot
leclash: doesn't show hand
*** SUMMARY ***
Total pot $24 | Rake $0.48
Board [Th 6s 4d Ah]
Seat 1: leclash (big blind) collected ($23.52)
Seat 5: B_loJkl (button) (small blind) folded on the Turn


PokerStars Hand #174473720895:  Hold'em Limit ($3/$6 USD) - 2017/08/18 0:54:52 ET
Table 'Seraphina' 6-max Seat #5 is the button
Seat 1: leclash ($83.21 in chips)
Seat 5: B_loJkl ($166.87 in chips)
B_loJkl: posts small blind $1
leclash: posts big blind $3
*** HOLE CARDS ***
B_loJkl: raises $3 to $6
leclash: calls $3
*** FLOP *** [Js Th Ah]
leclash: checks
B_loJkl: bets $3
leclash: calls $3
*** TURN *** [Js Th Ah] [Kc]
leclash: checks
B_loJkl: bets $6
leclash: raises $6 to $12
B_loJkl: folds
Uncalled bet ($6) returned to leclash
leclash collected $29.50 from pot
leclash: doesn't show hand
*** SUMMARY ***
Total pot $30 | Rake $0.50
Board [Js Th Ah Kc]
Seat 1: leclash (big blind) collected ($29.50)
Seat 5: B_loJkl (button) (small blind) folded on the Turn


PokerStars Hand #174473740021:  Hold'em Limit ($3/$6 USD) - 2017/08/18 0:56:20 ET
Table 'Seraphina' 6-max Seat #5 is the button
Seat 1: leclash ($79.71 in chips)
Seat 5: B_loJkl ($169.37 in chips)
B_loJkl: posts small blind $1
leclash: posts big blind $3
*** HOLE CARDS ***
B_loJkl: raises $3 to $6
leclash: calls $3
*** FLOP *** [Th Ks Jc]
leclash: checks
B_loJkl: checks
*** TURN *** [Th Ks Jc] [8h]
leclash: bets $6
B_loJkl: calls $6
*** RIVER *** [Th Ks Jc 8h] [3c]
leclash: bets $6
B_loJkl: calls $6
*** SHOW DOWN ***
leclash: shows [8s Kh] (two pair, Kings and Eights)
B_loJkl: mucks hand
leclash collected $35.50 from pot
*** SUMMARY ***
Total pot $36 | Rake $0.50
Board [Th Ks Jc 8h 3c]
Seat 1: leclash (big blind) showed [8s Kh] and won ($35.50) with two pair, Kings and Eights
Seat 5: B_loJkl (button) (small blind) mucked


PokerStars Hand #174473729733:  Hold'em Limit ($3/$6 USD) - 2017/08/18 0:55:32 ET
Table 'Seraphina' 6-max Seat #1 is the button
Seat 1: leclash ($97.71 in chips)
Seat 5: B_loJkl ($151.87 in chips)
leclash: posts small blind $1
B_loJkl: posts big blind $3
*** HOLE CARDS ***
leclash: raises $3 to $6
B_loJkl: raises $3 to $9
leclash: calls $3
*** FLOP *** [As 7d Jh]
B_loJkl: bets $3
leclash: calls $3
*** TURN *** [As 7d Jh] [Kc]
B_loJkl: checks
leclash: bets $6
B_loJkl: calls $6
*** RIVER *** [As 7d Jh Kc] [Td]
B_loJkl: bets $6
leclash: folds
Uncalled bet ($6) returned to B_loJkl
B_loJkl collected $35.50 from pot
B_loJkl: doesn't show hand
*** SUMMARY ***
Total pot $36 | Rake $0.50
Board [As 7d Jh Kc Td]
Seat 1: leclash (button) (small blind) folded on the River
Seat 5: B_loJkl (big blind) collected ($35.50)


PokerStars Hand #174473758263:  Hold'em Limit ($3/$6 USD) - 2017/08/18 0:57:44 ET
Table 'Seraphina' 6-max Seat #5 is the button
Seat 1: leclash ($82.21 in chips)
Seat 5: B_loJkl ($165.87 in chips)
B_loJkl: posts small blind $1
leclash: posts big blind $3
*** HOLE CARDS ***
B_loJkl: raises $3 to $6
leclash: calls $3
*** FLOP *** [3s 6d 6s]
leclash: checks
B_loJkl: bets $3
leclash: calls $3
*** TURN *** [3s 6d 6s] [Kh]
leclash: checks
B_loJkl: checks
*** RIVER *** [3s 6d 6s Kh] [Ah]
leclash: checks
B_loJkl: bets $6
leclash: calls $6
*** SHOW DOWN ***
B_loJkl: shows [As Qs] (two pair, Aces and Sixes)
leclash: mucks hand
B_loJkl collected $29.50 from pot
*** SUMMARY ***
Total pot $30 | Rake $0.50
Board [3s 6d 6s Kh Ah]
Seat 1: leclash (big blind) mucked
Seat 5: B_loJkl (button) (small blind) showed [As Qs] and won ($29.50) with two pair, Aces and Sixes


PokerStars Hand #174473750299:  Hold'em Limit ($3/$6 USD) - 2017/08/18 0:57:08 ET
Table 'Seraphina' 6-max Seat #1 is the button
Seat 1: leclash ($97.21 in chips)
Seat 5: B_loJkl ($151.37 in chips)
leclash: posts small blind $1
B_loJkl: posts big blind $3
*** HOLE CARDS ***
leclash: raises $3 to $6
B_loJkl: calls $3
*** FLOP *** [7d 8c 2h]
B_loJkl: checks
leclash: bets $3
B_loJkl: calls $3
*** TURN *** [7d 8c 2h] [Qh]
B_loJkl: checks
leclash: bets $6
B_loJkl: calls $6
*** RIVER *** [7d 8c 2h Qh] [6d]
B_loJkl: checks
leclash: checks
*** SHOW DOWN ***
B_loJkl: shows [Jh Ks] (high card King)
leclash: mucks hand
B_loJkl collected $29.50 from pot
*** SUMMARY ***
Total pot $30 | Rake $0.50
Board [7d 8c 2h Qh 6d]
Seat 1: leclash (button) (small blind) mucked
Seat 5: B_loJkl (big blind) showed [Jh Ks] and won ($29.50) with high card King


PokerStars Hand #174473763288:  Hold'em Limit ($3/$6 USD) - 2017/08/18 0:58:07 ET
Table 'Seraphina' 6-max Seat #1 is the button
Seat 1: leclash ($67.21 in chips)
Seat 5: B_loJkl ($180.37 in chips)
leclash: posts small blind $1
B_loJkl: posts big blind $3
*** HOLE CARDS ***
leclash: raises $3 to $6
B_loJkl: calls $3
*** FLOP *** [6d 5c 3s]
B_loJkl: checks
leclash: bets $3
B_loJkl: calls $3
*** TURN *** [6d 5c 3s] [8s]
B_loJkl: checks
leclash: bets $6
B_loJkl: calls $6
*** RIVER *** [6d 5c 3s 8s] [Ah]
B_loJkl: checks
leclash: bets $6
B_loJkl: calls $6
*** SHOW DOWN ***
leclash: shows [9s 8c] (a pair of Eights)
B_loJkl: mucks hand
leclash collected $41.50 from pot
*** SUMMARY ***
Total pot $42 | Rake $0.50
Board [6d 5c 3s 8s Ah]
Seat 1: leclash (button) (small blind) showed [9s 8c] and won ($41.50) with a pair of Eights
Seat 5: B_loJkl (big blind) mucked


PokerStars Hand #174473776131:  Hold'em Limit ($3/$6 USD) - 2017/08/18 0:59:05 ET
Table 'Seraphina' 6-max Seat #5 is the button
Seat 1: leclash ($87.71 in chips)
Seat 5: B_loJkl ($159.37 in chips)
B_loJkl: posts small blind $1
leclash: posts big blind $3
*** HOLE CARDS ***
B_loJkl: raises $3 to $6
leclash: calls $3
*** FLOP *** [Jd 9c 6c]
apx0surry9 joins the table at seat #3
Nikiter was removed from the table for failing to post
leclash: checks
B_loJkl: bets $3
leclash: raises $3 to $6
B_loJkl: calls $3
*** TURN *** [Jd 9c 6c] [5s]
leclash: bets $6
B_loJkl: calls $6
*** RIVER *** [Jd 9c 6c 5s] [Jc]
leclash: bets $6
B_loJkl: folds
Uncalled bet ($6) returned to leclash
leclash collected $35.50 from pot
leclash: doesn't show hand
*** SUMMARY ***
Total pot $36 | Rake $0.50
Board [Jd 9c 6c 5s Jc]
Seat 1: leclash (big blind) collected ($35.50)
Seat 5: B_loJkl (button) (small blind) folded on the River


PokerStars Hand #174474410035:  Hold'em Limit ($3/$6 USD) - 2017/08/18 1:42:23 ET
Table 'Seraphina' 6-max Seat #1 is the button
Seat 1: leclash ($170.37 in chips)
Seat 2: nkgud ($90.07 in chips)
leclash: posts small blind $1
nkgud: posts big blind $3
*** HOLE CARDS ***
leclash: raises $3 to $6
nkgud: folds
Uncalled bet ($3) returned to leclash
leclash collected $6 from pot
leclash: doesn't show hand
*** SUMMARY ***
Total pot $6 | Rake $0
Seat 1: leclash (button) (small blind) collected ($6)
Seat 2: nkgud (big blind) folded before Flop


PokerStars Hand #174474403359:  Hold'em Limit ($3/$6 USD) - 2017/08/18 1:41:55 ET
Table 'Seraphina' 6-max Seat #2 is the button
Seat 1: leclash ($149.87 in chips)
Seat 2: nkgud ($111.07 in chips)
nkgud: posts small blind $1
apx0surry9: is sitting out
leclash: posts big blind $3
*** HOLE CARDS ***
nkgud: raises $3 to $6
leclash: raises $3 to $9
nkgud: calls $3
*** FLOP *** [8c 6s Ac]
leclash: bets $3
nkgud: raises $3 to $6
leclash: calls $3
*** TURN *** [8c 6s Ac] [3d]
leclash: checks
nkgud: bets $6
leclash: raises $6 to $12
nkgud: folds
Uncalled bet ($6) returned to leclash
leclash collected $41.50 from pot
leclash: doesn't show hand
*** SUMMARY ***
Total pot $42 | Rake $0.50
Board [8c 6s Ac 3d]
Seat 1: leclash (big blind) collected ($41.50)
Seat 2: nkgud (button) (small blind) folded on the Turn


PokerStars Hand #174474411487:  Hold'em Limit ($3/$6 USD) - 2017/08/18 1:42:29 ET
Table 'Seraphina' 6-max Seat #2 is the button
Seat 1: leclash ($173.37 in chips)
Seat 2: nkgud ($87.07 in chips)
nkgud: posts small blind $1
leclash: posts big blind $3
*** HOLE CARDS ***
nkgud: calls $2
leclash: checks
*** FLOP *** [6c 5d 7c]
leclash: checks
nkgud: checks
*** TURN *** [6c 5d 7c] [Ks]
leclash: checks
nkgud: bets $6
leclash: folds
Uncalled bet ($6) returned to nkgud
nkgud collected $5.88 from pot
nkgud: doesn't show hand
*** SUMMARY ***
Total pot $6 | Rake $0.12
Board [6c 5d 7c Ks]
Seat 1: leclash (big blind) folded on the Turn
Seat 2: nkgud (button) (small blind) collected ($5.88)


PokerStars Hand #174474415778:  Hold'em Limit ($3/$6 USD) - 2017/08/18 1:42:47 ET
Table 'Seraphina' 6-max Seat #1 is the button
Seat 1: leclash ($170.37 in chips)
Seat 2: nkgud ($89.95 in chips)
leclash: posts small blind $1
nkgud: posts big blind $3
*** HOLE CARDS ***
leclash: raises $3 to $6
nkgud: raises $3 to $9
leclash: calls $3
*** FLOP *** [3c 8c 3s]
nkgud: bets $3
leclash: calls $3
*** TURN *** [3c 8c 3s] [7c]
nkgud: bets $6
leclash: calls $6
*** RIVER *** [3c 8c 3s 7c] [7h]
nkgud: bets $6
leclash: calls $6
*** SHOW DOWN ***
nkgud: shows [Kh Kc] (two pair, Kings and Sevens)
leclash: mucks hand
nkgud collected $47.50 from pot
*** SUMMARY ***
Total pot $48 | Rake $0.50
Board [3c 8c 3s 7c 7h]
Seat 1: leclash (button) (small blind) mucked
Seat 2: nkgud (big blind) showed [Kh Kc] and won ($47.50) with two pair, Kings and Sevens


PokerStars Hand #174474420260:  Hold'em Limit ($3/$6 USD) - 2017/08/18 1:43:06 ET
Table 'Seraphina' 6-max Seat #2 is the button
Seat 1: leclash ($146.37 in chips)
Seat 2: nkgud ($113.45 in chips)
nkgud: posts small blind $1
leclash: posts big blind $3
*** HOLE CARDS ***
nkgud: folds
Uncalled bet ($2) returned to leclash
leclash collected $2 from pot
leclash: doesn't show hand
*** SUMMARY ***
Total pot $2 | Rake $0
Seat 1: leclash (big blind) collected ($2)
Seat 2: nkgud (button) (small blind) folded before Flop


PokerStars Hand #174477871692:  Hold'em Limit ($3/$6 USD) - 2017/08/18 5:17:51 ET
Table 'Seraphina' 6-max Seat #3 is the button
Seat 3: TRIFOI_13 ($120 in chips)
Seat 4: VolkovDmitri ($120 in chips)
TRIFOI_13: posts small blind $1
VolkovDmitri: posts big blind $3
*** HOLE CARDS ***
Yuppy13 joins the table at seat #5
TRIFOI_13: calls $2
VolkovDmitri: raises $3 to $6
TRIFOI_13: calls $3
*** FLOP *** [2d 6h 5h]
VolkovDmitri: bets $3
TRIFOI_13: raises $3 to $6
VolkovDmitri: calls $3
*** TURN *** [2d 6h 5h] [Th]
VolkovDmitri: checks
TRIFOI_13: checks
*** RIVER *** [2d 6h 5h Th] [Qh]
VolkovDmitri: bets $6
TRIFOI_13: calls $6
*** SHOW DOWN ***
VolkovDmitri: shows [Jh 9c] (a flush, Queen high)
TRIFOI_13: mucks hand
VolkovDmitri collected $35.50 from pot
*** SUMMARY ***
Total pot $36 | Rake $0.50
Board [2d 6h 5h Th Qh]
Seat 3: TRIFOI_13 (button) (small blind) mucked
Seat 4: VolkovDmitri (big blind) showed [Jh 9c] and won ($35.50) with a flush, Queen high


