PokerStars Hand #149401179556:  Hold'em Limit ($3/$6 USD) - 2016/02/25 13:41:54 ET
Table 'Seraphina' 6-max Seat #3 is the button
Seat 1: VolkovDmitri ($125.76 in chips)
Seat 3: minigus575 ($114 in chips)
minigus575: posts small blind $1
VolkovDmitri: posts big blind $3
*** HOLE CARDS ***
minigus575: raises $3 to $6
AzureCaper joins the table at seat #5
GoliafUa joins the table at seat #6
VolkovDmitri: calls $3
*** FLOP *** [Kh Ad 9d]
VolkovDmitri: checks
minigus575: bets $3
veterankwu joins the table at seat #2
VolkovDmitri: folds
Uncalled bet ($3) returned to minigus575
minigus575 collected $11.76 from pot
minigus575: doesn't show hand
*** SUMMARY ***
Total pot $12 | Rake $0.24
Board [Kh Ad 9d]
Seat 1: VolkovDmitri (big blind) folded on the Flop
Seat 3: minigus575 (button) (small blind) collected ($11.76)


PokerStars Hand #149401437921:  Hold'em Limit ($3/$6 USD) - 2016/02/25 13:46:30 ET
Table 'Seraphina' 6-max Seat #5 is the button
Seat 3: vovojc ($29.03 in chips)
Seat 5: AzureCaper ($100.26 in chips)
AzureCaper: posts small blind $1
vovojc: posts big blind $3
*** HOLE CARDS ***
AzureCaper: folds
Uncalled bet ($2) returned to vovojc
vovojc collected $2 from pot
vovojc: doesn't show hand
*** SUMMARY ***
Total pot $2 | Rake $0
Seat 3: vovojc (big blind) collected ($2)
Seat 5: AzureCaper (button) (small blind) folded before Flop


PokerStars Hand #149401432745:  Hold'em Limit ($3/$6 USD) - 2016/02/25 13:46:24 ET
Table 'Seraphina' 6-max Seat #3 is the button
Seat 3: vovojc ($30.03 in chips)
Seat 5: AzureCaper ($99.26 in chips)
vovojc: posts small blind $1
AzureCaper: posts big blind $3
*** HOLE CARDS ***
vovojc: folds
Uncalled bet ($2) returned to AzureCaper
AzureCaper collected $2 from pot
AzureCaper: doesn't show hand
*** SUMMARY ***
Total pot $2 | Rake $0
Seat 3: vovojc (button) (small blind) folded before Flop
Seat 5: AzureCaper (big blind) collected ($2)


PokerStars Hand #149401408976:  Hold'em Limit ($3/$6 USD) - 2016/02/25 13:45:59 ET
Table 'Seraphina' 6-max Seat #5 is the button
Seat 3: vovojc ($51.03 in chips)
Seat 5: AzureCaper ($78.76 in chips)
AzureCaper: posts small blind $1
vovojc: posts big blind $3
*** HOLE CARDS ***
AzureCaper: raises $3 to $6
vovojc: calls $3
*** FLOP *** [Ks Qh Jh]
vovojc: checks
AzureCaper: bets $3
vovojc: calls $3
*** TURN *** [Ks Qh Jh] [4s]
vovojc: checks
AzureCaper: bets $6
vovojc: calls $6
*** RIVER *** [Ks Qh Jh 4s] [Kh]
vestimokrec leaves the table
vovojc: checks
AzureCaper: bets $6
vovojc: calls $6
*** SHOW DOWN ***
AzureCaper: shows [9s Qd] (two pair, Kings and Queens)
vovojc: mucks hand
AzureCaper collected $41.50 from pot
*** SUMMARY ***
Total pot $42 | Rake $0.50
Board [Ks Qh Jh 4s Kh]
Seat 3: vovojc (big blind) mucked
Seat 5: AzureCaper (button) (small blind) showed [9s Qd] and won ($41.50) with two pair, Kings and Queens


PokerStars Hand #149401403438:  Hold'em Limit ($3/$6 USD) - 2016/02/25 13:45:53 ET
Table 'Seraphina' 6-max Seat #3 is the button
Seat 3: vovojc ($52.03 in chips)
Seat 5: AzureCaper ($77.76 in chips)
vovojc: posts small blind $1
AzureCaper: posts big blind $3
*** HOLE CARDS ***
vovojc: folds
Uncalled bet ($2) returned to AzureCaper
AzureCaper collected $2 from pot
AzureCaper: doesn't show hand
*** SUMMARY ***
Total pot $2 | Rake $0
Seat 3: vovojc (button) (small blind) folded before Flop
Seat 5: AzureCaper (big blind) collected ($2)


PokerStars Hand #149401387553:  Hold'em Limit ($3/$6 USD) - 2016/02/25 13:45:37 ET
Table 'Seraphina' 6-max Seat #5 is the button
Seat 3: vovojc ($58.03 in chips)
Seat 5: AzureCaper ($72 in chips)
AzureCaper: posts small blind $1
veterankwu: is sitting out
vovojc: posts big blind $3
*** HOLE CARDS ***
AzureCaper: raises $3 to $6
veterankwu leaves the table
vovojc: calls $3
*** FLOP *** [5d 3h Kd]
vovojc: checks
AzureCaper: bets $3
vovojc: folds
Uncalled bet ($3) returned to AzureCaper
AzureCaper collected $11.76 from pot
AzureCaper: doesn't show hand
*** SUMMARY ***
Total pot $12 | Rake $0.24
Board [5d 3h Kd]
Seat 3: vovojc (big blind) folded on the Flop
Seat 5: AzureCaper (button) (small blind) collected ($11.76)


PokerStars Hand #149401452996:  Hold'em Limit ($3/$6 USD) - 2016/02/25 13:46:46 ET
Table 'Seraphina' 6-max Seat #5 is the button
Seat 3: vovojc ($33.03 in chips)
Seat 5: AzureCaper ($96.26 in chips)
AzureCaper: posts small blind $1
vovojc: posts big blind $3
*** HOLE CARDS ***
AzureCaper: raises $3 to $6
vovojc: calls $3
*** FLOP *** [Qh 2c 6h]
vovojc: checks
crash19867 joins the table at seat #4
AzureCaper: bets $3
vovojc: folds
Uncalled bet ($3) returned to AzureCaper
AzureCaper collected $11.76 from pot
AzureCaper: doesn't show hand
*** SUMMARY ***
Total pot $12 | Rake $0.24
Board [Qh 2c 6h]
Seat 3: vovojc (big blind) folded on the Flop
Seat 5: AzureCaper (button) (small blind) collected ($11.76)


PokerStars Hand #149401444973:  Hold'em Limit ($3/$6 USD) - 2016/02/25 13:46:37 ET
Table 'Seraphina' 6-max Seat #3 is the button
Seat 3: vovojc ($30.03 in chips)
Seat 5: AzureCaper ($99.26 in chips)
vovojc: posts small blind $1
AzureCaper: posts big blind $3
*** HOLE CARDS ***
vovojc: raises $3 to $6
AzureCaper: folds
Uncalled bet ($3) returned to vovojc
vovojc collected $6 from pot
vovojc: doesn't show hand
*** SUMMARY ***
Total pot $6 | Rake $0
Seat 3: vovojc (button) (small blind) collected ($6)
Seat 5: AzureCaper (big blind) folded before Flop


PokerStars Hand #149401538467:  Hold'em Limit ($3/$6 USD) - 2016/02/25 13:48:17 ET
Table 'Seraphina' 6-max Seat #2 is the button
Seat 2: paule1919 ($37.20 in chips)
Seat 4: crash19867 ($62.32 in chips)
paule1919: posts small blind $1
crash19867: posts big blind $3
*** HOLE CARDS ***
paule1919: calls $2
crash19867: checks
*** FLOP *** [9s 6h 9c]
crash19867: checks
paule1919: checks
*** TURN *** [9s 6h 9c] [Jc]
crash19867: checks
paule1919: bets $6
crash19867: folds
Uncalled bet ($6) returned to paule1919
paule1919 collected $5.88 from pot
paule1919: doesn't show hand
*** SUMMARY ***
Total pot $6 | Rake $0.12
Board [9s 6h 9c Jc]
Seat 2: paule1919 (button) (small blind) collected ($5.88)
Seat 4: crash19867 (big blind) folded on the Turn


PokerStars Hand #149401532480:  Hold'em Limit ($3/$6 USD) - 2016/02/25 13:48:11 ET
Table 'Seraphina' 6-max Seat #4 is the button
Seat 2: paule1919 ($40.20 in chips)
Seat 4: crash19867 ($59.32 in chips)
crash19867: posts small blind $1
paule1919: posts big blind $3
*** HOLE CARDS ***
crash19867: raises $3 to $6
paule1919: folds
Uncalled bet ($3) returned to crash19867
crash19867 collected $6 from pot
crash19867: doesn't show hand
*** SUMMARY ***
Total pot $6 | Rake $0
Seat 2: paule1919 (big blind) folded before Flop
Seat 4: crash19867 (button) (small blind) collected ($6)


PokerStars Hand #149401501849:  Hold'em Limit ($3/$6 USD) - 2016/02/25 13:47:38 ET
Table 'Seraphina' 6-max Seat #5 is the button
Seat 4: crash19867 ($74.32 in chips)
Seat 5: AzureCaper ($122.73 in chips)
AzureCaper: posts small blind $1
crash19867: posts big blind $3
*** HOLE CARDS ***
vovojc leaves the table
paule1919 joins the table at seat #2
AzureCaper: raises $3 to $6
crash19867: calls $3
*** FLOP *** [Tc Ac 8s]
crash19867: checks
AzureCaper: bets $3
crash19867: calls $3
*** TURN *** [Tc Ac 8s] [4c]
crash19867: checks
AzureCaper: bets $6
crash19867: calls $6
*** RIVER *** [Tc Ac 8s 4c] [As]
crash19867: checks
AzureCaper: checks
*** SHOW DOWN ***
crash19867: shows [Js Qs] (a pair of Aces)
AzureCaper: shows [7d 7c] (two pair, Aces and Sevens)
AzureCaper collected $29.50 from pot
*** SUMMARY ***
Total pot $30 | Rake $0.50
Board [Tc Ac 8s 4c As]
Seat 4: crash19867 (big blind) showed [Js Qs] and lost with a pair of Aces
Seat 5: AzureCaper (button) (small blind) showed [7d 7c] and won ($29.50) with two pair, Aces and Sevens


