PokerStars Hand #174910435656:  Hold'em Limit ($3/$6 USD) - 2017/08/28 15:27:36 ET
Table 'Sergestus III' 6-max Seat #3 is the button
Seat 3: ELSUPREMO999 ($162.66 in chips)
Seat 6: fleabaggs ($162.73 in chips)
ELSUPREMO999: posts small blind $1
fleabaggs: posts big blind $3
*** HOLE CARDS ***
vestimokrec joins the table at seat #4
ELSUPREMO999: raises $3 to $6
fleabaggs: folds
Uncalled bet ($3) returned to ELSUPREMO999
ELSUPREMO999 collected $6 from pot
ELSUPREMO999: doesn't show hand
*** SUMMARY ***
Total pot $6 | Rake $0
Seat 3: ELSUPREMO999 (button) (small blind) collected ($6)
Seat 6: fleabaggs (big blind) folded before Flop


PokerStars Hand #174910442087:  Hold'em Limit ($3/$6 USD) - 2017/08/28 15:27:44 ET
Table 'Sergestus III' 6-max Seat #6 is the button
Seat 3: ELSUPREMO999 ($165.66 in chips)
Seat 6: fleabaggs ($159.73 in chips)
fleabaggs: posts small blind $1
ELSUPREMO999: posts big blind $3
*** HOLE CARDS ***
fleabaggs: folds
Uncalled bet ($2) returned to ELSUPREMO999
ELSUPREMO999 collected $2 from pot
ELSUPREMO999: doesn't show hand
*** SUMMARY ***
Total pot $2 | Rake $0
Seat 3: ELSUPREMO999 (big blind) collected ($2)
Seat 6: fleabaggs (button) (small blind) folded before Flop


PokerStars Hand #174914871388:  Hold'em Limit ($3/$6 USD) - 2017/08/28 17:01:57 ET
Table 'Sergestus III' 6-max Seat #4 is the button
Seat 1: krytalex ($118.47 in chips)
Seat 4: DECAlpha ($176.78 in chips)
DECAlpha: posts small blind $1
krytalex: posts big blind $3
*** HOLE CARDS ***
DECAlpha: folds
Uncalled bet ($2) returned to krytalex
krytalex collected $2 from pot
*** SUMMARY ***
Total pot $2 | Rake $0
Seat 1: krytalex (big blind) collected ($2)
Seat 4: DECAlpha (button) (small blind) folded before Flop


PokerStars Hand #174914867053:  Hold'em Limit ($3/$6 USD) - 2017/08/28 17:01:52 ET
Table 'Sergestus III' 6-max Seat #1 is the button
Seat 1: krytalex ($119.47 in chips)
Seat 4: DECAlpha ($175.78 in chips)
krytalex: posts small blind $1
love_mmm: is sitting out
DECAlpha: posts big blind $3
*** HOLE CARDS ***
krytalex: folds
Uncalled bet ($2) returned to DECAlpha
DECAlpha collected $2 from pot
DECAlpha: doesn't show hand
*** SUMMARY ***
Total pot $2 | Rake $0
Seat 1: krytalex (button) (small blind) folded before Flop
Seat 4: DECAlpha (big blind) collected ($2)


PokerStars Hand #174914874671:  Hold'em Limit ($3/$6 USD) - 2017/08/28 17:02:02 ET
Table 'Sergestus III' 6-max Seat #1 is the button
Seat 1: krytalex ($119.47 in chips)
Seat 4: DECAlpha ($175.78 in chips)
krytalex: posts small blind $1
DECAlpha: posts big blind $3
*** HOLE CARDS ***
krytalex: folds
Uncalled bet ($2) returned to DECAlpha
DECAlpha collected $2 from pot
DECAlpha: doesn't show hand
*** SUMMARY ***
Total pot $2 | Rake $0
Seat 1: krytalex (button) (small blind) folded before Flop
Seat 4: DECAlpha (big blind) collected ($2)


PokerStars Hand #174914881293:  Hold'em Limit ($3/$6 USD) - 2017/08/28 17:02:11 ET
Table 'Sergestus III' 6-max Seat #4 is the button
Seat 1: krytalex ($118.47 in chips)
Seat 4: DECAlpha ($176.78 in chips)
DECAlpha: posts small blind $1
krytalex: posts big blind $3
*** HOLE CARDS ***
DECAlpha: folds
Uncalled bet ($2) returned to krytalex
krytalex collected $2 from pot
*** SUMMARY ***
Total pot $2 | Rake $0
Seat 1: krytalex (big blind) collected ($2)
Seat 4: DECAlpha (button) (small blind) folded before Flop


