PokerStars Hand #152445905929:  Hold'em Limit ($3/$6 USD) - 2016/04/25 17:42:07 ET
Table 'Sergestus II' 10-max Seat #10 is the button
Seat 3: Azrarn ($114 in chips)
Seat 10: HAOYUN88888 ($125.64 in chips)
HAOYUN88888: posts small blind $1
Azrarn: posts big blind $3
*** HOLE CARDS ***
HAOYUN88888: folds
Uncalled bet ($2) returned to Azrarn
Azrarn collected $2 from pot
Azrarn: doesn't show hand
*** SUMMARY ***
Total pot $2 | Rake $0
Seat 3: Azrarn (big blind) collected ($2)
Seat 10: HAOYUN88888 (button) (small blind) folded before Flop


PokerStars Hand #152445900644:  Hold'em Limit ($3/$6 USD) - 2016/04/25 17:42:01 ET
Table 'Sergestus II' 10-max Seat #3 is the button
Seat 3: Azrarn ($111 in chips)
Seat 10: HAOYUN88888 ($128.64 in chips)
Azrarn: posts small blind $1
HAOYUN88888: posts big blind $3
*** HOLE CARDS ***
Azrarn: raises $3 to $6
HAOYUN88888: folds
Uncalled bet ($3) returned to Azrarn
Azrarn collected $6 from pot
Azrarn: doesn't show hand
*** SUMMARY ***
Total pot $6 | Rake $0
Seat 3: Azrarn (button) (small blind) collected ($6)
Seat 10: HAOYUN88888 (big blind) folded before Flop


PokerStars Hand #152445882117:  Hold'em Limit ($3/$6 USD) - 2016/04/25 17:41:38 ET
Table 'Sergestus II' 10-max Seat #10 is the button
Seat 3: Azrarn ($120 in chips)
Seat 10: HAOYUN88888 ($120 in chips)
HAOYUN88888: posts small blind $1
Azrarn: posts big blind $3
*** HOLE CARDS ***
HAOYUN88888: raises $3 to $6
Azrarn: calls $3
*** FLOP *** [6c 2d 7h]
Azrarn: checks
HAOYUN88888: bets $3
Azrarn: calls $3
*** TURN *** [6c 2d 7h] [5h]
Azrarn: checks
HAOYUN88888: bets $6
Azrarn: folds
Uncalled bet ($6) returned to HAOYUN88888
HAOYUN88888 collected $17.64 from pot
HAOYUN88888: doesn't show hand
*** SUMMARY ***
Total pot $18 | Rake $0.36
Board [6c 2d 7h 5h]
Seat 3: Azrarn (big blind) folded on the Turn
Seat 10: HAOYUN88888 (button) (small blind) collected ($17.64)


PokerStars Hand #152445911022:  Hold'em Limit ($3/$6 USD) - 2016/04/25 17:42:13 ET
Table 'Sergestus II' 10-max Seat #3 is the button
Seat 3: Azrarn ($115 in chips)
Seat 10: HAOYUN88888 ($124.64 in chips)
Azrarn: posts small blind $1
HAOYUN88888: posts big blind $3
*** HOLE CARDS ***
Azrarn: raises $3 to $6
HAOYUN88888: raises $3 to $9
Azrarn: calls $3
*** FLOP *** [Td Kh Ks]
HAOYUN88888: bets $3
Azrarn: folds
Uncalled bet ($3) returned to HAOYUN88888
HAOYUN88888 collected $17.64 from pot
HAOYUN88888: doesn't show hand
*** SUMMARY ***
Total pot $18 | Rake $0.36
Board [Td Kh Ks]
Seat 3: Azrarn (button) (small blind) folded on the Flop
Seat 10: HAOYUN88888 (big blind) collected ($17.64)


PokerStars Hand #152445927552:  Hold'em Limit ($3/$6 USD) - 2016/04/25 17:42:34 ET
Table 'Sergestus II' 10-max Seat #10 is the button
Seat 3: Azrarn ($106 in chips)
Seat 10: HAOYUN88888 ($133.28 in chips)
HAOYUN88888: posts small blind $1
Azrarn: posts big blind $3
*** HOLE CARDS ***
HAOYUN88888: raises $3 to $6
Azrarn: calls $3
*** FLOP *** [Ad 3h 9d]
Azrarn: checks
HAOYUN88888: bets $3
Azrarn: raises $3 to $6
HAOYUN88888: folds
Uncalled bet ($3) returned to Azrarn
Azrarn collected $17.64 from pot
Azrarn: doesn't show hand
*** SUMMARY ***
Total pot $18 | Rake $0.36
Board [Ad 3h 9d]
Seat 3: Azrarn (big blind) collected ($17.64)
Seat 10: HAOYUN88888 (button) (small blind) folded on the Flop


PokerStars Hand #152445956049:  Hold'em Limit ($3/$6 USD) - 2016/04/25 17:43:08 ET
Table 'Sergestus II' 10-max Seat #10 is the button
Seat 3: Azrarn ($114.39 in chips)
Seat 10: HAOYUN88888 ($124.03 in chips)
HAOYUN88888: posts small blind $1
Azrarn: posts big blind $3
*** HOLE CARDS ***
HAOYUN88888: folds
Uncalled bet ($2) returned to Azrarn
Azrarn collected $2 from pot
Azrarn: doesn't show hand
*** SUMMARY ***
Total pot $2 | Rake $0
Seat 3: Azrarn (big blind) collected ($2)
Seat 10: HAOYUN88888 (button) (small blind) folded before Flop


PokerStars Hand #152445937766:  Hold'em Limit ($3/$6 USD) - 2016/04/25 17:42:46 ET
Table 'Sergestus II' 10-max Seat #3 is the button
Seat 3: Azrarn ($114.64 in chips)
Seat 10: HAOYUN88888 ($124.28 in chips)
Azrarn: posts small blind $1
HAOYUN88888: posts big blind $3
*** HOLE CARDS ***
Azrarn: raises $3 to $6
HAOYUN88888: calls $3
*** FLOP *** [6d 3d 5h]
HAOYUN88888: checks
Azrarn: bets $3
HAOYUN88888: calls $3
*** TURN *** [6d 3d 5h] [9d]
HAOYUN88888: checks
Azrarn: checks
*** RIVER *** [6d 3d 5h 9d] [9s]
HAOYUN88888: bets $6
Azrarn: calls $6
*** SHOW DOWN ***
HAOYUN88888: shows [2s Ad] (a pair of Nines)
Azrarn: shows [4d As] (a pair of Nines)
HAOYUN88888 collected $14.75 from pot
Azrarn collected $14.75 from pot
*** SUMMARY ***
Total pot $30 | Rake $0.50
Board [6d 3d 5h 9d 9s]
Seat 3: Azrarn (button) (small blind) showed [4d As] and won ($14.75) with a pair of Nines
Seat 10: HAOYUN88888 (big blind) showed [2s Ad] and won ($14.75) with a pair of Nines


PokerStars Hand #152445959985:  Hold'em Limit ($3/$6 USD) - 2016/04/25 17:43:13 ET
Table 'Sergestus II' 10-max Seat #3 is the button
Seat 3: Azrarn ($115.39 in chips)
Seat 10: HAOYUN88888 ($123.03 in chips)
Azrarn: posts small blind $1
HAOYUN88888: posts big blind $3
*** HOLE CARDS ***
Azrarn: raises $3 to $6
HAOYUN88888: calls $3
*** FLOP *** [2c 6h 7s]
HAOYUN88888: bets $3
Azrarn: calls $3
*** TURN *** [2c 6h 7s] [8s]
HAOYUN88888: bets $6
Azrarn: folds
Uncalled bet ($6) returned to HAOYUN88888
HAOYUN88888 collected $17.64 from pot
HAOYUN88888: doesn't show hand
*** SUMMARY ***
Total pot $18 | Rake $0.36
Board [2c 6h 7s 8s]
Seat 3: Azrarn (button) (small blind) folded on the Turn
Seat 10: HAOYUN88888 (big blind) collected ($17.64)


