PokerStars Hand #146877417060:  Hold'em Limit ($3/$6 USD) - 2016/01/11 16:18:03 ET
Table 'Sergestus II' 6-max Seat #6 is the button
Seat 3: pompier40 ($73.25 in chips)
Seat 6: TinaTurner72 ($77.64 in chips)
Actionni13 will be allowed to play after the button
TinaTurner72: posts small blind $1
nicmct: is sitting out
pompier40: posts big blind $3
*** HOLE CARDS ***
TinaTurner72: raises $3 to $6
pompier40: calls $3
*** FLOP *** [7d 7h Jh]
pompier40: checks
nicmct leaves the table
TinaTurner72: bets $3
pompier40: folds
Uncalled bet ($3) returned to TinaTurner72
TinaTurner72 collected $11.76 from pot
TinaTurner72: doesn't show hand
*** SUMMARY ***
Total pot $12 | Rake $0.24
Board [7d 7h Jh]
Seat 3: pompier40 (big blind) folded on the Flop
Seat 6: TinaTurner72 (button) (small blind) collected ($11.76)


PokerStars Hand #146877447895:  Hold'em Limit ($3/$6 USD) - 2016/01/11 16:18:31 ET
Table 'Sergestus II' 6-max Seat #4 is the button
Seat 3: pompier40 ($66.25 in chips)
Seat 4: Actionni13 ($288.36 in chips)
Actionni13: posts small blind $1
TinaTurner72: is sitting out
win888day was removed from the table for failing to post
pompier40: posts big blind $3
*** HOLE CARDS ***
italianhero4 joins the table at seat #5
Actionni13: raises $3 to $6
pompier40: calls $3
*** FLOP *** [3c 3s 2s]
pompier40: checks
Actionni13: bets $3
pompier40: calls $3
*** TURN *** [3c 3s 2s] [7c]
pompier40: checks
Actionni13: bets $6
pompier40: folds
Uncalled bet ($6) returned to Actionni13
Actionni13 collected $17.64 from pot
Actionni13: doesn't show hand
*** SUMMARY ***
Total pot $18 | Rake $0.36
Board [3c 3s 2s 7c]
Seat 3: pompier40 (big blind) folded on the Turn
Seat 4: Actionni13 (button) (small blind) collected ($17.64)


PokerStars Hand #146877470867:  Hold'em Limit ($3/$6 USD) - 2016/01/11 16:18:52 ET
Table 'Sergestus II' 6-max Seat #3 is the button
Seat 3: pompier40 ($57.25 in chips)
Seat 4: Actionni13 ($297 in chips)
pompier40: posts small blind $1
Actionni13: posts big blind $3
*** HOLE CARDS ***
pompier40: raises $3 to $6
Actionni13: calls $3
*** FLOP *** [2c 9h Ts]
Actionni13: checks
pompier40: bets $3
Actionni13: folds
Uncalled bet ($3) returned to pompier40
pompier40 collected $11.76 from pot
*** SUMMARY ***
Total pot $12 | Rake $0.24
Board [2c 9h Ts]
Seat 3: pompier40 (button) (small blind) collected ($11.76)
Seat 4: Actionni13 (big blind) folded on the Flop


