PokerStars Hand #169164114276:  Hold'em Limit ($3/$6 USD) - 2017/04/17 8:47:34 ET
Table 'Sergestus' 6-max Seat #4 is the button
Seat 1: HamNEgger100 ($98.64 in chips)
Seat 4: VolkovDmitri ($140.50 in chips)
VolkovDmitri: posts small blind $1
HamNEgger100: posts big blind $3
*** HOLE CARDS ***
VolkovDmitri: raises $3 to $6
HamNEgger100: calls $3
*** FLOP *** [9c 4h Ah]
HamNEgger100: checks
VolkovDmitri: bets $3
HamNEgger100: calls $3
*** TURN *** [9c 4h Ah] [Kd]
HamNEgger100: checks
VolkovDmitri: checks
*** RIVER *** [9c 4h Ah Kd] [9h]
HamNEgger100: bets $6
VolkovDmitri: folds
Uncalled bet ($6) returned to HamNEgger100
HamNEgger100 collected $17.64 from pot
*** SUMMARY ***
Total pot $18 | Rake $0.36
Board [9c 4h Ah Kd 9h]
Seat 1: HamNEgger100 (big blind) collected ($17.64)
Seat 4: VolkovDmitri (button) (small blind) folded on the River


PokerStars Hand #169164134370:  Hold'em Limit ($3/$6 USD) - 2017/04/17 8:48:09 ET
Table 'Sergestus' 6-max Seat #1 is the button
Seat 1: HamNEgger100 ($107.28 in chips)
Seat 4: VolkovDmitri ($131.50 in chips)
HamNEgger100: posts small blind $1
VolkovDmitri: posts big blind $3
*** HOLE CARDS ***
HamNEgger100: calls $2
VolkovDmitri: raises $3 to $6
HamNEgger100: calls $3
*** FLOP *** [Ah 7s 4h]
VolkovDmitri: bets $3
HamNEgger100: raises $3 to $6
VolkovDmitri: calls $3
*** TURN *** [Ah 7s 4h] [6d]
VolkovDmitri: checks
HamNEgger100: bets $6
VolkovDmitri: calls $6
*** RIVER *** [Ah 7s 4h 6d] [7d]
VolkovDmitri: checks
HamNEgger100: checks
*** SHOW DOWN ***
VolkovDmitri: shows [4c Kh] (two pair, Sevens and Fours)
HamNEgger100: shows [As 4s] (two pair, Aces and Sevens)
HamNEgger100 collected $35.50 from pot
*** SUMMARY ***
Total pot $36 | Rake $0.50
Board [Ah 7s 4h 6d 7d]
Seat 1: HamNEgger100 (button) (small blind) showed [As 4s] and won ($35.50) with two pair, Aces and Sevens
Seat 4: VolkovDmitri (big blind) showed [4c Kh] and lost with two pair, Sevens and Fours


PokerStars Hand #169164178590:  Hold'em Limit ($3/$6 USD) - 2017/04/17 8:49:27 ET
Table 'Sergestus' 6-max Seat #1 is the button
Seat 1: HamNEgger100 ($121.78 in chips)
Seat 4: VolkovDmitri ($123 in chips)
HamNEgger100: posts small blind $1
VolkovDmitri: posts big blind $3
*** HOLE CARDS ***
HamNEgger100: folds
Uncalled bet ($2) returned to VolkovDmitri
VolkovDmitri collected $2 from pot
VolkovDmitri: doesn't show hand
*** SUMMARY ***
Total pot $2 | Rake $0
Seat 1: HamNEgger100 (button) (small blind) folded before Flop
Seat 4: VolkovDmitri (big blind) collected ($2)


PokerStars Hand #169164173564:  Hold'em Limit ($3/$6 USD) - 2017/04/17 8:49:18 ET
Table 'Sergestus' 6-max Seat #4 is the button
Seat 1: HamNEgger100 ($124.78 in chips)
Seat 4: VolkovDmitri ($120 in chips)
VolkovDmitri: posts small blind $1
HamNEgger100: posts big blind $3
*** HOLE CARDS ***
VolkovDmitri: raises $3 to $6
HamNEgger100: folds
Uncalled bet ($3) returned to VolkovDmitri
VolkovDmitri collected $6 from pot
VolkovDmitri: doesn't show hand
*** SUMMARY ***
Total pot $6 | Rake $0
Seat 1: HamNEgger100 (big blind) folded before Flop
Seat 4: VolkovDmitri (button) (small blind) collected ($6)


PokerStars Hand #169164201802:  Hold'em Limit ($3/$6 USD) - 2017/04/17 8:50:08 ET
Table 'Sergestus' 6-max Seat #1 is the button
Seat 1: HamNEgger100 ($135.28 in chips)
Seat 4: VolkovDmitri ($120 in chips)
HamNEgger100: posts small blind $1
VolkovDmitri: posts big blind $3
*** HOLE CARDS ***
HamNEgger100: folds
Uncalled bet ($2) returned to VolkovDmitri
VolkovDmitri collected $2 from pot
VolkovDmitri: doesn't show hand
*** SUMMARY ***
Total pot $2 | Rake $0
Seat 1: HamNEgger100 (button) (small blind) folded before Flop
Seat 4: VolkovDmitri (big blind) collected ($2)


PokerStars Hand #169164181791:  Hold'em Limit ($3/$6 USD) - 2017/04/17 8:49:33 ET
Table 'Sergestus' 6-max Seat #4 is the button
Seat 1: HamNEgger100 ($120.78 in chips)
Seat 4: VolkovDmitri ($124 in chips)
VolkovDmitri: posts small blind $1
HamNEgger100: posts big blind $3
*** HOLE CARDS ***
VolkovDmitri: raises $3 to $6
HamNEgger100: raises $3 to $9
VolkovDmitri: calls $3
*** FLOP *** [5d 6d 3d]
HamNEgger100: bets $3
VolkovDmitri: raises $3 to $6
HamNEgger100: calls $3
*** TURN *** [5d 6d 3d] [9d]
HamNEgger100: bets $6
VolkovDmitri: folds
Uncalled bet ($6) returned to HamNEgger100
HamNEgger100 collected $29.50 from pot
*** SUMMARY ***
Total pot $30 | Rake $0.50
Board [5d 6d 3d 9d]
Seat 1: HamNEgger100 (big blind) collected ($29.50)
Seat 4: VolkovDmitri (button) (small blind) folded on the Turn


PokerStars Hand #169164204730:  Hold'em Limit ($3/$6 USD) - 2017/04/17 8:50:13 ET
Table 'Sergestus' 6-max Seat #4 is the button
Seat 1: HamNEgger100 ($134.28 in chips)
Seat 4: VolkovDmitri ($121 in chips)
VolkovDmitri: posts small blind $1
HamNEgger100: posts big blind $3
*** HOLE CARDS ***
VolkovDmitri: raises $3 to $6
krytalex joins the table at seat #2
HamNEgger100: folds
Uncalled bet ($3) returned to VolkovDmitri
VolkovDmitri collected $6 from pot
VolkovDmitri: doesn't show hand
*** SUMMARY ***
Total pot $6 | Rake $0
Seat 1: HamNEgger100 (big blind) folded before Flop
Seat 4: VolkovDmitri (button) (small blind) collected ($6)


PokerStars Hand #169168537881:  Hold'em Limit ($3/$6 USD) - 2017/04/17 10:46:17 ET
Table 'Sergestus' 6-max Seat #2 is the button
Seat 2: krytalex ($143.18 in chips)
Seat 4: Burgal15 ($150.74 in chips)
krytalex: posts small blind $1
Carl1891: is sitting out
Burgal15: posts big blind $3
*** HOLE CARDS ***
Apanage joins the table at seat #5
Carl1891 leaves the table
krytalex: folds
Uncalled bet ($2) returned to Burgal15
Burgal15 collected $2 from pot
Burgal15: doesn't show hand
*** SUMMARY ***
Total pot $2 | Rake $0
Seat 2: krytalex (button) (small blind) folded before Flop
Seat 4: Burgal15 (big blind) collected ($2)


PokerStars Hand #169168678785:  Hold'em Limit ($3/$6 USD) - 2017/04/17 10:49:26 ET
Table 'Sergestus' 6-max Seat #4 is the button
Seat 2: krytalex ($129.28 in chips)
Seat 4: Burgal15 ($133.17 in chips)
Burgal15: posts small blind $1
rascal_319: is sitting out
krytalex: posts big blind $3
*** HOLE CARDS ***
Burgal15: raises $3 to $6
krytalex: calls $3
*** FLOP *** [7h 9d 4d]
krytalex: checks
Burgal15: bets $3
krytalex: calls $3
*** TURN *** [7h 9d 4d] [Qh]
krytalex: checks
Burgal15: checks
*** RIVER *** [7h 9d 4d Qh] [6d]
krytalex: checks
Burgal15: checks
*** SHOW DOWN ***
krytalex: shows [5s Ac] (high card Ace)
Burgal15: mucks hand
krytalex collected $17.64 from pot
*** SUMMARY ***
Total pot $18 | Rake $0.36
Board [7h 9d 4d Qh 6d]
Seat 2: krytalex (big blind) showed [5s Ac] and won ($17.64) with high card Ace
Seat 4: Burgal15 (button) (small blind) mucked


PokerStars Hand #169168715427:  Hold'em Limit ($3/$6 USD) - 2017/04/17 10:50:15 ET
Table 'Sergestus' 6-max Seat #2 is the button
Seat 2: krytalex ($137.92 in chips)
Seat 4: Burgal15 ($124.17 in chips)
krytalex: posts small blind $1
Burgal15: posts big blind $3
*** HOLE CARDS ***
krytalex: raises $3 to $6
Burgal15: calls $3
*** FLOP *** [3d Ks 2s]
Burgal15: checks
krytalex: bets $3
Burgal15: calls $3
*** TURN *** [3d Ks 2s] [9d]
Burgal15: checks
krytalex: bets $6
Burgal15: calls $6
*** RIVER *** [3d Ks 2s 9d] [5d]
Burgal15: checks
krytalex: bets $6
Burgal15: calls $6
*** SHOW DOWN ***
krytalex: shows [2c Kd] (two pair, Kings and Deuces)
Burgal15: mucks hand
krytalex collected $41.50 from pot
*** SUMMARY ***
Total pot $42 | Rake $0.50
Board [3d Ks 2s 9d 5d]
Seat 2: krytalex (button) (small blind) showed [2c Kd] and won ($41.50) with two pair, Kings and Deuces
Seat 4: Burgal15 (big blind) mucked


PokerStars Hand #169168730103:  Hold'em Limit ($3/$6 USD) - 2017/04/17 10:50:37 ET
Table 'Sergestus' 6-max Seat #4 is the button
Seat 2: krytalex ($158.42 in chips)
Seat 4: Burgal15 ($103.17 in chips)
Burgal15: posts small blind $1
krytalex: posts big blind $3
*** HOLE CARDS ***
Burgal15: raises $3 to $6
krytalex: calls $3
*** FLOP *** [Ad 2h 2s]
krytalex: checks
Burgal15: bets $3
krytalex: calls $3
*** TURN *** [Ad 2h 2s] [6c]
krytalex: checks
Burgal15: checks
*** RIVER *** [Ad 2h 2s 6c] [9h]
krytalex: bets $6
Burgal15: folds
Uncalled bet ($6) returned to krytalex
krytalex collected $17.64 from pot
*** SUMMARY ***
Total pot $18 | Rake $0.36
Board [Ad 2h 2s 6c 9h]
Seat 2: krytalex (big blind) collected ($17.64)
Seat 4: Burgal15 (button) (small blind) folded on the River


PokerStars Hand #169168764036:  Hold'em Limit ($3/$6 USD) - 2017/04/17 10:51:24 ET
Table 'Sergestus' 6-max Seat #2 is the button
Seat 2: krytalex ($167.06 in chips)
Seat 4: Burgal15 ($94.17 in chips)
krytalex: posts small blind $1
Burgal15: posts big blind $3
*** HOLE CARDS ***
krytalex: raises $3 to $6
Burgal15: calls $3
*** FLOP *** [8h 2s Tc]
Burgal15: checks
krytalex: checks
*** TURN *** [8h 2s Tc] [Th]
Burgal15: checks
krytalex: bets $6
Burgal15: calls $6
*** RIVER *** [8h 2s Tc Th] [9s]
Burgal15: checks
krytalex: checks
*** SHOW DOWN ***
Burgal15: shows [Ad 2c] (two pair, Tens and Deuces)
krytalex: mucks hand
Burgal15 collected $23.52 from pot
*** SUMMARY ***
Total pot $24 | Rake $0.48
Board [8h 2s Tc Th 9s]
Seat 2: krytalex (button) (small blind) mucked
Seat 4: Burgal15 (big blind) showed [Ad 2c] and won ($23.52) with two pair, Tens and Deuces


PokerStars Hand #169168797697:  Hold'em Limit ($3/$6 USD) - 2017/04/17 10:52:14 ET
Table 'Sergestus' 6-max Seat #4 is the button
Seat 2: krytalex ($155.06 in chips)
Seat 4: Burgal15 ($105.69 in chips)
Burgal15: posts small blind $1
krytalex: posts big blind $3
*** HOLE CARDS ***
Burgal15: raises $3 to $6
krytalex: calls $3
*** FLOP *** [4d Td Qc]
krytalex: checks
Burgal15: bets $3
krytalex: calls $3
*** TURN *** [4d Td Qc] [Kh]
krytalex: checks
rascal_319 is disconnected
Burgal15: checks
*** RIVER *** [4d Td Qc Kh] [7s]
krytalex: checks
Burgal15: checks
*** SHOW DOWN ***
krytalex: shows [5d As] (high card Ace)
Burgal15: mucks hand
krytalex collected $17.64 from pot
*** SUMMARY ***
Total pot $18 | Rake $0.36
Board [4d Td Qc Kh 7s]
Seat 2: krytalex (big blind) showed [5d As] and won ($17.64) with high card Ace
Seat 4: Burgal15 (button) (small blind) mucked


PokerStars Hand #169168827610:  Hold'em Limit ($3/$6 USD) - 2017/04/17 10:52:57 ET
Table 'Sergestus' 6-max Seat #2 is the button
Seat 2: krytalex ($163.70 in chips)
Seat 4: Burgal15 ($96.69 in chips)
krytalex: posts small blind $1
Burgal15: posts big blind $3
*** HOLE CARDS ***
krytalex: raises $3 to $6
Burgal15: calls $3
*** FLOP *** [Qd 5c Kd]
Burgal15: checks
krytalex: bets $3
Burgal15: calls $3
*** TURN *** [Qd 5c Kd] [7s]
Burgal15: checks
krytalex: checks
*** RIVER *** [Qd 5c Kd 7s] [8c]
Burgal15: bets $6
krytalex: folds
Uncalled bet ($6) returned to Burgal15
Burgal15 collected $17.64 from pot
Burgal15: doesn't show hand
*** SUMMARY ***
Total pot $18 | Rake $0.36
Board [Qd 5c Kd 7s 8c]
Seat 2: krytalex (button) (small blind) folded on the River
Seat 4: Burgal15 (big blind) collected ($17.64)


PokerStars Hand #169168859680:  Hold'em Limit ($3/$6 USD) - 2017/04/17 10:53:44 ET
Table 'Sergestus' 6-max Seat #2 is the button
Seat 2: krytalex ($148.70 in chips)
Seat 4: Burgal15 ($111.09 in chips)
krytalex: posts small blind $1
Burgal15: posts big blind $3
*** HOLE CARDS ***
krytalex: folds
Uncalled bet ($2) returned to Burgal15
Burgal15 collected $2 from pot
Burgal15: doesn't show hand
*** SUMMARY ***
Total pot $2 | Rake $0
Seat 2: krytalex (button) (small blind) folded before Flop
Seat 4: Burgal15 (big blind) collected ($2)


PokerStars Hand #169168842952:  Hold'em Limit ($3/$6 USD) - 2017/04/17 10:53:19 ET
Table 'Sergestus' 6-max Seat #4 is the button
Seat 2: krytalex ($154.70 in chips)
Seat 4: Burgal15 ($105.33 in chips)
Burgal15: posts small blind $1
krytalex: posts big blind $3
*** HOLE CARDS ***
Burgal15: raises $3 to $6
krytalex: calls $3
*** FLOP *** [Ts 2h Qh]
krytalex: checks
Burgal15: bets $3
krytalex: folds
Uncalled bet ($3) returned to Burgal15
Burgal15 collected $11.76 from pot
Burgal15: doesn't show hand
Great_Kang joins the table at seat #5
*** SUMMARY ***
Total pot $12 | Rake $0.24
Board [Ts 2h Qh]
Seat 2: krytalex (big blind) folded on the Flop
Seat 4: Burgal15 (button) (small blind) collected ($11.76)


PokerStars Hand #169169521869:  Hold'em Limit ($3/$6 USD) - 2017/04/17 11:10:42 ET
Table 'Sergestus' 6-max Seat #4 is the button
Seat 2: krytalex ($155.33 in chips)
Seat 4: Burgal15 ($55.35 in chips)
Burgal15: posts small blind $1
rascal_319: is sitting out
krytalex: posts big blind $3
*** HOLE CARDS ***
Burgal15: folds
Uncalled bet ($2) returned to krytalex
krytalex collected $2 from pot
*** SUMMARY ***
Total pot $2 | Rake $0
Seat 2: krytalex (big blind) collected ($2)
Seat 4: Burgal15 (button) (small blind) folded before Flop


PokerStars Hand #169169540465:  Hold'em Limit ($3/$6 USD) - 2017/04/17 11:11:09 ET
Table 'Sergestus' 6-max Seat #4 is the button
Seat 2: krytalex ($144.33 in chips)
Seat 4: Burgal15 ($65.87 in chips)
Burgal15: posts small blind $1
krytalex: posts big blind $3
*** HOLE CARDS ***
Burgal15: folds
Uncalled bet ($2) returned to krytalex
krytalex collected $2 from pot
*** SUMMARY ***
Total pot $2 | Rake $0
Seat 2: krytalex (big blind) collected ($2)
Seat 4: Burgal15 (button) (small blind) folded before Flop


PokerStars Hand #169169525648:  Hold'em Limit ($3/$6 USD) - 2017/04/17 11:10:47 ET
Table 'Sergestus' 6-max Seat #2 is the button
Seat 2: krytalex ($156.33 in chips)
Seat 4: Burgal15 ($54.35 in chips)
krytalex: posts small blind $1
Burgal15: posts big blind $3
*** HOLE CARDS ***
krytalex: raises $3 to $6
Burgal15: calls $3
*** FLOP *** [9d 4h 3d]
Burgal15: checks
krytalex: bets $3
Burgal15: raises $3 to $6
krytalex: calls $3
*** TURN *** [9d 4h 3d] [5d]
Burgal15: bets $6
krytalex: folds
Uncalled bet ($6) returned to Burgal15
Burgal15 collected $23.52 from pot
*** SUMMARY ***
Total pot $24 | Rake $0.48
Board [9d 4h 3d 5d]
Seat 2: krytalex (button) (small blind) folded on the Turn
Seat 4: Burgal15 (big blind) collected ($23.52)


PokerStars Hand #169169544327:  Hold'em Limit ($3/$6 USD) - 2017/04/17 11:11:14 ET
Table 'Sergestus' 6-max Seat #2 is the button
Seat 2: krytalex ($145.33 in chips)
Seat 4: Burgal15 ($64.87 in chips)
krytalex: posts small blind $1
Burgal15: posts big blind $3
*** HOLE CARDS ***
krytalex: raises $3 to $6
Burgal15: calls $3
*** FLOP *** [Qs 7c 2s]
Burgal15: checks
krytalex: bets $3
Burgal15: calls $3
*** TURN *** [Qs 7c 2s] [Kh]
Burgal15: checks
krytalex: checks
*** RIVER *** [Qs 7c 2s Kh] [Qd]
Burgal15: bets $6
krytalex: calls $6
*** SHOW DOWN ***
Burgal15: shows [Kc 4h] (two pair, Kings and Queens)
krytalex: mucks hand
Burgal15 collected $29.50 from pot
*** SUMMARY ***
Total pot $30 | Rake $0.50
Board [Qs 7c 2s Kh Qd]
Seat 2: krytalex (button) (small blind) mucked
Seat 4: Burgal15 (big blind) showed [Kc 4h] and won ($29.50) with two pair, Kings and Queens


PokerStars Hand #169170717402:  Hold'em Limit ($3/$6 USD) - 2017/04/17 11:39:03 ET
Table 'Sergestus' 6-max Seat #1 is the button
Seat 1: treehouse309 ($149.94 in chips)
Seat 5: GlamDragon ($94.35 in chips)
treehouse309: posts small blind $1
GlamDragon: posts big blind $3
*** HOLE CARDS ***
treehouse309: raises $3 to $6
GlamDragon: folds
Uncalled bet ($3) returned to treehouse309
treehouse309 collected $6 from pot
*** SUMMARY ***
Total pot $6 | Rake $0
Seat 1: treehouse309 (button) (small blind) collected ($6)
Seat 5: GlamDragon (big blind) folded before Flop


PokerStars Hand #169170714208:  Hold'em Limit ($3/$6 USD) - 2017/04/17 11:38:58 ET
Table 'Sergestus' 6-max Seat #5 is the button
Seat 1: treehouse309 ($148.94 in chips)
Seat 5: GlamDragon ($95.35 in chips)
GlamDragon: posts small blind $1
treehouse309: posts big blind $3
*** HOLE CARDS ***
GlamDragon: folds
Uncalled bet ($2) returned to treehouse309
treehouse309 collected $2 from pot
*** SUMMARY ***
Total pot $2 | Rake $0
Seat 1: treehouse309 (big blind) collected ($2)
Seat 5: GlamDragon (button) (small blind) folded before Flop


PokerStars Hand #169170723183:  Hold'em Limit ($3/$6 USD) - 2017/04/17 11:39:11 ET
Table 'Sergestus' 6-max Seat #5 is the button
Seat 1: treehouse309 ($152.94 in chips)
Seat 5: GlamDragon ($91.35 in chips)
GlamDragon: posts small blind $1
treehouse309: posts big blind $3
*** HOLE CARDS ***
GlamDragon: raises $3 to $6
treehouse309: calls $3
*** FLOP *** [5d 2d 3h]
treehouse309: checks
GlamDragon: bets $3
treehouse309: folds
Uncalled bet ($3) returned to GlamDragon
GlamDragon collected $11.76 from pot
GlamDragon: doesn't show hand
*** SUMMARY ***
Total pot $12 | Rake $0.24
Board [5d 2d 3h]
Seat 1: treehouse309 (big blind) folded on the Flop
Seat 5: GlamDragon (button) (small blind) collected ($11.76)


