PokerStars Hand #175671596655:  Hold'em Limit ($3/$6 USD) - 2017/09/15 9:37:44 ET
Table 'Sergestus' 10-max Seat #5 is the button
Seat 5: yirkape ($46.26 in chips)
Seat 6: Agrotait ($66 in chips)
yirkape: posts small blind $1
Agrotait: posts big blind $3
*** HOLE CARDS ***
yirkape: folds
Uncalled bet ($2) returned to Agrotait
Agrotait collected $2 from pot
Agrotait: doesn't show hand
*** SUMMARY ***
Total pot $2 | Rake $0
Seat 5: yirkape (button) (small blind) folded before Flop
Seat 6: Agrotait (big blind) collected ($2)


PokerStars Hand #175671600274:  Hold'em Limit ($3/$6 USD) - 2017/09/15 9:37:51 ET
Table 'Sergestus' 10-max Seat #6 is the button
Seat 5: yirkape ($45.26 in chips)
Seat 6: Agrotait ($67 in chips)
Agrotait: posts small blind $1
yirkape: posts big blind $3
*** HOLE CARDS ***
Agrotait: raises $3 to $6
yirkape: calls $3
*** FLOP *** [6d 9c 9s]
yirkape: bets $3
Agrotait: calls $3
*** TURN *** [6d 9c 9s] [6s]
yirkape: bets $6
Agrotait: calls $6
*** RIVER *** [6d 9c 9s 6s] [Td]
yirkape: checks
Agrotait: checks
*** SHOW DOWN ***
yirkape: shows [Kh 8c] (two pair, Nines and Sixes)
Agrotait: shows [Ks Th] (two pair, Tens and Nines)
Agrotait collected $29.50 from pot
*** SUMMARY ***
Total pot $30 | Rake $0.50
Board [6d 9c 9s 6s Td]
Seat 5: yirkape (big blind) showed [Kh 8c] and lost with two pair, Nines and Sixes
Seat 6: Agrotait (button) (small blind) showed [Ks Th] and won ($29.50) with two pair, Tens and Nines


PokerStars Hand #175671630797:  Hold'em Limit ($3/$6 USD) - 2017/09/15 9:38:50 ET
Table 'Sergestus' 10-max Seat #5 is the button
Seat 5: yirkape ($30.26 in chips)
Seat 6: Agrotait ($81.50 in chips)
yirkape: posts small blind $1
Agrotait: posts big blind $3
*** HOLE CARDS ***
yirkape: raises $3 to $6
Agrotait: raises $3 to $9
yirkape: calls $3
*** FLOP *** [6c Jh Qd]
Agrotait: bets $3
yirkape: folds
Uncalled bet ($3) returned to Agrotait
Agrotait collected $17.64 from pot
Agrotait: doesn't show hand
*** SUMMARY ***
Total pot $18 | Rake $0.36
Board [6c Jh Qd]
Seat 5: yirkape (button) (small blind) folded on the Flop
Seat 6: Agrotait (big blind) collected ($17.64)


PokerStars Hand #175671653998:  Hold'em Limit ($3/$6 USD) - 2017/09/15 9:39:34 ET
Table 'Sergestus' 10-max Seat #6 is the button
Seat 5: yirkape ($21.26 in chips)
Seat 6: Agrotait ($90.14 in chips)
Agrotait: posts small blind $1
yirkape: posts big blind $3
*** HOLE CARDS ***
Agrotait: raises $3 to $6
yirkape: calls $3
*** FLOP *** [8h 6h Qh]
yirkape: bets $3
Agrotait: calls $3
*** TURN *** [8h 6h Qh] [9h]
yirkape: bets $6
Agrotait: folds
Uncalled bet ($6) returned to yirkape
yirkape collected $17.64 from pot
yirkape: doesn't show hand
*** SUMMARY ***
Total pot $18 | Rake $0.36
Board [8h 6h Qh 9h]
Seat 5: yirkape (big blind) collected ($17.64)
Seat 6: Agrotait (button) (small blind) folded on the Turn


PokerStars Hand #175671671436:  Hold'em Limit ($3/$6 USD) - 2017/09/15 9:40:07 ET
Table 'Sergestus' 10-max Seat #5 is the button
Seat 5: yirkape ($29.90 in chips)
Seat 6: Agrotait ($81.14 in chips)
yirkape: posts small blind $1
Agrotait: posts big blind $3
*** HOLE CARDS ***
yirkape: raises $3 to $6
Agrotait: calls $3
*** FLOP *** [Th Ac Qh]
Agrotait: checks
yirkape: bets $3
Agrotait: calls $3
*** TURN *** [Th Ac Qh] [3s]
Agrotait: checks
yirkape: checks
*** RIVER *** [Th Ac Qh 3s] [Kd]
Agrotait: checks
yirkape: checks
*** SHOW DOWN ***
Agrotait: shows [5c Ks] (a pair of Kings)
yirkape: shows [7s Kc] (a pair of Kings)
Agrotait collected $8.82 from pot
yirkape collected $8.82 from pot
*** SUMMARY ***
Total pot $18 | Rake $0.36
Board [Th Ac Qh 3s Kd]
Seat 5: yirkape (button) (small blind) showed [7s Kc] and won ($8.82) with a pair of Kings
Seat 6: Agrotait (big blind) showed [5c Ks] and won ($8.82) with a pair of Kings


PokerStars Hand #175671692546:  Hold'em Limit ($3/$6 USD) - 2017/09/15 9:40:48 ET
Table 'Sergestus' 10-max Seat #5 is the button
Seat 5: yirkape ($26.72 in chips)
Seat 6: Agrotait ($83.96 in chips)
yirkape: posts small blind $1
Agrotait: posts big blind $3
*** HOLE CARDS ***
yirkape: folds
Uncalled bet ($2) returned to Agrotait
Agrotait collected $2 from pot
Agrotait: doesn't show hand
*** SUMMARY ***
Total pot $2 | Rake $0
Seat 5: yirkape (button) (small blind) folded before Flop
Seat 6: Agrotait (big blind) collected ($2)


PokerStars Hand #175671687943:  Hold'em Limit ($3/$6 USD) - 2017/09/15 9:40:39 ET
Table 'Sergestus' 10-max Seat #6 is the button
Seat 5: yirkape ($29.72 in chips)
Seat 6: Agrotait ($80.96 in chips)
Agrotait: posts small blind $1
yirkape: posts big blind $3
*** HOLE CARDS ***
Agrotait: raises $3 to $6
yirkape: folds
Uncalled bet ($3) returned to Agrotait
Agrotait collected $6 from pot
Agrotait: doesn't show hand
*** SUMMARY ***
Total pot $6 | Rake $0
Seat 5: yirkape (big blind) folded before Flop
Seat 6: Agrotait (button) (small blind) collected ($6)


PokerStars Hand #175671695298:  Hold'em Limit ($3/$6 USD) - 2017/09/15 9:40:53 ET
Table 'Sergestus' 10-max Seat #6 is the button
Seat 5: yirkape ($25.72 in chips)
Seat 6: Agrotait ($84.96 in chips)
Agrotait: posts small blind $1
yirkape: posts big blind $3
*** HOLE CARDS ***
Agrotait: folds
Uncalled bet ($2) returned to yirkape
yirkape collected $2 from pot
yirkape: doesn't show hand
*** SUMMARY ***
Total pot $2 | Rake $0
Seat 5: yirkape (big blind) collected ($2)
Seat 6: Agrotait (button) (small blind) folded before Flop


PokerStars Hand #175671698011:  Hold'em Limit ($3/$6 USD) - 2017/09/15 9:40:58 ET
Table 'Sergestus' 10-max Seat #5 is the button
Seat 5: yirkape ($26.72 in chips)
Seat 6: Agrotait ($83.96 in chips)
yirkape: posts small blind $1
Agrotait: posts big blind $3
*** HOLE CARDS ***
yirkape: raises $3 to $6
Agrotait: calls $3
*** FLOP *** [9d Tc 7c]
Agrotait: checks
yirkape: checks
*** TURN *** [9d Tc 7c] [7d]
Agrotait: checks
yirkape: checks
*** RIVER *** [9d Tc 7c 7d] [8h]
Agrotait: checks
yirkape: checks
*** SHOW DOWN ***
Agrotait: shows [Ah 4s] (a pair of Sevens)
yirkape: mucks hand
Agrotait collected $11.76 from pot
*** SUMMARY ***
Total pot $12 | Rake $0.24
Board [9d Tc 7c 7d 8h]
Seat 5: yirkape (button) (small blind) mucked
Seat 6: Agrotait (big blind) showed [Ah 4s] and won ($11.76) with a pair of Sevens


PokerStars Hand #175671719466:  Hold'em Limit ($3/$6 USD) - 2017/09/15 9:41:40 ET
Table 'Sergestus' 10-max Seat #6 is the button
Seat 5: yirkape ($20.72 in chips)
Seat 6: Agrotait ($89.72 in chips)
Agrotait: posts small blind $1
yirkape: posts big blind $3
*** HOLE CARDS ***
Agrotait: raises $3 to $6
yirkape: folds
Uncalled bet ($3) returned to Agrotait
Agrotait collected $6 from pot
Agrotait: doesn't show hand
*** SUMMARY ***
Total pot $6 | Rake $0
Seat 5: yirkape (big blind) folded before Flop
Seat 6: Agrotait (button) (small blind) collected ($6)


PokerStars Hand #175671723700:  Hold'em Limit ($3/$6 USD) - 2017/09/15 9:41:48 ET
Table 'Sergestus' 10-max Seat #5 is the button
Seat 5: yirkape ($17.72 in chips)
Seat 6: Agrotait ($92.72 in chips)
yirkape: posts small blind $1
Agrotait: posts big blind $3
*** HOLE CARDS ***
yirkape: raises $3 to $6
Agrotait: calls $3
*** FLOP *** [Kd 7d Ks]
Agrotait: checks
yirkape: bets $3
Agrotait: folds
Uncalled bet ($3) returned to yirkape
yirkape collected $11.76 from pot
yirkape: doesn't show hand
*** SUMMARY ***
Total pot $12 | Rake $0.24
Board [Kd 7d Ks]
Seat 5: yirkape (button) (small blind) collected ($11.76)
Seat 6: Agrotait (big blind) folded on the Flop


PokerStars Hand #175671729511:  Hold'em Limit ($3/$6 USD) - 2017/09/15 9:41:59 ET
Table 'Sergestus' 10-max Seat #6 is the button
Seat 5: yirkape ($23.48 in chips)
Seat 6: Agrotait ($86.72 in chips)
Agrotait: posts small blind $1
yirkape: posts big blind $3
*** HOLE CARDS ***
Agrotait: raises $3 to $6
yirkape: raises $3 to $9
Agrotait: calls $3
*** FLOP *** [7d 3d 9c]
yirkape: bets $3
Agrotait: calls $3
*** TURN *** [7d 3d 9c] [3h]
yirkape: bets $6
Agrotait: calls $6
*** RIVER *** [7d 3d 9c 3h] [3s]
yirkape: bets $5.48 and is all-in
Agrotait: calls $5.48
*** SHOW DOWN ***
yirkape: shows [As 6d] (three of a kind, Threes)
Agrotait: shows [Td Kd] (three of a kind, Threes - lower kicker)
yirkape collected $46.46 from pot
*** SUMMARY ***
Total pot $46.96 | Rake $0.50
Board [7d 3d 9c 3h 3s]
Seat 5: yirkape (big blind) showed [As 6d] and won ($46.46) with three of a kind, Threes
Seat 6: Agrotait (button) (small blind) showed [Td Kd] and lost with three of a kind, Threes


PokerStars Hand #175671778920:  Hold'em Limit ($3/$6 USD) - 2017/09/15 9:43:18 ET
Table 'Sergestus' 10-max Seat #5 is the button
Seat 5: yirkape ($79.60 in chips)
Seat 6: Agrotait ($66 in chips)
yirkape: posts small blind $1
Agrotait: posts big blind $3
*** HOLE CARDS ***
yirkape: raises $3 to $6
Agrotait: calls $3
*** FLOP *** [5d 4s 5s]
Agrotait: checks
yirkape: bets $3
Agrotait: folds
Uncalled bet ($3) returned to yirkape
yirkape collected $11.76 from pot
yirkape: doesn't show hand
*** SUMMARY ***
Total pot $12 | Rake $0.24
Board [5d 4s 5s]
Seat 5: yirkape (button) (small blind) collected ($11.76)
Seat 6: Agrotait (big blind) folded on the Flop


PokerStars Hand #175671763710:  Hold'em Limit ($3/$6 USD) - 2017/09/15 9:42:49 ET
Table 'Sergestus' 10-max Seat #6 is the button
Seat 5: yirkape ($66.96 in chips)
Seat 6: Agrotait ($42.24 in chips)
Agrotait: posts small blind $1
yirkape: posts big blind $3
*** HOLE CARDS ***
Agrotait: folds
Uncalled bet ($2) returned to yirkape
yirkape collected $2 from pot
yirkape: doesn't show hand
*** SUMMARY ***
Total pot $2 | Rake $0
Seat 5: yirkape (big blind) collected ($2)
Seat 6: Agrotait (button) (small blind) folded before Flop


PokerStars Hand #175671741086:  Hold'em Limit ($3/$6 USD) - 2017/09/15 9:42:21 ET
Table 'Sergestus' 10-max Seat #5 is the button
Seat 5: yirkape ($46.46 in chips)
Seat 6: Agrotait ($63.24 in chips)
yirkape: posts small blind $1
Agrotait: posts big blind $3
*** HOLE CARDS ***
yirkape: raises $3 to $6
Agrotait: raises $3 to $9
yirkape: calls $3
*** FLOP *** [3c Js Qh]
Agrotait: bets $3
yirkape: raises $3 to $6
Agrotait: calls $3
*** TURN *** [3c Js Qh] [5h]
Agrotait: checks
yirkape: checks
*** RIVER *** [3c Js Qh 5h] [2s]
Agrotait: checks
yirkape: bets $6
Agrotait: calls $6
*** SHOW DOWN ***
yirkape: shows [6c Jh] (a pair of Jacks)
Agrotait: mucks hand
yirkape collected $41.50 from pot
*** SUMMARY ***
Total pot $42 | Rake $0.50
Board [3c Js Qh 5h 2s]
Seat 5: yirkape (button) (small blind) showed [6c Jh] and won ($41.50) with a pair of Jacks
Seat 6: Agrotait (big blind) mucked


PokerStars Hand #175671766328:  Hold'em Limit ($3/$6 USD) - 2017/09/15 9:42:54 ET
Table 'Sergestus' 10-max Seat #5 is the button
Seat 5: yirkape ($67.96 in chips)
Seat 6: Agrotait ($41.24 in chips)
yirkape: posts small blind $1
Agrotait: posts big blind $3
*** HOLE CARDS ***
yirkape: raises $3 to $6
Agrotait: folds
Uncalled bet ($3) returned to yirkape
yirkape collected $6 from pot
yirkape: doesn't show hand
*** SUMMARY ***
Total pot $6 | Rake $0
Seat 5: yirkape (button) (small blind) collected ($6)
Seat 6: Agrotait (big blind) folded before Flop


PokerStars Hand #175671769436:  Hold'em Limit ($3/$6 USD) - 2017/09/15 9:43:00 ET
Table 'Sergestus' 10-max Seat #6 is the button
Seat 5: yirkape ($70.96 in chips)
Seat 6: Agrotait ($38.24 in chips)
Agrotait: posts small blind $1
yirkape: posts big blind $3
*** HOLE CARDS ***
Agrotait: raises $3 to $6
yirkape: raises $3 to $9
Agrotait: calls $3
*** FLOP *** [6h Qc 4c]
yirkape: checks
Agrotait: checks
*** TURN *** [6h Qc 4c] [Ks]
yirkape: bets $6
Agrotait: folds
Uncalled bet ($6) returned to yirkape
yirkape collected $17.64 from pot
yirkape: doesn't show hand
*** SUMMARY ***
Total pot $18 | Rake $0.36
Board [6h Qc 4c Ks]
Seat 5: yirkape (big blind) collected ($17.64)
Seat 6: Agrotait (button) (small blind) folded on the Turn


PokerStars Hand #175671802656:  Hold'em Limit ($3/$6 USD) - 2017/09/15 9:44:04 ET
Table 'Sergestus' 10-max Seat #6 is the button
Seat 5: yirkape ($101.86 in chips)
Seat 6: Agrotait ($43 in chips)
Agrotait: posts small blind $1
yirkape: posts big blind $3
*** HOLE CARDS ***
Agrotait: raises $3 to $6
yirkape: calls $3
*** FLOP *** [Th 9c Ah]
yirkape: bets $3
Agrotait: raises $3 to $6
yirkape: folds
Uncalled bet ($3) returned to Agrotait
Agrotait collected $17.64 from pot
Agrotait: doesn't show hand
*** SUMMARY ***
Total pot $18 | Rake $0.36
Board [Th 9c Ah]
Seat 5: yirkape (big blind) folded on the Flop
Seat 6: Agrotait (button) (small blind) collected ($17.64)


PokerStars Hand #175671810097:  Hold'em Limit ($3/$6 USD) - 2017/09/15 9:44:18 ET
Table 'Sergestus' 10-max Seat #6 is the button
Seat 5: yirkape ($91.86 in chips)
Seat 6: Agrotait ($52.64 in chips)
Agrotait: posts small blind $1
yirkape: posts big blind $3
*** HOLE CARDS ***
Agrotait: folds
Uncalled bet ($2) returned to yirkape
yirkape collected $2 from pot
yirkape: doesn't show hand
*** SUMMARY ***
Total pot $2 | Rake $0
Seat 5: yirkape (big blind) collected ($2)
Seat 6: Agrotait (button) (small blind) folded before Flop


PokerStars Hand #175671807723:  Hold'em Limit ($3/$6 USD) - 2017/09/15 9:44:13 ET
Table 'Sergestus' 10-max Seat #5 is the button
Seat 5: yirkape ($92.86 in chips)
Seat 6: Agrotait ($51.64 in chips)
yirkape: posts small blind $1
Agrotait: posts big blind $3
*** HOLE CARDS ***
yirkape: folds
Uncalled bet ($2) returned to Agrotait
Agrotait collected $2 from pot
Agrotait: doesn't show hand
*** SUMMARY ***
Total pot $2 | Rake $0
Seat 5: yirkape (button) (small blind) folded before Flop
Seat 6: Agrotait (big blind) collected ($2)


PokerStars Hand #175671812879:  Hold'em Limit ($3/$6 USD) - 2017/09/15 9:44:23 ET
Table 'Sergestus' 10-max Seat #5 is the button
Seat 5: yirkape ($92.86 in chips)
Seat 6: Agrotait ($51.64 in chips)
yirkape: posts small blind $1
Agrotait: posts big blind $3
*** HOLE CARDS ***
yirkape: raises $3 to $6
Agrotait: folds
Uncalled bet ($3) returned to yirkape
yirkape collected $6 from pot
yirkape: doesn't show hand
*** SUMMARY ***
Total pot $6 | Rake $0
Seat 5: yirkape (button) (small blind) collected ($6)
Seat 6: Agrotait (big blind) folded before Flop


PokerStars Hand #175671800358:  Hold'em Limit ($3/$6 USD) - 2017/09/15 9:43:59 ET
Table 'Sergestus' 10-max Seat #5 is the button
Seat 5: yirkape ($102.86 in chips)
Seat 6: Agrotait ($42 in chips)
yirkape: posts small blind $1
Agrotait: posts big blind $3
*** HOLE CARDS ***
yirkape: folds
Uncalled bet ($2) returned to Agrotait
Agrotait collected $2 from pot
Agrotait: doesn't show hand
*** SUMMARY ***
Total pot $2 | Rake $0
Seat 5: yirkape (button) (small blind) folded before Flop
Seat 6: Agrotait (big blind) collected ($2)


PokerStars Hand #175671786972:  Hold'em Limit ($3/$6 USD) - 2017/09/15 9:43:33 ET
Table 'Sergestus' 10-max Seat #6 is the button
Seat 5: yirkape ($85.36 in chips)
Seat 6: Agrotait ($60 in chips)
Agrotait: posts small blind $1
yirkape: posts big blind $3
*** HOLE CARDS ***
Agrotait: raises $3 to $6
yirkape: calls $3
*** FLOP *** [Ah As 7d]
yirkape: bets $3
Agrotait: raises $3 to $6
yirkape: calls $3
*** TURN *** [Ah As 7d] [8s]
yirkape: checks
Agrotait: bets $6
yirkape: calls $6
*** RIVER *** [Ah As 7d 8s] [2s]
yirkape: checks
Agrotait: checks
*** SHOW DOWN ***
yirkape: shows [Kh 8d] (two pair, Aces and Eights)
Agrotait: mucks hand
yirkape collected $35.50 from pot
*** SUMMARY ***
Total pot $36 | Rake $0.50
Board [Ah As 7d 8s 2s]
Seat 5: yirkape (big blind) showed [Kh 8d] and won ($35.50) with two pair, Aces and Eights
Seat 6: Agrotait (button) (small blind) mucked


PokerStars Hand #175671842524:  Hold'em Limit ($3/$6 USD) - 2017/09/15 9:45:21 ET
Table 'Sergestus' 10-max Seat #5 is the button
Seat 5: yirkape ($83.62 in chips)
Seat 6: Agrotait ($60.14 in chips)
yirkape: posts small blind $1
Agrotait: posts big blind $3
*** HOLE CARDS ***
yirkape: raises $3 to $6
Agrotait: folds
Uncalled bet ($3) returned to yirkape
yirkape collected $6 from pot
yirkape: doesn't show hand
*** SUMMARY ***
Total pot $6 | Rake $0
Seat 5: yirkape (button) (small blind) collected ($6)
Seat 6: Agrotait (big blind) folded before Flop


PokerStars Hand #175671816216:  Hold'em Limit ($3/$6 USD) - 2017/09/15 9:44:30 ET
Table 'Sergestus' 10-max Seat #6 is the button
Seat 5: yirkape ($95.86 in chips)
Seat 6: Agrotait ($48.64 in chips)
Agrotait: posts small blind $1
yirkape: posts big blind $3
*** HOLE CARDS ***
Agrotait: raises $3 to $6
yirkape: calls $3
*** FLOP *** [Qd Kd 2h]
yirkape: bets $3
Agrotait: folds
Uncalled bet ($3) returned to yirkape
yirkape collected $11.76 from pot
yirkape: doesn't show hand
*** SUMMARY ***
Total pot $12 | Rake $0.24
Board [Qd Kd 2h]
Seat 5: yirkape (big blind) collected ($11.76)
Seat 6: Agrotait (button) (small blind) folded on the Flop


PokerStars Hand #175671828644:  Hold'em Limit ($3/$6 USD) - 2017/09/15 9:44:53 ET
Table 'Sergestus' 10-max Seat #6 is the button
Seat 5: yirkape ($104.62 in chips)
Seat 6: Agrotait ($39.64 in chips)
Agrotait: posts small blind $1
yirkape: posts big blind $3
*** HOLE CARDS ***
Agrotait: raises $3 to $6
yirkape: raises $3 to $9
Agrotait: calls $3
*** FLOP *** [9s 6c Kd]
yirkape: bets $3
Agrotait: raises $3 to $6
yirkape: calls $3
*** TURN *** [9s 6c Kd] [5d]
yirkape: checks
Agrotait: bets $6
yirkape: calls $6
*** RIVER *** [9s 6c Kd 5d] [Qc]
yirkape: checks
Agrotait: bets $6
yirkape: folds
Uncalled bet ($6) returned to Agrotait
Agrotait collected $41.50 from pot
Agrotait: doesn't show hand
*** SUMMARY ***
Total pot $42 | Rake $0.50
Board [9s 6c Kd 5d Qc]
Seat 5: yirkape (big blind) folded on the River
Seat 6: Agrotait (button) (small blind) collected ($41.50)


PokerStars Hand #175671824619:  Hold'em Limit ($3/$6 USD) - 2017/09/15 9:44:46 ET
Table 'Sergestus' 10-max Seat #5 is the button
Seat 5: yirkape ($101.62 in chips)
Seat 6: Agrotait ($42.64 in chips)
yirkape: posts small blind $1
Agrotait: posts big blind $3
*** HOLE CARDS ***
yirkape: raises $3 to $6
Agrotait: folds
Uncalled bet ($3) returned to yirkape
yirkape collected $6 from pot
yirkape: doesn't show hand
*** SUMMARY ***
Total pot $6 | Rake $0
Seat 5: yirkape (button) (small blind) collected ($6)
Seat 6: Agrotait (big blind) folded before Flop


PokerStars Hand #175671867497:  Hold'em Limit ($3/$6 USD) - 2017/09/15 9:46:09 ET
Table 'Sergestus' 10-max Seat #6 is the button
Seat 5: yirkape ($101.02 in chips)
Seat 6: Agrotait ($42.14 in chips)
Agrotait: posts small blind $1
yirkape: posts big blind $3
*** HOLE CARDS ***
Agrotait: folds
Uncalled bet ($2) returned to yirkape
yirkape collected $2 from pot
yirkape: doesn't show hand
*** SUMMARY ***
Total pot $2 | Rake $0
Seat 5: yirkape (big blind) collected ($2)
Seat 6: Agrotait (button) (small blind) folded before Flop


PokerStars Hand #175671861248:  Hold'em Limit ($3/$6 USD) - 2017/09/15 9:45:57 ET
Table 'Sergestus' 10-max Seat #5 is the button
Seat 5: yirkape ($95.26 in chips)
Seat 6: Agrotait ($48.14 in chips)
yirkape: posts small blind $1
Agrotait: posts big blind $3
*** HOLE CARDS ***
yirkape: raises $3 to $6
Agrotait: calls $3
*** FLOP *** [2h Th Kc]
Agrotait: checks
yirkape: bets $3
Agrotait: folds
Uncalled bet ($3) returned to yirkape
yirkape collected $11.76 from pot
yirkape: doesn't show hand
*** SUMMARY ***
Total pot $12 | Rake $0.24
Board [2h Th Kc]
Seat 5: yirkape (button) (small blind) collected ($11.76)
Seat 6: Agrotait (big blind) folded on the Flop


PokerStars Hand #175671871670:  Hold'em Limit ($3/$6 USD) - 2017/09/15 9:46:18 ET
Table 'Sergestus' 10-max Seat #5 is the button
Seat 5: yirkape ($102.02 in chips)
Seat 6: Agrotait ($41.14 in chips)
yirkape: posts small blind $1
Agrotait: posts big blind $3
*** HOLE CARDS ***
yirkape: raises $3 to $6
Agrotait: calls $3
*** FLOP *** [8s 3d 7s]
Agrotait: checks
yirkape: bets $3
Agrotait: calls $3
*** TURN *** [8s 3d 7s] [Ac]
Agrotait: checks
yirkape: bets $6
Agrotait: folds
Uncalled bet ($6) returned to yirkape
yirkape collected $17.64 from pot
yirkape: doesn't show hand
*** SUMMARY ***
Total pot $18 | Rake $0.36
Board [8s 3d 7s Ac]
Seat 5: yirkape (button) (small blind) collected ($17.64)
Seat 6: Agrotait (big blind) folded on the Turn


PokerStars Hand #175671894525:  Hold'em Limit ($3/$6 USD) - 2017/09/15 9:47:01 ET
Table 'Sergestus' 10-max Seat #6 is the button
Seat 5: yirkape ($110.66 in chips)
Seat 6: Agrotait ($32.14 in chips)
Agrotait: posts small blind $1
yirkape: posts big blind $3
*** HOLE CARDS ***
Agrotait: raises $3 to $6
yirkape: folds
Uncalled bet ($3) returned to Agrotait
Agrotait collected $6 from pot
Agrotait: doesn't show hand
*** SUMMARY ***
Total pot $6 | Rake $0
Seat 5: yirkape (big blind) folded before Flop
Seat 6: Agrotait (button) (small blind) collected ($6)


PokerStars Hand #175671898106:  Hold'em Limit ($3/$6 USD) - 2017/09/15 9:47:08 ET
Table 'Sergestus' 10-max Seat #5 is the button
Seat 5: yirkape ($107.66 in chips)
Seat 6: Agrotait ($35.14 in chips)
yirkape: posts small blind $1
Agrotait: posts big blind $3
*** HOLE CARDS ***
yirkape: raises $3 to $6
Agrotait: calls $3
*** FLOP *** [7s Qh Kd]
Agrotait: checks
yirkape: bets $3
Agrotait: folds
Uncalled bet ($3) returned to yirkape
yirkape collected $11.76 from pot
yirkape: doesn't show hand
*** SUMMARY ***
Total pot $12 | Rake $0.24
Board [7s Qh Kd]
Seat 5: yirkape (button) (small blind) collected ($11.76)
Seat 6: Agrotait (big blind) folded on the Flop


PokerStars Hand #175671907456:  Hold'em Limit ($3/$6 USD) - 2017/09/15 9:47:26 ET
Table 'Sergestus' 10-max Seat #6 is the button
Seat 5: yirkape ($113.42 in chips)
Seat 6: Agrotait ($66 in chips)
Agrotait: posts small blind $1
yirkape: posts big blind $3
*** HOLE CARDS ***
Agrotait: raises $3 to $6
yirkape: folds
Uncalled bet ($3) returned to Agrotait
Agrotait collected $6 from pot
Agrotait: doesn't show hand
*** SUMMARY ***
Total pot $6 | Rake $0
Seat 5: yirkape (big blind) folded before Flop
Seat 6: Agrotait (button) (small blind) collected ($6)


PokerStars Hand #175671911195:  Hold'em Limit ($3/$6 USD) - 2017/09/15 9:47:33 ET
Table 'Sergestus' 10-max Seat #5 is the button
Seat 5: yirkape ($110.42 in chips)
Seat 6: Agrotait ($69 in chips)
yirkape: posts small blind $1
Agrotait: posts big blind $3
*** HOLE CARDS ***
yirkape: raises $3 to $6
Agrotait: calls $3
*** FLOP *** [5d Qs Js]
Agrotait: checks
yirkape: bets $3
Agrotait: calls $3
*** TURN *** [5d Qs Js] [2h]
Agrotait: checks
yirkape: checks
*** RIVER *** [5d Qs Js 2h] [Th]
Agrotait: checks
yirkape: bets $6
Agrotait: calls $6
*** SHOW DOWN ***
yirkape: shows [6d 7c] (high card Queen)
Agrotait: shows [8h 5c] (a pair of Fives)
Agrotait collected $29.50 from pot
*** SUMMARY ***
Total pot $30 | Rake $0.50
Board [5d Qs Js 2h Th]
Seat 5: yirkape (button) (small blind) showed [6d 7c] and lost with high card Queen
Seat 6: Agrotait (big blind) showed [8h 5c] and won ($29.50) with a pair of Fives


PokerStars Hand #175671930833:  Hold'em Limit ($3/$6 USD) - 2017/09/15 9:48:11 ET
Table 'Sergestus' 10-max Seat #6 is the button
Seat 5: yirkape ($95.42 in chips)
Seat 6: Agrotait ($83.50 in chips)
Agrotait: posts small blind $1
yirkape: posts big blind $3
*** HOLE CARDS ***
Agrotait: raises $3 to $6
yirkape: folds
Uncalled bet ($3) returned to Agrotait
Agrotait collected $6 from pot
Agrotait: doesn't show hand
*** SUMMARY ***
Total pot $6 | Rake $0
Seat 5: yirkape (big blind) folded before Flop
Seat 6: Agrotait (button) (small blind) collected ($6)


PokerStars Hand #175671934568:  Hold'em Limit ($3/$6 USD) - 2017/09/15 9:48:18 ET
Table 'Sergestus' 10-max Seat #5 is the button
Seat 5: yirkape ($92.42 in chips)
Seat 6: Agrotait ($86.50 in chips)
yirkape: posts small blind $1
Agrotait: posts big blind $3
*** HOLE CARDS ***
yirkape: raises $3 to $6
Agrotait: calls $3
*** FLOP *** [8h 7d 6s]
Agrotait: checks
yirkape: bets $3
Agrotait: calls $3
*** TURN *** [8h 7d 6s] [2d]
Agrotait: checks
yirkape: checks
*** RIVER *** [8h 7d 6s 2d] [5c]
Agrotait: bets $6
yirkape: folds
Uncalled bet ($6) returned to Agrotait
Agrotait collected $17.64 from pot
Agrotait: doesn't show hand
*** SUMMARY ***
Total pot $18 | Rake $0.36
Board [8h 7d 6s 2d 5c]
Seat 5: yirkape (button) (small blind) folded on the River
Seat 6: Agrotait (big blind) collected ($17.64)


