PokerStars Hand #156045070210:  Hold'em Limit ($3/$6 USD) - 2016/07/16 12:44:30 ET
Table 'Sergestus II' 6-max Seat #2 is the button
Seat 2: AzureCaper ($127.25 in chips)
Seat 5: Fabulous108 ($199.31 in chips)
Scheubi88 will be allowed to play after the button
AzureCaper: posts small blind $1
Fabulous108: posts big blind $3
*** HOLE CARDS ***
AzureCaper: folds
Uncalled bet ($2) returned to Fabulous108
Fabulous108 collected $2 from pot
Fabulous108: doesn't show hand
*** SUMMARY ***
Total pot $2 | Rake $0
Seat 2: AzureCaper (button) (small blind) folded before Flop
Seat 5: Fabulous108 (big blind) collected ($2)


PokerStars Hand #156045137527:  Hold'em Limit ($3/$6 USD) - 2016/07/16 12:46:13 ET
Table 'Sergestus II' 6-max Seat #2 is the button
Seat 2: AzureCaper ($117.25 in chips)
Seat 6: Scheubi88 ($75 in chips)
AzureCaper: posts small blind $1
Fabulous108: is sitting out
Scheubi88: posts big blind $3
*** HOLE CARDS ***
AzureCaper: folds
Uncalled bet ($2) returned to Scheubi88
Fabulous108 leaves the table
Scheubi88 collected $2 from pot
Scheubi88: doesn't show hand
*** SUMMARY ***
Total pot $2 | Rake $0
Seat 2: AzureCaper (button) (small blind) folded before Flop
Seat 6: Scheubi88 (big blind) collected ($2)


PokerStars Hand #156045140440:  Hold'em Limit ($3/$6 USD) - 2016/07/16 12:46:17 ET
Table 'Sergestus II' 6-max Seat #6 is the button
Seat 2: AzureCaper ($116.25 in chips)
Seat 6: Scheubi88 ($76 in chips)
Scheubi88: posts small blind $1
AzureCaper: posts big blind $3
*** HOLE CARDS ***
Scheubi88: raises $3 to $6
AzureCaper: folds
Uncalled bet ($3) returned to Scheubi88
Scheubi88 collected $6 from pot
Scheubi88: doesn't show hand
*** SUMMARY ***
Total pot $6 | Rake $0
Seat 2: AzureCaper (big blind) folded before Flop
Seat 6: Scheubi88 (button) (small blind) collected ($6)


PokerStars Hand #156045145351:  Hold'em Limit ($3/$6 USD) - 2016/07/16 12:46:25 ET
Table 'Sergestus II' 6-max Seat #2 is the button
Seat 2: AzureCaper ($113.25 in chips)
Seat 6: Scheubi88 ($79 in chips)
AzureCaper: posts small blind $1
Scheubi88: posts big blind $3
*** HOLE CARDS ***
AzureCaper: folds
Uncalled bet ($2) returned to Scheubi88
Scheubi88 collected $2 from pot
Scheubi88: doesn't show hand
*** SUMMARY ***
Total pot $2 | Rake $0
Seat 2: AzureCaper (button) (small blind) folded before Flop
Seat 6: Scheubi88 (big blind) collected ($2)


PokerStars Hand #156045150827:  Hold'em Limit ($3/$6 USD) - 2016/07/16 12:46:33 ET
Table 'Sergestus II' 6-max Seat #6 is the button
Seat 2: AzureCaper ($112.25 in chips)
Seat 6: Scheubi88 ($80 in chips)
Scheubi88: posts small blind $1
AzureCaper: posts big blind $3
*** HOLE CARDS ***
Scheubi88: raises $3 to $6
_fayzulllo_ joins the table at seat #3
AzureCaper: calls $3
*** FLOP *** [4h 6s As]
AzureCaper: checks
Scheubi88: bets $3
AzureCaper: calls $3
*** TURN *** [4h 6s As] [5s]
AzureCaper: bets $6
Scheubi88: calls $6
*** RIVER *** [4h 6s As 5s] [7h]
AzureCaper: bets $6
Scheubi88: calls $6
*** SHOW DOWN ***
AzureCaper: shows [2h 3h] (a straight, Three to Seven)
Scheubi88: mucks hand
AzureCaper collected $41.50 from pot
*** SUMMARY ***
Total pot $42 | Rake $0.50
Board [4h 6s As 5s 7h]
Seat 2: AzureCaper (big blind) showed [2h 3h] and won ($41.50) with a straight, Three to Seven
Seat 6: Scheubi88 (button) (small blind) mucked


