PokerStars Hand #157140170159:  Hold'em Limit ($3/$6 USD) - 2016/08/11 9:37:31 ET
Table 'Serpens II' 6-max Seat #1 is the button
Seat 1: RSA53 ($120 in chips)
Seat 5: Great_Kang ($120 in chips)
RSA53: posts small blind $1
Great_Kang: posts big blind $3
*** HOLE CARDS ***
RSA53: raises $3 to $6
babyblue115 joins the table at seat #6
Great_Kang: calls $3
*** FLOP *** [Qh 3d 7c]
Great_Kang: checks
RSA53: bets $3
Great_Kang: folds
Uncalled bet ($3) returned to RSA53
RSA53 collected $11.76 from pot
RSA53: doesn't show hand
*** SUMMARY ***
Total pot $12 | Rake $0.24
Board [Qh 3d 7c]
Seat 1: RSA53 (button) (small blind) collected ($11.76)
Seat 5: Great_Kang (big blind) folded on the Flop


PokerStars Hand #157143079672:  Hold'em Limit ($3/$6 USD) - 2016/08/11 11:07:00 ET
Table 'Serpens II' 6-max Seat #1 is the button
Seat 1: Onkinator ($159.18 in chips)
Seat 5: silja4 ($271.57 in chips)
Onkinator: posts small blind $1
Ale4o: is sitting out
swics1202: is sitting out
silja4: posts big blind $3
*** HOLE CARDS ***
Onkinator: raises $3 to $6
swics1202 leaves the table
silja4: calls $3
*** FLOP *** [Jd Qd Kh]
silja4: checks
Onkinator: bets $3
silja4: calls $3
*** TURN *** [Jd Qd Kh] [2h]
Ale4o leaves the table
silja4: checks
Onkinator: bets $6
silja4: calls $6
*** RIVER *** [Jd Qd Kh 2h] [Ah]
silja4: bets $6
Onkinator: folds
Uncalled bet ($6) returned to silja4
silja4 collected $29.50 from pot
silja4: doesn't show hand
*** SUMMARY ***
Total pot $30 | Rake $0.50
Board [Jd Qd Kh 2h Ah]
Seat 1: Onkinator (button) (small blind) folded on the River
Seat 5: silja4 (big blind) collected ($29.50)


PokerStars Hand #157143116717:  Hold'em Limit ($3/$6 USD) - 2016/08/11 11:08:04 ET
Table 'Serpens II' 6-max Seat #6 is the button
Seat 5: silja4 ($280.07 in chips)
Seat 6: babyblue115 ($220.45 in chips)
babyblue115: posts small blind $1
silja4: posts big blind $3
*** HOLE CARDS ***
babyblue115: folds
Uncalled bet ($2) returned to silja4
silja4 collected $2 from pot
silja4: doesn't show hand
*** SUMMARY ***
Total pot $2 | Rake $0
Seat 5: silja4 (big blind) collected ($2)
Seat 6: babyblue115 (button) (small blind) folded before Flop


PokerStars Hand #157143103976:  Hold'em Limit ($3/$6 USD) - 2016/08/11 11:07:42 ET
Table 'Serpens II' 6-max Seat #5 is the button
Seat 5: silja4 ($286.07 in chips)
Seat 6: babyblue115 ($214.69 in chips)
silja4: posts small blind $1
babyblue115: posts big blind $3
*** HOLE CARDS ***
silja4: raises $3 to $6
babyblue115: calls $3
*** FLOP *** [Tc 9s 7c]
babyblue115: checks
silja4: checks
*** TURN *** [Tc 9s 7c] [Jd]
babyblue115: bets $6
silja4: folds
Uncalled bet ($6) returned to babyblue115
babyblue115 collected $11.76 from pot
*** SUMMARY ***
Total pot $12 | Rake $0.24
Board [Tc 9s 7c Jd]
Seat 5: silja4 (button) (small blind) folded on the Turn
Seat 6: babyblue115 (big blind) collected ($11.76)


PokerStars Hand #157143119740:  Hold'em Limit ($3/$6 USD) - 2016/08/11 11:08:09 ET
Table 'Serpens II' 6-max Seat #5 is the button
Seat 5: silja4 ($281.07 in chips)
Seat 6: babyblue115 ($219.45 in chips)
silja4: posts small blind $1
babyblue115: posts big blind $3
*** HOLE CARDS ***
silja4: folds
Uncalled bet ($2) returned to babyblue115
babyblue115 collected $2 from pot
*** SUMMARY ***
Total pot $2 | Rake $0
Seat 5: silja4 (button) (small blind) folded before Flop
Seat 6: babyblue115 (big blind) collected ($2)


PokerStars Hand #157143125551:  Hold'em Limit ($3/$6 USD) - 2016/08/11 11:08:19 ET
Table 'Serpens II' 6-max Seat #6 is the button
Seat 5: silja4 ($280.07 in chips)
Seat 6: babyblue115 ($220.45 in chips)
babyblue115: posts small blind $1
silja4: posts big blind $3
*** HOLE CARDS ***
babyblue115: folds
Uncalled bet ($2) returned to silja4
silja4 collected $2 from pot
silja4: doesn't show hand
*** SUMMARY ***
Total pot $2 | Rake $0
Seat 5: silja4 (big blind) collected ($2)
Seat 6: babyblue115 (button) (small blind) folded before Flop


PokerStars Hand #157143131917:  Hold'em Limit ($3/$6 USD) - 2016/08/11 11:08:30 ET
Table 'Serpens II' 6-max Seat #6 is the button
Seat 5: silja4 ($280.07 in chips)
Seat 6: babyblue115 ($220.45 in chips)
babyblue115: posts small blind $1
silja4: posts big blind $3
*** HOLE CARDS ***
babyblue115: folds
Uncalled bet ($2) returned to silja4
silja4 collected $2 from pot
*** SUMMARY ***
Total pot $2 | Rake $0
Seat 5: silja4 (big blind) collected ($2)
Seat 6: babyblue115 (button) (small blind) folded before Flop


PokerStars Hand #157143128910:  Hold'em Limit ($3/$6 USD) - 2016/08/11 11:08:25 ET
Table 'Serpens II' 6-max Seat #5 is the button
Seat 5: silja4 ($281.07 in chips)
Seat 6: babyblue115 ($219.45 in chips)
silja4: posts small blind $1
babyblue115: posts big blind $3
*** HOLE CARDS ***
silja4: folds
Uncalled bet ($2) returned to babyblue115
babyblue115 collected $2 from pot
*** SUMMARY ***
Total pot $2 | Rake $0
Seat 5: silja4 (button) (small blind) folded before Flop
Seat 6: babyblue115 (big blind) collected ($2)


PokerStars Hand #157143135526:  Hold'em Limit ($3/$6 USD) - 2016/08/11 11:08:37 ET
Table 'Serpens II' 6-max Seat #5 is the button
Seat 5: silja4 ($281.07 in chips)
Seat 6: babyblue115 ($219.45 in chips)
silja4: posts small blind $1
babyblue115: posts big blind $3
*** HOLE CARDS ***
silja4: folds
Uncalled bet ($2) returned to babyblue115
babyblue115 collected $2 from pot
*** SUMMARY ***
Total pot $2 | Rake $0
Seat 5: silja4 (button) (small blind) folded before Flop
Seat 6: babyblue115 (big blind) collected ($2)


