PokerStars Hand #145517624560:  Hold'em Limit ($3/$6 USD) - 2015/12/18 1:39:13 ET
Table 'Serpens' 6-max Seat #1 is the button
Seat 1: VolkovDmitri ($121 in chips)
Seat 2: parnishka11 ($79 in chips)
VolkovDmitri: posts small blind $1
parnishka11: posts big blind $3
*** HOLE CARDS ***
VolkovDmitri: raises $3 to $6
parnishka11: calls $3
*** FLOP *** [7c 9d 6s]
parnishka11: checks
VolkovDmitri: checks
*** TURN *** [7c 9d 6s] [2s]
parnishka11: bets $6
VolkovDmitri: folds
Uncalled bet ($6) returned to parnishka11
parnishka11 collected $11.76 from pot
parnishka11: doesn't show hand
*** SUMMARY ***
Total pot $12 | Rake $0.24
Board [7c 9d 6s 2s]
Seat 1: VolkovDmitri (button) (small blind) folded on the Turn
Seat 2: parnishka11 (big blind) collected ($11.76)


PokerStars Hand #145517613307:  Hold'em Limit ($3/$6 USD) - 2015/12/18 1:38:32 ET
Table 'Serpens' 6-max Seat #1 is the button
Seat 1: VolkovDmitri ($120 in chips)
Seat 2: parnishka11 ($59.50 in chips)
VolkovDmitri: posts small blind $1
parnishka11: posts big blind $3
*** HOLE CARDS ***
VolkovDmitri: raises $3 to $6
parnishka11: calls $3
*** FLOP *** [5d 2c Qs]
parnishka11: checks
VolkovDmitri: bets $3
parnishka11: calls $3
*** TURN *** [5d 2c Qs] [Ah]
parnishka11: bets $6
VolkovDmitri: calls $6
*** RIVER *** [5d 2c Qs Ah] [6c]
parnishka11: bets $6
VolkovDmitri: calls $6
*** SHOW DOWN ***
parnishka11: shows [Ac 9h] (a pair of Aces)
VolkovDmitri: mucks hand
parnishka11 collected $41.50 from pot
*** SUMMARY ***
Total pot $42 | Rake $0.50
Board [5d 2c Qs Ah 6c]
Seat 1: VolkovDmitri (button) (small blind) mucked
Seat 2: parnishka11 (big blind) showed [Ac 9h] and won ($41.50) with a pair of Aces


PokerStars Hand #145517621737:  Hold'em Limit ($3/$6 USD) - 2015/12/18 1:39:03 ET
Table 'Serpens' 6-max Seat #2 is the button
Seat 1: VolkovDmitri ($120 in chips)
Seat 2: parnishka11 ($80 in chips)
parnishka11: posts small blind $1
VolkovDmitri: posts big blind $3
*** HOLE CARDS ***
Miele104 joins the table at seat #3
parnishka11: folds
Uncalled bet ($2) returned to VolkovDmitri
VolkovDmitri collected $2 from pot
VolkovDmitri: doesn't show hand
*** SUMMARY ***
Total pot $2 | Rake $0
Seat 1: VolkovDmitri (big blind) collected ($2)
Seat 2: parnishka11 (button) (small blind) folded before Flop


PokerStars Hand #145517628910:  Hold'em Limit ($3/$6 USD) - 2015/12/18 1:39:30 ET
Table 'Serpens' 6-max Seat #2 is the button
Seat 1: VolkovDmitri ($120 in chips)
Seat 2: parnishka11 ($84.76 in chips)
parnishka11: posts small blind $1
VolkovDmitri: posts big blind $3
*** HOLE CARDS ***
parnishka11: raises $3 to $6
VolkovDmitri: calls $3
*** FLOP *** [Kd 5h Tc]
VolkovDmitri: checks
parnishka11: checks
*** TURN *** [Kd 5h Tc] [Ad]
VolkovDmitri: checks
parnishka11: bets $6
VolkovDmitri: calls $6
*** RIVER *** [Kd 5h Tc Ad] [6h]
VolkovDmitri: checks
parnishka11: bets $6
VolkovDmitri: folds
Uncalled bet ($6) returned to parnishka11
parnishka11 collected $23.52 from pot
parnishka11: doesn't show hand
*** SUMMARY ***
Total pot $24 | Rake $0.48
Board [Kd 5h Tc Ad 6h]
Seat 1: VolkovDmitri (big blind) folded on the River
Seat 2: parnishka11 (button) (small blind) collected ($23.52)


PokerStars Hand #145517641863:  Hold'em Limit ($3/$6 USD) - 2015/12/18 1:40:18 ET
Table 'Serpens' 6-max Seat #1 is the button
Seat 1: VolkovDmitri ($120 in chips)
Seat 2: parnishka11 ($96.28 in chips)
VolkovDmitri: posts small blind $1
parnishka11: posts big blind $3
*** HOLE CARDS ***
Miele104 leaves the table
VolkovDmitri: raises $3 to $6
parnishka11: raises $3 to $9
VolkovDmitri: calls $3
*** FLOP *** [6c 8c Qh]
parnishka11: bets $3
VolkovDmitri: calls $3
*** TURN *** [6c 8c Qh] [Ts]
parnishka11: bets $6
VolkovDmitri: calls $6
*** RIVER *** [6c 8c Qh Ts] [4s]
parnishka11: bets $6
VolkovDmitri: calls $6
*** SHOW DOWN ***
parnishka11: shows [Kd Ks] (a pair of Kings)
VolkovDmitri: mucks hand
parnishka11 collected $47.50 from pot
*** SUMMARY ***
Total pot $48 | Rake $0.50
Board [6c 8c Qh Ts 4s]
Seat 1: VolkovDmitri (button) (small blind) mucked
Seat 2: parnishka11 (big blind) showed [Kd Ks] and won ($47.50) with a pair of Kings


PokerStars Hand #145517652197:  Hold'em Limit ($3/$6 USD) - 2015/12/18 1:40:57 ET
Table 'Serpens' 6-max Seat #2 is the button
Seat 1: VolkovDmitri ($120 in chips)
Seat 2: parnishka11 ($119.78 in chips)
parnishka11: posts small blind $1
VolkovDmitri: posts big blind $3
*** HOLE CARDS ***
parnishka11: folds
Uncalled bet ($2) returned to VolkovDmitri
VolkovDmitri collected $2 from pot
VolkovDmitri: doesn't show hand
*** SUMMARY ***
Total pot $2 | Rake $0
Seat 1: VolkovDmitri (big blind) collected ($2)
Seat 2: parnishka11 (button) (small blind) folded before Flop


PokerStars Hand #145517655594:  Hold'em Limit ($3/$6 USD) - 2015/12/18 1:41:10 ET
Table 'Serpens' 6-max Seat #1 is the button
Seat 1: VolkovDmitri ($121 in chips)
Seat 2: parnishka11 ($118.78 in chips)
VolkovDmitri: posts small blind $1
parnishka11: posts big blind $3
*** HOLE CARDS ***
VolkovDmitri: raises $3 to $6
parnishka11: calls $3
*** FLOP *** [Qd 6s 5d]
parnishka11: checks
VolkovDmitri: bets $3
parnishka11: folds
Uncalled bet ($3) returned to VolkovDmitri
VolkovDmitri collected $11.76 from pot
VolkovDmitri: doesn't show hand
*** SUMMARY ***
Total pot $12 | Rake $0.24
Board [Qd 6s 5d]
Seat 1: VolkovDmitri (button) (small blind) collected ($11.76)
Seat 2: parnishka11 (big blind) folded on the Flop


PokerStars Hand #145517659657:  Hold'em Limit ($3/$6 USD) - 2015/12/18 1:41:25 ET
Table 'Serpens' 6-max Seat #2 is the button
Seat 1: VolkovDmitri ($126.76 in chips)
Seat 2: parnishka11 ($112.78 in chips)
parnishka11: posts small blind $1
VolkovDmitri: posts big blind $3
*** HOLE CARDS ***
parnishka11: raises $3 to $6
VolkovDmitri: calls $3
*** FLOP *** [2c 9c Ad]
VolkovDmitri: checks
parnishka11: bets $3
VolkovDmitri: calls $3
*** TURN *** [2c 9c Ad] [5s]
VolkovDmitri: checks
parnishka11: checks
*** RIVER *** [2c 9c Ad 5s] [4c]
VolkovDmitri: bets $6
parnishka11: folds
Uncalled bet ($6) returned to VolkovDmitri
VolkovDmitri collected $17.64 from pot
VolkovDmitri: doesn't show hand
*** SUMMARY ***
Total pot $18 | Rake $0.36
Board [2c 9c Ad 5s 4c]
Seat 1: VolkovDmitri (big blind) collected ($17.64)
Seat 2: parnishka11 (button) (small blind) folded on the River


