PokerStars Hand #154830257090:  Hold'em Limit ($3/$6 USD) - 2016/06/16 19:35:38 ET
Table 'Setebos' 6-max Seat #6 is the button
Seat 4: AzureCaper ($72 in chips)
Seat 6: Siwy56 ($100 in chips)
Siwy56: posts small blind $1
AzureCaper: posts big blind $3
*** HOLE CARDS ***
Siwy56: calls $2
AzureCaper: raises $3 to $6
Siwy56: calls $3
*** FLOP *** [Jh Qs 9c]
AzureCaper: bets $3
Siwy56: folds
Uncalled bet ($3) returned to AzureCaper
AzureCaper collected $11.76 from pot
AzureCaper: doesn't show hand
*** SUMMARY ***
Total pot $12 | Rake $0.24
Board [Jh Qs 9c]
Seat 4: AzureCaper (big blind) collected ($11.76)
Seat 6: Siwy56 (button) (small blind) folded on the Flop


PokerStars Hand #154830269933:  Hold'em Limit ($3/$6 USD) - 2016/06/16 19:36:02 ET
Table 'Setebos' 6-max Seat #4 is the button
Seat 4: AzureCaper ($77.76 in chips)
Seat 6: Siwy56 ($94 in chips)
AzureCaper: posts small blind $1
Siwy56: posts big blind $3
*** HOLE CARDS ***
AzureCaper: folds
Uncalled bet ($2) returned to Siwy56
Siwy56 collected $2 from pot
Siwy56: doesn't show hand
*** SUMMARY ***
Total pot $2 | Rake $0
Seat 4: AzureCaper (button) (small blind) folded before Flop
Seat 6: Siwy56 (big blind) collected ($2)


PokerStars Hand #154830285955:  Hold'em Limit ($3/$6 USD) - 2016/06/16 19:36:33 ET
Table 'Setebos' 6-max Seat #4 is the button
Seat 4: AzureCaper ($85.40 in chips)
Seat 6: Siwy56 ($86 in chips)
AzureCaper: posts small blind $1
Siwy56: posts big blind $3
*** HOLE CARDS ***
AzureCaper: folds
Uncalled bet ($2) returned to Siwy56
Siwy56 collected $2 from pot
Siwy56: doesn't show hand
*** SUMMARY ***
Total pot $2 | Rake $0
Seat 4: AzureCaper (button) (small blind) folded before Flop
Seat 6: Siwy56 (big blind) collected ($2)


PokerStars Hand #154830274112:  Hold'em Limit ($3/$6 USD) - 2016/06/16 19:36:10 ET
Table 'Setebos' 6-max Seat #6 is the button
Seat 4: AzureCaper ($76.76 in chips)
Seat 6: Siwy56 ($95 in chips)
Siwy56: posts small blind $1
AzureCaper: posts big blind $3
*** HOLE CARDS ***
Siwy56: raises $3 to $6
Chessnok joins the table at seat #1
AzureCaper: calls $3
*** FLOP *** [Jh Ac Jc]
AzureCaper: checks
Siwy56: bets $3
AzureCaper: calls $3
*** TURN *** [Jh Ac Jc] [Td]
AzureCaper: checks
Siwy56: checks
*** RIVER *** [Jh Ac Jc Td] [Kh]
AzureCaper: bets $6
Siwy56: folds
Uncalled bet ($6) returned to AzureCaper
AzureCaper collected $17.64 from pot
AzureCaper: doesn't show hand
*** SUMMARY ***
Total pot $18 | Rake $0.36
Board [Jh Ac Jc Td Kh]
Seat 4: AzureCaper (big blind) collected ($17.64)
Seat 6: Siwy56 (button) (small blind) folded on the River


PokerStars Hand #154830723981:  Hold'em Limit ($3/$6 USD) - 2016/06/16 19:50:45 ET
Table 'Setebos' 6-max Seat #1 is the button
Seat 1: Chessnok ($241.57 in chips)
Seat 4: AzureCaper ($116.29 in chips)
Chessnok: posts small blind $1
AzureCaper: posts big blind $3
*** HOLE CARDS ***
Chessnok: raises $3 to $6
AzureCaper: calls $3
*** FLOP *** [4c 7s 5s]
AzureCaper: checks
Chessnok: bets $3
AzureCaper: calls $3
*** TURN *** [4c 7s 5s] [Qd]
AzureCaper: checks
Chessnok: bets $6
AzureCaper: raises $6 to $12
Chessnok: calls $6
*** RIVER *** [4c 7s 5s Qd] [7c]
AzureCaper: bets $6
Chessnok: folds
Uncalled bet ($6) returned to AzureCaper
AzureCaper collected $41.50 from pot
AzureCaper: doesn't show hand
*** SUMMARY ***
Total pot $42 | Rake $0.50
Board [4c 7s 5s Qd 7c]
Seat 1: Chessnok (button) (small blind) folded on the River
Seat 4: AzureCaper (big blind) collected ($41.50)


