PokerStars Hand #170737662719:  Hold'em Limit ($3/$6 USD) - 2017/05/21 16:57:53 ET
Table 'Setebos' 10-max Seat #10 is the button
Seat 9: barr354 ($14.01 in chips)
Seat 10: golsalam ($105.29 in chips)
golsalam: posts small blind $1
barr354: posts big blind $3
*** HOLE CARDS ***
golsalam: raises $3 to $6
barr354: raises $3 to $9
golsalam: raises $3 to $12
Betting is capped
barr354: folds
Uncalled bet ($3) returned to golsalam
golsalam collected $18 from pot
golsalam: doesn't show hand
*** SUMMARY ***
Total pot $18 | Rake $0
Seat 9: barr354 (big blind) folded before Flop
Seat 10: golsalam (button) (small blind) collected ($18)


PokerStars Hand #170737658132:  Hold'em Limit ($3/$6 USD) - 2017/05/21 16:57:46 ET
Table 'Setebos' 10-max Seat #9 is the button
Seat 9: barr354 ($20.01 in chips)
Seat 10: golsalam ($99.29 in chips)
barr354: posts small blind $1
golsalam: posts big blind $3
*** HOLE CARDS ***
barr354: raises $3 to $6
golsalam: raises $3 to $9
barr354: folds
Uncalled bet ($3) returned to golsalam
golsalam collected $12 from pot
golsalam: doesn't show hand
*** SUMMARY ***
Total pot $12 | Rake $0
Seat 9: barr354 (button) (small blind) folded before Flop
Seat 10: golsalam (big blind) collected ($12)


PokerStars Hand #170737652998:  Hold'em Limit ($3/$6 USD) - 2017/05/21 16:57:39 ET
Table 'Setebos' 10-max Seat #10 is the button
Seat 9: barr354 ($29.01 in chips)
Seat 10: golsalam ($90.29 in chips)
golsalam: posts small blind $1
barr354: posts big blind $3
*** HOLE CARDS ***
golsalam: raises $3 to $6
barr354: raises $3 to $9
golsalam: raises $3 to $12
Betting is capped
barr354: folds
Uncalled bet ($3) returned to golsalam
golsalam collected $18 from pot
golsalam: doesn't show hand
*** SUMMARY ***
Total pot $18 | Rake $0
Seat 9: barr354 (big blind) folded before Flop
Seat 10: golsalam (button) (small blind) collected ($18)


PokerStars Hand #170737648197:  Hold'em Limit ($3/$6 USD) - 2017/05/21 16:57:31 ET
Table 'Setebos' 10-max Seat #9 is the button
Seat 9: barr354 ($35.01 in chips)
Seat 10: golsalam ($84.29 in chips)
barr354: posts small blind $1
golsalam: posts big blind $3
*** HOLE CARDS ***
barr354: raises $3 to $6
golsalam: raises $3 to $9
barr354: folds
Uncalled bet ($3) returned to golsalam
golsalam collected $12 from pot
golsalam: doesn't show hand
*** SUMMARY ***
Total pot $12 | Rake $0
Seat 9: barr354 (button) (small blind) folded before Flop
Seat 10: golsalam (big blind) collected ($12)


PokerStars Hand #170737642604:  Hold'em Limit ($3/$6 USD) - 2017/05/21 16:57:23 ET
Table 'Setebos' 10-max Seat #10 is the button
Seat 9: barr354 ($44.01 in chips)
Seat 10: golsalam ($75.29 in chips)
golsalam: posts small blind $1
barr354: posts big blind $3
*** HOLE CARDS ***
golsalam: raises $3 to $6
barr354: raises $3 to $9
golsalam: raises $3 to $12
Betting is capped
barr354: folds
Uncalled bet ($3) returned to golsalam
golsalam collected $18 from pot
golsalam: doesn't show hand
*** SUMMARY ***
Total pot $18 | Rake $0
Seat 9: barr354 (big blind) folded before Flop
Seat 10: golsalam (button) (small blind) collected ($18)


PokerStars Hand #170737637683:  Hold'em Limit ($3/$6 USD) - 2017/05/21 16:57:16 ET
Table 'Setebos' 10-max Seat #9 is the button
Seat 9: barr354 ($50.01 in chips)
Seat 10: golsalam ($69.29 in chips)
barr354: posts small blind $1
golsalam: posts big blind $3
*** HOLE CARDS ***
barr354: raises $3 to $6
golsalam: raises $3 to $9
barr354: folds
Uncalled bet ($3) returned to golsalam
golsalam collected $12 from pot
golsalam: doesn't show hand
*** SUMMARY ***
Total pot $12 | Rake $0
Seat 9: barr354 (button) (small blind) folded before Flop
Seat 10: golsalam (big blind) collected ($12)


PokerStars Hand #170737630342:  Hold'em Limit ($3/$6 USD) - 2017/05/21 16:57:05 ET
Table 'Setebos' 10-max Seat #10 is the button
Seat 9: barr354 ($59.01 in chips)
Seat 10: golsalam ($60.29 in chips)
golsalam: posts small blind $1
barr354: posts big blind $3
*** HOLE CARDS ***
golsalam: raises $3 to $6
barr354: raises $3 to $9
golsalam: raises $3 to $12
Betting is capped
barr354: folds
Uncalled bet ($3) returned to golsalam
golsalam collected $18 from pot
golsalam: doesn't show hand
*** SUMMARY ***
Total pot $18 | Rake $0
Seat 9: barr354 (big blind) folded before Flop
Seat 10: golsalam (button) (small blind) collected ($18)


PokerStars Hand #170737668197:  Hold'em Limit ($3/$6 USD) - 2017/05/21 16:58:01 ET
Table 'Setebos' 10-max Seat #9 is the button
Seat 9: barr354 ($5.01 in chips)
Seat 10: golsalam ($114.29 in chips)
barr354: posts small blind $1
golsalam: posts big blind $3
*** HOLE CARDS ***
barr354: calls $2
golsalam: raises $3 to $6
barr354: folds
Uncalled bet ($3) returned to golsalam
golsalam collected $6 from pot
*** SUMMARY ***
Total pot $6 | Rake $0
Seat 9: barr354 (button) (small blind) folded before Flop
Seat 10: golsalam (big blind) collected ($6)


