PokerStars Hand #160447703903:  Hold'em Limit ($3/$6 USD) - 2016/10/25 22:33:41 ET
Table 'Setebos' 10-max Seat #2 is the button
Seat 2: Brama Br ($120 in chips)
Seat 6: assitoni ($72 in chips)
Brama Br: posts small blind $1
assitoni: posts big blind $3
*** HOLE CARDS ***
Brama Br: raises $3 to $6
assitoni: raises $3 to $9
Brama Br: raises $3 to $12
Betting is capped
assitoni: calls $3
*** FLOP *** [5s 9d 5c]
assitoni: checks
Brama Br: bets $3
assitoni: calls $3
*** TURN *** [5s 9d 5c] [8d]
assitoni: checks
Brama Br: checks
*** RIVER *** [5s 9d 5c 8d] [Td]
assitoni: bets $6
Brama Br: calls $6
*** SHOW DOWN ***
assitoni: shows [Jh Qd] (a straight, Eight to Queen)
Brama Br: mucks hand
assitoni collected $41.50 from pot
*** SUMMARY ***
Total pot $42 | Rake $0.50
Board [5s 9d 5c 8d Td]
Seat 2: Brama Br (button) (small blind) mucked
Seat 6: assitoni (big blind) showed [Jh Qd] and won ($41.50) with a straight, Eight to Queen


PokerStars Hand #160447724584:  Hold'em Limit ($3/$6 USD) - 2016/10/25 22:34:43 ET
Table 'Setebos' 10-max Seat #6 is the button
Seat 2: Brama Br ($99 in chips)
Seat 6: assitoni ($92.50 in chips)
assitoni: posts small blind $1
Brama Br: posts big blind $3
*** HOLE CARDS ***
assitoni: raises $3 to $6
Brama Br: raises $3 to $9
assitoni: calls $3
*** FLOP *** [8h Jh 6d]
Brama Br: bets $3
assitoni: calls $3
*** TURN *** [8h Jh 6d] [4h]
Brama Br: bets $6
assitoni: folds
Uncalled bet ($6) returned to Brama Br
Brama Br collected $23.52 from pot
Brama Br: doesn't show hand
*** SUMMARY ***
Total pot $24 | Rake $0.48
Board [8h Jh 6d 4h]
Seat 2: Brama Br (big blind) collected ($23.52)
Seat 6: assitoni (button) (small blind) folded on the Turn


PokerStars Hand #160447846764:  Hold'em Limit ($3/$6 USD) - 2016/10/25 22:40:36 ET
Table 'Setebos' 10-max Seat #5 is the button
Seat 4: -25an- ($37.87 in chips)
Seat 5: Masqb ($145.48 in chips)
Masqb: posts small blind $1
-25an-: posts big blind $3
*** HOLE CARDS ***
Masqb: raises $3 to $6
-25an-: calls $3
*** FLOP *** [Th Jh Ah]
-25an-: checks
Masqb: checks
*** TURN *** [Th Jh Ah] [Tc]
-25an-: checks
Masqb: bets $6
-25an-: folds
Uncalled bet ($6) returned to Masqb
Masqb collected $11.76 from pot
Masqb: doesn't show hand
*** SUMMARY ***
Total pot $12 | Rake $0.24
Board [Th Jh Ah Tc]
Seat 4: -25an- (big blind) folded on the Turn
Seat 5: Masqb (button) (small blind) collected ($11.76)


PokerStars Hand #160447856654:  Hold'em Limit ($3/$6 USD) - 2016/10/25 22:41:06 ET
Table 'Setebos' 10-max Seat #4 is the button
Seat 4: -25an- ($31.87 in chips)
Seat 5: Masqb ($151.24 in chips)
-25an-: posts small blind $1
Masqb: posts big blind $3
*** HOLE CARDS ***
-25an-: calls $2
Masqb: raises $3 to $6
-25an-: calls $3
*** FLOP *** [9h Kc Kh]
Masqb: bets $3
-25an-: raises $3 to $6
Masqb: calls $3
*** TURN *** [9h Kc Kh] [Jc]
Masqb: checks
-25an-: bets $6
Masqb: folds
Uncalled bet ($6) returned to -25an-
-25an- collected $23.52 from pot
-25an-: doesn't show hand
*** SUMMARY ***
Total pot $24 | Rake $0.48
Board [9h Kc Kh Jc]
Seat 4: -25an- (button) (small blind) collected ($23.52)
Seat 5: Masqb (big blind) folded on the Turn


PokerStars Hand #160447855148:  Hold'em Limit ($3/$6 USD) - 2016/10/25 22:41:02 ET
Table 'Setebos' 10-max Seat #5 is the button
Seat 4: -25an- ($30.87 in chips)
Seat 5: Masqb ($152.24 in chips)
Masqb: posts small blind $1
-25an-: posts big blind $3
*** HOLE CARDS ***
Masqb: folds
Uncalled bet ($2) returned to -25an-
-25an- collected $2 from pot
-25an-: doesn't show hand
*** SUMMARY ***
Total pot $2 | Rake $0
Seat 4: -25an- (big blind) collected ($2)
Seat 5: Masqb (button) (small blind) folded before Flop


PokerStars Hand #160447853487:  Hold'em Limit ($3/$6 USD) - 2016/10/25 22:40:56 ET
Table 'Setebos' 10-max Seat #4 is the button
Seat 4: -25an- ($31.87 in chips)
Seat 5: Masqb ($151.24 in chips)
-25an-: posts small blind $1
Masqb: posts big blind $3
*** HOLE CARDS ***
-25an-: folds
Uncalled bet ($2) returned to Masqb
Masqb collected $2 from pot
Masqb: doesn't show hand
*** SUMMARY ***
Total pot $2 | Rake $0
Seat 4: -25an- (button) (small blind) folded before Flop
Seat 5: Masqb (big blind) collected ($2)


PokerStars Hand #160447879603:  Hold'em Limit ($3/$6 USD) - 2016/10/25 22:42:16 ET
Table 'Setebos' 10-max Seat #5 is the button
Seat 4: -25an- ($62.89 in chips)
Seat 5: Masqb ($119.24 in chips)
Masqb: posts small blind $1
-25an-: posts big blind $3
*** HOLE CARDS ***
Masqb: raises $3 to $6
-25an-: calls $3
*** FLOP *** [7d 5s Kd]
-25an-: checks
Masqb: bets $3
-25an-: calls $3
*** TURN *** [7d 5s Kd] [6c]
-25an-: checks
Masqb: bets $6
-25an-: calls $6
*** RIVER *** [7d 5s Kd 6c] [Jh]
-25an-: checks
Masqb: bets $6
-25an-: calls $6
*** SHOW DOWN ***
Masqb: shows [Tc 7s] (a pair of Sevens)
-25an-: mucks hand
Masqb collected $41.50 from pot
*** SUMMARY ***
Total pot $42 | Rake $0.50
Board [7d 5s Kd 6c Jh]
Seat 4: -25an- (big blind) mucked
Seat 5: Masqb (button) (small blind) showed [Tc 7s] and won ($41.50) with a pair of Sevens


PokerStars Hand #160447877694:  Hold'em Limit ($3/$6 USD) - 2016/10/25 22:42:11 ET
Table 'Setebos' 10-max Seat #4 is the button
Seat 4: -25an- ($63.89 in chips)
Seat 5: Masqb ($118.24 in chips)
-25an-: posts small blind $1
Masqb: posts big blind $3
*** HOLE CARDS ***
-25an-: folds
Uncalled bet ($2) returned to Masqb
Masqb collected $2 from pot
Masqb: doesn't show hand
*** SUMMARY ***
Total pot $2 | Rake $0
Seat 4: -25an- (button) (small blind) folded before Flop
Seat 5: Masqb (big blind) collected ($2)


PokerStars Hand #160447864770:  Hold'em Limit ($3/$6 USD) - 2016/10/25 22:41:31 ET
Table 'Setebos' 10-max Seat #5 is the button
Seat 4: -25an- ($43.39 in chips)
Seat 5: Masqb ($139.24 in chips)
Masqb: posts small blind $1
-25an-: posts big blind $3
*** HOLE CARDS ***
Masqb: raises $3 to $6
-25an-: calls $3
*** FLOP *** [Th 6c Jc]
-25an-: checks
Masqb: bets $3
-25an-: calls $3
*** TURN *** [Th 6c Jc] [5c]
-25an-: checks
Masqb: bets $6
-25an-: calls $6
*** RIVER *** [Th 6c Jc 5c] [Td]
-25an-: bets $6
Masqb: calls $6
*** SHOW DOWN ***
-25an-: shows [Kc Ts] (three of a kind, Tens)
Masqb: mucks hand
-25an- collected $41.50 from pot
*** SUMMARY ***
Total pot $42 | Rake $0.50
Board [Th 6c Jc 5c Td]
Seat 4: -25an- (big blind) showed [Kc Ts] and won ($41.50) with three of a kind, Tens
Seat 5: Masqb (button) (small blind) mucked


PokerStars Hand #160447897226:  Hold'em Limit ($3/$6 USD) - 2016/10/25 22:43:11 ET
Table 'Setebos' 10-max Seat #4 is the button
Seat 4: -25an- ($41.89 in chips)
Seat 5: Masqb ($139.74 in chips)
-25an-: posts small blind $1
Masqb: posts big blind $3
*** HOLE CARDS ***
-25an-: calls $2
Masqb: raises $3 to $6
-25an-: calls $3
*** FLOP *** [9h Js 2h]
Masqb: checks
-25an-: checks
*** TURN *** [9h Js 2h] [9d]
Masqb: checks
-25an-: checks
*** RIVER *** [9h Js 2h 9d] [3d]
Masqb: bets $6
-25an-: folds
Uncalled bet ($6) returned to Masqb
Masqb collected $11.76 from pot
Masqb: doesn't show hand
*** SUMMARY ***
Total pot $12 | Rake $0.24
Board [9h Js 2h 9d 3d]
Seat 4: -25an- (button) (small blind) folded on the River
Seat 5: Masqb (big blind) collected ($11.76)


PokerStars Hand #160447894511:  Hold'em Limit ($3/$6 USD) - 2016/10/25 22:43:02 ET
Table 'Setebos' 10-max Seat #5 is the button
Seat 4: -25an- ($40.89 in chips)
Seat 5: Masqb ($140.74 in chips)
Masqb: posts small blind $1
-25an-: posts big blind $3
*** HOLE CARDS ***
Masqb: folds
Uncalled bet ($2) returned to -25an-
-25an- collected $2 from pot
-25an-: doesn't show hand
*** SUMMARY ***
Total pot $2 | Rake $0
Seat 4: -25an- (big blind) collected ($2)
Seat 5: Masqb (button) (small blind) folded before Flop


PokerStars Hand #160447892744:  Hold'em Limit ($3/$6 USD) - 2016/10/25 22:42:57 ET
Table 'Setebos' 10-max Seat #4 is the button
Seat 4: -25an- ($41.89 in chips)
Seat 5: Masqb ($139.74 in chips)
-25an-: posts small blind $1
Masqb: posts big blind $3
*** HOLE CARDS ***
-25an-: folds
Uncalled bet ($2) returned to Masqb
Masqb collected $2 from pot
Masqb: doesn't show hand
*** SUMMARY ***
Total pot $2 | Rake $0
Seat 4: -25an- (button) (small blind) folded before Flop
Seat 5: Masqb (big blind) collected ($2)


PokerStars Hand #160447925085:  Hold'em Limit ($3/$6 USD) - 2016/10/25 22:44:38 ET
Table 'Setebos' 10-max Seat #4 is the button
Seat 4: -25an- ($23.30 in chips)
Seat 5: Masqb ($157.11 in chips)
-25an-: posts small blind $1
Masqb: posts big blind $3
*** HOLE CARDS ***
-25an-: folds
Uncalled bet ($2) returned to Masqb
Masqb collected $2 from pot
Masqb: doesn't show hand
*** SUMMARY ***
Total pot $2 | Rake $0
Seat 4: -25an- (button) (small blind) folded before Flop
Seat 5: Masqb (big blind) collected ($2)


PokerStars Hand #160447920106:  Hold'em Limit ($3/$6 USD) - 2016/10/25 22:44:23 ET
Table 'Setebos' 10-max Seat #5 is the button
Seat 4: -25an- ($11.89 in chips)
Seat 5: Masqb ($169 in chips)
Masqb: posts small blind $1
-25an-: posts big blind $3
*** HOLE CARDS ***
Masqb: raises $3 to $6
-25an-: raises $3 to $9
Masqb: raises $3 to $12
Betting is capped
-25an-: calls $2.89 and is all-in
Uncalled bet ($0.11) returned to Masqb
*** FLOP *** [8c Tc As]
*** TURN *** [8c Tc As] [Jd]
*** RIVER *** [8c Tc As Jd] [4c]
*** SHOW DOWN ***
-25an-: shows [9h Ac] (a pair of Aces)
Masqb: shows [Jh 9d] (a pair of Jacks)
-25an- collected $23.30 from pot
*** SUMMARY ***
Total pot $23.78 | Rake $0.48
Board [8c Tc As Jd 4c]
Seat 4: -25an- (big blind) showed [9h Ac] and won ($23.30) with a pair of Aces
Seat 5: Masqb (button) (small blind) showed [Jh 9d] and lost with a pair of Jacks


PokerStars Hand #160447917627:  Hold'em Limit ($3/$6 USD) - 2016/10/25 22:44:15 ET
Table 'Setebos' 10-max Seat #4 is the button
Seat 4: -25an- ($8.89 in chips)
Seat 5: Masqb ($172 in chips)
-25an-: posts small blind $1
Masqb: posts big blind $3
*** HOLE CARDS ***
-25an-: raises $3 to $6
Masqb: folds
Uncalled bet ($3) returned to -25an-
-25an- collected $6 from pot
-25an-: doesn't show hand
*** SUMMARY ***
Total pot $6 | Rake $0
Seat 4: -25an- (button) (small blind) collected ($6)
Seat 5: Masqb (big blind) folded before Flop


PokerStars Hand #160447906912:  Hold'em Limit ($3/$6 USD) - 2016/10/25 22:43:41 ET
Table 'Setebos' 10-max Seat #5 is the button
Seat 4: -25an- ($35.89 in chips)
Seat 5: Masqb ($145.50 in chips)
Masqb: posts small blind $1
-25an-: posts big blind $3
*** HOLE CARDS ***
Masqb: raises $3 to $6
-25an-: calls $3
*** FLOP *** [2s 8h Jh]
-25an-: checks
Masqb: bets $3
-25an-: raises $3 to $6
Masqb: raises $3 to $9
-25an-: calls $3
*** TURN *** [2s 8h Jh] [Qh]
-25an-: checks
Masqb: bets $6
-25an-: calls $6
*** RIVER *** [2s 8h Jh Qh] [Ad]
-25an-: checks
Masqb: bets $6
-25an-: calls $6
*** SHOW DOWN ***
Masqb: shows [Jc 8c] (two pair, Jacks and Eights)
-25an-: mucks hand
Masqb collected $53.50 from pot
*** SUMMARY ***
Total pot $54 | Rake $0.50
Board [2s 8h Jh Qh Ad]
Seat 4: -25an- (big blind) mucked
Seat 5: Masqb (button) (small blind) showed [Jc 8c] and won ($53.50) with two pair, Jacks and Eights


PokerStars Hand #160447944433:  Hold'em Limit ($3/$6 USD) - 2016/10/25 22:45:38 ET
Table 'Setebos' 10-max Seat #9 is the button
Seat 5: Masqb ($178.61 in chips)
Seat 9: skogsbarn ($44 in chips)
skogsbarn: posts small blind $1
Masqb: posts big blind $3
*** HOLE CARDS ***
skogsbarn: raises $3 to $6
Masqb: folds
Uncalled bet ($3) returned to skogsbarn
skogsbarn collected $6 from pot
skogsbarn: doesn't show hand
*** SUMMARY ***
Total pot $6 | Rake $0
Seat 5: Masqb (big blind) folded before Flop
Seat 9: skogsbarn (button) (small blind) collected ($6)


PokerStars Hand #160447942883:  Hold'em Limit ($3/$6 USD) - 2016/10/25 22:45:34 ET
Table 'Setebos' 10-max Seat #5 is the button
Seat 5: Masqb ($179.61 in chips)
Seat 9: skogsbarn ($43 in chips)
Masqb: posts small blind $1
skogsbarn: posts big blind $3
*** HOLE CARDS ***
Masqb: folds
Uncalled bet ($2) returned to skogsbarn
skogsbarn collected $2 from pot
skogsbarn: doesn't show hand
*** SUMMARY ***
Total pot $2 | Rake $0
Seat 5: Masqb (button) (small blind) folded before Flop
Seat 9: skogsbarn (big blind) collected ($2)


PokerStars Hand #160447940733:  Hold'em Limit ($3/$6 USD) - 2016/10/25 22:45:27 ET
Table 'Setebos' 10-max Seat #9 is the button
Seat 5: Masqb ($178.61 in chips)
Seat 9: skogsbarn ($44 in chips)
skogsbarn: posts small blind $1
Masqb: posts big blind $3
*** HOLE CARDS ***
skogsbarn: folds
Uncalled bet ($2) returned to Masqb
Masqb collected $2 from pot
Masqb: doesn't show hand
*** SUMMARY ***
Total pot $2 | Rake $0
Seat 5: Masqb (big blind) collected ($2)
Seat 9: skogsbarn (button) (small blind) folded before Flop


PokerStars Hand #160447926783:  Hold'em Limit ($3/$6 USD) - 2016/10/25 22:44:43 ET
Table 'Setebos' 10-max Seat #5 is the button
Seat 4: -25an- ($22.30 in chips)
Seat 5: Masqb ($158.11 in chips)
Masqb: posts small blind $1
-25an-: posts big blind $3
*** HOLE CARDS ***
Masqb: raises $3 to $6
-25an-: calls $3
*** FLOP *** [6c As Ts]
-25an-: checks
Masqb: bets $3
-25an-: calls $3
*** TURN *** [6c As Ts] [8c]
-25an-: checks
Masqb: bets $6
-25an-: calls $6
*** RIVER *** [6c As Ts 8c] [Tc]
skogsbarn joins the table at seat #9
-25an-: bets $6
Masqb: calls $6
*** SHOW DOWN ***
-25an-: shows [7s 8h] (two pair, Tens and Eights)
Masqb: shows [7d Ac] (two pair, Aces and Tens)
Masqb collected $41.50 from pot
*** SUMMARY ***
Total pot $42 | Rake $0.50
Board [6c As Ts 8c Tc]
Seat 4: -25an- (big blind) showed [7s 8h] and lost with two pair, Tens and Eights
Seat 5: Masqb (button) (small blind) showed [7d Ac] and won ($41.50) with two pair, Aces and Tens


PokerStars Hand #160447956657:  Hold'em Limit ($3/$6 USD) - 2016/10/25 22:46:16 ET
Table 'Setebos' 10-max Seat #9 is the button
Seat 5: Masqb ($205.11 in chips)
Seat 9: skogsbarn ($17 in chips)
skogsbarn: posts small blind $1
Masqb: posts big blind $3
*** HOLE CARDS ***
skogsbarn: raises $3 to $6
Masqb: raises $3 to $9
skogsbarn: raises $3 to $12
Betting is capped
Masqb: calls $3
*** FLOP *** [9c Th 2h]
Masqb: bets $3
skogsbarn: raises $2 to $5 and is all-in
Masqb: calls $2
*** TURN *** [9c Th 2h] [4s]
*** RIVER *** [9c Th 2h 4s] [Ac]
*** SHOW DOWN ***
Masqb: shows [7d Ad] (a pair of Aces)
skogsbarn: shows [8d Ks] (high card Ace)
Masqb collected $33.50 from pot
*** SUMMARY ***
Total pot $34 | Rake $0.50
Board [9c Th 2h 4s Ac]
Seat 5: Masqb (big blind) showed [7d Ad] and won ($33.50) with a pair of Aces
Seat 9: skogsbarn (button) (small blind) showed [8d Ks] and lost with high card Ace


PokerStars Hand #160447946695:  Hold'em Limit ($3/$6 USD) - 2016/10/25 22:45:45 ET
Table 'Setebos' 10-max Seat #5 is the button
Seat 5: Masqb ($175.61 in chips)
Seat 9: skogsbarn ($47 in chips)
Masqb: posts small blind $1
skogsbarn: posts big blind $3
*** HOLE CARDS ***
Masqb: raises $3 to $6
skogsbarn: calls $3
*** FLOP *** [Ts 7h 2c]
skogsbarn: checks
Masqb: bets $3
skogsbarn: raises $3 to $6
Masqb: calls $3
*** TURN *** [Ts 7h 2c] [2h]
skogsbarn: bets $6
Masqb: raises $6 to $12
skogsbarn: calls $6
*** RIVER *** [Ts 7h 2c 2h] [Ah]
skogsbarn: checks
Masqb: bets $6
skogsbarn: calls $6
*** SHOW DOWN ***
Masqb: shows [2d Td] (a full house, Deuces full of Tens)
skogsbarn: mucks hand
Masqb collected $59.50 from pot
*** SUMMARY ***
Total pot $60 | Rake $0.50
Board [Ts 7h 2c 2h Ah]
Seat 5: Masqb (button) (small blind) showed [2d Td] and won ($59.50) with a full house, Deuces full of Tens
Seat 9: skogsbarn (big blind) mucked


