PokerStars Hand #145510985324:  Hold'em Limit ($3/$6 USD) - 2015/12/17 20:20:55 ET
Table 'Setebos' 2-max Seat #2 is the button
Seat 1: LifeisagameX ($30 in chips)
Seat 2: Profitables ($43 in chips)
Profitables: posts small blind $1
LifeisagameX: posts big blind $3
*** HOLE CARDS ***
Profitables: raises $3 to $6
LifeisagameX: calls $3
*** FLOP *** [Jc 5h 6c]
LifeisagameX: checks
Profitables: bets $3
LifeisagameX: calls $3
*** TURN *** [Jc 5h 6c] [9s]
LifeisagameX: checks
Profitables: bets $6
LifeisagameX: folds
Uncalled bet ($6) returned to Profitables
Profitables collected $17.64 from pot
Profitables: doesn't show hand
*** SUMMARY ***
Total pot $18 | Rake $0.36
Board [Jc 5h 6c 9s]
Seat 1: LifeisagameX (big blind) folded on the Turn
Seat 2: Profitables (button) (small blind) collected ($17.64)


PokerStars Hand #145511024763:  Hold'em Limit ($3/$6 USD) - 2015/12/17 20:22:09 ET
Table 'Setebos' 2-max Seat #2 is the button
Seat 1: LifeisagameX ($12 in chips)
Seat 2: Profitables ($60.28 in chips)
Profitables: posts small blind $1
LifeisagameX: posts big blind $3
*** HOLE CARDS ***
Profitables: raises $3 to $6
LifeisagameX: calls $3
*** FLOP *** [Jd 9h 6h]
LifeisagameX: checks
Profitables: bets $3
LifeisagameX: raises $3 to $6 and is all-in
Profitables: calls $3
*** TURN *** [Jd 9h 6h] [4c]
*** RIVER *** [Jd 9h 6h 4c] [Jc]
*** SHOW DOWN ***
LifeisagameX: shows [9d 3s] (two pair, Jacks and Nines)
Profitables: shows [5s Js] (three of a kind, Jacks)
Profitables collected $23.52 from pot
*** SUMMARY ***
Total pot $24 | Rake $0.48
Board [Jd 9h 6h 4c Jc]
Seat 1: LifeisagameX (big blind) showed [9d 3s] and lost with two pair, Jacks and Nines
Seat 2: Profitables (button) (small blind) showed [5s Js] and won ($23.52) with three of a kind, Jacks


PokerStars Hand #145511006036:  Hold'em Limit ($3/$6 USD) - 2015/12/17 20:21:34 ET
Table 'Setebos' 2-max Seat #1 is the button
Seat 1: LifeisagameX ($21 in chips)
Seat 2: Profitables ($51.64 in chips)
LifeisagameX: posts small blind $1
Profitables: posts big blind $3
*** HOLE CARDS ***
LifeisagameX: raises $3 to $6
Profitables: calls $3
*** FLOP *** [As Kc Th]
Profitables: checks
LifeisagameX: bets $3
Profitables: calls $3
*** TURN *** [As Kc Th] [6s]
Profitables: checks
LifeisagameX: checks
*** RIVER *** [As Kc Th 6s] [5s]
Profitables: bets $6
LifeisagameX: folds
Uncalled bet ($6) returned to Profitables
Profitables collected $17.64 from pot
Profitables: doesn't show hand
*** SUMMARY ***
Total pot $18 | Rake $0.36
Board [As Kc Th 6s 5s]
Seat 1: LifeisagameX (button) (small blind) folded on the River
Seat 2: Profitables (big blind) collected ($17.64)


PokerStars Hand #145511053261:  Hold'em Limit ($3/$6 USD) - 2015/12/17 20:23:03 ET
Table 'Setebos' 2-max Seat #1 is the button
Seat 1: LifeisagameX ($30 in chips)
Seat 2: Profitables ($71.80 in chips)
LifeisagameX: posts small blind $1
Profitables: posts big blind $3
*** HOLE CARDS ***
LifeisagameX: raises $3 to $6
Profitables: calls $3
*** FLOP *** [4d Ad Jd]
Profitables: checks
LifeisagameX: bets $3
Profitables: calls $3
*** TURN *** [4d Ad Jd] [Td]
Profitables: checks
LifeisagameX: checks
*** RIVER *** [4d Ad Jd Td] [3c]
Profitables: checks
LifeisagameX: checks
*** SHOW DOWN ***
Profitables: shows [5c 4h] (a pair of Fours)
LifeisagameX: mucks hand
Profitables collected $17.64 from pot
*** SUMMARY ***
Total pot $18 | Rake $0.36
Board [4d Ad Jd Td 3c]
Seat 1: LifeisagameX (button) (small blind) mucked
Seat 2: Profitables (big blind) showed [5c 4h] and won ($17.64) with a pair of Fours


PokerStars Hand #145511077680:  Hold'em Limit ($3/$6 USD) - 2015/12/17 20:23:50 ET
Table 'Setebos' 2-max Seat #1 is the button
Seat 1: LifeisagameX ($22 in chips)
Seat 2: Profitables ($79.44 in chips)
LifeisagameX: posts small blind $1
Profitables: posts big blind $3
*** HOLE CARDS ***
LifeisagameX: raises $3 to $6
Profitables: calls $3
*** FLOP *** [Qd Jd 9h]
Profitables: checks
LifeisagameX: bets $3
Profitables: folds
Uncalled bet ($3) returned to LifeisagameX
LifeisagameX collected $11.76 from pot
LifeisagameX: doesn't show hand
*** SUMMARY ***
Total pot $12 | Rake $0.24
Board [Qd Jd 9h]
Seat 1: LifeisagameX (button) (small blind) collected ($11.76)
Seat 2: Profitables (big blind) folded on the Flop


PokerStars Hand #145511129179:  Hold'em Limit ($3/$6 USD) - 2015/12/17 20:25:28 ET
Table 'Setebos' 2-max Seat #1 is the button
Seat 1: LifeisagameX ($55.02 in chips)
Seat 2: Profitables ($45.44 in chips)
LifeisagameX: posts small blind $1
Profitables: posts big blind $3
*** HOLE CARDS ***
LifeisagameX: raises $3 to $6
Profitables: calls $3
*** FLOP *** [Th Kc 2h]
Profitables: checks
LifeisagameX: bets $3
Profitables: folds
Uncalled bet ($3) returned to LifeisagameX
LifeisagameX collected $11.76 from pot
LifeisagameX: doesn't show hand
*** SUMMARY ***
Total pot $12 | Rake $0.24
Board [Th Kc 2h]
Seat 1: LifeisagameX (button) (small blind) collected ($11.76)
Seat 2: Profitables (big blind) folded on the Flop


PokerStars Hand #145511125737:  Hold'em Limit ($3/$6 USD) - 2015/12/17 20:25:21 ET
Table 'Setebos' 2-max Seat #2 is the button
Seat 1: LifeisagameX ($54.02 in chips)
Seat 2: Profitables ($46.44 in chips)
Profitables: posts small blind $1
LifeisagameX: posts big blind $3
*** HOLE CARDS ***
Profitables: folds
Uncalled bet ($2) returned to LifeisagameX
LifeisagameX collected $2 from pot
LifeisagameX: doesn't show hand
*** SUMMARY ***
Total pot $2 | Rake $0
Seat 1: LifeisagameX (big blind) collected ($2)
Seat 2: Profitables (button) (small blind) folded before Flop


PokerStars Hand #145511113900:  Hold'em Limit ($3/$6 USD) - 2015/12/17 20:24:58 ET
Table 'Setebos' 2-max Seat #1 is the button
Seat 1: LifeisagameX ($48.26 in chips)
Seat 2: Profitables ($52.44 in chips)
LifeisagameX: posts small blind $1
Profitables: posts big blind $3
*** HOLE CARDS ***
LifeisagameX: raises $3 to $6
Profitables: calls $3
*** FLOP *** [As Td 7h]
Profitables: checks
LifeisagameX: bets $3
Profitables: folds
Uncalled bet ($3) returned to LifeisagameX
LifeisagameX collected $11.76 from pot
LifeisagameX: doesn't show hand
*** SUMMARY ***
Total pot $12 | Rake $0.24
Board [As Td 7h]
Seat 1: LifeisagameX (button) (small blind) collected ($11.76)
Seat 2: Profitables (big blind) folded on the Flop


PokerStars Hand #145511090864:  Hold'em Limit ($3/$6 USD) - 2015/12/17 20:24:15 ET
Table 'Setebos' 2-max Seat #2 is the button
Seat 1: LifeisagameX ($27.76 in chips)
Seat 2: Profitables ($73.44 in chips)
Profitables: posts small blind $1
LifeisagameX: posts big blind $3
*** HOLE CARDS ***
Profitables: raises $3 to $6
LifeisagameX: calls $3
*** FLOP *** [Jd 8s 2s]
LifeisagameX: checks
Profitables: bets $3
LifeisagameX: calls $3
*** TURN *** [Jd 8s 2s] [4s]
LifeisagameX: checks
Profitables: bets $6
LifeisagameX: calls $6
*** RIVER *** [Jd 8s 2s 4s] [7d]
LifeisagameX: checks
Profitables: bets $6
LifeisagameX: calls $6
*** SHOW DOWN ***
Profitables: shows [7c Ac] (a pair of Sevens)
LifeisagameX: shows [6s 8c] (a pair of Eights)
LifeisagameX collected $41.50 from pot
*** SUMMARY ***
Total pot $42 | Rake $0.50
Board [Jd 8s 2s 4s 7d]
Seat 1: LifeisagameX (big blind) showed [6s 8c] and won ($41.50) with a pair of Eights
Seat 2: Profitables (button) (small blind) showed [7c Ac] and lost with a pair of Sevens


PokerStars Hand #145511165927:  Hold'em Limit ($3/$6 USD) - 2015/12/17 20:26:38 ET
Table 'Setebos' 2-max Seat #2 is the button
Seat 1: LifeisagameX ($85.28 in chips)
Seat 2: Profitables ($14.44 in chips)
Profitables: posts small blind $1
LifeisagameX: posts big blind $3
*** HOLE CARDS ***
Profitables: folds
Uncalled bet ($2) returned to LifeisagameX
LifeisagameX collected $2 from pot
LifeisagameX: doesn't show hand
*** SUMMARY ***
Total pot $2 | Rake $0
Seat 1: LifeisagameX (big blind) collected ($2)
Seat 2: Profitables (button) (small blind) folded before Flop


PokerStars Hand #145511143702:  Hold'em Limit ($3/$6 USD) - 2015/12/17 20:25:56 ET
Table 'Setebos' 2-max Seat #1 is the button
Seat 1: LifeisagameX ($61.78 in chips)
Seat 2: Profitables ($38.44 in chips)
LifeisagameX: posts small blind $1
Profitables: posts big blind $3
*** HOLE CARDS ***
LifeisagameX: raises $3 to $6
Profitables: raises $3 to $9
LifeisagameX: calls $3
*** FLOP *** [5c 4s 6s]
Profitables: bets $3
LifeisagameX: calls $3
*** TURN *** [5c 4s 6s] [Jc]
Profitables: bets $6
LifeisagameX: calls $6
*** RIVER *** [5c 4s 6s Jc] [Ac]
Profitables: checks
LifeisagameX: bets $6
Profitables: calls $6
*** SHOW DOWN ***
LifeisagameX: shows [3d As] (a pair of Aces)
Profitables: mucks hand
LifeisagameX collected $47.50 from pot
*** SUMMARY ***
Total pot $48 | Rake $0.50
Board [5c 4s 6s Jc Ac]
Seat 1: LifeisagameX (button) (small blind) showed [3d As] and won ($47.50) with a pair of Aces
Seat 2: Profitables (big blind) mucked


PokerStars Hand #145511140154:  Hold'em Limit ($3/$6 USD) - 2015/12/17 20:25:49 ET
Table 'Setebos' 2-max Seat #2 is the button
Seat 1: LifeisagameX ($60.78 in chips)
Seat 2: Profitables ($39.44 in chips)
Profitables: posts small blind $1
LifeisagameX: posts big blind $3
*** HOLE CARDS ***
Profitables: folds
Uncalled bet ($2) returned to LifeisagameX
LifeisagameX collected $2 from pot
LifeisagameX: doesn't show hand
*** SUMMARY ***
Total pot $2 | Rake $0
Seat 1: LifeisagameX (big blind) collected ($2)
Seat 2: Profitables (button) (small blind) folded before Flop


PokerStars Hand #145511169286:  Hold'em Limit ($3/$6 USD) - 2015/12/17 20:26:45 ET
Table 'Setebos' 2-max Seat #1 is the button
Seat 1: LifeisagameX ($86.28 in chips)
Seat 2: Profitables ($13.44 in chips)
LifeisagameX: posts small blind $1
Profitables: posts big blind $3
*** HOLE CARDS ***
LifeisagameX: raises $3 to $6
Profitables: raises $3 to $9
LifeisagameX: calls $3
*** FLOP *** [3s 9s Tc]
Profitables: bets $3
LifeisagameX: calls $3
*** TURN *** [3s 9s Tc] [6s]
Profitables: bets $1.44 and is all-in
LifeisagameX: calls $1.44
*** RIVER *** [3s 9s Tc 6s] [7c]
*** SHOW DOWN ***
Profitables: shows [2h As] (high card Ace)
LifeisagameX: shows [7s 8d] (a straight, Six to Ten)
LifeisagameX collected $26.38 from pot
*** SUMMARY ***
Total pot $26.88 | Rake $0.50
Board [3s 9s Tc 6s 7c]
Seat 1: LifeisagameX (button) (small blind) showed [7s 8d] and won ($26.38) with a straight, Six to Ten
Seat 2: Profitables (big blind) showed [2h As] and lost with high card Ace


