PokerStars Hand #150686075058:  Hold'em Limit ($3/$6 USD) - 2016/03/20 21:40:24 ET
Table 'Severny' 6-max Seat #6 is the button
Seat 2: Mudager ($120 in chips)
Seat 6: kr.poker8029 ($40 in chips)
kr.poker8029: posts small blind $1
Mudager: posts big blind $3
*** HOLE CARDS ***
kr.poker8029: raises $3 to $6
Mudager: folds
Uncalled bet ($3) returned to kr.poker8029
kr.poker8029 collected $6 from pot
*** SUMMARY ***
Total pot $6 | Rake $0
Seat 2: Mudager (big blind) folded before Flop
Seat 6: kr.poker8029 (button) (small blind) collected ($6)


PokerStars Hand #150686101273:  Hold'em Limit ($3/$6 USD) - 2016/03/20 21:41:18 ET
Table 'Severny' 6-max Seat #6 is the button
Seat 2: Mudager ($124 in chips)
Seat 6: kr.poker8029 ($127.64 in chips)
kr.poker8029: posts small blind $1
Mudager: posts big blind $3
*** HOLE CARDS ***
kr.poker8029: folds
Uncalled bet ($2) returned to Mudager
Mudager collected $2 from pot
Mudager: doesn't show hand
*** SUMMARY ***
Total pot $2 | Rake $0
Seat 2: Mudager (big blind) collected ($2)
Seat 6: kr.poker8029 (button) (small blind) folded before Flop


PokerStars Hand #150686098446:  Hold'em Limit ($3/$6 USD) - 2016/03/20 21:41:12 ET
Table 'Severny' 6-max Seat #2 is the button
Seat 2: Mudager ($121 in chips)
Seat 6: kr.poker8029 ($130.64 in chips)
Mudager: posts small blind $1
kr.poker8029: posts big blind $3
*** HOLE CARDS ***
Mudager: raises $3 to $6
kr.poker8029: folds
Uncalled bet ($3) returned to Mudager
Mudager collected $6 from pot
Mudager: doesn't show hand
*** SUMMARY ***
Total pot $6 | Rake $0
Seat 2: Mudager (button) (small blind) collected ($6)
Seat 6: kr.poker8029 (big blind) folded before Flop


PokerStars Hand #150686095489:  Hold'em Limit ($3/$6 USD) - 2016/03/20 21:41:06 ET
Table 'Severny' 6-max Seat #6 is the button
Seat 2: Mudager ($120 in chips)
Seat 6: kr.poker8029 ($131.64 in chips)
kr.poker8029: posts small blind $1
Mudager: posts big blind $3
*** HOLE CARDS ***
kr.poker8029: folds
Uncalled bet ($2) returned to Mudager
Mudager collected $2 from pot
Mudager: doesn't show hand
*** SUMMARY ***
Total pot $2 | Rake $0
Seat 2: Mudager (big blind) collected ($2)
Seat 6: kr.poker8029 (button) (small blind) folded before Flop


PokerStars Hand #150686082839:  Hold'em Limit ($3/$6 USD) - 2016/03/20 21:40:40 ET
Table 'Severny' 6-max Seat #2 is the button
Seat 2: Mudager ($120 in chips)
Seat 6: kr.poker8029 ($123 in chips)
Mudager: posts small blind $1
kr.poker8029: posts big blind $3
*** HOLE CARDS ***
Mudager: raises $3 to $6
kr.poker8029: calls $3
*** FLOP *** [Qh Jh 2d]
kr.poker8029: checks
Mudager: bets $3
kr.poker8029: raises $3 to $6
Mudager: folds
Uncalled bet ($3) returned to kr.poker8029
kr.poker8029 collected $17.64 from pot
*** SUMMARY ***
Total pot $18 | Rake $0.36
Board [Qh Jh 2d]
Seat 2: Mudager (button) (small blind) folded on the Flop
Seat 6: kr.poker8029 (big blind) collected ($17.64)


PokerStars Hand #150686122795:  Hold'em Limit ($3/$6 USD) - 2016/03/20 21:42:02 ET
Table 'Severny' 6-max Seat #6 is the button
Seat 2: Mudager ($148.50 in chips)
Seat 6: kr.poker8029 ($102.64 in chips)
kr.poker8029: posts small blind $1
Mudager: posts big blind $3
*** HOLE CARDS ***
kr.poker8029: folds
Uncalled bet ($2) returned to Mudager
Mudager collected $2 from pot
Mudager: doesn't show hand
*** SUMMARY ***
Total pot $2 | Rake $0
Seat 2: Mudager (big blind) collected ($2)
Seat 6: kr.poker8029 (button) (small blind) folded before Flop


PokerStars Hand #150686103733:  Hold'em Limit ($3/$6 USD) - 2016/03/20 21:41:23 ET
Table 'Severny' 6-max Seat #2 is the button
Seat 2: Mudager ($125 in chips)
Seat 6: kr.poker8029 ($126.64 in chips)
Mudager: posts small blind $1
kr.poker8029: posts big blind $3
*** HOLE CARDS ***
Mudager: raises $3 to $6
kr.poker8029: calls $3
*** FLOP *** [Qd 9d Jd]
kr.poker8029: checks
Mudager: bets $3
kr.poker8029: raises $3 to $6
RinaFox joins the table at seat #1
Mudager: calls $3
*** TURN *** [Qd 9d Jd] [4s]
kr.poker8029: bets $6
Mudager: raises $6 to $12
kr.poker8029: calls $6
*** RIVER *** [Qd 9d Jd 4s] [Jh]
kr.poker8029: checks
Mudager: bets $6
kr.poker8029: folds
Uncalled bet ($6) returned to Mudager
Mudager collected $47.50 from pot
Mudager: doesn't show hand
*** SUMMARY ***
Total pot $48 | Rake $0.50
Board [Qd 9d Jd 4s Jh]
Seat 2: Mudager (button) (small blind) collected ($47.50)
Seat 6: kr.poker8029 (big blind) folded on the River


PokerStars Hand #150686153874:  Hold'em Limit ($3/$6 USD) - 2016/03/20 21:43:07 ET
Table 'Severny' 6-max Seat #6 is the button
Seat 2: Mudager ($141.26 in chips)
Seat 6: kr.poker8029 ($109.14 in chips)
kr.poker8029: posts small blind $1
Mudager: posts big blind $3
*** HOLE CARDS ***
kr.poker8029: folds
Uncalled bet ($2) returned to Mudager
Mudager collected $2 from pot
Mudager: doesn't show hand
*** SUMMARY ***
Total pot $2 | Rake $0
Seat 2: Mudager (big blind) collected ($2)
Seat 6: kr.poker8029 (button) (small blind) folded before Flop


PokerStars Hand #150686146142:  Hold'em Limit ($3/$6 USD) - 2016/03/20 21:42:51 ET
Table 'Severny' 6-max Seat #2 is the button
Seat 2: Mudager ($135.50 in chips)
Seat 6: kr.poker8029 ($115.14 in chips)
Mudager: posts small blind $1
kr.poker8029: posts big blind $3
*** HOLE CARDS ***
Mudager: raises $3 to $6
kr.poker8029: calls $3
*** FLOP *** [As 6s 6d]
kr.poker8029: checks
Mudager: bets $3
kr.poker8029: folds
Uncalled bet ($3) returned to Mudager
Mudager collected $11.76 from pot
Mudager: doesn't show hand
*** SUMMARY ***
Total pot $12 | Rake $0.24
Board [As 6s 6d]
Seat 2: Mudager (button) (small blind) collected ($11.76)
Seat 6: kr.poker8029 (big blind) folded on the Flop


PokerStars Hand #150686143612:  Hold'em Limit ($3/$6 USD) - 2016/03/20 21:42:45 ET
Table 'Severny' 6-max Seat #6 is the button
Seat 2: Mudager ($134.50 in chips)
Seat 6: kr.poker8029 ($116.14 in chips)
kr.poker8029: posts small blind $1
Mudager: posts big blind $3
*** HOLE CARDS ***
kr.poker8029: folds
Uncalled bet ($2) returned to Mudager
Mudager collected $2 from pot
Mudager: doesn't show hand
*** SUMMARY ***
Total pot $2 | Rake $0
Seat 2: Mudager (big blind) collected ($2)
Seat 6: kr.poker8029 (button) (small blind) folded before Flop


PokerStars Hand #150686125369:  Hold'em Limit ($3/$6 USD) - 2016/03/20 21:42:08 ET
Table 'Severny' 6-max Seat #2 is the button
Seat 2: Mudager ($149.50 in chips)
Seat 6: kr.poker8029 ($101.64 in chips)
Mudager: posts small blind $1
kr.poker8029: posts big blind $3
*** HOLE CARDS ***
Mudager: raises $3 to $6
kr.poker8029: calls $3
*** FLOP *** [7h 4d 9h]
kr.poker8029: checks
Mudager: bets $3
kr.poker8029: calls $3
*** TURN *** [7h 4d 9h] [8s]
kr.poker8029: checks
Mudager: bets $6
kr.poker8029: calls $6
*** RIVER *** [7h 4d 9h 8s] [5h]
kr.poker8029: checks
Mudager: checks
*** SHOW DOWN ***
kr.poker8029: shows [4s 6s] (a straight, Five to Nine)
Mudager: mucks hand
kr.poker8029 collected $29.50 from pot
*** SUMMARY ***
Total pot $30 | Rake $0.50
Board [7h 4d 9h 8s 5h]
Seat 2: Mudager (button) (small blind) mucked
Seat 6: kr.poker8029 (big blind) showed [4s 6s] and won ($29.50) with a straight, Five to Nine


PokerStars Hand #150686174394:  Hold'em Limit ($3/$6 USD) - 2016/03/20 21:43:49 ET
Table 'Severny' 6-max Seat #6 is the button
Seat 2: Mudager ($120 in chips)
Seat 6: kr.poker8029 ($131.64 in chips)
kr.poker8029: posts small blind $1
Mudager: posts big blind $3
*** HOLE CARDS ***
kr.poker8029: calls $2
Mudager: checks
*** FLOP *** [Ad Td 9c]
Mudager: checks
kr.poker8029: bets $3
Mudager: folds
Uncalled bet ($3) returned to kr.poker8029
kr.poker8029 collected $5.88 from pot
*** SUMMARY ***
Total pot $6 | Rake $0.12
Board [Ad Td 9c]
Seat 2: Mudager (big blind) folded on the Flop
Seat 6: kr.poker8029 (button) (small blind) collected ($5.88)


PokerStars Hand #150686156514:  Hold'em Limit ($3/$6 USD) - 2016/03/20 21:43:12 ET
Table 'Severny' 6-max Seat #2 is the button
Seat 2: Mudager ($142.26 in chips)
Seat 6: kr.poker8029 ($108.14 in chips)
Mudager: posts small blind $1
kr.poker8029: posts big blind $3
*** HOLE CARDS ***
Mudager: raises $3 to $6
kr.poker8029: raises $3 to $9
Mudager: calls $3
*** FLOP *** [Ah 6s As]
kr.poker8029: bets $3
Mudager: calls $3
*** TURN *** [Ah 6s As] [5h]
kr.poker8029: bets $6
Mudager: calls $6
*** RIVER *** [Ah 6s As 5h] [4c]
kr.poker8029: bets $6
Mudager: calls $6
*** SHOW DOWN ***
kr.poker8029: shows [5c 5s] (a full house, Fives full of Aces)
Mudager: mucks hand
kr.poker8029 collected $47.50 from pot
*** SUMMARY ***
Total pot $48 | Rake $0.50
Board [Ah 6s As 5h 4c]
Seat 2: Mudager (button) (small blind) mucked
Seat 6: kr.poker8029 (big blind) showed [5c 5s] and won ($47.50) with a full house, Fives full of Aces


PokerStars Hand #150686199127:  Hold'em Limit ($3/$6 USD) - 2016/03/20 21:44:41 ET
Table 'Severny' 6-max Seat #2 is the button
Seat 2: Mudager ($120 in chips)
Seat 6: kr.poker8029 ($134.52 in chips)
Mudager: posts small blind $1
kr.poker8029: posts big blind $3
*** HOLE CARDS ***
Mudager: raises $3 to $6
kr.poker8029: calls $3
*** FLOP *** [As Td 5s]
kr.poker8029: checks
Mudager: bets $3
kr.poker8029: folds
Uncalled bet ($3) returned to Mudager
Mudager collected $11.76 from pot
Mudager: doesn't show hand
*** SUMMARY ***
Total pot $12 | Rake $0.24
Board [As Td 5s]
Seat 2: Mudager (button) (small blind) collected ($11.76)
Seat 6: kr.poker8029 (big blind) folded on the Flop


PokerStars Hand #150686211684:  Hold'em Limit ($3/$6 USD) - 2016/03/20 21:45:07 ET
Table 'Severny' 6-max Seat #6 is the button
Seat 2: Mudager ($125.76 in chips)
Seat 6: kr.poker8029 ($128.52 in chips)
kr.poker8029: posts small blind $1
Mudager: posts big blind $3
*** HOLE CARDS ***
kr.poker8029: raises $3 to $6
Mudager: calls $3
*** FLOP *** [7s 8c Tc]
Mudager: checks
kr.poker8029: bets $3
Mudager: folds
Uncalled bet ($3) returned to kr.poker8029
kr.poker8029 collected $11.76 from pot
*** SUMMARY ***
Total pot $12 | Rake $0.24
Board [7s 8c Tc]
Seat 2: Mudager (big blind) folded on the Flop
Seat 6: kr.poker8029 (button) (small blind) collected ($11.76)


PokerStars Hand #150686233926:  Hold'em Limit ($3/$6 USD) - 2016/03/20 21:45:53 ET
Table 'Severny' 6-max Seat #2 is the button
Seat 2: Mudager ($120 in chips)
Seat 6: kr.poker8029 ($134.28 in chips)
Mudager: posts small blind $1
kr.poker8029: posts big blind $3
*** HOLE CARDS ***
RinaFox leaves the table
Mudager: raises $3 to $6
kr.poker8029: raises $3 to $9
Mudager: calls $3
*** FLOP *** [3s Kd 9h]
kr.poker8029: bets $3
Mudager: raises $3 to $6
kr.poker8029: calls $3
*** TURN *** [3s Kd 9h] [7h]
kr.poker8029: checks
Mudager: bets $6
kr.poker8029: raises $6 to $12
Mudager: calls $6
*** RIVER *** [3s Kd 9h 7h] [3d]
kr.poker8029: bets $6
Mudager: calls $6
*** SHOW DOWN ***
kr.poker8029: shows [Ac Ks] (two pair, Kings and Threes)
Mudager: mucks hand
kr.poker8029 collected $65.50 from pot
*** SUMMARY ***
Total pot $66 | Rake $0.50
Board [3s Kd 9h 7h 3d]
Seat 2: Mudager (button) (small blind) mucked
Seat 6: kr.poker8029 (big blind) showed [Ac Ks] and won ($65.50) with two pair, Kings and Threes


PokerStars Hand #150686261099:  Hold'em Limit ($3/$6 USD) - 2016/03/20 21:46:50 ET
Table 'Severny' 6-max Seat #6 is the button
Seat 2: Mudager ($120 in chips)
Seat 6: kr.poker8029 ($166.78 in chips)
kr.poker8029: posts small blind $1
Mudager: posts big blind $3
*** HOLE CARDS ***
kr.poker8029: folds
Uncalled bet ($2) returned to Mudager
Mudager collected $2 from pot
Mudager: doesn't show hand
*** SUMMARY ***
Total pot $2 | Rake $0
Seat 2: Mudager (big blind) collected ($2)
Seat 6: kr.poker8029 (button) (small blind) folded before Flop


PokerStars Hand #150686263660:  Hold'em Limit ($3/$6 USD) - 2016/03/20 21:46:55 ET
Table 'Severny' 6-max Seat #2 is the button
Seat 2: Mudager ($121 in chips)
Seat 6: kr.poker8029 ($165.78 in chips)
Mudager: posts small blind $1
kr.poker8029: posts big blind $3
*** HOLE CARDS ***
Mudager: folds
Uncalled bet ($2) returned to kr.poker8029
kr.poker8029 collected $2 from pot
*** SUMMARY ***
Total pot $2 | Rake $0
Seat 2: Mudager (button) (small blind) folded before Flop
Seat 6: kr.poker8029 (big blind) collected ($2)


PokerStars Hand #150686268168:  Hold'em Limit ($3/$6 USD) - 2016/03/20 21:47:05 ET
Table 'Severny' 6-max Seat #6 is the button
Seat 2: Mudager ($120 in chips)
Seat 6: kr.poker8029 ($166.78 in chips)
kr.poker8029: posts small blind $1
Mudager: posts big blind $3
*** HOLE CARDS ***
kr.poker8029: calls $2
Mudager: checks
*** FLOP *** [3h 8h Js]
Mudager: checks
kr.poker8029: checks
*** TURN *** [3h 8h Js] [Jc]
Mudager: checks
kr.poker8029: checks
*** RIVER *** [3h 8h Js Jc] [Ad]
Mudager: checks
kr.poker8029: checks
*** SHOW DOWN ***
Mudager: shows [Qs 6h] (a pair of Jacks)
kr.poker8029: mucks hand
Mudager collected $5.88 from pot
*** SUMMARY ***
Total pot $6 | Rake $0.12
Board [3h 8h Js Jc Ad]
Seat 2: Mudager (big blind) showed [Qs 6h] and won ($5.88) with a pair of Jacks
Seat 6: kr.poker8029 (button) (small blind) mucked


PokerStars Hand #150686297515:  Hold'em Limit ($3/$6 USD) - 2016/03/20 21:48:06 ET
Table 'Severny' 6-max Seat #2 is the button
Seat 2: Mudager ($122.88 in chips)
Seat 6: kr.poker8029 ($163.78 in chips)
Mudager: posts small blind $1
kr.poker8029: posts big blind $3
*** HOLE CARDS ***
Mudager: raises $3 to $6
kr.poker8029: folds
Uncalled bet ($3) returned to Mudager
Mudager collected $6 from pot
Mudager: doesn't show hand
*** SUMMARY ***
Total pot $6 | Rake $0
Seat 2: Mudager (button) (small blind) collected ($6)
Seat 6: kr.poker8029 (big blind) folded before Flop


PokerStars Hand #150686301016:  Hold'em Limit ($3/$6 USD) - 2016/03/20 21:48:13 ET
Table 'Severny' 6-max Seat #6 is the button
Seat 2: Mudager ($125.88 in chips)
Seat 6: kr.poker8029 ($160.78 in chips)
kr.poker8029: posts small blind $1
Mudager: posts big blind $3
*** HOLE CARDS ***
kr.poker8029: calls $2
Mudager: raises $3 to $6
kr.poker8029: calls $3
*** FLOP *** [9s Qd Qs]
Mudager: bets $3
kr.poker8029: calls $3
*** TURN *** [9s Qd Qs] [2s]
Mudager: bets $6
kr.poker8029: calls $6
*** RIVER *** [9s Qd Qs 2s] [7d]
Mudager: checks
kr.poker8029: bets $6
Mudager: calls $6
*** SHOW DOWN ***
kr.poker8029: shows [Jc Td] (a pair of Queens)
Mudager: shows [3d 3s] (two pair, Queens and Threes)
Mudager collected $41.50 from pot
*** SUMMARY ***
Total pot $42 | Rake $0.50
Board [9s Qd Qs 2s 7d]
Seat 2: Mudager (big blind) showed [3d 3s] and won ($41.50) with two pair, Queens and Threes
Seat 6: kr.poker8029 (button) (small blind) showed [Jc Td] and lost with a pair of Queens


PokerStars Hand #150686318524:  Hold'em Limit ($3/$6 USD) - 2016/03/20 21:48:50 ET
Table 'Severny' 6-max Seat #2 is the button
Seat 2: Mudager ($146.38 in chips)
Seat 6: kr.poker8029 ($139.78 in chips)
Mudager: posts small blind $1
kr.poker8029: posts big blind $3
*** HOLE CARDS ***
Mudager: raises $3 to $6
kr.poker8029: folds
Uncalled bet ($3) returned to Mudager
Mudager collected $6 from pot
Mudager: doesn't show hand
*** SUMMARY ***
Total pot $6 | Rake $0
Seat 2: Mudager (button) (small blind) collected ($6)
Seat 6: kr.poker8029 (big blind) folded before Flop


PokerStars Hand #150686323374:  Hold'em Limit ($3/$6 USD) - 2016/03/20 21:49:00 ET
Table 'Severny' 6-max Seat #6 is the button
Seat 2: Mudager ($149.38 in chips)
Seat 6: kr.poker8029 ($136.78 in chips)
kr.poker8029: posts small blind $1
Mudager: posts big blind $3
*** HOLE CARDS ***
kr.poker8029: raises $3 to $6
Mudager: calls $3
*** FLOP *** [6c 8d Js]
Mudager: checks
kr.poker8029: bets $3
Mudager: folds
Uncalled bet ($3) returned to kr.poker8029
kr.poker8029 collected $11.76 from pot
*** SUMMARY ***
Total pot $12 | Rake $0.24
Board [6c 8d Js]
Seat 2: Mudager (big blind) folded on the Flop
Seat 6: kr.poker8029 (button) (small blind) collected ($11.76)


PokerStars Hand #150686332373:  Hold'em Limit ($3/$6 USD) - 2016/03/20 21:49:19 ET
Table 'Severny' 6-max Seat #2 is the button
Seat 2: Mudager ($143.38 in chips)
Seat 6: kr.poker8029 ($142.54 in chips)
Mudager: posts small blind $1
kr.poker8029: posts big blind $3
*** HOLE CARDS ***
Mudager: folds
Uncalled bet ($2) returned to kr.poker8029
kr.poker8029 collected $2 from pot
*** SUMMARY ***
Total pot $2 | Rake $0
Seat 2: Mudager (button) (small blind) folded before Flop
Seat 6: kr.poker8029 (big blind) collected ($2)


PokerStars Hand #150686335963:  Hold'em Limit ($3/$6 USD) - 2016/03/20 21:49:27 ET
Table 'Severny' 6-max Seat #6 is the button
Seat 2: Mudager ($142.38 in chips)
Seat 6: kr.poker8029 ($143.54 in chips)
kr.poker8029: posts small blind $1
Mudager: posts big blind $3
*** HOLE CARDS ***
kr.poker8029: folds
Uncalled bet ($2) returned to Mudager
Mudager collected $2 from pot
Mudager: doesn't show hand
*** SUMMARY ***
Total pot $2 | Rake $0
Seat 2: Mudager (big blind) collected ($2)
Seat 6: kr.poker8029 (button) (small blind) folded before Flop


PokerStars Hand #150686338792:  Hold'em Limit ($3/$6 USD) - 2016/03/20 21:49:33 ET
Table 'Severny' 6-max Seat #2 is the button
Seat 2: Mudager ($143.38 in chips)
Seat 6: kr.poker8029 ($142.54 in chips)
Mudager: posts small blind $1
kr.poker8029: posts big blind $3
*** HOLE CARDS ***
Mudager: raises $3 to $6
kr.poker8029: calls $3
*** FLOP *** [Ac Ks Ts]
kr.poker8029: checks
Mudager: bets $3
kr.poker8029: folds
Uncalled bet ($3) returned to Mudager
Mudager collected $11.76 from pot
Mudager: doesn't show hand
*** SUMMARY ***
Total pot $12 | Rake $0.24
Board [Ac Ks Ts]
Seat 2: Mudager (button) (small blind) collected ($11.76)
Seat 6: kr.poker8029 (big blind) folded on the Flop


PokerStars Hand #150686352618:  Hold'em Limit ($3/$6 USD) - 2016/03/20 21:50:03 ET
Table 'Severny' 6-max Seat #6 is the button
Seat 2: Mudager ($149.14 in chips)
Seat 6: kr.poker8029 ($136.54 in chips)
kr.poker8029: posts small blind $1
Mudager: posts big blind $3
*** HOLE CARDS ***
kr.poker8029: raises $3 to $6
Mudager: folds
Uncalled bet ($3) returned to kr.poker8029
kr.poker8029 collected $6 from pot
*** SUMMARY ***
Total pot $6 | Rake $0
Seat 2: Mudager (big blind) folded before Flop
Seat 6: kr.poker8029 (button) (small blind) collected ($6)


PokerStars Hand #150686358083:  Hold'em Limit ($3/$6 USD) - 2016/03/20 21:50:14 ET
Table 'Severny' 6-max Seat #2 is the button
Seat 2: Mudager ($146.14 in chips)
Seat 6: kr.poker8029 ($139.54 in chips)
Mudager: posts small blind $1
kr.poker8029: posts big blind $3
*** HOLE CARDS ***
Mudager: raises $3 to $6
kr.poker8029: calls $3
*** FLOP *** [Td 8c Jc]
kr.poker8029: checks
Mudager: bets $3
kr.poker8029: folds
Uncalled bet ($3) returned to Mudager
Mudager collected $11.76 from pot
Mudager: doesn't show hand
*** SUMMARY ***
Total pot $12 | Rake $0.24
Board [Td 8c Jc]
Seat 2: Mudager (button) (small blind) collected ($11.76)
Seat 6: kr.poker8029 (big blind) folded on the Flop


PokerStars Hand #150686366601:  Hold'em Limit ($3/$6 USD) - 2016/03/20 21:50:32 ET
Table 'Severny' 6-max Seat #6 is the button
Seat 2: Mudager ($151.90 in chips)
Seat 6: kr.poker8029 ($133.54 in chips)
kr.poker8029: posts small blind $1
Mudager: posts big blind $3
*** HOLE CARDS ***
kr.poker8029: calls $2
Mudager: checks
*** FLOP *** [3d Qs 5c]
Mudager: checks
kr.poker8029: bets $3
Mudager: calls $3
*** TURN *** [3d Qs 5c] [8c]
Mudager: checks
kr.poker8029: bets $6
Mudager: calls $6
*** RIVER *** [3d Qs 5c 8c] [7s]
Mudager: checks
kr.poker8029: bets $6
Mudager: raises $6 to $12
kr.poker8029: calls $6
*** SHOW DOWN ***
Mudager: shows [3c 7c] (two pair, Sevens and Threes)
kr.poker8029: mucks hand
Mudager collected $47.50 from pot
*** SUMMARY ***
Total pot $48 | Rake $0.50
Board [3d Qs 5c 8c 7s]
Seat 2: Mudager (big blind) showed [3c 7c] and won ($47.50) with two pair, Sevens and Threes
Seat 6: kr.poker8029 (button) (small blind) mucked


PokerStars Hand #150686385265:  Hold'em Limit ($3/$6 USD) - 2016/03/20 21:51:12 ET
Table 'Severny' 6-max Seat #2 is the button
Seat 2: Mudager ($175.40 in chips)
Seat 6: kr.poker8029 ($109.54 in chips)
Mudager: posts small blind $1
kr.poker8029: posts big blind $3
*** HOLE CARDS ***
Mudager: raises $3 to $6
kr.poker8029: calls $3
*** FLOP *** [8d 6s Kd]
kr.poker8029: checks
Mudager: bets $3
kr.poker8029: raises $3 to $6
Mudager: calls $3
*** TURN *** [8d 6s Kd] [6d]
kr.poker8029: bets $6
Mudager: calls $6
*** RIVER *** [8d 6s Kd 6d] [5s]
kr.poker8029: bets $6
Mudager: calls $6
*** SHOW DOWN ***
kr.poker8029: shows [3d 3s] (two pair, Sixes and Threes)
Mudager: shows [4c 4h] (two pair, Sixes and Fours)
Mudager collected $47.50 from pot
*** SUMMARY ***
Total pot $48 | Rake $0.50
Board [8d 6s Kd 6d 5s]
Seat 2: Mudager (button) (small blind) showed [4c 4h] and won ($47.50) with two pair, Sixes and Fours
Seat 6: kr.poker8029 (big blind) showed [3d 3s] and lost with two pair, Sixes and Threes


PokerStars Hand #150686400520:  Hold'em Limit ($3/$6 USD) - 2016/03/20 21:51:45 ET
Table 'Severny' 6-max Seat #2 is the button
Seat 2: Mudager ($199.90 in chips)
Seat 6: kr.poker8029 ($84.54 in chips)
Mudager: posts small blind $1
kr.poker8029: posts big blind $3
*** HOLE CARDS ***
Mudager: raises $3 to $6
kr.poker8029: folds
Uncalled bet ($3) returned to Mudager
Mudager collected $6 from pot
Mudager: doesn't show hand
*** SUMMARY ***
Total pot $6 | Rake $0
Seat 2: Mudager (button) (small blind) collected ($6)
Seat 6: kr.poker8029 (big blind) folded before Flop


PokerStars Hand #150686398147:  Hold'em Limit ($3/$6 USD) - 2016/03/20 21:51:40 ET
Table 'Severny' 6-max Seat #6 is the button
Seat 2: Mudager ($198.90 in chips)
Seat 6: kr.poker8029 ($85.54 in chips)
kr.poker8029: posts small blind $1
Mudager: posts big blind $3
*** HOLE CARDS ***
kr.poker8029: folds
Uncalled bet ($2) returned to Mudager
Mudager collected $2 from pot
Mudager: doesn't show hand
*** SUMMARY ***
Total pot $2 | Rake $0
Seat 2: Mudager (big blind) collected ($2)
Seat 6: kr.poker8029 (button) (small blind) folded before Flop


PokerStars Hand #150686404025:  Hold'em Limit ($3/$6 USD) - 2016/03/20 21:51:53 ET
Table 'Severny' 6-max Seat #6 is the button
Seat 2: Mudager ($202.90 in chips)
Seat 6: kr.poker8029 ($81.54 in chips)
kr.poker8029: posts small blind $1
Mudager: posts big blind $3
*** HOLE CARDS ***
kr.poker8029: raises $3 to $6
Mudager: calls $3
*** FLOP *** [2c Kh 7s]
Mudager: checks
kr.poker8029: bets $3
Mudager: folds
Uncalled bet ($3) returned to kr.poker8029
kr.poker8029 collected $11.76 from pot
*** SUMMARY ***
Total pot $12 | Rake $0.24
Board [2c Kh 7s]
Seat 2: Mudager (big blind) folded on the Flop
Seat 6: kr.poker8029 (button) (small blind) collected ($11.76)


PokerStars Hand #150686413318:  Hold'em Limit ($3/$6 USD) - 2016/03/20 21:52:13 ET
Table 'Severny' 6-max Seat #2 is the button
Seat 2: Mudager ($196.90 in chips)
Seat 6: kr.poker8029 ($87.30 in chips)
Mudager: posts small blind $1
kr.poker8029: posts big blind $3
*** HOLE CARDS ***
Mudager: raises $3 to $6
kr.poker8029: calls $3
*** FLOP *** [Ts 4c 3d]
kr.poker8029: checks
Mudager: bets $3
kr.poker8029: folds
Uncalled bet ($3) returned to Mudager
Mudager collected $11.76 from pot
Mudager: doesn't show hand
*** SUMMARY ***
Total pot $12 | Rake $0.24
Board [Ts 4c 3d]
Seat 2: Mudager (button) (small blind) collected ($11.76)
Seat 6: kr.poker8029 (big blind) folded on the Flop


PokerStars Hand #150686420972:  Hold'em Limit ($3/$6 USD) - 2016/03/20 21:52:29 ET
Table 'Severny' 6-max Seat #6 is the button
Seat 2: Mudager ($202.66 in chips)
Seat 6: kr.poker8029 ($81.30 in chips)
kr.poker8029: posts small blind $1
Mudager: posts big blind $3
*** HOLE CARDS ***
kr.poker8029: calls $2
Mudager: raises $3 to $6
kr.poker8029: calls $3
*** FLOP *** [Kc 7d 8d]
Mudager: bets $3
kr.poker8029: raises $3 to $6
Mudager: calls $3
*** TURN *** [Kc 7d 8d] [5s]
Mudager: checks
kr.poker8029: bets $6
Mudager: folds
Uncalled bet ($6) returned to kr.poker8029
kr.poker8029 collected $23.52 from pot
*** SUMMARY ***
Total pot $24 | Rake $0.48
Board [Kc 7d 8d 5s]
Seat 2: Mudager (big blind) folded on the Turn
Seat 6: kr.poker8029 (button) (small blind) collected ($23.52)


PokerStars Hand #150686430770:  Hold'em Limit ($3/$6 USD) - 2016/03/20 21:52:50 ET
Table 'Severny' 6-max Seat #2 is the button
Seat 2: Mudager ($190.66 in chips)
Seat 6: kr.poker8029 ($92.82 in chips)
Mudager: posts small blind $1
kr.poker8029: posts big blind $3
*** HOLE CARDS ***
Mudager: raises $3 to $6
kr.poker8029: calls $3
*** FLOP *** [Th Ac Qc]
kr.poker8029: checks
Mudager: bets $3
kr.poker8029: calls $3
*** TURN *** [Th Ac Qc] [9s]
kr.poker8029: checks
Mudager: bets $6
kr.poker8029: folds
Uncalled bet ($6) returned to Mudager
Mudager collected $17.64 from pot
Mudager: doesn't show hand
*** SUMMARY ***
Total pot $18 | Rake $0.36
Board [Th Ac Qc 9s]
Seat 2: Mudager (button) (small blind) collected ($17.64)
Seat 6: kr.poker8029 (big blind) folded on the Turn


PokerStars Hand #150686441723:  Hold'em Limit ($3/$6 USD) - 2016/03/20 21:53:14 ET
Table 'Severny' 6-max Seat #6 is the button
Seat 2: Mudager ($199.30 in chips)
Seat 6: kr.poker8029 ($83.82 in chips)
kr.poker8029: posts small blind $1
Mudager: posts big blind $3
*** HOLE CARDS ***
kr.poker8029: calls $2
Mudager: raises $3 to $6
kr.poker8029: calls $3
*** FLOP *** [7s 3c 4h]
Mudager: bets $3
kr.poker8029: calls $3
*** TURN *** [7s 3c 4h] [4c]
Mudager: bets $6
kr.poker8029: folds
Uncalled bet ($6) returned to Mudager
Mudager collected $17.64 from pot
Mudager: doesn't show hand
*** SUMMARY ***
Total pot $18 | Rake $0.36
Board [7s 3c 4h 4c]
Seat 2: Mudager (big blind) collected ($17.64)
Seat 6: kr.poker8029 (button) (small blind) folded on the Turn


PokerStars Hand #150686460930:  Hold'em Limit ($3/$6 USD) - 2016/03/20 21:53:55 ET
Table 'Severny' 6-max Seat #2 is the button
Seat 2: Mudager ($207.94 in chips)
Seat 6: kr.poker8029 ($74.82 in chips)
Mudager: posts small blind $1
kr.poker8029: posts big blind $3
*** HOLE CARDS ***
Mudager: raises $3 to $6
kr.poker8029: calls $3
*** FLOP *** [Td Ah 8c]
kr.poker8029: checks
Mudager: bets $3
kr.poker8029: folds
Uncalled bet ($3) returned to Mudager
Mudager collected $11.76 from pot
Mudager: doesn't show hand
*** SUMMARY ***
Total pot $12 | Rake $0.24
Board [Td Ah 8c]
Seat 2: Mudager (button) (small blind) collected ($11.76)
Seat 6: kr.poker8029 (big blind) folded on the Flop


PokerStars Hand #150686468099:  Hold'em Limit ($3/$6 USD) - 2016/03/20 21:54:11 ET
Table 'Severny' 6-max Seat #6 is the button
Seat 2: Mudager ($213.70 in chips)
Seat 6: kr.poker8029 ($68.82 in chips)
kr.poker8029: posts small blind $1
Mudager: posts big blind $3
*** HOLE CARDS ***
kr.poker8029: folds
Uncalled bet ($2) returned to Mudager
Mudager collected $2 from pot
Mudager: doesn't show hand
*** SUMMARY ***
Total pot $2 | Rake $0
Seat 2: Mudager (big blind) collected ($2)
Seat 6: kr.poker8029 (button) (small blind) folded before Flop


PokerStars Hand #150686475620:  Hold'em Limit ($3/$6 USD) - 2016/03/20 21:54:27 ET
Table 'Severny' 6-max Seat #6 is the button
Seat 2: Mudager ($217.70 in chips)
Seat 6: kr.poker8029 ($64.82 in chips)
kr.poker8029: posts small blind $1
Mudager: posts big blind $3
*** HOLE CARDS ***
kr.poker8029: folds
Uncalled bet ($2) returned to Mudager
Mudager collected $2 from pot
Mudager: doesn't show hand
*** SUMMARY ***
Total pot $2 | Rake $0
Seat 2: Mudager (big blind) collected ($2)
Seat 6: kr.poker8029 (button) (small blind) folded before Flop


PokerStars Hand #150686470449:  Hold'em Limit ($3/$6 USD) - 2016/03/20 21:54:16 ET
Table 'Severny' 6-max Seat #2 is the button
Seat 2: Mudager ($214.70 in chips)
Seat 6: kr.poker8029 ($67.82 in chips)
Mudager: posts small blind $1
kr.poker8029: posts big blind $3
*** HOLE CARDS ***
Mudager: raises $3 to $6
kr.poker8029: folds
Uncalled bet ($3) returned to Mudager
Mudager collected $6 from pot
Mudager: doesn't show hand
*** SUMMARY ***
Total pot $6 | Rake $0
Seat 2: Mudager (button) (small blind) collected ($6)
Seat 6: kr.poker8029 (big blind) folded before Flop


PokerStars Hand #150686478089:  Hold'em Limit ($3/$6 USD) - 2016/03/20 21:54:33 ET
Table 'Severny' 6-max Seat #2 is the button
Seat 2: Mudager ($218.70 in chips)
Seat 6: kr.poker8029 ($63.82 in chips)
Mudager: posts small blind $1
kr.poker8029: posts big blind $3
*** HOLE CARDS ***
Mudager: raises $3 to $6
kr.poker8029: raises $3 to $9
Mudager: calls $3
*** FLOP *** [8h Qs 2h]
kr.poker8029: bets $3
Mudager: calls $3
*** TURN *** [8h Qs 2h] [Jc]
kr.poker8029: bets $6
Mudager: folds
Uncalled bet ($6) returned to kr.poker8029
kr.poker8029 collected $23.52 from pot
*** SUMMARY ***
Total pot $24 | Rake $0.48
Board [8h Qs 2h Jc]
Seat 2: Mudager (button) (small blind) folded on the Turn
Seat 6: kr.poker8029 (big blind) collected ($23.52)


PokerStars Hand #150686490365:  Hold'em Limit ($3/$6 USD) - 2016/03/20 21:54:59 ET
Table 'Severny' 6-max Seat #6 is the button
Seat 2: Mudager ($206.70 in chips)
Seat 6: kr.poker8029 ($75.34 in chips)
kr.poker8029: posts small blind $1
Mudager: posts big blind $3
*** HOLE CARDS ***
kr.poker8029: calls $2
Mudager: checks
*** FLOP *** [9s Ks Qd]
Mudager: checks
kr.poker8029: bets $3
Mudager: folds
Uncalled bet ($3) returned to kr.poker8029
kr.poker8029 collected $5.88 from pot
*** SUMMARY ***
Total pot $6 | Rake $0.12
Board [9s Ks Qd]
Seat 2: Mudager (big blind) folded on the Flop
Seat 6: kr.poker8029 (button) (small blind) collected ($5.88)


PokerStars Hand #150686497380:  Hold'em Limit ($3/$6 USD) - 2016/03/20 21:55:16 ET
Table 'Severny' 6-max Seat #2 is the button
Seat 2: Mudager ($203.70 in chips)
Seat 6: kr.poker8029 ($78.22 in chips)
Mudager: posts small blind $1
kr.poker8029: posts big blind $3
*** HOLE CARDS ***
Mudager: raises $3 to $6
kr.poker8029: calls $3
*** FLOP *** [3h 7s Td]
kr.poker8029: checks
Mudager: bets $3
kr.poker8029: calls $3
*** TURN *** [3h 7s Td] [5h]
kr.poker8029: checks
Mudager: checks
*** RIVER *** [3h 7s Td 5h] [2d]
kr.poker8029: bets $6
Mudager: folds
Uncalled bet ($6) returned to kr.poker8029
kr.poker8029 collected $17.64 from pot
*** SUMMARY ***
Total pot $18 | Rake $0.36
Board [3h 7s Td 5h 2d]
Seat 2: Mudager (button) (small blind) folded on the River
Seat 6: kr.poker8029 (big blind) collected ($17.64)


PokerStars Hand #150686508598:  Hold'em Limit ($3/$6 USD) - 2016/03/20 21:55:46 ET
Table 'Severny' 6-max Seat #6 is the button
Seat 2: Mudager ($194.70 in chips)
Seat 6: kr.poker8029 ($86.86 in chips)
kr.poker8029: posts small blind $1
Mudager: posts big blind $3
*** HOLE CARDS ***
kr.poker8029: calls $2
Mudager: checks
*** FLOP *** [2s Kd 5h]
Mudager: checks
kr.poker8029: bets $3
Mudager: folds
Uncalled bet ($3) returned to kr.poker8029
kr.poker8029 collected $5.88 from pot
*** SUMMARY ***
Total pot $6 | Rake $0.12
Board [2s Kd 5h]
Seat 2: Mudager (big blind) folded on the Flop
Seat 6: kr.poker8029 (button) (small blind) collected ($5.88)


PokerStars Hand #150686514131:  Hold'em Limit ($3/$6 USD) - 2016/03/20 21:56:01 ET
Table 'Severny' 6-max Seat #2 is the button
Seat 2: Mudager ($191.70 in chips)
Seat 6: kr.poker8029 ($89.74 in chips)
Mudager: posts small blind $1
kr.poker8029: posts big blind $3
*** HOLE CARDS ***
Mudager: folds
Uncalled bet ($2) returned to kr.poker8029
kr.poker8029 collected $2 from pot
*** SUMMARY ***
Total pot $2 | Rake $0
Seat 2: Mudager (button) (small blind) folded before Flop
Seat 6: kr.poker8029 (big blind) collected ($2)


PokerStars Hand #150686516421:  Hold'em Limit ($3/$6 USD) - 2016/03/20 21:56:07 ET
Table 'Severny' 6-max Seat #6 is the button
Seat 2: Mudager ($190.70 in chips)
Seat 6: kr.poker8029 ($90.74 in chips)
kr.poker8029: posts small blind $1
Mudager: posts big blind $3
*** HOLE CARDS ***
kr.poker8029: raises $3 to $6
Mudager: raises $3 to $9
kr.poker8029: calls $3
*** FLOP *** [Qs Kh 5h]
Mudager: bets $3
kr.poker8029: calls $3
*** TURN *** [Qs Kh 5h] [Jh]
fabricio004 joins the table at seat #3
Mudager: bets $6
kr.poker8029: raises $6 to $12
Mudager: calls $6
*** RIVER *** [Qs Kh 5h Jh] [2s]
Mudager: checks
kr.poker8029: bets $6
Mudager: calls $6
*** SHOW DOWN ***
kr.poker8029: shows [Ah Qh] (a flush, Ace high)
Mudager: mucks hand
kr.poker8029 collected $59.50 from pot
*** SUMMARY ***
Total pot $60 | Rake $0.50
Board [Qs Kh 5h Jh 2s]
Seat 2: Mudager (big blind) mucked
Seat 6: kr.poker8029 (button) (small blind) showed [Ah Qh] and won ($59.50) with a flush, Ace high


