PokerStars Hand #172755556799:  Hold'em Limit ($3/$6 USD) - 2017/07/08 7:12:24 ET
Table 'Severny' 6-max Seat #4 is the button
Seat 4: MTails ($117 in chips)
Seat 6: cojo777 ($75.56 in chips)
MTails: posts small blind $1
cojo777: posts big blind $3
*** HOLE CARDS ***
MTails: raises $3 to $6
cojo777: raises $3 to $9
MTails: calls $3
*** FLOP *** [8c As 8s]
cojo777: bets $3
MTails: calls $3
*** TURN *** [8c As 8s] [8d]
cojo777: bets $6
MTails: raises $6 to $12
cojo777: raises $6 to $18
MTails: calls $6
*** RIVER *** [8c As 8s 8d] [5s]
cojo777: bets $6
MTails: calls $6
*** SHOW DOWN ***
cojo777: shows [Kc 8h] (four of a kind, Eights)
MTails: mucks hand
cojo777 collected $71.50 from pot
*** SUMMARY ***
Total pot $72 | Rake $0.50
Board [8c As 8s 8d 5s]
Seat 4: MTails (button) (small blind) mucked
Seat 6: cojo777 (big blind) showed [Kc 8h] and won ($71.50) with four of a kind, Eights


PokerStars Hand #172755553636:  Hold'em Limit ($3/$6 USD) - 2017/07/08 7:12:17 ET
Table 'Severny' 6-max Seat #6 is the button
Seat 4: MTails ($120 in chips)
Seat 6: cojo777 ($72.56 in chips)
cojo777: posts small blind $1
MTails: posts big blind $3
*** HOLE CARDS ***
cojo777: raises $3 to $6
MTails: folds
Uncalled bet ($3) returned to cojo777
cojo777 collected $6 from pot
cojo777: doesn't show hand
*** SUMMARY ***
Total pot $6 | Rake $0
Seat 4: MTails (big blind) folded before Flop
Seat 6: cojo777 (button) (small blind) collected ($6)


PokerStars Hand #172755581482:  Hold'em Limit ($3/$6 USD) - 2017/07/08 7:13:20 ET
Table 'Severny' 6-max Seat #4 is the button
Seat 4: MTails ($80.50 in chips)
Seat 6: cojo777 ($110.34 in chips)
MTails: posts small blind $1
cojo777: posts big blind $3
*** HOLE CARDS ***
MTails: folds
Uncalled bet ($2) returned to cojo777
cojo777 collected $2 from pot
cojo777: doesn't show hand
*** SUMMARY ***
Total pot $2 | Rake $0
Seat 4: MTails (button) (small blind) folded before Flop
Seat 6: cojo777 (big blind) collected ($2)


PokerStars Hand #172755576483:  Hold'em Limit ($3/$6 USD) - 2017/07/08 7:13:08 ET
Table 'Severny' 6-max Seat #6 is the button
Seat 4: MTails ($86.50 in chips)
Seat 6: cojo777 ($104.58 in chips)
cojo777: posts small blind $1
MTails: posts big blind $3
*** HOLE CARDS ***
cojo777: raises $3 to $6
MTails: calls $3
*** FLOP *** [2s 3h 3c]
MTails: checks
cojo777: bets $3
MTails: folds
Uncalled bet ($3) returned to cojo777
cojo777 collected $11.76 from pot
cojo777: doesn't show hand
*** SUMMARY ***
Total pot $12 | Rake $0.24
Board [2s 3h 3c]
Seat 4: MTails (big blind) folded on the Flop
Seat 6: cojo777 (button) (small blind) collected ($11.76)


PokerStars Hand #172755571029:  Hold'em Limit ($3/$6 USD) - 2017/07/08 7:12:56 ET
Table 'Severny' 6-max Seat #4 is the button
Seat 4: MTails ($98.50 in chips)
Seat 6: cojo777 ($93.06 in chips)
MTails: posts small blind $1
cojo777: posts big blind $3
*** HOLE CARDS ***
MTails: raises $3 to $6
cojo777: raises $3 to $9
MTails: calls $3
*** FLOP *** [4h Kh 6h]
cojo777: bets $3
MTails: calls $3
*** TURN *** [4h Kh 6h] [4d]
cojo777: bets $6
MTails: folds
Uncalled bet ($6) returned to cojo777
cojo777 collected $23.52 from pot
cojo777: doesn't show hand
*** SUMMARY ***
Total pot $24 | Rake $0.48
Board [4h Kh 6h 4d]
Seat 4: MTails (button) (small blind) folded on the Turn
Seat 6: cojo777 (big blind) collected ($23.52)


PokerStars Hand #172755564359:  Hold'em Limit ($3/$6 USD) - 2017/07/08 7:12:42 ET
Table 'Severny' 6-max Seat #6 is the button
Seat 4: MTails ($81 in chips)
Seat 6: cojo777 ($111.06 in chips)
cojo777: posts small blind $1
MTails: posts big blind $3
*** HOLE CARDS ***
cojo777: raises $3 to $6
MTails: raises $3 to $9
cojo777: calls $3
*** FLOP *** [As Jh 9h]
MTails: bets $3
cojo777: calls $3
*** TURN *** [As Jh 9h] [6s]
MTails: checks
cojo777: bets $6
MTails: calls $6
*** RIVER *** [As Jh 9h 6s] [6c]
MTails: checks
cojo777: checks
*** SHOW DOWN ***
MTails: shows [9s 5h] (two pair, Nines and Sixes)
cojo777: mucks hand
MTails collected $35.50 from pot
*** SUMMARY ***
Total pot $36 | Rake $0.50
Board [As Jh 9h 6s 6c]
Seat 4: MTails (big blind) showed [9s 5h] and won ($35.50) with two pair, Nines and Sixes
Seat 6: cojo777 (button) (small blind) mucked


PokerStars Hand #172755588824:  Hold'em Limit ($3/$6 USD) - 2017/07/08 7:13:36 ET
Table 'Severny' 6-max Seat #4 is the button
Seat 4: MTails ($85.26 in chips)
Seat 6: cojo777 ($105.34 in chips)
MTails: posts small blind $1
cojo777: posts big blind $3
*** HOLE CARDS ***
MTails: raises $3 to $6
cojo777: calls $3
*** FLOP *** [Jd 6h Qh]
cojo777: checks
MTails: bets $3
Auge72 joins the table at seat #2
cojo777: folds
Uncalled bet ($3) returned to MTails
MTails collected $11.76 from pot
*** SUMMARY ***
Total pot $12 | Rake $0.24
Board [Jd 6h Qh]
Seat 4: MTails (button) (small blind) collected ($11.76)
Seat 6: cojo777 (big blind) folded on the Flop


PokerStars Hand #172755584113:  Hold'em Limit ($3/$6 USD) - 2017/07/08 7:13:25 ET
Table 'Severny' 6-max Seat #6 is the button
Seat 4: MTails ($79.50 in chips)
Seat 6: cojo777 ($111.34 in chips)
cojo777: posts small blind $1
MTails: posts big blind $3
*** HOLE CARDS ***
cojo777: raises $3 to $6
MTails: calls $3
*** FLOP *** [Jd Jc 5c]
MTails: checks
cojo777: checks
*** TURN *** [Jd Jc 5c] [Kd]
MTails: bets $6
cojo777: folds
Uncalled bet ($6) returned to MTails
MTails collected $11.76 from pot
*** SUMMARY ***
Total pot $12 | Rake $0.24
Board [Jd Jc 5c Kd]
Seat 4: MTails (big blind) collected ($11.76)
Seat 6: cojo777 (button) (small blind) folded on the Turn


PokerStars Hand #172755827707:  Hold'em Limit ($3/$6 USD) - 2017/07/08 7:22:26 ET
Table 'Severny' 6-max Seat #2 is the button
Seat 2: Auge72 ($98.29 in chips)
Seat 4: MTails ($114.25 in chips)
Auge72: posts small blind $1
MTails: posts big blind $3
*** HOLE CARDS ***
Auge72: raises $3 to $6
MTails: raises $3 to $9
Auge72: raises $3 to $12
Betting is capped
MTails: calls $3
*** FLOP *** [2s 5d Th]
MTails: checks
Auge72: bets $3
MTails: calls $3
*** TURN *** [2s 5d Th] [5h]
MTails: checks
Auge72: bets $6
MTails: folds
Uncalled bet ($6) returned to Auge72
Auge72 collected $29.50 from pot
Auge72: doesn't show hand
*** SUMMARY ***
Total pot $30 | Rake $0.50
Board [2s 5d Th 5h]
Seat 2: Auge72 (button) (small blind) collected ($29.50)
Seat 4: MTails (big blind) folded on the Turn


PokerStars Hand #172755824622:  Hold'em Limit ($3/$6 USD) - 2017/07/08 7:22:19 ET
Table 'Severny' 6-max Seat #4 is the button
Seat 2: Auge72 ($97.29 in chips)
Seat 4: MTails ($115.25 in chips)
MTails: posts small blind $1
Auge72: posts big blind $3
*** HOLE CARDS ***
MTails: folds
Uncalled bet ($2) returned to Auge72
Auge72 collected $2 from pot
Auge72: doesn't show hand
*** SUMMARY ***
Total pot $2 | Rake $0
Seat 2: Auge72 (big blind) collected ($2)
Seat 4: MTails (button) (small blind) folded before Flop


PokerStars Hand #172755836031:  Hold'em Limit ($3/$6 USD) - 2017/07/08 7:22:44 ET
Table 'Severny' 6-max Seat #4 is the button
Seat 2: Auge72 ($112.79 in chips)
Seat 4: MTails ($99.25 in chips)
MTails: posts small blind $1
Auge72: posts big blind $3
*** HOLE CARDS ***
MTails: raises $3 to $6
Auge72: calls $3
*** FLOP *** [9h 7s 2h]
Auge72: checks
MTails: bets $3
Auge72: calls $3
*** TURN *** [9h 7s 2h] [2s]
Auge72: checks
MTails: bets $6
Auge72: calls $6
*** RIVER *** [9h 7s 2h 2s] [8d]
Auge72: checks
MTails: bets $6
Auge72: calls $6
*** SHOW DOWN ***
MTails: shows [8h Td] (two pair, Eights and Deuces)
Auge72: mucks hand
MTails collected $41.50 from pot
*** SUMMARY ***
Total pot $42 | Rake $0.50
Board [9h 7s 2h 2s 8d]
Seat 2: Auge72 (big blind) mucked
Seat 4: MTails (button) (small blind) showed [8h Td] and won ($41.50) with two pair, Eights and Deuces


PokerStars Hand #172755866914:  Hold'em Limit ($3/$6 USD) - 2017/07/08 7:23:52 ET
Table 'Severny' 6-max Seat #4 is the button
Seat 2: Auge72 ($126.45 in chips)
Seat 4: MTails ($83.75 in chips)
MTails: posts small blind $1
Auge72: posts big blind $3
*** HOLE CARDS ***
MTails: raises $3 to $6
Auge72: folds
Uncalled bet ($3) returned to MTails
MTails collected $6 from pot
*** SUMMARY ***
Total pot $6 | Rake $0
Seat 2: Auge72 (big blind) folded before Flop
Seat 4: MTails (button) (small blind) collected ($6)


PokerStars Hand #172755859137:  Hold'em Limit ($3/$6 USD) - 2017/07/08 7:23:35 ET
Table 'Severny' 6-max Seat #2 is the button
Seat 2: Auge72 ($111.95 in chips)
Seat 4: MTails ($98.75 in chips)
Auge72: posts small blind $1
MTails: posts big blind $3
*** HOLE CARDS ***
Auge72: raises $3 to $6
MTails: calls $3
*** FLOP *** [5c 3d 5h]
MTails: checks
Auge72: bets $3
MTails: calls $3
*** TURN *** [5c 3d 5h] [4h]
MTails: checks
Auge72: bets $6
MTails: calls $6
*** RIVER *** [5c 3d 5h 4h] [Kd]
MTails: checks
Auge72: bets $6
MTails: folds
Uncalled bet ($6) returned to Auge72
Auge72 collected $29.50 from pot
Auge72: doesn't show hand
*** SUMMARY ***
Total pot $30 | Rake $0.50
Board [5c 3d 5h 4h Kd]
Seat 2: Auge72 (button) (small blind) collected ($29.50)
Seat 4: MTails (big blind) folded on the River


PokerStars Hand #172755842632:  Hold'em Limit ($3/$6 USD) - 2017/07/08 7:22:59 ET
Table 'Severny' 6-max Seat #2 is the button
Seat 2: Auge72 ($91.79 in chips)
Seat 4: MTails ($119.75 in chips)
Auge72: posts small blind $1
MTails: posts big blind $3
*** HOLE CARDS ***
Auge72: raises $3 to $6
MTails: calls $3
*** FLOP *** [9c 9h Qd]
MTails: checks
Auge72: checks
*** TURN *** [9c 9h Qd] [6d]
MTails: checks
Auge72: checks
*** RIVER *** [9c 9h Qd 6d] [7s]
MTails: bets $6
Auge72: calls $6
*** SHOW DOWN ***
MTails: shows [5h Ts] (a pair of Nines)
Auge72: shows [7h 2h] (two pair, Nines and Sevens)
Auge72 collected $23.52 from pot
*** SUMMARY ***
Total pot $24 | Rake $0.48
Board [9c 9h Qd 6d 7s]
Seat 2: Auge72 (button) (small blind) showed [7h 2h] and won ($23.52) with two pair, Nines and Sevens
Seat 4: MTails (big blind) showed [5h Ts] and lost with a pair of Nines


PokerStars Hand #172755853324:  Hold'em Limit ($3/$6 USD) - 2017/07/08 7:23:22 ET
Table 'Severny' 6-max Seat #4 is the button
Seat 2: Auge72 ($103.31 in chips)
Seat 4: MTails ($107.75 in chips)
MTails: posts small blind $1
Auge72: posts big blind $3
*** HOLE CARDS ***
MTails: raises $3 to $6
Auge72: calls $3
*** FLOP *** [Ks 7h 2d]
Auge72: bets $3
MTails: calls $3
*** TURN *** [Ks 7h 2d] [2c]
Auge72: bets $6
MTails: folds
Uncalled bet ($6) returned to Auge72
Auge72 collected $17.64 from pot
Auge72: doesn't show hand
*** SUMMARY ***
Total pot $18 | Rake $0.36
Board [Ks 7h 2d 2c]
Seat 2: Auge72 (big blind) collected ($17.64)
Seat 4: MTails (button) (small blind) folded on the Turn


PokerStars Hand #172755883656:  Hold'em Limit ($3/$6 USD) - 2017/07/08 7:24:29 ET
Table 'Severny' 6-max Seat #4 is the button
Seat 2: Auge72 ($113.21 in chips)
Seat 4: MTails ($96.25 in chips)
MTails: posts small blind $1
Auge72: posts big blind $3
*** HOLE CARDS ***
MTails: raises $3 to $6
Auge72: calls $3
*** FLOP *** [Ks Tc 6s]
Auge72: checks
MTails: bets $3
Auge72: calls $3
*** TURN *** [Ks Tc 6s] [Qh]
Auge72: checks
MTails: bets $6
Auge72: folds
Uncalled bet ($6) returned to MTails
MTails collected $17.64 from pot
*** SUMMARY ***
Total pot $18 | Rake $0.36
Board [Ks Tc 6s Qh]
Seat 2: Auge72 (big blind) folded on the Turn
Seat 4: MTails (button) (small blind) collected ($17.64)


PokerStars Hand #172755869213:  Hold'em Limit ($3/$6 USD) - 2017/07/08 7:23:57 ET
Table 'Severny' 6-max Seat #2 is the button
Seat 2: Auge72 ($123.45 in chips)
Seat 4: MTails ($86.75 in chips)
Auge72: posts small blind $1
MTails: posts big blind $3
*** HOLE CARDS ***
Auge72: folds
Uncalled bet ($2) returned to MTails
MTails collected $2 from pot
*** SUMMARY ***
Total pot $2 | Rake $0
Seat 2: Auge72 (button) (small blind) folded before Flop
Seat 4: MTails (big blind) collected ($2)


PokerStars Hand #172755889329:  Hold'em Limit ($3/$6 USD) - 2017/07/08 7:24:41 ET
Table 'Severny' 6-max Seat #2 is the button
Seat 2: Auge72 ($104.21 in chips)
Seat 4: MTails ($104.89 in chips)
Auge72: posts small blind $1
MTails: posts big blind $3
*** HOLE CARDS ***
Auge72: raises $3 to $6
MTails: calls $3
*** FLOP *** [7c 5h 7d]
MTails: checks
Auge72: checks
*** TURN *** [7c 5h 7d] [8d]
MTails: bets $6
Auge72: calls $6
*** RIVER *** [7c 5h 7d 8d] [Tc]
MTails: checks
Auge72: checks
*** SHOW DOWN ***
MTails: shows [6s 5s] (two pair, Sevens and Fives)
Auge72: mucks hand
MTails collected $23.52 from pot
*** SUMMARY ***
Total pot $24 | Rake $0.48
Board [7c 5h 7d 8d Tc]
Seat 2: Auge72 (button) (small blind) mucked
Seat 4: MTails (big blind) showed [6s 5s] and won ($23.52) with two pair, Sevens and Fives


PokerStars Hand #172755871077:  Hold'em Limit ($3/$6 USD) - 2017/07/08 7:24:01 ET
Table 'Severny' 6-max Seat #4 is the button
Seat 2: Auge72 ($122.45 in chips)
Seat 4: MTails ($87.75 in chips)
MTails: posts small blind $1
Auge72: posts big blind $3
*** HOLE CARDS ***
MTails: raises $3 to $6
Auge72: calls $3
*** FLOP *** [Jd 7c 4s]
Auge72: checks
MTails: bets $3
Auge72: calls $3
*** TURN *** [Jd 7c 4s] [Qh]
Auge72: checks
MTails: bets $6
Auge72: calls $6
*** RIVER *** [Jd 7c 4s Qh] [Ad]
Auge72: checks
MTails: bets $6
Auge72: folds
Uncalled bet ($6) returned to MTails
MTails collected $29.50 from pot
*** SUMMARY ***
Total pot $30 | Rake $0.50
Board [Jd 7c 4s Qh Ad]
Seat 2: Auge72 (big blind) folded on the River
Seat 4: MTails (button) (small blind) collected ($29.50)


PokerStars Hand #172755877792:  Hold'em Limit ($3/$6 USD) - 2017/07/08 7:24:16 ET
Table 'Severny' 6-max Seat #2 is the button
Seat 2: Auge72 ($107.45 in chips)
Seat 4: MTails ($102.25 in chips)
Auge72: posts small blind $1
MTails: posts big blind $3
*** HOLE CARDS ***
Auge72: raises $3 to $6
MTails: calls $3
*** FLOP *** [Ks Qd 4h]
MTails: checks
Auge72: bets $3
MTails: folds
Uncalled bet ($3) returned to Auge72
Auge72 collected $11.76 from pot
Auge72: doesn't show hand
*** SUMMARY ***
Total pot $12 | Rake $0.24
Board [Ks Qd 4h]
Seat 2: Auge72 (button) (small blind) collected ($11.76)
Seat 4: MTails (big blind) folded on the Flop


PokerStars Hand #172755903545:  Hold'em Limit ($3/$6 USD) - 2017/07/08 7:25:12 ET
Table 'Severny' 6-max Seat #4 is the button
Seat 2: Auge72 ($98.97 in chips)
Seat 4: MTails ($109.41 in chips)
MTails: posts small blind $1
Auge72: posts big blind $3
*** HOLE CARDS ***
MTails: raises $3 to $6
Auge72: calls $3
*** FLOP *** [Ad Ac 7h]
Auge72: checks
MTails: bets $3
Auge72: calls $3
*** TURN *** [Ad Ac 7h] [5h]
Auge72: checks
MTails: bets $6
Auge72: calls $6
*** RIVER *** [Ad Ac 7h 5h] [Qd]
Auge72: checks
MTails: checks
*** SHOW DOWN ***
Auge72: shows [3c 3s] (two pair, Aces and Threes)
MTails: mucks hand
Auge72 collected $29.50 from pot
*** SUMMARY ***
Total pot $30 | Rake $0.50
Board [Ad Ac 7h 5h Qd]
Seat 2: Auge72 (big blind) showed [3c 3s] and won ($29.50) with two pair, Aces and Threes
Seat 4: MTails (button) (small blind) mucked


PokerStars Hand #172755913470:  Hold'em Limit ($3/$6 USD) - 2017/07/08 7:25:34 ET
Table 'Severny' 6-max Seat #4 is the button
Seat 2: Auge72 ($112.47 in chips)
Seat 4: MTails ($95.41 in chips)
MTails: posts small blind $1
Auge72: posts big blind $3
*** HOLE CARDS ***
MTails: folds
Uncalled bet ($2) returned to Auge72
Auge72 collected $2 from pot
Auge72: doesn't show hand
*** SUMMARY ***
Total pot $2 | Rake $0
Seat 2: Auge72 (big blind) collected ($2)
Seat 4: MTails (button) (small blind) folded before Flop


PokerStars Hand #172755911449:  Hold'em Limit ($3/$6 USD) - 2017/07/08 7:25:29 ET
Table 'Severny' 6-max Seat #2 is the button
Seat 2: Auge72 ($113.47 in chips)
Seat 4: MTails ($94.41 in chips)
Auge72: posts small blind $1
MTails: posts big blind $3
*** HOLE CARDS ***
Auge72: folds
Uncalled bet ($2) returned to MTails
MTails collected $2 from pot
*** SUMMARY ***
Total pot $2 | Rake $0
Seat 2: Auge72 (button) (small blind) folded before Flop
Seat 4: MTails (big blind) collected ($2)


PokerStars Hand #172755918151:  Hold'em Limit ($3/$6 USD) - 2017/07/08 7:25:44 ET
Table 'Severny' 6-max Seat #4 is the button
Seat 2: Auge72 ($112.47 in chips)
Seat 4: MTails ($95.41 in chips)
MTails: posts small blind $1
Auge72: posts big blind $3
*** HOLE CARDS ***
MTails: folds
Uncalled bet ($2) returned to Auge72
Auge72 collected $2 from pot
Auge72: doesn't show hand
*** SUMMARY ***
Total pot $2 | Rake $0
Seat 2: Auge72 (big blind) collected ($2)
Seat 4: MTails (button) (small blind) folded before Flop


PokerStars Hand #172755915985:  Hold'em Limit ($3/$6 USD) - 2017/07/08 7:25:39 ET
Table 'Severny' 6-max Seat #2 is the button
Seat 2: Auge72 ($113.47 in chips)
Seat 4: MTails ($94.41 in chips)
Auge72: posts small blind $1
MTails: posts big blind $3
*** HOLE CARDS ***
Auge72: folds
Uncalled bet ($2) returned to MTails
MTails collected $2 from pot
*** SUMMARY ***
Total pot $2 | Rake $0
Seat 2: Auge72 (button) (small blind) folded before Flop
Seat 4: MTails (big blind) collected ($2)


PokerStars Hand #172755899318:  Hold'em Limit ($3/$6 USD) - 2017/07/08 7:25:03 ET
Table 'Severny' 6-max Seat #2 is the button
Seat 2: Auge72 ($93.21 in chips)
Seat 4: MTails ($115.41 in chips)
Auge72: posts small blind $1
MTails: posts big blind $3
*** HOLE CARDS ***
Auge72: raises $3 to $6
MTails: calls $3
*** FLOP *** [8c Kc 2s]
MTails: checks
Auge72: bets $3
MTails: folds
Uncalled bet ($3) returned to Auge72
Auge72 collected $11.76 from pot
Auge72: doesn't show hand
*** SUMMARY ***
Total pot $12 | Rake $0.24
Board [8c Kc 2s]
Seat 2: Auge72 (button) (small blind) collected ($11.76)
Seat 4: MTails (big blind) folded on the Flop


PokerStars Hand #172755896669:  Hold'em Limit ($3/$6 USD) - 2017/07/08 7:24:57 ET
Table 'Severny' 6-max Seat #4 is the button
Seat 2: Auge72 ($92.21 in chips)
Seat 4: MTails ($116.41 in chips)
MTails: posts small blind $1
Auge72: posts big blind $3
*** HOLE CARDS ***
MTails: folds
Uncalled bet ($2) returned to Auge72
Auge72 collected $2 from pot
Auge72: doesn't show hand
*** SUMMARY ***
Total pot $2 | Rake $0
Seat 2: Auge72 (big blind) collected ($2)
Seat 4: MTails (button) (small blind) folded before Flop


PokerStars Hand #172755926836:  Hold'em Limit ($3/$6 USD) - 2017/07/08 7:26:03 ET
Table 'Severny' 6-max Seat #2 is the button
Seat 2: Auge72 ($106.47 in chips)
Seat 4: MTails ($101.17 in chips)
Auge72: posts small blind $1
MTails: posts big blind $3
*** HOLE CARDS ***
Auge72: folds
Uncalled bet ($2) returned to MTails
MTails collected $2 from pot
*** SUMMARY ***
Total pot $2 | Rake $0
Seat 2: Auge72 (button) (small blind) folded before Flop
Seat 4: MTails (big blind) collected ($2)


PokerStars Hand #172755922373:  Hold'em Limit ($3/$6 USD) - 2017/07/08 7:25:53 ET
Table 'Severny' 6-max Seat #4 is the button
Seat 2: Auge72 ($112.47 in chips)
Seat 4: MTails ($95.41 in chips)
MTails: posts small blind $1
Auge72: posts big blind $3
*** HOLE CARDS ***
MTails: raises $3 to $6
Auge72: calls $3
*** FLOP *** [Kh 9s 4c]
Auge72: checks
MTails: bets $3
Auge72: folds
Uncalled bet ($3) returned to MTails
MTails collected $11.76 from pot
*** SUMMARY ***
Total pot $12 | Rake $0.24
Board [Kh 9s 4c]
Seat 2: Auge72 (big blind) folded on the Flop
Seat 4: MTails (button) (small blind) collected ($11.76)


PokerStars Hand #172755947722:  Hold'em Limit ($3/$6 USD) - 2017/07/08 7:26:49 ET
Table 'Severny' 6-max Seat #4 is the button
Seat 2: Auge72 ($127.61 in chips)
Seat 4: MTails ($79.17 in chips)
MTails: posts small blind $1
Auge72: posts big blind $3
*** HOLE CARDS ***
MTails: raises $3 to $6
Auge72: folds
Uncalled bet ($3) returned to MTails
MTails collected $6 from pot
MTails: doesn't show hand
*** SUMMARY ***
Total pot $6 | Rake $0
Seat 2: Auge72 (big blind) folded before Flop
Seat 4: MTails (button) (small blind) collected ($6)


PokerStars Hand #172755928961:  Hold'em Limit ($3/$6 USD) - 2017/07/08 7:26:08 ET
Table 'Severny' 6-max Seat #4 is the button
Seat 2: Auge72 ($105.47 in chips)
Seat 4: MTails ($102.17 in chips)
MTails: posts small blind $1
Auge72: posts big blind $3
*** HOLE CARDS ***
MTails: raises $3 to $6
Auge72: folds
Uncalled bet ($3) returned to MTails
MTails collected $6 from pot
*** SUMMARY ***
Total pot $6 | Rake $0
Seat 2: Auge72 (big blind) folded before Flop
Seat 4: MTails (button) (small blind) collected ($6)


PokerStars Hand #172755931272:  Hold'em Limit ($3/$6 USD) - 2017/07/08 7:26:13 ET
Table 'Severny' 6-max Seat #2 is the button
Seat 2: Auge72 ($102.47 in chips)
Seat 4: MTails ($105.17 in chips)
Auge72: posts small blind $1
MTails: posts big blind $3
*** HOLE CARDS ***
Auge72: raises $3 to $6
MTails: calls $3
*** FLOP *** [5h 3h 7s]
MTails: checks
Auge72: bets $3
MTails: calls $3
*** TURN *** [5h 3h 7s] [6s]
MTails: checks
Auge72: checks
*** RIVER *** [5h 3h 7s 6s] [6c]
MTails: checks
Auge72: checks
*** SHOW DOWN ***
MTails: shows [Qc 9d] (a pair of Sixes)
Auge72: shows [Kh Jh] (a pair of Sixes - King kicker)
Auge72 collected $17.64 from pot
*** SUMMARY ***
Total pot $18 | Rake $0.36
Board [5h 3h 7s 6s 6c]
Seat 2: Auge72 (button) (small blind) showed [Kh Jh] and won ($17.64) with a pair of Sixes
Seat 4: MTails (big blind) showed [Qc 9d] and lost with a pair of Sixes


PokerStars Hand #172755945560:  Hold'em Limit ($3/$6 USD) - 2017/07/08 7:26:44 ET
Table 'Severny' 6-max Seat #2 is the button
Seat 2: Auge72 ($128.61 in chips)
Seat 4: MTails ($78.17 in chips)
Auge72: posts small blind $1
MTails: posts big blind $3
*** HOLE CARDS ***
Auge72: folds
Uncalled bet ($2) returned to MTails
MTails collected $2 from pot
*** SUMMARY ***
Total pot $2 | Rake $0
Seat 2: Auge72 (button) (small blind) folded before Flop
Seat 4: MTails (big blind) collected ($2)


PokerStars Hand #172755937949:  Hold'em Limit ($3/$6 USD) - 2017/07/08 7:26:27 ET
Table 'Severny' 6-max Seat #4 is the button
Seat 2: Auge72 ($111.11 in chips)
Seat 4: MTails ($96.17 in chips)
MTails: posts small blind $1
Auge72: posts big blind $3
*** HOLE CARDS ***
MTails: raises $3 to $6
Auge72: calls $3
*** FLOP *** [5c Td As]
Auge72: bets $3
MTails: raises $3 to $6
Auge72: calls $3
*** TURN *** [5c Td As] [6h]
Auge72: checks
MTails: bets $6
Auge72: calls $6
*** RIVER *** [5c Td As 6h] [7d]
Auge72: checks
MTails: checks
*** SHOW DOWN ***
Auge72: shows [Ac 3h] (a pair of Aces)
MTails: mucks hand
Auge72 collected $35.50 from pot
*** SUMMARY ***
Total pot $36 | Rake $0.50
Board [5c Td As 6h 7d]
Seat 2: Auge72 (big blind) showed [Ac 3h] and won ($35.50) with a pair of Aces
Seat 4: MTails (button) (small blind) mucked


PokerStars Hand #172755952266:  Hold'em Limit ($3/$6 USD) - 2017/07/08 7:26:58 ET
Table 'Severny' 6-max Seat #4 is the button
Seat 2: Auge72 ($123.61 in chips)
Seat 4: MTails ($83.17 in chips)
MTails: posts small blind $1
Auge72: posts big blind $3
*** HOLE CARDS ***
MTails: raises $3 to $6
Auge72: calls $3
*** FLOP *** [8c 6d Kc]
Auge72: checks
MTails: bets $3
Auge72: calls $3
*** TURN *** [8c 6d Kc] [Qs]
Auge72: checks
MTails: bets $6
Auge72: calls $6
*** RIVER *** [8c 6d Kc Qs] [2c]
Auge72: checks
MTails: checks
*** SHOW DOWN ***
Auge72: shows [8d Ts] (a pair of Eights)
MTails: mucks hand
Auge72 collected $29.50 from pot
*** SUMMARY ***
Total pot $30 | Rake $0.50
Board [8c 6d Kc Qs 2c]
Seat 2: Auge72 (big blind) showed [8d Ts] and won ($29.50) with a pair of Eights
Seat 4: MTails (button) (small blind) mucked


