PokerStars Hand #148381670960:  Hold'em Limit ($3/$6 USD) - 2016/02/07 6:38:43 ET
Table 'Sextans III' 6-max Seat #2 is the button
Seat 1: matei1509 ($45 in chips)
Seat 2: BelSv ($78 in chips)
BelSv: posts small blind $1
TbIP-TbIP 88 has timed out
TbIP-TbIP 88: is sitting out
matei1509: posts big blind $3
*** HOLE CARDS ***
BelSv: raises $3 to $6
matei1509: folds
Uncalled bet ($3) returned to BelSv
BelSv collected $6 from pot
BelSv: doesn't show hand
*** SUMMARY ***
Total pot $6 | Rake $0
Seat 1: matei1509 (big blind) folded before Flop
Seat 2: BelSv (button) (small blind) collected ($6)


PokerStars Hand #148381761193:  Hold'em Limit ($3/$6 USD) - 2016/02/07 6:41:14 ET
Table 'Sextans III' 6-max Seat #5 is the button
Seat 1: matei1509 ($57.16 in chips)
Seat 5: rompers1978 ($115.43 in chips)
rompers1978: posts small blind $1
matei1509: posts big blind $3
*** HOLE CARDS ***
rompers1978: raises $3 to $6
matei1509: calls $3
*** FLOP *** [3c 4c Ks]
matei1509: checks
rompers1978: bets $3
matei1509: folds
Uncalled bet ($3) returned to rompers1978
rompers1978 collected $11.76 from pot
rompers1978: doesn't show hand
*** SUMMARY ***
Total pot $12 | Rake $0.24
Board [3c 4c Ks]
Seat 1: matei1509 (big blind) folded on the Flop
Seat 5: rompers1978 (button) (small blind) collected ($11.76)


PokerStars Hand #148381768214:  Hold'em Limit ($3/$6 USD) - 2016/02/07 6:41:26 ET
Table 'Sextans III' 6-max Seat #1 is the button
Seat 1: matei1509 ($51.16 in chips)
Seat 5: rompers1978 ($121.19 in chips)
matei1509: posts small blind $1
rompers1978: posts big blind $3
*** HOLE CARDS ***
matei1509: folds
Uncalled bet ($2) returned to rompers1978
rompers1978 collected $2 from pot
rompers1978: doesn't show hand
*** SUMMARY ***
Total pot $2 | Rake $0
Seat 1: matei1509 (button) (small blind) folded before Flop
Seat 5: rompers1978 (big blind) collected ($2)


PokerStars Hand #148381772224:  Hold'em Limit ($3/$6 USD) - 2016/02/07 6:41:33 ET
Table 'Sextans III' 6-max Seat #5 is the button
Seat 1: matei1509 ($50.16 in chips)
Seat 5: rompers1978 ($122.19 in chips)
rompers1978: posts small blind $1
matei1509: posts big blind $3
*** HOLE CARDS ***
rompers1978: raises $3 to $6
matei1509: raises $3 to $9
rompers1978: calls $3
*** FLOP *** [3d 5d Js]
matei1509: bets $3
rompers1978: folds
Uncalled bet ($3) returned to matei1509
matei1509 collected $17.64 from pot
matei1509: doesn't show hand
*** SUMMARY ***
Total pot $18 | Rake $0.36
Board [3d 5d Js]
Seat 1: matei1509 (big blind) collected ($17.64)
Seat 5: rompers1978 (button) (small blind) folded on the Flop


PokerStars Hand #148381753176:  Hold'em Limit ($3/$6 USD) - 2016/02/07 6:41:01 ET
Table 'Sextans III' 6-max Seat #1 is the button
Seat 1: matei1509 ($48.52 in chips)
Seat 5: rompers1978 ($124.43 in chips)
matei1509: posts small blind $1
BelSv: is sitting out
rompers1978: posts big blind $3
*** HOLE CARDS ***
matei1509: raises $3 to $6
rompers1978: calls $3
*** FLOP *** [4c 9s 2d]
rompers1978: checks
matei1509: bets $3
rompers1978: calls $3
*** TURN *** [4c 9s 2d] [7c]
rompers1978: checks
matei1509: bets $6
rompers1978: folds
Uncalled bet ($6) returned to matei1509
matei1509 collected $17.64 from pot
matei1509: doesn't show hand
*** SUMMARY ***
Total pot $18 | Rake $0.36
Board [4c 9s 2d 7c]
Seat 1: matei1509 (button) (small blind) collected ($17.64)
Seat 5: rompers1978 (big blind) folded on the Turn


PokerStars Hand #148381778723:  Hold'em Limit ($3/$6 USD) - 2016/02/07 6:41:44 ET
Table 'Sextans III' 6-max Seat #1 is the button
Seat 1: matei1509 ($58.80 in chips)
Seat 5: rompers1978 ($113.19 in chips)
matei1509: posts small blind $1
rompers1978: posts big blind $3
*** HOLE CARDS ***
matei1509: raises $3 to $6
rompers1978: calls $3
*** FLOP *** [9d 4c 6s]
rompers1978: checks
matei1509: checks
*** TURN *** [9d 4c 6s] [Qc]
rompers1978: checks
matei1509: bets $6
rompers1978: folds
Uncalled bet ($6) returned to matei1509
matei1509 collected $11.76 from pot
matei1509: doesn't show hand
*** SUMMARY ***
Total pot $12 | Rake $0.24
Board [9d 4c 6s Qc]
Seat 1: matei1509 (button) (small blind) collected ($11.76)
Seat 5: rompers1978 (big blind) folded on the Turn


PokerStars Hand #148381786304:  Hold'em Limit ($3/$6 USD) - 2016/02/07 6:41:56 ET
Table 'Sextans III' 6-max Seat #5 is the button
Seat 1: matei1509 ($64.56 in chips)
Seat 5: rompers1978 ($107.19 in chips)
rompers1978: posts small blind $1
matei1509: posts big blind $3
*** HOLE CARDS ***
rompers1978: raises $3 to $6
matei1509: calls $3
*** FLOP *** [Ts 6h 9c]
matei1509: checks
rompers1978: bets $3
matei1509: calls $3
*** TURN *** [Ts 6h 9c] [Jh]
matei1509: checks
rompers1978: bets $6
matei1509: calls $6
*** RIVER *** [Ts 6h 9c Jh] [9h]
matei1509: checks
rompers1978: checks
*** SHOW DOWN ***
matei1509: shows [Td Ad] (two pair, Tens and Nines)
rompers1978: mucks hand
matei1509 collected $29.50 from pot
*** SUMMARY ***
Total pot $30 | Rake $0.50
Board [Ts 6h 9c Jh 9h]
Seat 1: matei1509 (big blind) showed [Td Ad] and won ($29.50) with two pair, Tens and Nines
Seat 5: rompers1978 (button) (small blind) mucked


PokerStars Hand #148382148833:  Hold'em Limit ($3/$6 USD) - 2016/02/07 6:51:36 ET
Table 'Sextans III' 6-max Seat #5 is the button
Seat 2: BelSv ($170.53 in chips)
Seat 5: rompers1978 ($87.35 in chips)
rompers1978: posts small blind $1
BelSv: posts big blind $3
*** HOLE CARDS ***
matei1509 leaves the table
rompers1978: folds
Uncalled bet ($2) returned to BelSv
BelSv collected $2 from pot
BelSv: doesn't show hand
*** SUMMARY ***
Total pot $2 | Rake $0
Seat 2: BelSv (big blind) collected ($2)
Seat 5: rompers1978 (button) (small blind) folded before Flop


