PokerStars Hand #169218352286:  Hold'em Limit ($3/$6 USD) - 2017/04/18 12:08:49 ET
Table 'Sextans II' 6-max Seat #4 is the button
Seat 3: Bertfan44 ($64.76 in chips)
Seat 4: B_loJkl ($173.29 in chips)
B_loJkl: posts small blind $1
GoliafUa: is sitting out
Bertfan44: posts big blind $3
*** HOLE CARDS ***
B_loJkl: raises $3 to $6
Bertfan44: calls $3
*** FLOP *** [9c 8s 2c]
GoliafUa leaves the table
Bertfan44: checks
B_loJkl: bets $3
Bertfan44: calls $3
*** TURN *** [9c 8s 2c] [Qc]
Bertfan44: checks
B_loJkl: bets $6
Bertfan44: calls $6
*** RIVER *** [9c 8s 2c Qc] [2s]
Bertfan44: checks
B_loJkl: bets $6
Bertfan44: folds
Uncalled bet ($6) returned to B_loJkl
B_loJkl collected $29.50 from pot
B_loJkl: doesn't show hand
*** SUMMARY ***
Total pot $30 | Rake $0.50
Board [9c 8s 2c Qc 2s]
Seat 3: Bertfan44 (big blind) folded on the River
Seat 4: B_loJkl (button) (small blind) collected ($29.50)


PokerStars Hand #169218376649:  Hold'em Limit ($3/$6 USD) - 2017/04/18 12:09:23 ET
Table 'Sextans II' 6-max Seat #3 is the button
Seat 3: Bertfan44 ($49.76 in chips)
Seat 4: B_loJkl ($187.79 in chips)
Bertfan44: posts small blind $1
B_loJkl: posts big blind $3
*** HOLE CARDS ***
Bertfan44: raises $3 to $6
B_loJkl: calls $3
*** FLOP *** [3c 4s 7d]
B_loJkl: checks
Bertfan44: bets $3
B_loJkl: calls $3
*** TURN *** [3c 4s 7d] [8d]
B_loJkl: checks
Bertfan44: checks
*** RIVER *** [3c 4s 7d 8d] [7h]
B_loJkl: bets $6
Bertfan44: calls $6
*** SHOW DOWN ***
B_loJkl: shows [Qd As] (a pair of Sevens)
Bertfan44: shows [Ks Ac] (a pair of Sevens - Ace+King kicker)
Bertfan44 collected $29.50 from pot
*** SUMMARY ***
Total pot $30 | Rake $0.50
Board [3c 4s 7d 8d 7h]
Seat 3: Bertfan44 (button) (small blind) showed [Ks Ac] and won ($29.50) with a pair of Sevens
Seat 4: B_loJkl (big blind) showed [Qd As] and lost with a pair of Sevens


PokerStars Hand #169218412096:  Hold'em Limit ($3/$6 USD) - 2017/04/18 12:10:11 ET
Table 'Sextans II' 6-max Seat #4 is the button
Seat 3: Bertfan44 ($64.26 in chips)
Seat 4: B_loJkl ($172.79 in chips)
B_loJkl: posts small blind $1
Bertfan44: posts big blind $3
*** HOLE CARDS ***
B_loJkl: raises $3 to $6
Bertfan44: calls $3
*** FLOP *** [4d Td 7h]
Bertfan44: bets $3
B_loJkl: raises $3 to $6
Bertfan44: calls $3
*** TURN *** [4d Td 7h] [Js]
Bertfan44: checks
B_loJkl: bets $6
Bertfan44: calls $6
*** RIVER *** [4d Td 7h Js] [Kc]
Bertfan44: checks
B_loJkl: bets $6
Bertfan44: calls $6
*** SHOW DOWN ***
B_loJkl: shows [Ad Ts] (a pair of Tens)
Bertfan44: mucks hand
B_loJkl collected $47.50 from pot
*** SUMMARY ***
Total pot $48 | Rake $0.50
Board [4d Td 7h Js Kc]
Seat 3: Bertfan44 (big blind) mucked
Seat 4: B_loJkl (button) (small blind) showed [Ad Ts] and won ($47.50) with a pair of Tens


PokerStars Hand #169218429958:  Hold'em Limit ($3/$6 USD) - 2017/04/18 12:10:36 ET
Table 'Sextans II' 6-max Seat #3 is the button
Seat 3: Bertfan44 ($40.26 in chips)
Seat 4: B_loJkl ($196.29 in chips)
Bertfan44: posts small blind $1
B_loJkl: posts big blind $3
*** HOLE CARDS ***
Bertfan44: folds
Uncalled bet ($2) returned to B_loJkl
B_loJkl collected $2 from pot
B_loJkl: doesn't show hand
*** SUMMARY ***
Total pot $2 | Rake $0
Seat 3: Bertfan44 (button) (small blind) folded before Flop
Seat 4: B_loJkl (big blind) collected ($2)


PokerStars Hand #169218433517:  Hold'em Limit ($3/$6 USD) - 2017/04/18 12:10:40 ET
Table 'Sextans II' 6-max Seat #4 is the button
Seat 3: Bertfan44 ($39.26 in chips)
Seat 4: B_loJkl ($197.29 in chips)
B_loJkl: posts small blind $1
Bertfan44: posts big blind $3
*** HOLE CARDS ***
B_loJkl: raises $3 to $6
Bertfan44: calls $3
*** FLOP *** [5c Jd 9c]
Bertfan44: checks
B_loJkl: bets $3
Bertfan44: calls $3
*** TURN *** [5c Jd 9c] [2c]
Bertfan44: checks
B_loJkl: checks
*** RIVER *** [5c Jd 9c 2c] [8c]
Bertfan44: checks
B_loJkl: bets $6
Bertfan44: calls $6
*** SHOW DOWN ***
B_loJkl: shows [4c Ts] (a flush, Nine high)
Bertfan44: mucks hand
B_loJkl collected $29.50 from pot
*** SUMMARY ***
Total pot $30 | Rake $0.50
Board [5c Jd 9c 2c 8c]
Seat 3: Bertfan44 (big blind) mucked
Seat 4: B_loJkl (button) (small blind) showed [4c Ts] and won ($29.50) with a flush, Nine high


PokerStars Hand #169218448625:  Hold'em Limit ($3/$6 USD) - 2017/04/18 12:11:01 ET
Table 'Sextans II' 6-max Seat #3 is the button
Seat 3: Bertfan44 ($24.26 in chips)
Seat 4: B_loJkl ($211.79 in chips)
Bertfan44: posts small blind $1
B_loJkl: posts big blind $3
*** HOLE CARDS ***
Bertfan44: folds
Uncalled bet ($2) returned to B_loJkl
B_loJkl collected $2 from pot
B_loJkl: doesn't show hand
*** SUMMARY ***
Total pot $2 | Rake $0
Seat 3: Bertfan44 (button) (small blind) folded before Flop
Seat 4: B_loJkl (big blind) collected ($2)


PokerStars Hand #169218458322:  Hold'em Limit ($3/$6 USD) - 2017/04/18 12:11:14 ET
Table 'Sextans II' 6-max Seat #4 is the button
Seat 3: Bertfan44 ($23.26 in chips)
Seat 4: B_loJkl ($212.79 in chips)
B_loJkl: posts small blind $1
Bertfan44: posts big blind $3
*** HOLE CARDS ***
B_loJkl: folds
Uncalled bet ($2) returned to Bertfan44
Bertfan44 collected $2 from pot
Bertfan44: doesn't show hand
*** SUMMARY ***
Total pot $2 | Rake $0
Seat 3: Bertfan44 (big blind) collected ($2)
Seat 4: B_loJkl (button) (small blind) folded before Flop


PokerStars Hand #169218462651:  Hold'em Limit ($3/$6 USD) - 2017/04/18 12:11:20 ET
Table 'Sextans II' 6-max Seat #3 is the button
Seat 3: Bertfan44 ($24.26 in chips)
Seat 4: B_loJkl ($211.79 in chips)
Bertfan44: posts small blind $1
B_loJkl: posts big blind $3
*** HOLE CARDS ***
Bertfan44: raises $3 to $6
B_loJkl: calls $3
*** FLOP *** [6h Jd 3c]
B_loJkl: checks
Bertfan44: bets $3
B_loJkl: calls $3
*** TURN *** [6h Jd 3c] [Qc]
B_loJkl: checks
Bertfan44: bets $6
B_loJkl: folds
Uncalled bet ($6) returned to Bertfan44
Bertfan44 collected $17.64 from pot
Bertfan44: doesn't show hand
*** SUMMARY ***
Total pot $18 | Rake $0.36
Board [6h Jd 3c Qc]
Seat 3: Bertfan44 (button) (small blind) collected ($17.64)
Seat 4: B_loJkl (big blind) folded on the Turn


PokerStars Hand #169218485428:  Hold'em Limit ($3/$6 USD) - 2017/04/18 12:11:51 ET
Table 'Sextans II' 6-max Seat #4 is the button
Seat 3: Bertfan44 ($76.50 in chips)
Seat 4: B_loJkl ($202.79 in chips)
B_loJkl: posts small blind $1
Bertfan44: posts big blind $3
*** HOLE CARDS ***
B_loJkl: raises $3 to $6
Bertfan44: calls $3
*** FLOP *** [Kc 6d 4d]
Bertfan44: checks
B_loJkl: bets $3
Bertfan44: calls $3
*** TURN *** [Kc 6d 4d] [3d]
Bertfan44: checks
B_loJkl: checks
*** RIVER *** [Kc 6d 4d 3d] [Ad]
Bertfan44: checks
B_loJkl: checks
*** SHOW DOWN ***
Bertfan44: shows [5s Ac] (a pair of Aces)
B_loJkl: mucks hand
Bertfan44 collected $17.64 from pot
*** SUMMARY ***
Total pot $18 | Rake $0.36
Board [Kc 6d 4d 3d Ad]
Seat 3: Bertfan44 (big blind) showed [5s Ac] and won ($17.64) with a pair of Aces
Seat 4: B_loJkl (button) (small blind) mucked


PokerStars Hand #169218505969:  Hold'em Limit ($3/$6 USD) - 2017/04/18 12:12:20 ET
Table 'Sextans II' 6-max Seat #3 is the button
Seat 3: Bertfan44 ($85.14 in chips)
Seat 4: B_loJkl ($193.79 in chips)
Bertfan44: posts small blind $1
B_loJkl: posts big blind $3
*** HOLE CARDS ***
Bertfan44: folds
Uncalled bet ($2) returned to B_loJkl
B_loJkl collected $2 from pot
B_loJkl: doesn't show hand
*** SUMMARY ***
Total pot $2 | Rake $0
Seat 3: Bertfan44 (button) (small blind) folded before Flop
Seat 4: B_loJkl (big blind) collected ($2)


PokerStars Hand #169218509513:  Hold'em Limit ($3/$6 USD) - 2017/04/18 12:12:25 ET
Table 'Sextans II' 6-max Seat #4 is the button
Seat 3: Bertfan44 ($84.14 in chips)
Seat 4: B_loJkl ($194.79 in chips)
B_loJkl: posts small blind $1
Bertfan44: posts big blind $3
*** HOLE CARDS ***
B_loJkl: raises $3 to $6
Bertfan44: calls $3
*** FLOP *** [9s Td 7d]
Bertfan44: checks
B_loJkl: checks
*** TURN *** [9s Td 7d] [3d]
Bertfan44: bets $6
B_loJkl: calls $6
*** RIVER *** [9s Td 7d 3d] [4s]
Bertfan44: bets $6
B_loJkl: folds
Uncalled bet ($6) returned to Bertfan44
Bertfan44 collected $23.52 from pot
Bertfan44: doesn't show hand
*** SUMMARY ***
Total pot $24 | Rake $0.48
Board [9s Td 7d 3d 4s]
Seat 3: Bertfan44 (big blind) collected ($23.52)
Seat 4: B_loJkl (button) (small blind) folded on the River


PokerStars Hand #169218528042:  Hold'em Limit ($3/$6 USD) - 2017/04/18 12:12:50 ET
Table 'Sextans II' 6-max Seat #4 is the button
Seat 3: Bertfan44 ($94.66 in chips)
Seat 4: B_loJkl ($183.79 in chips)
B_loJkl: posts small blind $1
Bertfan44: posts big blind $3
*** HOLE CARDS ***
B_loJkl: folds
Uncalled bet ($2) returned to Bertfan44
Bertfan44 collected $2 from pot
Bertfan44: doesn't show hand
*** SUMMARY ***
Total pot $2 | Rake $0
Seat 3: Bertfan44 (big blind) collected ($2)
Seat 4: B_loJkl (button) (small blind) folded before Flop


PokerStars Hand #169218524492:  Hold'em Limit ($3/$6 USD) - 2017/04/18 12:12:45 ET
Table 'Sextans II' 6-max Seat #3 is the button
Seat 3: Bertfan44 ($95.66 in chips)
Seat 4: B_loJkl ($182.79 in chips)
Bertfan44: posts small blind $1
B_loJkl: posts big blind $3
*** HOLE CARDS ***
Bertfan44: folds
Uncalled bet ($2) returned to B_loJkl
B_loJkl collected $2 from pot
B_loJkl: doesn't show hand
*** SUMMARY ***
Total pot $2 | Rake $0
Seat 3: Bertfan44 (button) (small blind) folded before Flop
Seat 4: B_loJkl (big blind) collected ($2)


PokerStars Hand #169218532541:  Hold'em Limit ($3/$6 USD) - 2017/04/18 12:12:56 ET
Table 'Sextans II' 6-max Seat #3 is the button
Seat 3: Bertfan44 ($95.66 in chips)
Seat 4: B_loJkl ($182.79 in chips)
Bertfan44: posts small blind $1
B_loJkl: posts big blind $3
*** HOLE CARDS ***
Bertfan44: folds
Uncalled bet ($2) returned to B_loJkl
B_loJkl collected $2 from pot
B_loJkl: doesn't show hand
*** SUMMARY ***
Total pot $2 | Rake $0
Seat 3: Bertfan44 (button) (small blind) folded before Flop
Seat 4: B_loJkl (big blind) collected ($2)


PokerStars Hand #169218536043:  Hold'em Limit ($3/$6 USD) - 2017/04/18 12:13:01 ET
Table 'Sextans II' 6-max Seat #4 is the button
Seat 3: Bertfan44 ($94.66 in chips)
Seat 4: B_loJkl ($183.79 in chips)
B_loJkl: posts small blind $1
Bertfan44: posts big blind $3
*** HOLE CARDS ***
B_loJkl: raises $3 to $6
Bertfan44: calls $3
*** FLOP *** [4d 3h 8s]
Bertfan44: bets $3
B_loJkl: calls $3
*** TURN *** [4d 3h 8s] [5s]
Bertfan44: bets $6
B_loJkl: folds
Uncalled bet ($6) returned to Bertfan44
Bertfan44 collected $17.64 from pot
Bertfan44: doesn't show hand
*** SUMMARY ***
Total pot $18 | Rake $0.36
Board [4d 3h 8s 5s]
Seat 3: Bertfan44 (big blind) collected ($17.64)
Seat 4: B_loJkl (button) (small blind) folded on the Turn


PokerStars Hand #169218546576:  Hold'em Limit ($3/$6 USD) - 2017/04/18 12:13:16 ET
Table 'Sextans II' 6-max Seat #3 is the button
Seat 3: Bertfan44 ($103.30 in chips)
Seat 4: B_loJkl ($174.79 in chips)
Bertfan44: posts small blind $1
B_loJkl: posts big blind $3
*** HOLE CARDS ***
Bertfan44: raises $3 to $6
B_loJkl: calls $3
*** FLOP *** [Ad Js As]
B_loJkl: checks
Bertfan44: bets $3
B_loJkl: calls $3
*** TURN *** [Ad Js As] [3s]
B_loJkl: checks
Bertfan44: bets $6
B_loJkl: calls $6
*** RIVER *** [Ad Js As 3s] [Qh]
B_loJkl: checks
Bertfan44: checks
*** SHOW DOWN ***
B_loJkl: shows [Jc 5s] (two pair, Aces and Jacks)
Bertfan44: mucks hand
B_loJkl collected $29.50 from pot
*** SUMMARY ***
Total pot $30 | Rake $0.50
Board [Ad Js As 3s Qh]
Seat 3: Bertfan44 (button) (small blind) mucked
Seat 4: B_loJkl (big blind) showed [Jc 5s] and won ($29.50) with two pair, Aces and Jacks


PokerStars Hand #169218569941:  Hold'em Limit ($3/$6 USD) - 2017/04/18 12:13:48 ET
Table 'Sextans II' 6-max Seat #4 is the button
Seat 3: Bertfan44 ($88.30 in chips)
Seat 4: B_loJkl ($189.29 in chips)
B_loJkl: posts small blind $1
Bertfan44: posts big blind $3
*** HOLE CARDS ***
B_loJkl: raises $3 to $6
Bertfan44: calls $3
*** FLOP *** [Ah 2s 6d]
Bertfan44: checks
B_loJkl: bets $3
Bertfan44: folds
Uncalled bet ($3) returned to B_loJkl
B_loJkl collected $11.76 from pot
B_loJkl: doesn't show hand
*** SUMMARY ***
Total pot $12 | Rake $0.24
Board [Ah 2s 6d]
Seat 3: Bertfan44 (big blind) folded on the Flop
Seat 4: B_loJkl (button) (small blind) collected ($11.76)


PokerStars Hand #169218579052:  Hold'em Limit ($3/$6 USD) - 2017/04/18 12:14:00 ET
Table 'Sextans II' 6-max Seat #3 is the button
Seat 3: Bertfan44 ($82.30 in chips)
Seat 4: B_loJkl ($195.05 in chips)
Bertfan44: posts small blind $1
B_loJkl: posts big blind $3
*** HOLE CARDS ***
Bertfan44: raises $3 to $6
B_loJkl: calls $3
*** FLOP *** [9h 2h Qs]
B_loJkl: checks
Bertfan44: bets $3
B_loJkl: raises $3 to $6
Bertfan44: calls $3
*** TURN *** [9h 2h Qs] [3c]
B_loJkl: bets $6
Bertfan44: calls $6
*** RIVER *** [9h 2h Qs 3c] [2s]
B_loJkl: checks
Bertfan44: bets $6
B_loJkl: folds
Uncalled bet ($6) returned to Bertfan44
Bertfan44 collected $35.50 from pot
Bertfan44: doesn't show hand
*** SUMMARY ***
Total pot $36 | Rake $0.50
Board [9h 2h Qs 3c 2s]
Seat 3: Bertfan44 (button) (small blind) collected ($35.50)
Seat 4: B_loJkl (big blind) folded on the River


PokerStars Hand #169218600388:  Hold'em Limit ($3/$6 USD) - 2017/04/18 12:14:29 ET
Table 'Sextans II' 6-max Seat #3 is the button
Seat 3: Bertfan44 ($100.80 in chips)
Seat 4: B_loJkl ($176.05 in chips)
Bertfan44: posts small blind $1
B_loJkl: posts big blind $3
*** HOLE CARDS ***
Bertfan44: folds
Uncalled bet ($2) returned to B_loJkl
B_loJkl collected $2 from pot
B_loJkl: doesn't show hand
*** SUMMARY ***
Total pot $2 | Rake $0
Seat 3: Bertfan44 (button) (small blind) folded before Flop
Seat 4: B_loJkl (big blind) collected ($2)


PokerStars Hand #169218597089:  Hold'em Limit ($3/$6 USD) - 2017/04/18 12:14:25 ET
Table 'Sextans II' 6-max Seat #4 is the button
Seat 3: Bertfan44 ($99.80 in chips)
Seat 4: B_loJkl ($177.05 in chips)
B_loJkl: posts small blind $1
Bertfan44: posts big blind $3
*** HOLE CARDS ***
B_loJkl: folds
Uncalled bet ($2) returned to Bertfan44
Bertfan44 collected $2 from pot
Bertfan44: doesn't show hand
*** SUMMARY ***
Total pot $2 | Rake $0
Seat 3: Bertfan44 (big blind) collected ($2)
Seat 4: B_loJkl (button) (small blind) folded before Flop


PokerStars Hand #169218604312:  Hold'em Limit ($3/$6 USD) - 2017/04/18 12:14:35 ET
Table 'Sextans II' 6-max Seat #4 is the button
Seat 3: Bertfan44 ($99.80 in chips)
Seat 4: B_loJkl ($177.05 in chips)
B_loJkl: posts small blind $1
Bertfan44: posts big blind $3
*** HOLE CARDS ***
B_loJkl: raises $3 to $6
Bertfan44: calls $3
*** FLOP *** [Kc As 4s]
Bertfan44: checks
B_loJkl: bets $3
Bertfan44: raises $3 to $6
B_loJkl: calls $3
*** TURN *** [Kc As 4s] [Jh]
Bertfan44: checks
B_loJkl: bets $6
Bertfan44: raises $6 to $12
B_loJkl: calls $6
*** RIVER *** [Kc As 4s Jh] [2d]
Bertfan44: checks
B_loJkl: bets $6
Bertfan44: folds
Uncalled bet ($6) returned to B_loJkl
B_loJkl collected $47.50 from pot
B_loJkl: doesn't show hand
*** SUMMARY ***
Total pot $48 | Rake $0.50
Board [Kc As 4s Jh 2d]
Seat 3: Bertfan44 (big blind) folded on the River
Seat 4: B_loJkl (button) (small blind) collected ($47.50)


PokerStars Hand #169218626639:  Hold'em Limit ($3/$6 USD) - 2017/04/18 12:15:05 ET
Table 'Sextans II' 6-max Seat #3 is the button
Seat 3: Bertfan44 ($75.80 in chips)
Seat 4: B_loJkl ($200.55 in chips)
Bertfan44: posts small blind $1
B_loJkl: posts big blind $3
*** HOLE CARDS ***
Bertfan44: folds
Uncalled bet ($2) returned to B_loJkl
B_loJkl collected $2 from pot
B_loJkl: doesn't show hand
*** SUMMARY ***
Total pot $2 | Rake $0
Seat 3: Bertfan44 (button) (small blind) folded before Flop
Seat 4: B_loJkl (big blind) collected ($2)


PokerStars Hand #169218630487:  Hold'em Limit ($3/$6 USD) - 2017/04/18 12:15:11 ET
Table 'Sextans II' 6-max Seat #4 is the button
Seat 3: Bertfan44 ($74.80 in chips)
Seat 4: B_loJkl ($201.55 in chips)
B_loJkl: posts small blind $1
Bertfan44: posts big blind $3
*** HOLE CARDS ***
B_loJkl: raises $3 to $6
Bertfan44: calls $3
*** FLOP *** [2d Qd 9s]
Bertfan44: checks
B_loJkl: bets $3
Bertfan44: folds
Uncalled bet ($3) returned to B_loJkl
B_loJkl collected $11.76 from pot
B_loJkl: doesn't show hand
*** SUMMARY ***
Total pot $12 | Rake $0.24
Board [2d Qd 9s]
Seat 3: Bertfan44 (big blind) folded on the Flop
Seat 4: B_loJkl (button) (small blind) collected ($11.76)


PokerStars Hand #169218639863:  Hold'em Limit ($3/$6 USD) - 2017/04/18 12:15:24 ET
Table 'Sextans II' 6-max Seat #3 is the button
Seat 3: Bertfan44 ($68.80 in chips)
Seat 4: B_loJkl ($207.31 in chips)
Bertfan44: posts small blind $1
B_loJkl: posts big blind $3
*** HOLE CARDS ***
Bertfan44: folds
Uncalled bet ($2) returned to B_loJkl
B_loJkl collected $2 from pot
B_loJkl: doesn't show hand
*** SUMMARY ***
Total pot $2 | Rake $0
Seat 3: Bertfan44 (button) (small blind) folded before Flop
Seat 4: B_loJkl (big blind) collected ($2)


PokerStars Hand #169218643596:  Hold'em Limit ($3/$6 USD) - 2017/04/18 12:15:29 ET
Table 'Sextans II' 6-max Seat #4 is the button
Seat 3: Bertfan44 ($67.80 in chips)
Seat 4: B_loJkl ($208.31 in chips)
B_loJkl: posts small blind $1
Bertfan44: posts big blind $3
*** HOLE CARDS ***
B_loJkl: raises $3 to $6
Bertfan44: calls $3
*** FLOP *** [5d 2s 6h]
Bertfan44: checks
B_loJkl: bets $3
Bertfan44: calls $3
*** TURN *** [5d 2s 6h] [6c]
Bertfan44: checks
B_loJkl: checks
*** RIVER *** [5d 2s 6h 6c] [Jd]
Bertfan44: bets $6
B_loJkl: folds
Uncalled bet ($6) returned to Bertfan44
Bertfan44 collected $17.64 from pot
Bertfan44: doesn't show hand
*** SUMMARY ***
Total pot $18 | Rake $0.36
Board [5d 2s 6h 6c Jd]
Seat 3: Bertfan44 (big blind) collected ($17.64)
Seat 4: B_loJkl (button) (small blind) folded on the River


PokerStars Hand #169218660223:  Hold'em Limit ($3/$6 USD) - 2017/04/18 12:15:52 ET
Table 'Sextans II' 6-max Seat #3 is the button
Seat 3: Bertfan44 ($76.44 in chips)
Seat 4: B_loJkl ($199.31 in chips)
Bertfan44: posts small blind $1
B_loJkl: posts big blind $3
*** HOLE CARDS ***
Bertfan44: raises $3 to $6
B_loJkl: calls $3
*** FLOP *** [4d 3c As]
B_loJkl: checks
Bertfan44: bets $3
B_loJkl: calls $3
*** TURN *** [4d 3c As] [7d]
B_loJkl: checks
Bertfan44: bets $6
B_loJkl: calls $6
*** RIVER *** [4d 3c As 7d] [9d]
B_loJkl: checks
Bertfan44: checks
*** SHOW DOWN ***
B_loJkl: shows [Jh 5s] (high card Ace)
Bertfan44: shows [6d Ks] (high card Ace - King kicker)
Bertfan44 collected $29.50 from pot
*** SUMMARY ***
Total pot $30 | Rake $0.50
Board [4d 3c As 7d 9d]
Seat 3: Bertfan44 (button) (small blind) showed [6d Ks] and won ($29.50) with high card Ace
Seat 4: B_loJkl (big blind) showed [Jh 5s] and lost with high card Ace


PokerStars Hand #169218676110:  Hold'em Limit ($3/$6 USD) - 2017/04/18 12:16:14 ET
Table 'Sextans II' 6-max Seat #4 is the button
Seat 3: Bertfan44 ($90.94 in chips)
Seat 4: B_loJkl ($184.31 in chips)
B_loJkl: posts small blind $1
Bertfan44: posts big blind $3
*** HOLE CARDS ***
B_loJkl: raises $3 to $6
Bertfan44: calls $3
*** FLOP *** [Ad 2d 5s]
Bertfan44: bets $3
B_loJkl: calls $3
*** TURN *** [Ad 2d 5s] [4h]
Bertfan44: bets $6
B_loJkl: calls $6
*** RIVER *** [Ad 2d 5s 4h] [2h]
Bertfan44: bets $6
B_loJkl: folds
Uncalled bet ($6) returned to Bertfan44
Bertfan44 collected $29.50 from pot
Bertfan44: doesn't show hand
*** SUMMARY ***
Total pot $30 | Rake $0.50
Board [Ad 2d 5s 4h 2h]
Seat 3: Bertfan44 (big blind) collected ($29.50)
Seat 4: B_loJkl (button) (small blind) folded on the River


PokerStars Hand #169218689446:  Hold'em Limit ($3/$6 USD) - 2017/04/18 12:16:32 ET
Table 'Sextans II' 6-max Seat #3 is the button
Seat 3: Bertfan44 ($105.44 in chips)
Seat 4: B_loJkl ($169.31 in chips)
Bertfan44: posts small blind $1
B_loJkl: posts big blind $3
*** HOLE CARDS ***
Bertfan44: raises $3 to $6
B_loJkl: calls $3
*** FLOP *** [9s 8d 2s]
B_loJkl: checks
Bertfan44: bets $3
B_loJkl: calls $3
*** TURN *** [9s 8d 2s] [3h]
B_loJkl: checks
Bertfan44: bets $6
B_loJkl: calls $6
*** RIVER *** [9s 8d 2s 3h] [7s]
B_loJkl: checks
Bertfan44: checks
*** SHOW DOWN ***
B_loJkl: shows [As Qd] (high card Ace)
Bertfan44: shows [Jh 8h] (a pair of Eights)
Bertfan44 collected $29.50 from pot
*** SUMMARY ***
Total pot $30 | Rake $0.50
Board [9s 8d 2s 3h 7s]
Seat 3: Bertfan44 (button) (small blind) showed [Jh 8h] and won ($29.50) with a pair of Eights
Seat 4: B_loJkl (big blind) showed [As Qd] and lost with high card Ace


PokerStars Hand #169218730054:  Hold'em Limit ($3/$6 USD) - 2017/04/18 12:17:28 ET
Table 'Sextans II' 6-max Seat #3 is the button
Seat 3: Bertfan44 ($110.58 in chips)
Seat 4: B_loJkl ($162.81 in chips)
Bertfan44: posts small blind $1
B_loJkl: posts big blind $3
*** HOLE CARDS ***
Bertfan44: raises $3 to $6
B_loJkl: calls $3
*** FLOP *** [9s 7h Td]
B_loJkl: checks
Bertfan44: checks
*** TURN *** [9s 7h Td] [Qs]
B_loJkl: bets $6
Bertfan44: folds
Uncalled bet ($6) returned to B_loJkl
B_loJkl collected $11.76 from pot
B_loJkl: doesn't show hand
*** SUMMARY ***
Total pot $12 | Rake $0.24
Board [9s 7h Td Qs]
Seat 3: Bertfan44 (button) (small blind) folded on the Turn
Seat 4: B_loJkl (big blind) collected ($11.76)


PokerStars Hand #169218748531:  Hold'em Limit ($3/$6 USD) - 2017/04/18 12:17:53 ET
Table 'Sextans II' 6-max Seat #3 is the button
Seat 3: Bertfan44 ($98.58 in chips)
Seat 4: B_loJkl ($174.33 in chips)
Bertfan44: posts small blind $1
B_loJkl: posts big blind $3
*** HOLE CARDS ***
Bertfan44: folds
Uncalled bet ($2) returned to B_loJkl
B_loJkl collected $2 from pot
B_loJkl: doesn't show hand
*** SUMMARY ***
Total pot $2 | Rake $0
Seat 3: Bertfan44 (button) (small blind) folded before Flop
Seat 4: B_loJkl (big blind) collected ($2)


PokerStars Hand #169218738578:  Hold'em Limit ($3/$6 USD) - 2017/04/18 12:17:39 ET
Table 'Sextans II' 6-max Seat #4 is the button
Seat 3: Bertfan44 ($104.58 in chips)
Seat 4: B_loJkl ($168.57 in chips)
B_loJkl: posts small blind $1
Bertfan44: posts big blind $3
*** HOLE CARDS ***
B_loJkl: raises $3 to $6
Bertfan44: calls $3
*** FLOP *** [5d Jh Qh]
Bertfan44: checks
B_loJkl: checks
*** TURN *** [5d Jh Qh] [4d]
Bertfan44: checks
B_loJkl: bets $6
Bertfan44: folds
Uncalled bet ($6) returned to B_loJkl
B_loJkl collected $11.76 from pot
B_loJkl: doesn't show hand
*** SUMMARY ***
Total pot $12 | Rake $0.24
Board [5d Jh Qh 4d]
Seat 3: Bertfan44 (big blind) folded on the Turn
Seat 4: B_loJkl (button) (small blind) collected ($11.76)


PokerStars Hand #169218701749:  Hold'em Limit ($3/$6 USD) - 2017/04/18 12:16:49 ET
Table 'Sextans II' 6-max Seat #4 is the button
Seat 3: Bertfan44 ($119.94 in chips)
Seat 4: B_loJkl ($154.31 in chips)
B_loJkl: posts small blind $1
Bertfan44: posts big blind $3
*** HOLE CARDS ***
B_loJkl: raises $3 to $6
Bertfan44: calls $3
*** FLOP *** [8s 7h 6c]
Bertfan44: bets $3
B_loJkl: calls $3
*** TURN *** [8s 7h 6c] [As]
Bertfan44: checks
B_loJkl: checks
*** RIVER *** [8s 7h 6c As] [7c]
Bertfan44: checks
B_loJkl: checks
*** SHOW DOWN ***
Bertfan44: shows [Ks 6d] (two pair, Sevens and Sixes)
B_loJkl: mucks hand
Bertfan44 collected $17.64 from pot
*** SUMMARY ***
Total pot $18 | Rake $0.36
Board [8s 7h 6c As 7c]
Seat 3: Bertfan44 (big blind) showed [Ks 6d] and won ($17.64) with two pair, Sevens and Sixes
Seat 4: B_loJkl (button) (small blind) mucked


PokerStars Hand #169218725857:  Hold'em Limit ($3/$6 USD) - 2017/04/18 12:17:22 ET
Table 'Sextans II' 6-max Seat #4 is the button
Seat 3: Bertfan44 ($113.58 in chips)
Seat 4: B_loJkl ($159.81 in chips)
B_loJkl: posts small blind $1
Bertfan44: posts big blind $3
*** HOLE CARDS ***
B_loJkl: raises $3 to $6
Bertfan44: folds
Uncalled bet ($3) returned to B_loJkl
B_loJkl collected $6 from pot
B_loJkl: doesn't show hand
*** SUMMARY ***
Total pot $6 | Rake $0
Seat 3: Bertfan44 (big blind) folded before Flop
Seat 4: B_loJkl (button) (small blind) collected ($6)


PokerStars Hand #169218713691:  Hold'em Limit ($3/$6 USD) - 2017/04/18 12:17:05 ET
Table 'Sextans II' 6-max Seat #3 is the button
Seat 3: Bertfan44 ($128.58 in chips)
Seat 4: B_loJkl ($145.31 in chips)
Bertfan44: posts small blind $1
B_loJkl: posts big blind $3
*** HOLE CARDS ***
Bertfan44: raises $3 to $6
B_loJkl: calls $3
*** FLOP *** [3c 4d As]
B_loJkl: checks
Bertfan44: bets $3
B_loJkl: raises $3 to $6
Bertfan44: raises $3 to $9
B_loJkl: calls $3
*** TURN *** [3c 4d As] [2h]
B_loJkl: bets $6
Bertfan44: folds
Uncalled bet ($6) returned to B_loJkl
B_loJkl collected $29.50 from pot
B_loJkl: doesn't show hand
*** SUMMARY ***
Total pot $30 | Rake $0.50
Board [3c 4d As 2h]
Seat 3: Bertfan44 (button) (small blind) folded on the Turn
Seat 4: B_loJkl (big blind) collected ($29.50)


PokerStars Hand #169218775478:  Hold'em Limit ($3/$6 USD) - 2017/04/18 12:18:30 ET
Table 'Sextans II' 6-max Seat #3 is the button
Seat 3: Bertfan44 ($76.58 in chips)
Seat 4: B_loJkl ($195.83 in chips)
Bertfan44: posts small blind $1
B_loJkl: posts big blind $3
*** HOLE CARDS ***
Bertfan44: raises $3 to $6
B_loJkl: folds
Uncalled bet ($3) returned to Bertfan44
Bertfan44 collected $6 from pot
Bertfan44: doesn't show hand
*** SUMMARY ***
Total pot $6 | Rake $0
Seat 3: Bertfan44 (button) (small blind) collected ($6)
Seat 4: B_loJkl (big blind) folded before Flop


PokerStars Hand #169218759923:  Hold'em Limit ($3/$6 USD) - 2017/04/18 12:18:09 ET
Table 'Sextans II' 6-max Seat #4 is the button
Seat 3: Bertfan44 ($97.58 in chips)
Seat 4: B_loJkl ($175.33 in chips)
B_loJkl: posts small blind $1
Bertfan44: posts big blind $3
*** HOLE CARDS ***
B_loJkl: raises $3 to $6
Bertfan44: calls $3
*** FLOP *** [Td 3c Ah]
Bertfan44: bets $3
B_loJkl: calls $3
*** TURN *** [Td 3c Ah] [9s]
Bertfan44: checks
B_loJkl: bets $6
Bertfan44: calls $6
*** RIVER *** [Td 3c Ah 9s] [8s]
Bertfan44: checks
B_loJkl: bets $6
Bertfan44: calls $6
*** SHOW DOWN ***
B_loJkl: shows [Js 7s] (a straight, Seven to Jack)
Bertfan44: mucks hand
B_loJkl collected $41.50 from pot
*** SUMMARY ***
Total pot $42 | Rake $0.50
Board [Td 3c Ah 9s 8s]
Seat 3: Bertfan44 (big blind) mucked
Seat 4: B_loJkl (button) (small blind) showed [Js 7s] and won ($41.50) with a straight, Seven to Jack


PokerStars Hand #169218756299:  Hold'em Limit ($3/$6 USD) - 2017/04/18 12:18:04 ET
Table 'Sextans II' 6-max Seat #3 is the button
Seat 3: Bertfan44 ($98.58 in chips)
Seat 4: B_loJkl ($174.33 in chips)
Bertfan44: posts small blind $1
B_loJkl: posts big blind $3
*** HOLE CARDS ***
Bertfan44: folds
Uncalled bet ($2) returned to B_loJkl
B_loJkl collected $2 from pot
B_loJkl: doesn't show hand
*** SUMMARY ***
Total pot $2 | Rake $0
Seat 3: Bertfan44 (button) (small blind) folded before Flop
Seat 4: B_loJkl (big blind) collected ($2)


PokerStars Hand #169218752268:  Hold'em Limit ($3/$6 USD) - 2017/04/18 12:17:58 ET
Table 'Sextans II' 6-max Seat #4 is the button
Seat 3: Bertfan44 ($97.58 in chips)
Seat 4: B_loJkl ($175.33 in chips)
B_loJkl: posts small blind $1
Bertfan44: posts big blind $3
*** HOLE CARDS ***
B_loJkl: folds
Uncalled bet ($2) returned to Bertfan44
Bertfan44 collected $2 from pot
Bertfan44: doesn't show hand
*** SUMMARY ***
Total pot $2 | Rake $0
Seat 3: Bertfan44 (big blind) collected ($2)
Seat 4: B_loJkl (button) (small blind) folded before Flop


PokerStars Hand #169218819578:  Hold'em Limit ($3/$6 USD) - 2017/04/18 12:19:30 ET
Table 'Sextans II' 6-max Seat #4 is the button
Seat 3: Bertfan44 ($97.08 in chips)
Seat 4: B_loJkl ($174.83 in chips)
B_loJkl: posts small blind $1
Bertfan44: posts big blind $3
*** HOLE CARDS ***
B_loJkl: raises $3 to $6
Bertfan44: calls $3
*** FLOP *** [Ts 7d 3c]
Bertfan44: checks
B_loJkl: bets $3
Bertfan44: calls $3
*** TURN *** [Ts 7d 3c] [8s]
Bertfan44: checks
B_loJkl: bets $6
Bertfan44: raises $6 to $12
B_loJkl: calls $6
*** RIVER *** [Ts 7d 3c 8s] [3d]
Bertfan44: bets $6
B_loJkl: raises $6 to $12
Bertfan44: raises $6 to $18
B_loJkl: calls $6
*** SHOW DOWN ***
Bertfan44: shows [8c 3s] (a full house, Threes full of Eights)
B_loJkl: mucks hand
Bertfan44 collected $77.50 from pot
*** SUMMARY ***
Total pot $78 | Rake $0.50
Board [Ts 7d 3c 8s 3d]
Seat 3: Bertfan44 (big blind) showed [8c 3s] and won ($77.50) with a full house, Threes full of Eights
Seat 4: B_loJkl (button) (small blind) mucked


PokerStars Hand #169218812703:  Hold'em Limit ($3/$6 USD) - 2017/04/18 12:19:21 ET
Table 'Sextans II' 6-max Seat #3 is the button
Seat 3: Bertfan44 ($94.08 in chips)
Seat 4: B_loJkl ($177.83 in chips)
Bertfan44: posts small blind $1
B_loJkl: posts big blind $3
*** HOLE CARDS ***
Bertfan44: raises $3 to $6
B_loJkl: folds
Uncalled bet ($3) returned to Bertfan44
Bertfan44 collected $6 from pot
Bertfan44: doesn't show hand
*** SUMMARY ***
Total pot $6 | Rake $0
Seat 3: Bertfan44 (button) (small blind) collected ($6)
Seat 4: B_loJkl (big blind) folded before Flop


PokerStars Hand #169218785419:  Hold'em Limit ($3/$6 USD) - 2017/04/18 12:18:43 ET
Table 'Sextans II' 6-max Seat #4 is the button
Seat 3: Bertfan44 ($79.58 in chips)
Seat 4: B_loJkl ($192.83 in chips)
B_loJkl: posts small blind $1
Bertfan44: posts big blind $3
*** HOLE CARDS ***
B_loJkl: raises $3 to $6
Bertfan44: calls $3
*** FLOP *** [Ts Ks 6d]
Bertfan44: checks
B_loJkl: bets $3
Bertfan44: calls $3
*** TURN *** [Ts Ks 6d] [Qh]
Bertfan44: checks
B_loJkl: bets $6
Bertfan44: raises $6 to $12
B_loJkl: folds
Uncalled bet ($6) returned to Bertfan44
Bertfan44 collected $29.50 from pot
Bertfan44: doesn't show hand
*** SUMMARY ***
Total pot $30 | Rake $0.50
Board [Ts Ks 6d Qh]
Seat 3: Bertfan44 (big blind) collected ($29.50)
Seat 4: B_loJkl (button) (small blind) folded on the Turn


PokerStars Hand #169218879358:  Hold'em Limit ($3/$6 USD) - 2017/04/18 12:20:50 ET
Table 'Sextans II' 6-max Seat #3 is the button
Seat 3: Bertfan44 ($162.96 in chips)
Seat 4: B_loJkl ($107.83 in chips)
Bertfan44: posts small blind $1
B_loJkl: posts big blind $3
*** HOLE CARDS ***
Bertfan44: folds
Uncalled bet ($2) returned to B_loJkl
B_loJkl collected $2 from pot
B_loJkl: doesn't show hand
*** SUMMARY ***
Total pot $2 | Rake $0
Seat 3: Bertfan44 (button) (small blind) folded before Flop
Seat 4: B_loJkl (big blind) collected ($2)


PokerStars Hand #169218864366:  Hold'em Limit ($3/$6 USD) - 2017/04/18 12:20:30 ET
Table 'Sextans II' 6-max Seat #4 is the button
Seat 3: Bertfan44 ($142.46 in chips)
Seat 4: B_loJkl ($128.83 in chips)
B_loJkl: posts small blind $1
Bertfan44: posts big blind $3
*** HOLE CARDS ***
B_loJkl: raises $3 to $6
Bertfan44: calls $3
*** FLOP *** [5c 2s 2h]
Bertfan44: checks
B_loJkl: bets $3
Bertfan44: calls $3
*** TURN *** [5c 2s 2h] [2c]
Bertfan44: checks
B_loJkl: bets $6
Bertfan44: calls $6
*** RIVER *** [5c 2s 2h 2c] [Ac]
Bertfan44: checks
B_loJkl: bets $6
Bertfan44: calls $6
*** SHOW DOWN ***
B_loJkl: shows [Qh 5s] (a full house, Deuces full of Fives)
Bertfan44: shows [3h As] (a full house, Deuces full of Aces)
Bertfan44 collected $41.50 from pot
*** SUMMARY ***
Total pot $42 | Rake $0.50
Board [5c 2s 2h 2c Ac]
Seat 3: Bertfan44 (big blind) showed [3h As] and won ($41.50) with a full house, Deuces full of Aces
Seat 4: B_loJkl (button) (small blind) showed [Qh 5s] and lost with a full house, Deuces full of Fives


PokerStars Hand #169218859694:  Hold'em Limit ($3/$6 USD) - 2017/04/18 12:20:24 ET
Table 'Sextans II' 6-max Seat #3 is the button
Seat 3: Bertfan44 ($139.46 in chips)
Seat 4: B_loJkl ($131.83 in chips)
Bertfan44: posts small blind $1
B_loJkl: posts big blind $3
*** HOLE CARDS ***
Bertfan44: raises $3 to $6
B_loJkl: folds
Uncalled bet ($3) returned to Bertfan44
Bertfan44 collected $6 from pot
Bertfan44: doesn't show hand
*** SUMMARY ***
Total pot $6 | Rake $0
Seat 3: Bertfan44 (button) (small blind) collected ($6)
Seat 4: B_loJkl (big blind) folded before Flop


PokerStars Hand #169218855602:  Hold'em Limit ($3/$6 USD) - 2017/04/18 12:20:18 ET
Table 'Sextans II' 6-max Seat #4 is the button
Seat 3: Bertfan44 ($138.46 in chips)
Seat 4: B_loJkl ($132.83 in chips)
B_loJkl: posts small blind $1
Bertfan44: posts big blind $3
*** HOLE CARDS ***
B_loJkl: folds
Uncalled bet ($2) returned to Bertfan44
Bertfan44 collected $2 from pot
Bertfan44: doesn't show hand
*** SUMMARY ***
Total pot $2 | Rake $0
Seat 3: Bertfan44 (big blind) collected ($2)
Seat 4: B_loJkl (button) (small blind) folded before Flop


PokerStars Hand #169218840138:  Hold'em Limit ($3/$6 USD) - 2017/04/18 12:19:58 ET
Table 'Sextans II' 6-max Seat #3 is the button
Seat 3: Bertfan44 ($135.58 in chips)
Seat 4: B_loJkl ($135.83 in chips)
Bertfan44: posts small blind $1
B_loJkl: posts big blind $3
*** HOLE CARDS ***
Bertfan44: calls $2
B_loJkl: checks
*** FLOP *** [7c 8c 8h]
B_loJkl: checks
Bertfan44: checks
*** TURN *** [7c 8c 8h] [Th]
B_loJkl: checks
Bertfan44: bets $6
B_loJkl: folds
Uncalled bet ($6) returned to Bertfan44
Bertfan44 collected $5.88 from pot
Bertfan44: doesn't show hand
*** SUMMARY ***
Total pot $6 | Rake $0.12
Board [7c 8c 8h Th]
Seat 3: Bertfan44 (button) (small blind) collected ($5.88)
Seat 4: B_loJkl (big blind) folded on the Turn


PokerStars Hand #169218883149:  Hold'em Limit ($3/$6 USD) - 2017/04/18 12:20:55 ET
Table 'Sextans II' 6-max Seat #4 is the button
Seat 3: Bertfan44 ($161.96 in chips)
Seat 4: B_loJkl ($108.83 in chips)
B_loJkl: posts small blind $1
Bertfan44: posts big blind $3
*** HOLE CARDS ***
B_loJkl: raises $3 to $6
Bertfan44: calls $3
*** FLOP *** [Kc 3s 5h]
Bertfan44: checks
B_loJkl: bets $3
Bertfan44: calls $3
*** TURN *** [Kc 3s 5h] [Ac]
Bertfan44: checks
B_loJkl: bets $6
Bertfan44: raises $6 to $12
B_loJkl: calls $6
*** RIVER *** [Kc 3s 5h Ac] [7h]
Bertfan44: bets $6
B_loJkl: calls $6
*** SHOW DOWN ***
Bertfan44: shows [Ks 5c] (two pair, Kings and Fives)
B_loJkl: mucks hand
Bertfan44 collected $53.50 from pot
*** SUMMARY ***
Total pot $54 | Rake $0.50
Board [Kc 3s 5h Ac 7h]
Seat 3: Bertfan44 (big blind) showed [Ks 5c] and won ($53.50) with two pair, Kings and Fives
Seat 4: B_loJkl (button) (small blind) mucked


PokerStars Hand #169218903006:  Hold'em Limit ($3/$6 USD) - 2017/04/18 12:21:23 ET
Table 'Sextans II' 6-max Seat #3 is the button
Seat 3: Bertfan44 ($188.46 in chips)
Seat 4: B_loJkl ($81.83 in chips)
Bertfan44: posts small blind $1
B_loJkl: posts big blind $3
*** HOLE CARDS ***
Bertfan44: folds
Uncalled bet ($2) returned to B_loJkl
B_loJkl collected $2 from pot
B_loJkl: doesn't show hand
*** SUMMARY ***
Total pot $2 | Rake $0
Seat 3: Bertfan44 (button) (small blind) folded before Flop
Seat 4: B_loJkl (big blind) collected ($2)


PokerStars Hand #169218909411:  Hold'em Limit ($3/$6 USD) - 2017/04/18 12:21:32 ET
Table 'Sextans II' 6-max Seat #4 is the button
Seat 3: Bertfan44 ($187.46 in chips)
Seat 4: B_loJkl ($82.83 in chips)
B_loJkl: posts small blind $1
Bertfan44: posts big blind $3
*** HOLE CARDS ***
B_loJkl: raises $3 to $6
Bertfan44: calls $3
*** FLOP *** [3h Qh 5s]
Bertfan44: checks
B_loJkl: bets $3
Bertfan44: calls $3
*** TURN *** [3h Qh 5s] [Td]
Bertfan44: checks
B_loJkl: bets $6
Bertfan44: calls $6
*** RIVER *** [3h Qh 5s Td] [7s]
Bertfan44: checks
B_loJkl: bets $6
Bertfan44: calls $6
*** SHOW DOWN ***
B_loJkl: shows [Qc 4s] (a pair of Queens)
Bertfan44: mucks hand
B_loJkl collected $41.50 from pot
*** SUMMARY ***
Total pot $42 | Rake $0.50
Board [3h Qh 5s Td 7s]
Seat 3: Bertfan44 (big blind) mucked
Seat 4: B_loJkl (button) (small blind) showed [Qc 4s] and won ($41.50) with a pair of Queens


PokerStars Hand #169218963742:  Hold'em Limit ($3/$6 USD) - 2017/04/18 12:22:45 ET
Table 'Sextans II' 6-max Seat #3 is the button
Seat 3: Bertfan44 ($159.98 in chips)
Seat 4: B_loJkl ($108.83 in chips)
Bertfan44: posts small blind $1
B_loJkl: posts big blind $3
*** HOLE CARDS ***
Bertfan44: folds
Uncalled bet ($2) returned to B_loJkl
B_loJkl collected $2 from pot
B_loJkl: doesn't show hand
*** SUMMARY ***
Total pot $2 | Rake $0
Seat 3: Bertfan44 (button) (small blind) folded before Flop
Seat 4: B_loJkl (big blind) collected ($2)


PokerStars Hand #169218948748:  Hold'em Limit ($3/$6 USD) - 2017/04/18 12:22:25 ET
Table 'Sextans II' 6-max Seat #4 is the button
Seat 3: Bertfan44 ($148.46 in chips)
Seat 4: B_loJkl ($120.83 in chips)
B_loJkl: posts small blind $1
Bertfan44: posts big blind $3
*** HOLE CARDS ***
B_loJkl: raises $3 to $6
Bertfan44: raises $3 to $9
B_loJkl: calls $3
*** FLOP *** [5s 9d Jc]
Bertfan44: bets $3
B_loJkl: calls $3
*** TURN *** [5s 9d Jc] [8d]
Bertfan44: bets $6
B_loJkl: folds
Uncalled bet ($6) returned to Bertfan44
Bertfan44 collected $23.52 from pot
Bertfan44: doesn't show hand
*** SUMMARY ***
Total pot $24 | Rake $0.48
Board [5s 9d Jc 8d]
Seat 3: Bertfan44 (big blind) collected ($23.52)
Seat 4: B_loJkl (button) (small blind) folded on the Turn


PokerStars Hand #169218928171:  Hold'em Limit ($3/$6 USD) - 2017/04/18 12:21:57 ET
Table 'Sextans II' 6-max Seat #3 is the button
Seat 3: Bertfan44 ($166.46 in chips)
Seat 4: B_loJkl ($103.33 in chips)
Bertfan44: posts small blind $1
B_loJkl: posts big blind $3
*** HOLE CARDS ***
Bertfan44: raises $3 to $6
B_loJkl: calls $3
*** FLOP *** [Jc Ah 8s]
B_loJkl: checks
Bertfan44: bets $3
B_loJkl: raises $3 to $6
Bertfan44: calls $3
*** TURN *** [Jc Ah 8s] [Jd]
B_loJkl: checks
Bertfan44: checks
*** RIVER *** [Jc Ah 8s Jd] [Jh]
B_loJkl: bets $6
Bertfan44: calls $6
*** SHOW DOWN ***
B_loJkl: shows [Ad Ts] (a full house, Jacks full of Aces)
Bertfan44: mucks hand
B_loJkl collected $35.50 from pot
*** SUMMARY ***
Total pot $36 | Rake $0.50
Board [Jc Ah 8s Jd Jh]
Seat 3: Bertfan44 (button) (small blind) mucked
Seat 4: B_loJkl (big blind) showed [Ad Ts] and won ($35.50) with a full house, Jacks full of Aces


PokerStars Hand #169218984171:  Hold'em Limit ($3/$6 USD) - 2017/04/18 12:23:12 ET
Table 'Sextans II' 6-max Seat #3 is the button
Seat 3: Bertfan44 ($152.98 in chips)
Seat 4: B_loJkl ($115.59 in chips)
Bertfan44: posts small blind $1
B_loJkl: posts big blind $3
*** HOLE CARDS ***
Bertfan44: raises $3 to $6
B_loJkl: calls $3
*** FLOP *** [5h Tc 9c]
B_loJkl: checks
Bertfan44: checks
*** TURN *** [5h Tc 9c] [9h]
B_loJkl: checks
Bertfan44: checks
*** RIVER *** [5h Tc 9c 9h] [7c]
B_loJkl: bets $6
Bertfan44: folds
Uncalled bet ($6) returned to B_loJkl
B_loJkl collected $11.76 from pot
B_loJkl: doesn't show hand
*** SUMMARY ***
Total pot $12 | Rake $0.24
Board [5h Tc 9c 9h 7c]
Seat 3: Bertfan44 (button) (small blind) folded on the River
Seat 4: B_loJkl (big blind) collected ($11.76)


PokerStars Hand #169218967384:  Hold'em Limit ($3/$6 USD) - 2017/04/18 12:22:50 ET
Table 'Sextans II' 6-max Seat #4 is the button
Seat 3: Bertfan44 ($158.98 in chips)
Seat 4: B_loJkl ($109.83 in chips)
B_loJkl: posts small blind $1
Bertfan44: posts big blind $3
*** HOLE CARDS ***
B_loJkl: raises $3 to $6
Bertfan44: calls $3
*** FLOP *** [8c Ac Ah]
Bertfan44: checks
B_loJkl: bets $3
Ingvar2057 joins the table at seat #5
Bertfan44: folds
Uncalled bet ($3) returned to B_loJkl
B_loJkl collected $11.76 from pot
B_loJkl: doesn't show hand
*** SUMMARY ***
Total pot $12 | Rake $0.24
Board [8c Ac Ah]
Seat 3: Bertfan44 (big blind) folded on the Flop
Seat 4: B_loJkl (button) (small blind) collected ($11.76)


PokerStars Hand #169220214852:  Hold'em Limit ($3/$6 USD) - 2017/04/18 12:50:20 ET
Table 'Sextans II' 6-max Seat #2 is the button
Seat 2: zxkz ($129.56 in chips)
Seat 4: B_loJkl ($223.19 in chips)
zxkz: posts small blind $1
B_loJkl: posts big blind $3
*** HOLE CARDS ***
vestimokrec leaves the table
zxkz: raises $3 to $6
B_loJkl: calls $3
*** FLOP *** [Qh Jc 6s]
B_loJkl: checks
zxkz: bets $3
B_loJkl: folds
Uncalled bet ($3) returned to zxkz
zxkz collected $11.76 from pot
zxkz: doesn't show hand
*** SUMMARY ***
Total pot $12 | Rake $0.24
Board [Qh Jc 6s]
Seat 2: zxkz (button) (small blind) collected ($11.76)
Seat 4: B_loJkl (big blind) folded on the Flop


