PokerStars Hand #166262138107:  Hold'em Limit ($3/$6 USD) - 2017/02/15 16:00:55 ET
Table 'Sextans II' 6-max Seat #2 is the button
Seat 1: DragonT55 ($110.51 in chips)
Seat 2: belik555 ($90 in chips)
belik555: posts small blind $1
GoliafUa: is sitting out
DragonT55: posts big blind $3
*** HOLE CARDS ***
belik555: raises $3 to $6
DragonT55: calls $3
*** FLOP *** [7s 9s 3d]
DragonT55: bets $3
belik555: calls $3
*** TURN *** [7s 9s 3d] [Tc]
DragonT55: bets $6
belik555: raises $6 to $12
DragonT55: calls $6
*** RIVER *** [7s 9s 3d Tc] [8d]
DragonT55: checks
belik555: bets $6
DragonT55: folds
Uncalled bet ($6) returned to belik555
Eklund_1891 joins the table at seat #3
belik555 collected $41.50 from pot
belik555: doesn't show hand
*** SUMMARY ***
Total pot $42 | Rake $0.50
Board [7s 9s 3d Tc 8d]
Seat 1: DragonT55 (big blind) folded on the River
Seat 2: belik555 (button) (small blind) collected ($41.50)


PokerStars Hand #166262175139:  Hold'em Limit ($3/$6 USD) - 2017/02/15 16:01:31 ET
Table 'Sextans II' 6-max Seat #1 is the button
Seat 1: DragonT55 ($89.51 in chips)
Seat 2: belik555 ($110.50 in chips)
DragonT55: posts small blind $1
belik555: posts big blind $3
*** HOLE CARDS ***
DragonT55: calls $2
belik555: raises $3 to $6
DragonT55: calls $3
*** FLOP *** [9h 7c 6d]
belik555: bets $3
DragonT55: calls $3
*** TURN *** [9h 7c 6d] [As]
belik555: checks
DragonT55: checks
*** RIVER *** [9h 7c 6d As] [9c]
belik555: checks
DragonT55: bets $6
belik555: calls $6
*** SHOW DOWN ***
DragonT55: shows [Qs 7d] (two pair, Nines and Sevens)
belik555: mucks hand
DragonT55 collected $29.50 from pot
*** SUMMARY ***
Total pot $30 | Rake $0.50
Board [9h 7c 6d As 9c]
Seat 1: DragonT55 (button) (small blind) showed [Qs 7d] and won ($29.50) with two pair, Nines and Sevens
Seat 2: belik555 (big blind) mucked


