PokerStars Hand #168504696866:  Hold'em Limit ($3/$6 USD) - 2017/04/03 0:07:41 ET
Table 'Shajna' 6-max Seat #1 is the button
Seat 1: LifeisagameX ($84 in chips)
Seat 2: ChippYulya ($120 in chips)
LifeisagameX: posts small blind $1
ChippYulya: posts big blind $3
*** HOLE CARDS ***
LifeisagameX: raises $3 to $6
ChippYulya: raises $3 to $9
LifeisagameX: calls $3
*** FLOP *** [Ah 8s 4d]
ChippYulya: bets $3
LifeisagameX: calls $3
*** TURN *** [Ah 8s 4d] [4s]
ChippYulya: bets $6
LifeisagameX: folds
Uncalled bet ($6) returned to ChippYulya
ChippYulya collected $23.52 from pot
ChippYulya: doesn't show hand
*** SUMMARY ***
Total pot $24 | Rake $0.48
Board [Ah 8s 4d 4s]
Seat 1: LifeisagameX (button) (small blind) folded on the Turn
Seat 2: ChippYulya (big blind) collected ($23.52)


PokerStars Hand #168504709164:  Hold'em Limit ($3/$6 USD) - 2017/04/03 0:08:27 ET
Table 'Shajna' 6-max Seat #2 is the button
Seat 1: LifeisagameX ($84 in chips)
Seat 2: ChippYulya ($131.52 in chips)
ChippYulya: posts small blind $1
LifeisagameX: posts big blind $3
*** HOLE CARDS ***
ChippYulya: raises $3 to $6
LifeisagameX: calls $3
*** FLOP *** [8h 3c Kd]
LifeisagameX: checks
ChippYulya: bets $3
LifeisagameX: folds
Uncalled bet ($3) returned to ChippYulya
ChippYulya collected $11.76 from pot
ChippYulya: doesn't show hand
*** SUMMARY ***
Total pot $12 | Rake $0.24
Board [8h 3c Kd]
Seat 1: LifeisagameX (big blind) folded on the Flop
Seat 2: ChippYulya (button) (small blind) collected ($11.76)


PokerStars Hand #168504714319:  Hold'em Limit ($3/$6 USD) - 2017/04/03 0:08:47 ET
Table 'Shajna' 6-max Seat #1 is the button
Seat 1: LifeisagameX ($84 in chips)
Seat 2: ChippYulya ($137.28 in chips)
LifeisagameX: posts small blind $1
ChippYulya: posts big blind $3
*** HOLE CARDS ***
LifeisagameX: raises $3 to $6
ChippYulya: calls $3
*** FLOP *** [7d Qs As]
ChippYulya: checks
LifeisagameX: bets $3
ChippYulya: folds
Uncalled bet ($3) returned to LifeisagameX
LifeisagameX collected $11.76 from pot
LifeisagameX: doesn't show hand
*** SUMMARY ***
Total pot $12 | Rake $0.24
Board [7d Qs As]
Seat 1: LifeisagameX (button) (small blind) collected ($11.76)
Seat 2: ChippYulya (big blind) folded on the Flop


PokerStars Hand #168504717597:  Hold'em Limit ($3/$6 USD) - 2017/04/03 0:08:59 ET
Table 'Shajna' 6-max Seat #2 is the button
Seat 1: LifeisagameX ($89.76 in chips)
Seat 2: ChippYulya ($131.28 in chips)
ChippYulya: posts small blind $1
LifeisagameX: posts big blind $3
*** HOLE CARDS ***
ChippYulya: raises $3 to $6
LifeisagameX: raises $3 to $9
ChippYulya: calls $3
*** FLOP *** [Qs Td Kh]
LifeisagameX: bets $3
ChippYulya: folds
Uncalled bet ($3) returned to LifeisagameX
LifeisagameX collected $17.64 from pot
LifeisagameX: doesn't show hand
*** SUMMARY ***
Total pot $18 | Rake $0.36
Board [Qs Td Kh]
Seat 1: LifeisagameX (big blind) collected ($17.64)
Seat 2: ChippYulya (button) (small blind) folded on the Flop


PokerStars Hand #168504732536:  Hold'em Limit ($3/$6 USD) - 2017/04/03 0:09:54 ET
Table 'Shajna' 6-max Seat #2 is the button
Seat 1: LifeisagameX ($84 in chips)
Seat 2: ChippYulya ($142.78 in chips)
ChippYulya: posts small blind $1
LifeisagameX: posts big blind $3
*** HOLE CARDS ***
ChippYulya: folds
Uncalled bet ($2) returned to LifeisagameX
LifeisagameX collected $2 from pot
LifeisagameX: doesn't show hand
*** SUMMARY ***
Total pot $2 | Rake $0
Seat 1: LifeisagameX (big blind) collected ($2)
Seat 2: ChippYulya (button) (small blind) folded before Flop


PokerStars Hand #168504722020:  Hold'em Limit ($3/$6 USD) - 2017/04/03 0:09:15 ET
Table 'Shajna' 6-max Seat #1 is the button
Seat 1: LifeisagameX ($98.40 in chips)
Seat 2: ChippYulya ($122.28 in chips)
LifeisagameX: posts small blind $1
ChippYulya: posts big blind $3
*** HOLE CARDS ***
LifeisagameX: raises $3 to $6
ChippYulya: calls $3
*** FLOP *** [9d 2s 5d]
ChippYulya: checks
LifeisagameX: bets $3
ChippYulya: calls $3
*** TURN *** [9d 2s 5d] [Qs]
ChippYulya: checks
LifeisagameX: bets $6
ChippYulya: raises $6 to $12
LifeisagameX: calls $6
*** RIVER *** [9d 2s 5d Qs] [Ad]
ChippYulya: checks
LifeisagameX: checks
*** SHOW DOWN ***
ChippYulya: shows [6s Qd] (a pair of Queens)
LifeisagameX: mucks hand
ChippYulya collected $41.50 from pot
*** SUMMARY ***
Total pot $42 | Rake $0.50
Board [9d 2s 5d Qs Ad]
Seat 1: LifeisagameX (button) (small blind) mucked
Seat 2: ChippYulya (big blind) showed [6s Qd] and won ($41.50) with a pair of Queens


PokerStars Hand #168504739574:  Hold'em Limit ($3/$6 USD) - 2017/04/03 0:10:20 ET
Table 'Shajna' 6-max Seat #2 is the button
Seat 1: LifeisagameX ($90.76 in chips)
Seat 2: ChippYulya ($135.78 in chips)
ChippYulya: posts small blind $1
LifeisagameX: posts big blind $3
*** HOLE CARDS ***
ChippYulya: folds
Uncalled bet ($2) returned to LifeisagameX
LifeisagameX collected $2 from pot
LifeisagameX: doesn't show hand
*** SUMMARY ***
Total pot $2 | Rake $0
Seat 1: LifeisagameX (big blind) collected ($2)
Seat 2: ChippYulya (button) (small blind) folded before Flop


PokerStars Hand #168504734118:  Hold'em Limit ($3/$6 USD) - 2017/04/03 0:10:00 ET
Table 'Shajna' 6-max Seat #1 is the button
Seat 1: LifeisagameX ($85 in chips)
Seat 2: ChippYulya ($141.78 in chips)
LifeisagameX: posts small blind $1
ChippYulya: posts big blind $3
*** HOLE CARDS ***
LifeisagameX: raises $3 to $6
ChippYulya: calls $3
*** FLOP *** [Kc 2c 9s]
ChippYulya: checks
LifeisagameX: checks
*** TURN *** [Kc 2c 9s] [7c]
ChippYulya: checks
LifeisagameX: bets $6
ChippYulya: folds
Uncalled bet ($6) returned to LifeisagameX
LifeisagameX collected $11.76 from pot
LifeisagameX: doesn't show hand
*** SUMMARY ***
Total pot $12 | Rake $0.24
Board [Kc 2c 9s 7c]
Seat 1: LifeisagameX (button) (small blind) collected ($11.76)
Seat 2: ChippYulya (big blind) folded on the Turn


PokerStars Hand #168504755518:  Hold'em Limit ($3/$6 USD) - 2017/04/03 0:11:20 ET
Table 'Shajna' 6-max Seat #2 is the button
Seat 1: LifeisagameX ($88 in chips)
Seat 2: ChippYulya ($141.30 in chips)
ChippYulya: posts small blind $1
LifeisagameX: posts big blind $3
*** HOLE CARDS ***
ChippYulya: folds
Uncalled bet ($2) returned to LifeisagameX
LifeisagameX collected $2 from pot
LifeisagameX: doesn't show hand
*** SUMMARY ***
Total pot $2 | Rake $0
Seat 1: LifeisagameX (big blind) collected ($2)
Seat 2: ChippYulya (button) (small blind) folded before Flop


PokerStars Hand #168504753660:  Hold'em Limit ($3/$6 USD) - 2017/04/03 0:11:13 ET
Table 'Shajna' 6-max Seat #1 is the button
Seat 1: LifeisagameX ($85 in chips)
Seat 2: ChippYulya ($144.30 in chips)
LifeisagameX: posts small blind $1
ChippYulya: posts big blind $3
*** HOLE CARDS ***
LifeisagameX: raises $3 to $6
ChippYulya: folds
Uncalled bet ($3) returned to LifeisagameX
LifeisagameX collected $6 from pot
LifeisagameX: doesn't show hand
*** SUMMARY ***
Total pot $6 | Rake $0
Seat 1: LifeisagameX (button) (small blind) collected ($6)
Seat 2: ChippYulya (big blind) folded before Flop


PokerStars Hand #168504752200:  Hold'em Limit ($3/$6 USD) - 2017/04/03 0:11:07 ET
Table 'Shajna' 6-max Seat #2 is the button
Seat 1: LifeisagameX ($84 in chips)
Seat 2: ChippYulya ($145.30 in chips)
ChippYulya: posts small blind $1
LifeisagameX: posts big blind $3
*** HOLE CARDS ***
ChippYulya: folds
Uncalled bet ($2) returned to LifeisagameX
LifeisagameX collected $2 from pot
LifeisagameX: doesn't show hand
*** SUMMARY ***
Total pot $2 | Rake $0
Seat 1: LifeisagameX (big blind) collected ($2)
Seat 2: ChippYulya (button) (small blind) folded before Flop


PokerStars Hand #168504746837:  Hold'em Limit ($3/$6 USD) - 2017/04/03 0:10:47 ET
Table 'Shajna' 6-max Seat #1 is the button
Seat 1: LifeisagameX ($86.76 in chips)
Seat 2: ChippYulya ($139.54 in chips)
LifeisagameX: posts small blind $1
ChippYulya: posts big blind $3
*** HOLE CARDS ***
LifeisagameX: raises $3 to $6
ChippYulya: calls $3
*** FLOP *** [9s 7h 3s]
ChippYulya: checks
LifeisagameX: checks
*** TURN *** [9s 7h 3s] [Qd]
ChippYulya: bets $6
LifeisagameX: folds
Uncalled bet ($6) returned to ChippYulya
ChippYulya collected $11.76 from pot
ChippYulya: doesn't show hand
*** SUMMARY ***
Total pot $12 | Rake $0.24
Board [9s 7h 3s Qd]
Seat 1: LifeisagameX (button) (small blind) folded on the Turn
Seat 2: ChippYulya (big blind) collected ($11.76)


PokerStars Hand #168504745346:  Hold'em Limit ($3/$6 USD) - 2017/04/03 0:10:42 ET
Table 'Shajna' 6-max Seat #2 is the button
Seat 1: LifeisagameX ($85.76 in chips)
Seat 2: ChippYulya ($140.54 in chips)
ChippYulya: posts small blind $1
LifeisagameX: posts big blind $3
*** HOLE CARDS ***
ChippYulya: folds
Uncalled bet ($2) returned to LifeisagameX
LifeisagameX collected $2 from pot
LifeisagameX: doesn't show hand
*** SUMMARY ***
Total pot $2 | Rake $0
Seat 1: LifeisagameX (big blind) collected ($2)
Seat 2: ChippYulya (button) (small blind) folded before Flop


PokerStars Hand #168504741120:  Hold'em Limit ($3/$6 USD) - 2017/04/03 0:10:26 ET
Table 'Shajna' 6-max Seat #1 is the button
Seat 1: LifeisagameX ($91.76 in chips)
Seat 2: ChippYulya ($134.78 in chips)
LifeisagameX: posts small blind $1
ChippYulya: posts big blind $3
*** HOLE CARDS ***
LifeisagameX: raises $3 to $6
ChippYulya: calls $3
*** FLOP *** [2c 8s 8c]
ChippYulya: checks
LifeisagameX: checks
*** TURN *** [2c 8s 8c] [4d]
ChippYulya: bets $6
LifeisagameX: folds
Uncalled bet ($6) returned to ChippYulya
ChippYulya collected $11.76 from pot
ChippYulya: doesn't show hand
*** SUMMARY ***
Total pot $12 | Rake $0.24
Board [2c 8s 8c 4d]
Seat 1: LifeisagameX (button) (small blind) folded on the Turn
Seat 2: ChippYulya (big blind) collected ($11.76)


PokerStars Hand #168504771415:  Hold'em Limit ($3/$6 USD) - 2017/04/03 0:12:19 ET
Table 'Shajna' 6-max Seat #1 is the button
Seat 1: LifeisagameX ($85 in chips)
Seat 2: ChippYulya ($161.34 in chips)
LifeisagameX: posts small blind $1
ChippYulya: posts big blind $3
*** HOLE CARDS ***
LifeisagameX: raises $3 to $6
ChippYulya: folds
Uncalled bet ($3) returned to LifeisagameX
LifeisagameX collected $6 from pot
LifeisagameX: doesn't show hand
*** SUMMARY ***
Total pot $6 | Rake $0
Seat 1: LifeisagameX (button) (small blind) collected ($6)
Seat 2: ChippYulya (big blind) folded before Flop


PokerStars Hand #168504770000:  Hold'em Limit ($3/$6 USD) - 2017/04/03 0:12:14 ET
Table 'Shajna' 6-max Seat #2 is the button
Seat 1: LifeisagameX ($84 in chips)
Seat 2: ChippYulya ($162.34 in chips)
ChippYulya: posts small blind $1
LifeisagameX: posts big blind $3
*** HOLE CARDS ***
ChippYulya: folds
Uncalled bet ($2) returned to LifeisagameX
LifeisagameX collected $2 from pot
LifeisagameX: doesn't show hand
*** SUMMARY ***
Total pot $2 | Rake $0
Seat 1: LifeisagameX (big blind) collected ($2)
Seat 2: ChippYulya (button) (small blind) folded before Flop


PokerStars Hand #168504765001:  Hold'em Limit ($3/$6 USD) - 2017/04/03 0:11:55 ET
Table 'Shajna' 6-max Seat #1 is the button
Seat 1: LifeisagameX ($85 in chips)
Seat 2: ChippYulya ($150.82 in chips)
LifeisagameX: posts small blind $1
ChippYulya: posts big blind $3
*** HOLE CARDS ***
LifeisagameX: raises $3 to $6
ChippYulya: calls $3
*** FLOP *** [Jh Qc Ac]
ChippYulya: checks
LifeisagameX: checks
*** TURN *** [Jh Qc Ac] [9h]
ChippYulya: bets $6
LifeisagameX: calls $6
*** RIVER *** [Jh Qc Ac 9h] [Ks]
ChippYulya: checks
LifeisagameX: checks
*** SHOW DOWN ***
ChippYulya: shows [2d As] (a pair of Aces)
LifeisagameX: mucks hand
ChippYulya collected $23.52 from pot
*** SUMMARY ***
Total pot $24 | Rake $0.48
Board [Jh Qc Ac 9h Ks]
Seat 1: LifeisagameX (button) (small blind) mucked
Seat 2: ChippYulya (big blind) showed [2d As] and won ($23.52) with a pair of Aces


PokerStars Hand #168504763540:  Hold'em Limit ($3/$6 USD) - 2017/04/03 0:11:50 ET
Table 'Shajna' 6-max Seat #2 is the button
Seat 1: LifeisagameX ($84 in chips)
Seat 2: ChippYulya ($151.82 in chips)
ChippYulya: posts small blind $1
LifeisagameX: posts big blind $3
*** HOLE CARDS ***
ChippYulya: folds
Uncalled bet ($2) returned to LifeisagameX
LifeisagameX collected $2 from pot
LifeisagameX: doesn't show hand
*** SUMMARY ***
Total pot $2 | Rake $0
Seat 1: LifeisagameX (big blind) collected ($2)
Seat 2: ChippYulya (button) (small blind) folded before Flop


PokerStars Hand #168504757000:  Hold'em Limit ($3/$6 USD) - 2017/04/03 0:11:25 ET
Table 'Shajna' 6-max Seat #1 is the button
Seat 1: LifeisagameX ($89 in chips)
Seat 2: ChippYulya ($140.30 in chips)
LifeisagameX: posts small blind $1
ChippYulya: posts big blind $3
*** HOLE CARDS ***
LifeisagameX: raises $3 to $6
ChippYulya: calls $3
*** FLOP *** [9d Qc 6s]
ChippYulya: checks
LifeisagameX: bets $3
ChippYulya: raises $3 to $6
LifeisagameX: calls $3
*** TURN *** [9d Qc 6s] [Jh]
ChippYulya: bets $6
LifeisagameX: folds
Uncalled bet ($6) returned to ChippYulya
ChippYulya collected $23.52 from pot
ChippYulya: doesn't show hand
*** SUMMARY ***
Total pot $24 | Rake $0.48
Board [9d Qc 6s Jh]
Seat 1: LifeisagameX (button) (small blind) folded on the Turn
Seat 2: ChippYulya (big blind) collected ($23.52)


PokerStars Hand #168504773576:  Hold'em Limit ($3/$6 USD) - 2017/04/03 0:12:28 ET
Table 'Shajna' 6-max Seat #2 is the button
Seat 1: LifeisagameX ($88 in chips)
Seat 2: ChippYulya ($158.34 in chips)
ChippYulya: posts small blind $1
LifeisagameX: posts big blind $3
*** HOLE CARDS ***
ChippYulya: raises $3 to $6
LifeisagameX: calls $3
*** FLOP *** [2s 3c 4h]
LifeisagameX: checks
ChippYulya: bets $3
LifeisagameX: calls $3
*** TURN *** [2s 3c 4h] [6d]
LifeisagameX: checks
ChippYulya: bets $6
LifeisagameX: folds
Uncalled bet ($6) returned to ChippYulya
ChippYulya collected $17.64 from pot
ChippYulya: doesn't show hand
*** SUMMARY ***
Total pot $18 | Rake $0.36
Board [2s 3c 4h 6d]
Seat 1: LifeisagameX (big blind) folded on the Turn
Seat 2: ChippYulya (button) (small blind) collected ($17.64)


PokerStars Hand #168504778646:  Hold'em Limit ($3/$6 USD) - 2017/04/03 0:12:47 ET
Table 'Shajna' 6-max Seat #1 is the button
Seat 1: LifeisagameX ($84 in chips)
Seat 2: ChippYulya ($166.98 in chips)
LifeisagameX: posts small blind $1
ChippYulya: posts big blind $3
*** HOLE CARDS ***
LifeisagameX: raises $3 to $6
ChippYulya: raises $3 to $9
LifeisagameX: calls $3
*** FLOP *** [3d 7d 2d]
ChippYulya: bets $3
LifeisagameX: folds
Uncalled bet ($3) returned to ChippYulya
ChippYulya collected $17.64 from pot
ChippYulya: doesn't show hand
*** SUMMARY ***
Total pot $18 | Rake $0.36
Board [3d 7d 2d]
Seat 1: LifeisagameX (button) (small blind) folded on the Flop
Seat 2: ChippYulya (big blind) collected ($17.64)


PokerStars Hand #168504806034:  Hold'em Limit ($3/$6 USD) - 2017/04/03 0:14:31 ET
Table 'Shajna' 6-max Seat #1 is the button
Seat 1: LifeisagameX ($92.50 in chips)
Seat 2: ChippYulya ($165.78 in chips)
LifeisagameX: posts small blind $1
ChippYulya: posts big blind $3
*** HOLE CARDS ***
LifeisagameX: raises $3 to $6
ChippYulya: folds
Uncalled bet ($3) returned to LifeisagameX
LifeisagameX collected $6 from pot
LifeisagameX: doesn't show hand
*** SUMMARY ***
Total pot $6 | Rake $0
Seat 1: LifeisagameX (button) (small blind) collected ($6)
Seat 2: ChippYulya (big blind) folded before Flop


PokerStars Hand #168504800271:  Hold'em Limit ($3/$6 USD) - 2017/04/03 0:14:09 ET
Table 'Shajna' 6-max Seat #2 is the button
Seat 1: LifeisagameX ($101.50 in chips)
Seat 2: ChippYulya ($157.14 in chips)
ChippYulya: posts small blind $1
LifeisagameX: posts big blind $3
*** HOLE CARDS ***
ChippYulya: raises $3 to $6
LifeisagameX: calls $3
*** FLOP *** [Ad 5s Ks]
LifeisagameX: checks
ChippYulya: bets $3
LifeisagameX: calls $3
*** TURN *** [Ad 5s Ks] [2s]
LifeisagameX: checks
ChippYulya: bets $6
LifeisagameX: folds
Uncalled bet ($6) returned to ChippYulya
ChippYulya collected $17.64 from pot
ChippYulya: doesn't show hand
*** SUMMARY ***
Total pot $18 | Rake $0.36
Board [Ad 5s Ks 2s]
Seat 1: LifeisagameX (big blind) folded on the Turn
Seat 2: ChippYulya (button) (small blind) collected ($17.64)


PokerStars Hand #168504793548:  Hold'em Limit ($3/$6 USD) - 2017/04/03 0:13:43 ET
Table 'Shajna' 6-max Seat #1 is the button
Seat 1: LifeisagameX ($113.50 in chips)
Seat 2: ChippYulya ($145.62 in chips)
LifeisagameX: posts small blind $1
ChippYulya: posts big blind $3
*** HOLE CARDS ***
LifeisagameX: raises $3 to $6
ChippYulya: raises $3 to $9
LifeisagameX: calls $3
*** FLOP *** [7d Qh 5s]
ChippYulya: bets $3
LifeisagameX: calls $3
*** TURN *** [7d Qh 5s] [Ah]
ChippYulya: bets $6
LifeisagameX: folds
Uncalled bet ($6) returned to ChippYulya
ChippYulya collected $23.52 from pot
ChippYulya: doesn't show hand
*** SUMMARY ***
Total pot $24 | Rake $0.48
Board [7d Qh 5s Ah]
Seat 1: LifeisagameX (button) (small blind) folded on the Turn
Seat 2: ChippYulya (big blind) collected ($23.52)


PokerStars Hand #168504784151:  Hold'em Limit ($3/$6 USD) - 2017/04/03 0:13:08 ET
Table 'Shajna' 6-max Seat #2 is the button
Seat 1: LifeisagameX ($84 in chips)
Seat 2: ChippYulya ($175.62 in chips)
ChippYulya: posts small blind $1
LifeisagameX: posts big blind $3
*** HOLE CARDS ***
ChippYulya: raises $3 to $6
LifeisagameX: raises $3 to $9
ChippYulya: raises $3 to $12
Betting is capped
LifeisagameX: calls $3
*** FLOP *** [9d Th Jd]
LifeisagameX: bets $3
ChippYulya: raises $3 to $6
LifeisagameX: raises $3 to $9
ChippYulya: raises $3 to $12
Betting is capped
LifeisagameX: calls $3
*** TURN *** [9d Th Jd] [Tc]
LifeisagameX: checks
ChippYulya: checks
*** RIVER *** [9d Th Jd Tc] [Jc]
LifeisagameX: bets $6
ChippYulya: calls $6
*** SHOW DOWN ***
LifeisagameX: shows [Ac Ad] (two pair, Aces and Jacks)
ChippYulya: mucks hand
LifeisagameX collected $59.50 from pot
*** SUMMARY ***
Total pot $60 | Rake $0.50
Board [9d Th Jd Tc Jc]
Seat 1: LifeisagameX (big blind) showed [Ac Ad] and won ($59.50) with two pair, Aces and Jacks
Seat 2: ChippYulya (button) (small blind) mucked


PokerStars Hand #168504808003:  Hold'em Limit ($3/$6 USD) - 2017/04/03 0:14:38 ET
Table 'Shajna' 6-max Seat #2 is the button
Seat 1: LifeisagameX ($95.50 in chips)
Seat 2: ChippYulya ($162.78 in chips)
ChippYulya: posts small blind $1
LifeisagameX: posts big blind $3
*** HOLE CARDS ***
ChippYulya: raises $3 to $6
LifeisagameX: calls $3
*** FLOP *** [Qh 5s 8c]
LifeisagameX: checks
ChippYulya: bets $3
LifeisagameX: calls $3
*** TURN *** [Qh 5s 8c] [2c]
LifeisagameX: checks
ChippYulya: checks
*** RIVER *** [Qh 5s 8c 2c] [Ks]
LifeisagameX: checks
ChippYulya: checks
*** SHOW DOWN ***
LifeisagameX: shows [5c 3h] (a pair of Fives)
ChippYulya: mucks hand
LifeisagameX collected $17.64 from pot
*** SUMMARY ***
Total pot $18 | Rake $0.36
Board [Qh 5s 8c 2c Ks]
Seat 1: LifeisagameX (big blind) showed [5c 3h] and won ($17.64) with a pair of Fives
Seat 2: ChippYulya (button) (small blind) mucked


PokerStars Hand #168504819416:  Hold'em Limit ($3/$6 USD) - 2017/04/03 0:15:23 ET
Table 'Shajna' 6-max Seat #2 is the button
Seat 1: LifeisagameX ($89.14 in chips)
Seat 2: ChippYulya ($168.28 in chips)
ChippYulya: posts small blind $1
LifeisagameX: posts big blind $3
*** HOLE CARDS ***
ChippYulya: raises $3 to $6
LifeisagameX: folds
Uncalled bet ($3) returned to ChippYulya
ChippYulya collected $6 from pot
ChippYulya: doesn't show hand
*** SUMMARY ***
Total pot $6 | Rake $0
Seat 1: LifeisagameX (big blind) folded before Flop
Seat 2: ChippYulya (button) (small blind) collected ($6)


PokerStars Hand #168504813839:  Hold'em Limit ($3/$6 USD) - 2017/04/03 0:15:01 ET
Table 'Shajna' 6-max Seat #1 is the button
Seat 1: LifeisagameX ($104.14 in chips)
Seat 2: ChippYulya ($153.78 in chips)
LifeisagameX: posts small blind $1
ChippYulya: posts big blind $3
*** HOLE CARDS ***
LifeisagameX: raises $3 to $6
ChippYulya: calls $3
*** FLOP *** [As 8h 7h]
ChippYulya: checks
LifeisagameX: bets $3
ChippYulya: calls $3
*** TURN *** [As 8h 7h] [2d]
ChippYulya: checks
LifeisagameX: bets $6
ChippYulya: raises $6 to $12
LifeisagameX: folds
Uncalled bet ($6) returned to ChippYulya
ChippYulya collected $29.50 from pot
ChippYulya: doesn't show hand
*** SUMMARY ***
Total pot $30 | Rake $0.50
Board [As 8h 7h 2d]
Seat 1: LifeisagameX (button) (small blind) folded on the Turn
Seat 2: ChippYulya (big blind) collected ($29.50)


PokerStars Hand #168504835351:  Hold'em Limit ($3/$6 USD) - 2017/04/03 0:16:23 ET
Table 'Shajna' 6-max Seat #1 is the button
Seat 1: LifeisagameX ($84 in chips)
Seat 2: ChippYulya ($188.53 in chips)
LifeisagameX: posts small blind $1
ChippYulya: posts big blind $3
*** HOLE CARDS ***
LifeisagameX: raises $3 to $6
SilaSoNi joins the table at seat #6
ChippYulya: folds
Uncalled bet ($3) returned to LifeisagameX
LifeisagameX collected $6 from pot
LifeisagameX: doesn't show hand
*** SUMMARY ***
Total pot $6 | Rake $0
Seat 1: LifeisagameX (button) (small blind) collected ($6)
Seat 2: ChippYulya (big blind) folded before Flop


PokerStars Hand #168504828333:  Hold'em Limit ($3/$6 USD) - 2017/04/03 0:15:57 ET
Table 'Shajna' 6-max Seat #2 is the button
Seat 1: LifeisagameX ($84 in chips)
Seat 2: ChippYulya ($188.78 in chips)
ChippYulya: posts small blind $1
LifeisagameX: posts big blind $3
*** HOLE CARDS ***
ChippYulya: raises $3 to $6
LifeisagameX: calls $3
*** FLOP *** [4h 9c 6s]
LifeisagameX: checks
ChippYulya: bets $3
LifeisagameX: calls $3
*** TURN *** [4h 9c 6s] [Qs]
LifeisagameX: checks
ChippYulya: checks
*** RIVER *** [4h 9c 6s Qs] [7s]
LifeisagameX: bets $6
ChippYulya: calls $6
*** SHOW DOWN ***
LifeisagameX: shows [4s 3d] (a pair of Fours)
ChippYulya: shows [5h 4d] (a pair of Fours)
LifeisagameX collected $14.75 from pot
ChippYulya collected $14.75 from pot
*** SUMMARY ***
Total pot $30 | Rake $0.50
Board [4h 9c 6s Qs 7s]
Seat 1: LifeisagameX (big blind) showed [4s 3d] and won ($14.75) with a pair of Fours
Seat 2: ChippYulya (button) (small blind) showed [5h 4d] and won ($14.75) with a pair of Fours


PokerStars Hand #168504821309:  Hold'em Limit ($3/$6 USD) - 2017/04/03 0:15:30 ET
Table 'Shajna' 6-max Seat #1 is the button
Seat 1: LifeisagameX ($86.14 in chips)
Seat 2: ChippYulya ($171.28 in chips)
LifeisagameX: posts small blind $1
ChippYulya: posts big blind $3
*** HOLE CARDS ***
LifeisagameX: raises $3 to $6
ChippYulya: calls $3
*** FLOP *** [4s 9c 9h]
ChippYulya: checks
LifeisagameX: bets $3
ChippYulya: raises $3 to $6
LifeisagameX: calls $3
*** TURN *** [4s 9c 9h] [Qh]
ChippYulya: checks
LifeisagameX: checks
*** RIVER *** [4s 9c 9h Qh] [5s]
ChippYulya: bets $6
LifeisagameX: calls $6
*** SHOW DOWN ***
ChippYulya: shows [Kc 4h] (two pair, Nines and Fours)
LifeisagameX: mucks hand
ChippYulya collected $35.50 from pot
*** SUMMARY ***
Total pot $36 | Rake $0.50
Board [4s 9c 9h Qh 5s]
Seat 1: LifeisagameX (button) (small blind) mucked
Seat 2: ChippYulya (big blind) showed [Kc 4h] and won ($35.50) with two pair, Nines and Fours


PokerStars Hand #168504869799:  Hold'em Limit ($3/$6 USD) - 2017/04/03 0:18:34 ET
Table 'Shajna' 6-max Seat #2 is the button
Seat 2: ChippYulya ($230.98 in chips)
Seat 6: SilaSoNi ($32 in chips)
ChippYulya: posts small blind $1
SilaSoNi: posts big blind $3
*** HOLE CARDS ***
ChippYulya: folds
Uncalled bet ($2) returned to SilaSoNi
LifeisagameX leaves the table
SilaSoNi collected $2 from pot
SilaSoNi: doesn't show hand
*** SUMMARY ***
Total pot $2 | Rake $0
Seat 2: ChippYulya (button) (small blind) folded before Flop
Seat 6: SilaSoNi (big blind) collected ($2)


