PokerStars Hand #144363464366:  Hold'em Limit ($3/$6 USD) - 2015/11/25 10:53:27 ET
Table 'Sham II' 2-max Seat #1 is the button
Seat 1: jl45259071 ($67.75 in chips)
Seat 2: aenko ($124.76 in chips)
jl45259071: posts small blind $1
aenko: posts big blind $3
*** HOLE CARDS ***
jl45259071: calls $2
aenko: checks
*** FLOP *** [Qs Ks Js]
aenko: checks
jl45259071: checks
*** TURN *** [Qs Ks Js] [2d]
aenko: bets $6
jl45259071: calls $6
*** RIVER *** [Qs Ks Js 2d] [3d]
aenko: checks
jl45259071: bets $6
aenko: folds
Uncalled bet ($6) returned to jl45259071
jl45259071 collected $17.64 from pot
jl45259071: doesn't show hand
*** SUMMARY ***
Total pot $18 | Rake $0.36
Board [Qs Ks Js 2d 3d]
Seat 1: jl45259071 (button) (small blind) collected ($17.64)
Seat 2: aenko (big blind) folded on the River


PokerStars Hand #144363460212:  Hold'em Limit ($3/$6 USD) - 2015/11/25 10:53:22 ET
Table 'Sham II' 2-max Seat #2 is the button
Seat 1: jl45259071 ($66.75 in chips)
Seat 2: aenko ($125.76 in chips)
aenko: posts small blind $1
jl45259071: posts big blind $3
*** HOLE CARDS ***
aenko: folds
Uncalled bet ($2) returned to jl45259071
jl45259071 collected $2 from pot
jl45259071: doesn't show hand
*** SUMMARY ***
Total pot $2 | Rake $0
Seat 1: jl45259071 (big blind) collected ($2)
Seat 2: aenko (button) (small blind) folded before Flop


PokerStars Hand #144363478876:  Hold'em Limit ($3/$6 USD) - 2015/11/25 10:53:47 ET
Table 'Sham II' 2-max Seat #2 is the button
Seat 1: jl45259071 ($76.39 in chips)
Seat 2: aenko ($120 in chips)
aenko: posts small blind $1
jl45259071: posts big blind $3
*** HOLE CARDS ***
aenko: raises $3 to $6
jl45259071: calls $3
*** FLOP *** [9c Ks Qd]
jl45259071: checks
aenko: bets $3
jl45259071: calls $3
*** TURN *** [9c Ks Qd] [Kd]
jl45259071: checks
aenko: bets $6
jl45259071: calls $6
*** RIVER *** [9c Ks Qd Kd] [Jh]
jl45259071: checks
aenko: bets $6
jl45259071: calls $6
*** SHOW DOWN ***
aenko: shows [4d Td] (a straight, Nine to King)
jl45259071: mucks hand
aenko collected $41.50 from pot
*** SUMMARY ***
Total pot $42 | Rake $0.50
Board [9c Ks Qd Kd Jh]
Seat 1: jl45259071 (big blind) mucked
Seat 2: aenko (button) (small blind) showed [4d Td] and won ($41.50) with a straight, Nine to King


PokerStars Hand #144363495438:  Hold'em Limit ($3/$6 USD) - 2015/11/25 10:54:11 ET
Table 'Sham II' 2-max Seat #1 is the button
Seat 1: jl45259071 ($55.39 in chips)
Seat 2: aenko ($140.50 in chips)
jl45259071: posts small blind $1
aenko: posts big blind $3
*** HOLE CARDS ***
jl45259071: calls $2
aenko: checks
*** FLOP *** [8s 8c 5h]
aenko: checks
jl45259071: checks
*** TURN *** [8s 8c 5h] [7s]
aenko: checks
jl45259071: checks
*** RIVER *** [8s 8c 5h 7s] [6h]
aenko: bets $6
jl45259071: folds
Uncalled bet ($6) returned to aenko
aenko collected $5.88 from pot
aenko: doesn't show hand
*** SUMMARY ***
Total pot $6 | Rake $0.12
Board [8s 8c 5h 7s 6h]
Seat 1: jl45259071 (button) (small blind) folded on the River
Seat 2: aenko (big blind) collected ($5.88)


PokerStars Hand #144363509725:  Hold'em Limit ($3/$6 USD) - 2015/11/25 10:54:31 ET
Table 'Sham II' 2-max Seat #2 is the button
Seat 1: jl45259071 ($52.39 in chips)
Seat 2: aenko ($143.38 in chips)
aenko: posts small blind $1
jl45259071: posts big blind $3
*** HOLE CARDS ***
aenko: folds
Uncalled bet ($2) returned to jl45259071
jl45259071 collected $2 from pot
jl45259071: doesn't show hand
*** SUMMARY ***
Total pot $2 | Rake $0
Seat 1: jl45259071 (big blind) collected ($2)
Seat 2: aenko (button) (small blind) folded before Flop


PokerStars Hand #144363531514:  Hold'em Limit ($3/$6 USD) - 2015/11/25 10:55:01 ET
Table 'Sham II' 2-max Seat #2 is the button
Seat 1: jl45259071 ($64.91 in chips)
Seat 2: aenko ($130.38 in chips)
aenko: posts small blind $1
jl45259071: posts big blind $3
*** HOLE CARDS ***
aenko: folds
Uncalled bet ($2) returned to jl45259071
jl45259071 collected $2 from pot
jl45259071: doesn't show hand
*** SUMMARY ***
Total pot $2 | Rake $0
Seat 1: jl45259071 (big blind) collected ($2)
Seat 2: aenko (button) (small blind) folded before Flop


PokerStars Hand #144363513841:  Hold'em Limit ($3/$6 USD) - 2015/11/25 10:54:36 ET
Table 'Sham II' 2-max Seat #1 is the button
Seat 1: jl45259071 ($53.39 in chips)
Seat 2: aenko ($142.38 in chips)
jl45259071: posts small blind $1
aenko: posts big blind $3
*** HOLE CARDS ***
jl45259071: calls $2
aenko: checks
*** FLOP *** [3s 4d 8d]
aenko: checks
jl45259071: bets $3
aenko: calls $3
*** TURN *** [3s 4d 8d] [6h]
aenko: checks
jl45259071: bets $6
aenko: calls $6
*** RIVER *** [3s 4d 8d 6h] [7d]
aenko: checks
jl45259071: checks
*** SHOW DOWN ***
aenko: shows [3h 9d] (a pair of Threes)
jl45259071: shows [6s Ks] (a pair of Sixes)
jl45259071 collected $23.52 from pot
*** SUMMARY ***
Total pot $24 | Rake $0.48
Board [3s 4d 8d 6h 7d]
Seat 1: jl45259071 (button) (small blind) showed [6s Ks] and won ($23.52) with a pair of Sixes
Seat 2: aenko (big blind) showed [3h 9d] and lost with a pair of Threes


PokerStars Hand #144363535169:  Hold'em Limit ($3/$6 USD) - 2015/11/25 10:55:06 ET
Table 'Sham II' 2-max Seat #1 is the button
Seat 1: jl45259071 ($65.91 in chips)
Seat 2: aenko ($129.38 in chips)
jl45259071: posts small blind $1
aenko: posts big blind $3
*** HOLE CARDS ***
jl45259071: calls $2
aenko: checks
*** FLOP *** [As 7d Tc]
aenko: checks
jl45259071: checks
*** TURN *** [As 7d Tc] [2c]
aenko: checks
jl45259071: checks
*** RIVER *** [As 7d Tc 2c] [8c]
aenko: bets $6
jl45259071: folds
Uncalled bet ($6) returned to aenko
aenko collected $5.88 from pot
aenko: doesn't show hand
*** SUMMARY ***
Total pot $6 | Rake $0.12
Board [As 7d Tc 2c 8c]
Seat 1: jl45259071 (button) (small blind) folded on the River
Seat 2: aenko (big blind) collected ($5.88)


PokerStars Hand #144363557482:  Hold'em Limit ($3/$6 USD) - 2015/11/25 10:55:44 ET
Table 'Sham II' 2-max Seat #1 is the button
Seat 1: jl45259071 ($86.41 in chips)
Seat 2: aenko ($120 in chips)
jl45259071: posts small blind $1
aenko: posts big blind $3
*** HOLE CARDS ***
jl45259071: folds
Uncalled bet ($2) returned to aenko
aenko collected $2 from pot
aenko: doesn't show hand
*** SUMMARY ***
Total pot $2 | Rake $0
Seat 1: jl45259071 (button) (small blind) folded before Flop
Seat 2: aenko (big blind) collected ($2)


PokerStars Hand #144363546025:  Hold'em Limit ($3/$6 USD) - 2015/11/25 10:55:25 ET
Table 'Sham II' 2-max Seat #2 is the button
Seat 1: jl45259071 ($62.91 in chips)
Seat 2: aenko ($132.26 in chips)
aenko: posts small blind $1
jl45259071: posts big blind $3
*** HOLE CARDS ***
aenko: raises $3 to $6
jl45259071: raises $3 to $9
aenko: calls $3
*** FLOP *** [2s 7d Qd]
jl45259071: bets $3
aenko: calls $3
*** TURN *** [2s 7d Qd] [Tc]
jl45259071: bets $6
aenko: calls $6
*** RIVER *** [2s 7d Qd Tc] [3c]
jl45259071: bets $6
aenko: calls $6
*** SHOW DOWN ***
jl45259071: shows [7s As] (a pair of Sevens)
aenko: mucks hand
jl45259071 collected $47.50 from pot
*** SUMMARY ***
Total pot $48 | Rake $0.50
Board [2s 7d Qd Tc 3c]
Seat 1: jl45259071 (big blind) showed [7s As] and won ($47.50) with a pair of Sevens
Seat 2: aenko (button) (small blind) mucked


