PokerStars Hand #169160984238:  Hold'em Limit ($3/$6 USD) - 2017/04/17 7:08:02 ET
Table 'Sham' 10-max Seat #1 is the button
Seat 1: StakkAttakk ($69 in chips)
Seat 10: BugerDV ($75 in chips)
StakkAttakk: posts small blind $1
BugerDV: posts big blind $3
*** HOLE CARDS ***
StakkAttakk: raises $3 to $6
BugerDV: calls $3
*** FLOP *** [5h Ac 4d]
BugerDV: checks
StakkAttakk: bets $3
BugerDV: raises $3 to $6
StakkAttakk: folds
Uncalled bet ($3) returned to BugerDV
BugerDV collected $17.64 from pot
BugerDV: doesn't show hand
*** SUMMARY ***
Total pot $18 | Rake $0.36
Board [5h Ac 4d]
Seat 1: StakkAttakk (button) (small blind) folded on the Flop
Seat 10: BugerDV (big blind) collected ($17.64)


PokerStars Hand #169160980937:  Hold'em Limit ($3/$6 USD) - 2017/04/17 7:07:55 ET
Table 'Sham' 10-max Seat #10 is the button
Seat 1: StakkAttakk ($72 in chips)
Seat 10: BugerDV ($72 in chips)
BugerDV: posts small blind $1
StakkAttakk: posts big blind $3
*** HOLE CARDS ***
BugerDV: raises $3 to $6
StakkAttakk: folds
Uncalled bet ($3) returned to BugerDV
BugerDV collected $6 from pot
BugerDV: doesn't show hand
*** SUMMARY ***
Total pot $6 | Rake $0
Seat 1: StakkAttakk (big blind) folded before Flop
Seat 10: BugerDV (button) (small blind) collected ($6)


PokerStars Hand #169160989713:  Hold'em Limit ($3/$6 USD) - 2017/04/17 7:08:14 ET
Table 'Sham' 10-max Seat #10 is the button
Seat 1: StakkAttakk ($60 in chips)
Seat 10: BugerDV ($83.64 in chips)
BugerDV: posts small blind $1
StakkAttakk: posts big blind $3
*** HOLE CARDS ***
BugerDV: raises $3 to $6
StakkAttakk: calls $3
*** FLOP *** [5d 5h Jc]
StakkAttakk: checks
BugerDV: bets $3
StakkAttakk: calls $3
*** TURN *** [5d 5h Jc] [8h]
StakkAttakk: checks
BugerDV: checks
*** RIVER *** [5d 5h Jc 8h] [Ah]
StakkAttakk: bets $6
BugerDV: calls $6
*** SHOW DOWN ***
StakkAttakk: shows [8d Kd] (two pair, Eights and Fives)
BugerDV: mucks hand
StakkAttakk collected $29.50 from pot
*** SUMMARY ***
Total pot $30 | Rake $0.50
Board [5d 5h Jc 8h Ah]
Seat 1: StakkAttakk (big blind) showed [8d Kd] and won ($29.50) with two pair, Eights and Fives
Seat 10: BugerDV (button) (small blind) mucked


PokerStars Hand #169160996929:  Hold'em Limit ($3/$6 USD) - 2017/04/17 7:08:28 ET
Table 'Sham' 10-max Seat #1 is the button
Seat 1: StakkAttakk ($74.50 in chips)
Seat 10: BugerDV ($68.64 in chips)
StakkAttakk: posts small blind $1
BugerDV: posts big blind $3
*** HOLE CARDS ***
StakkAttakk: raises $3 to $6
BugerDV: calls $3
*** FLOP *** [5h Ks 6h]
BugerDV: checks
StakkAttakk: checks
*** TURN *** [5h Ks 6h] [8h]
BugerDV: bets $6
StakkAttakk: folds
Uncalled bet ($6) returned to BugerDV
BugerDV collected $11.76 from pot
BugerDV: doesn't show hand
*** SUMMARY ***
Total pot $12 | Rake $0.24
Board [5h Ks 6h 8h]
Seat 1: StakkAttakk (button) (small blind) folded on the Turn
Seat 10: BugerDV (big blind) collected ($11.76)


PokerStars Hand #169161006739:  Hold'em Limit ($3/$6 USD) - 2017/04/17 7:08:48 ET
Table 'Sham' 10-max Seat #1 is the button
Seat 1: StakkAttakk ($65.50 in chips)
Seat 10: BugerDV ($77.40 in chips)
StakkAttakk: posts small blind $1
BugerDV: posts big blind $3
*** HOLE CARDS ***
StakkAttakk: folds
Uncalled bet ($2) returned to BugerDV
BugerDV collected $2 from pot
BugerDV: doesn't show hand
*** SUMMARY ***
Total pot $2 | Rake $0
Seat 1: StakkAttakk (button) (small blind) folded before Flop
Seat 10: BugerDV (big blind) collected ($2)


PokerStars Hand #169161004048:  Hold'em Limit ($3/$6 USD) - 2017/04/17 7:08:43 ET
Table 'Sham' 10-max Seat #10 is the button
Seat 1: StakkAttakk ($68.50 in chips)
Seat 10: BugerDV ($74.40 in chips)
BugerDV: posts small blind $1
StakkAttakk: posts big blind $3
*** HOLE CARDS ***
BugerDV: raises $3 to $6
StakkAttakk: folds
Uncalled bet ($3) returned to BugerDV
BugerDV collected $6 from pot
BugerDV: doesn't show hand
*** SUMMARY ***
Total pot $6 | Rake $0
Seat 1: StakkAttakk (big blind) folded before Flop
Seat 10: BugerDV (button) (small blind) collected ($6)


PokerStars Hand #169161009058:  Hold'em Limit ($3/$6 USD) - 2017/04/17 7:08:53 ET
Table 'Sham' 10-max Seat #10 is the button
Seat 1: StakkAttakk ($64.50 in chips)
Seat 10: BugerDV ($78.40 in chips)
BugerDV: posts small blind $1
StakkAttakk: posts big blind $3
*** HOLE CARDS ***
BugerDV: raises $3 to $6
StakkAttakk: calls $3
*** FLOP *** [Td Qd 7h]
StakkAttakk: checks
BugerDV: bets $3
StakkAttakk: calls $3
*** TURN *** [Td Qd 7h] [5c]
StakkAttakk: checks
BugerDV: bets $6
StakkAttakk: folds
Uncalled bet ($6) returned to BugerDV
BugerDV collected $17.64 from pot
BugerDV: doesn't show hand
*** SUMMARY ***
Total pot $18 | Rake $0.36
Board [Td Qd 7h 5c]
Seat 1: StakkAttakk (big blind) folded on the Turn
Seat 10: BugerDV (button) (small blind) collected ($17.64)


PokerStars Hand #169161036925:  Hold'em Limit ($3/$6 USD) - 2017/04/17 7:09:51 ET
Table 'Sham' 10-max Seat #10 is the button
Seat 1: StakkAttakk ($78.64 in chips)
Seat 10: BugerDV ($62.56 in chips)
BugerDV: posts small blind $1
StakkAttakk: posts big blind $3
*** HOLE CARDS ***
BugerDV: raises $3 to $6
StakkAttakk: folds
Uncalled bet ($3) returned to BugerDV
BugerDV collected $6 from pot
BugerDV: doesn't show hand
*** SUMMARY ***
Total pot $6 | Rake $0
Seat 1: StakkAttakk (big blind) folded before Flop
Seat 10: BugerDV (button) (small blind) collected ($6)


PokerStars Hand #169161014913:  Hold'em Limit ($3/$6 USD) - 2017/04/17 7:09:05 ET
Table 'Sham' 10-max Seat #1 is the button
Seat 1: StakkAttakk ($55.50 in chips)
Seat 10: BugerDV ($87.04 in chips)
StakkAttakk: posts small blind $1
BugerDV: posts big blind $3
*** HOLE CARDS ***
StakkAttakk: raises $3 to $6
BugerDV: raises $3 to $9
StakkAttakk: calls $3
*** FLOP *** [Tc 2d 4d]
BugerDV: bets $3
StakkAttakk: calls $3
*** TURN *** [Tc 2d 4d] [8s]
BugerDV: bets $6
StakkAttakk: folds
Uncalled bet ($6) returned to BugerDV
BugerDV collected $23.52 from pot
BugerDV: doesn't show hand
*** SUMMARY ***
Total pot $24 | Rake $0.48
Board [Tc 2d 4d 8s]
Seat 1: StakkAttakk (button) (small blind) folded on the Turn
Seat 10: BugerDV (big blind) collected ($23.52)


PokerStars Hand #169161039171:  Hold'em Limit ($3/$6 USD) - 2017/04/17 7:09:56 ET
Table 'Sham' 10-max Seat #1 is the button
Seat 1: StakkAttakk ($75.64 in chips)
Seat 10: BugerDV ($65.56 in chips)
StakkAttakk: posts small blind $1
BugerDV: posts big blind $3
*** HOLE CARDS ***
StakkAttakk: raises $3 to $6
BugerDV: calls $3
*** FLOP *** [8c 7d Jh]
BugerDV: checks
StakkAttakk: bets $3
BugerDV: folds
Uncalled bet ($3) returned to StakkAttakk
StakkAttakk collected $11.76 from pot
StakkAttakk: doesn't show hand
*** SUMMARY ***
Total pot $12 | Rake $0.24
Board [8c 7d Jh]
Seat 1: StakkAttakk (button) (small blind) collected ($11.76)
Seat 10: BugerDV (big blind) folded on the Flop


PokerStars Hand #169161020917:  Hold'em Limit ($3/$6 USD) - 2017/04/17 7:09:18 ET
Table 'Sham' 10-max Seat #10 is the button
Seat 1: StakkAttakk ($43.50 in chips)
Seat 10: BugerDV ($98.56 in chips)
BugerDV: posts small blind $1
StakkAttakk: posts big blind $3
*** HOLE CARDS ***
BugerDV: raises $3 to $6
StakkAttakk: raises $3 to $9
BugerDV: calls $3
*** FLOP *** [6h 4c Ad]
StakkAttakk: bets $3
BugerDV: folds
Uncalled bet ($3) returned to StakkAttakk
StakkAttakk collected $17.64 from pot
StakkAttakk: doesn't show hand
*** SUMMARY ***
Total pot $18 | Rake $0.36
Board [6h 4c Ad]
Seat 1: StakkAttakk (big blind) collected ($17.64)
Seat 10: BugerDV (button) (small blind) folded on the Flop


PokerStars Hand #169161026976:  Hold'em Limit ($3/$6 USD) - 2017/04/17 7:09:30 ET
Table 'Sham' 10-max Seat #1 is the button
Seat 1: StakkAttakk ($52.14 in chips)
Seat 10: BugerDV ($89.56 in chips)
StakkAttakk: posts small blind $1
BugerDV: posts big blind $3
*** HOLE CARDS ***
StakkAttakk: raises $3 to $6
BugerDV: raises $3 to $9
StakkAttakk: raises $3 to $12
Betting is capped
BugerDV: calls $3
*** FLOP *** [4s Jh 2c]
BugerDV: checks
StakkAttakk: bets $3
BugerDV: calls $3
*** TURN *** [4s Jh 2c] [9s]
BugerDV: checks
StakkAttakk: bets $6
BugerDV: calls $6
*** RIVER *** [4s Jh 2c 9s] [Ts]
BugerDV: checks
StakkAttakk: bets $6
BugerDV: calls $6
*** SHOW DOWN ***
StakkAttakk: shows [As Ad] (a pair of Aces)
BugerDV: mucks hand
StakkAttakk collected $53.50 from pot
*** SUMMARY ***
Total pot $54 | Rake $0.50
Board [4s Jh 2c 9s Ts]
Seat 1: StakkAttakk (button) (small blind) showed [As Ad] and won ($53.50) with a pair of Aces
Seat 10: BugerDV (big blind) mucked


PokerStars Hand #169161058579:  Hold'em Limit ($3/$6 USD) - 2017/04/17 7:10:36 ET
Table 'Sham' 10-max Seat #1 is the button
Seat 1: StakkAttakk ($91.90 in chips)
Seat 10: BugerDV ($48.56 in chips)
StakkAttakk: posts small blind $1
BugerDV: posts big blind $3
*** HOLE CARDS ***
StakkAttakk: raises $3 to $6
BugerDV: calls $3
*** FLOP *** [6d Ks 2d]
BugerDV: checks
StakkAttakk: bets $3
BugerDV: folds
Uncalled bet ($3) returned to StakkAttakk
StakkAttakk collected $11.76 from pot
StakkAttakk: doesn't show hand
*** SUMMARY ***
Total pot $12 | Rake $0.24
Board [6d Ks 2d]
Seat 1: StakkAttakk (button) (small blind) collected ($11.76)
Seat 10: BugerDV (big blind) folded on the Flop


PokerStars Hand #169161063856:  Hold'em Limit ($3/$6 USD) - 2017/04/17 7:10:47 ET
Table 'Sham' 10-max Seat #10 is the button
Seat 1: StakkAttakk ($97.66 in chips)
Seat 10: BugerDV ($42.56 in chips)
BugerDV: posts small blind $1
StakkAttakk: posts big blind $3
*** HOLE CARDS ***
BugerDV: raises $3 to $6
StakkAttakk: calls $3
*** FLOP *** [4s Kc 6s]
StakkAttakk: checks
BugerDV: bets $3
StakkAttakk: raises $3 to $6
BugerDV: calls $3
*** TURN *** [4s Kc 6s] [Qs]
StakkAttakk: bets $6
BugerDV: raises $6 to $12
StakkAttakk: calls $6
*** RIVER *** [4s Kc 6s Qs] [Td]
StakkAttakk: bets $6
BugerDV: raises $6 to $12
StakkAttakk: folds
Uncalled bet ($6) returned to BugerDV
BugerDV collected $59.50 from pot
BugerDV: doesn't show hand
*** SUMMARY ***
Total pot $60 | Rake $0.50
Board [4s Kc 6s Qs Td]
Seat 1: StakkAttakk (big blind) folded on the River
Seat 10: BugerDV (button) (small blind) collected ($59.50)


PokerStars Hand #169161053597:  Hold'em Limit ($3/$6 USD) - 2017/04/17 7:10:26 ET
Table 'Sham' 10-max Seat #1 is the button
Seat 1: StakkAttakk ($95.90 in chips)
Seat 10: BugerDV ($44.56 in chips)
StakkAttakk: posts small blind $1
BugerDV: posts big blind $3
*** HOLE CARDS ***
StakkAttakk: folds
Uncalled bet ($2) returned to BugerDV
BugerDV collected $2 from pot
BugerDV: doesn't show hand
*** SUMMARY ***
Total pot $2 | Rake $0
Seat 1: StakkAttakk (button) (small blind) folded before Flop
Seat 10: BugerDV (big blind) collected ($2)


PokerStars Hand #169161044210:  Hold'em Limit ($3/$6 USD) - 2017/04/17 7:10:06 ET
Table 'Sham' 10-max Seat #10 is the button
Seat 1: StakkAttakk ($81.40 in chips)
Seat 10: BugerDV ($59.56 in chips)
BugerDV: posts small blind $1
StakkAttakk: posts big blind $3
*** HOLE CARDS ***
BugerDV: raises $3 to $6
StakkAttakk: raises $3 to $9
BugerDV: calls $3
*** FLOP *** [5s 4h Kc]
StakkAttakk: bets $3
BugerDV: raises $3 to $6
StakkAttakk: calls $3
*** TURN *** [5s 4h Kc] [4s]
StakkAttakk: bets $6
BugerDV: folds
Uncalled bet ($6) returned to StakkAttakk
StakkAttakk collected $29.50 from pot
StakkAttakk: doesn't show hand
*** SUMMARY ***
Total pot $30 | Rake $0.50
Board [5s 4h Kc 4s]
Seat 1: StakkAttakk (big blind) collected ($29.50)
Seat 10: BugerDV (button) (small blind) folded on the Turn


PokerStars Hand #169161055624:  Hold'em Limit ($3/$6 USD) - 2017/04/17 7:10:30 ET
Table 'Sham' 10-max Seat #10 is the button
Seat 1: StakkAttakk ($94.90 in chips)
Seat 10: BugerDV ($45.56 in chips)
BugerDV: posts small blind $1
StakkAttakk: posts big blind $3
*** HOLE CARDS ***
BugerDV: raises $3 to $6
StakkAttakk: folds
Uncalled bet ($3) returned to BugerDV
BugerDV collected $6 from pot
BugerDV: doesn't show hand
*** SUMMARY ***
Total pot $6 | Rake $0
Seat 1: StakkAttakk (big blind) folded before Flop
Seat 10: BugerDV (button) (small blind) collected ($6)


PokerStars Hand #169161095285:  Hold'em Limit ($3/$6 USD) - 2017/04/17 7:11:50 ET
Table 'Sham' 10-max Seat #1 is the button
Seat 1: StakkAttakk ($30.66 in chips)
Seat 10: BugerDV ($108.08 in chips)
StakkAttakk: posts small blind $1
BugerDV: posts big blind $3
*** HOLE CARDS ***
StakkAttakk: folds
Uncalled bet ($2) returned to BugerDV
BugerDV collected $2 from pot
BugerDV: doesn't show hand
*** SUMMARY ***
Total pot $2 | Rake $0
Seat 1: StakkAttakk (button) (small blind) folded before Flop
Seat 10: BugerDV (big blind) collected ($2)


PokerStars Hand #169161088328:  Hold'em Limit ($3/$6 USD) - 2017/04/17 7:11:35 ET
Table 'Sham' 10-max Seat #10 is the button
Seat 1: StakkAttakk ($36.66 in chips)
Seat 10: BugerDV ($102.32 in chips)
BugerDV: posts small blind $1
StakkAttakk: posts big blind $3
*** HOLE CARDS ***
BugerDV: raises $3 to $6
StakkAttakk: calls $3
*** FLOP *** [4h 2s 9d]
StakkAttakk: checks
BugerDV: bets $3
StakkAttakk: folds
Uncalled bet ($3) returned to BugerDV
BugerDV collected $11.76 from pot
BugerDV: doesn't show hand
*** SUMMARY ***
Total pot $12 | Rake $0.24
Board [4h 2s 9d]
Seat 1: StakkAttakk (big blind) folded on the Flop
Seat 10: BugerDV (button) (small blind) collected ($11.76)


PokerStars Hand #169161085107:  Hold'em Limit ($3/$6 USD) - 2017/04/17 7:11:28 ET
Table 'Sham' 10-max Seat #1 is the button
Seat 1: StakkAttakk ($37.66 in chips)
Seat 10: BugerDV ($101.32 in chips)
StakkAttakk: posts small blind $1
BugerDV: posts big blind $3
*** HOLE CARDS ***
StakkAttakk: folds
Uncalled bet ($2) returned to BugerDV
BugerDV collected $2 from pot
BugerDV: doesn't show hand
*** SUMMARY ***
Total pot $2 | Rake $0
Seat 1: StakkAttakk (button) (small blind) folded before Flop
Seat 10: BugerDV (big blind) collected ($2)


PokerStars Hand #169161080863:  Hold'em Limit ($3/$6 USD) - 2017/04/17 7:11:19 ET
Table 'Sham' 10-max Seat #10 is the button
Seat 1: StakkAttakk ($43.66 in chips)
Seat 10: BugerDV ($95.56 in chips)
BugerDV: posts small blind $1
StakkAttakk: posts big blind $3
*** HOLE CARDS ***
BugerDV: raises $3 to $6
StakkAttakk: calls $3
*** FLOP *** [4c Qd 4s]
StakkAttakk: checks
BugerDV: bets $3
StakkAttakk: folds
Uncalled bet ($3) returned to BugerDV
BugerDV collected $11.76 from pot
BugerDV: doesn't show hand
*** SUMMARY ***
Total pot $12 | Rake $0.24
Board [4c Qd 4s]
Seat 1: StakkAttakk (big blind) folded on the Flop
Seat 10: BugerDV (button) (small blind) collected ($11.76)


PokerStars Hand #169161073510:  Hold'em Limit ($3/$6 USD) - 2017/04/17 7:11:04 ET
Table 'Sham' 10-max Seat #1 is the button
Seat 1: StakkAttakk ($67.66 in chips)
Seat 10: BugerDV ($72.06 in chips)
StakkAttakk: posts small blind $1
BugerDV: posts big blind $3
*** HOLE CARDS ***
StakkAttakk: raises $3 to $6
BugerDV: calls $3
*** FLOP *** [Ad 7c 9d]
BugerDV: checks
StakkAttakk: bets $3
BugerDV: raises $3 to $6
StakkAttakk: calls $3
*** TURN *** [Ad 7c 9d] [3h]
BugerDV: bets $6
StakkAttakk: calls $6
*** RIVER *** [Ad 7c 9d 3h] [Ts]
BugerDV: bets $6
StakkAttakk: calls $6
*** SHOW DOWN ***
BugerDV: shows [9c 7h] (two pair, Nines and Sevens)
StakkAttakk: mucks hand
BugerDV collected $47.50 from pot
*** SUMMARY ***
Total pot $48 | Rake $0.50
Board [Ad 7c 9d 3h Ts]
Seat 1: StakkAttakk (button) (small blind) mucked
Seat 10: BugerDV (big blind) showed [9c 7h] and won ($47.50) with two pair, Nines and Sevens


PokerStars Hand #169161110488:  Hold'em Limit ($3/$6 USD) - 2017/04/17 7:12:22 ET
Table 'Sham' 10-max Seat #10 is the button
Seat 1: StakkAttakk ($28.41 in chips)
Seat 10: BugerDV ($109.83 in chips)
BugerDV: posts small blind $1
StakkAttakk: posts big blind $3
*** HOLE CARDS ***
BugerDV: raises $3 to $6
StakkAttakk: calls $3
*** FLOP *** [6c 8s 6d]
StakkAttakk: checks
BugerDV: bets $3
StakkAttakk: folds
Uncalled bet ($3) returned to BugerDV
BugerDV collected $11.76 from pot
BugerDV: doesn't show hand
*** SUMMARY ***
Total pot $12 | Rake $0.24
Board [6c 8s 6d]
Seat 1: StakkAttakk (big blind) folded on the Flop
Seat 10: BugerDV (button) (small blind) collected ($11.76)


PokerStars Hand #169161122088:  Hold'em Limit ($3/$6 USD) - 2017/04/17 7:12:46 ET
Table 'Sham' 10-max Seat #1 is the button
Seat 1: StakkAttakk ($22.41 in chips)
Seat 10: BugerDV ($115.59 in chips)
StakkAttakk: posts small blind $1
BugerDV: posts big blind $3
*** HOLE CARDS ***
StakkAttakk: raises $3 to $6
BugerDV: raises $3 to $9
StakkAttakk: raises $3 to $12
Betting is capped
BugerDV: calls $3
*** FLOP *** [Ts Qc 6h]
BugerDV: checks
StakkAttakk: bets $3
BugerDV: raises $3 to $6
StakkAttakk: calls $3
*** TURN *** [Ts Qc 6h] [As]
BugerDV: bets $6
StakkAttakk: calls $4.41 and is all-in
Uncalled bet ($1.59) returned to BugerDV
*** RIVER *** [Ts Qc 6h As] [5d]
*** SHOW DOWN ***
BugerDV: shows [Ah Jd] (a pair of Aces)
StakkAttakk: shows [Kc Ad] (a pair of Aces - King kicker)
StakkAttakk collected $44.32 from pot
*** SUMMARY ***
Total pot $44.82 | Rake $0.50
Board [Ts Qc 6h As 5d]
Seat 1: StakkAttakk (button) (small blind) showed [Kc Ad] and won ($44.32) with a pair of Aces
Seat 10: BugerDV (big blind) showed [Ah Jd] and lost with a pair of Aces


PokerStars Hand #169161107990:  Hold'em Limit ($3/$6 USD) - 2017/04/17 7:12:17 ET
Table 'Sham' 10-max Seat #1 is the button
Seat 1: StakkAttakk ($29.41 in chips)
Seat 10: BugerDV ($108.83 in chips)
StakkAttakk: posts small blind $1
BugerDV: posts big blind $3
*** HOLE CARDS ***
StakkAttakk: folds
Uncalled bet ($2) returned to BugerDV
BugerDV collected $2 from pot
BugerDV: doesn't show hand
*** SUMMARY ***
Total pot $2 | Rake $0
Seat 1: StakkAttakk (button) (small blind) folded before Flop
Seat 10: BugerDV (big blind) collected ($2)


PokerStars Hand #169161097551:  Hold'em Limit ($3/$6 USD) - 2017/04/17 7:11:55 ET
Table 'Sham' 10-max Seat #10 is the button
Seat 1: StakkAttakk ($29.66 in chips)
Seat 10: BugerDV ($109.08 in chips)
BugerDV: posts small blind $1
StakkAttakk: posts big blind $3
*** HOLE CARDS ***
BugerDV: raises $3 to $6
StakkAttakk: calls $3
*** FLOP *** [8h 9d 6h]
StakkAttakk: checks
BugerDV: bets $3
StakkAttakk: calls $3
*** TURN *** [8h 9d 6h] [2h]
StakkAttakk: checks
BugerDV: bets $6
StakkAttakk: calls $6
*** RIVER *** [8h 9d 6h 2h] [Th]
StakkAttakk: bets $6
BugerDV: calls $6
*** SHOW DOWN ***
StakkAttakk: shows [7c Kc] (a straight, Six to Ten)
BugerDV: shows [3c 7s] (a straight, Six to Ten)
StakkAttakk collected $20.75 from pot
BugerDV collected $20.75 from pot
*** SUMMARY ***
Total pot $42 | Rake $0.50
Board [8h 9d 6h 2h Th]
Seat 1: StakkAttakk (big blind) showed [7c Kc] and won ($20.75) with a straight, Six to Ten
Seat 10: BugerDV (button) (small blind) showed [3c 7s] and won ($20.75) with a straight, Six to Ten


PokerStars Hand #169161140371:  Hold'em Limit ($3/$6 USD) - 2017/04/17 7:13:24 ET
Table 'Sham' 10-max Seat #1 is the button
Seat 1: StakkAttakk ($52.96 in chips)
Seat 10: BugerDV ($84.18 in chips)
StakkAttakk: posts small blind $1
BugerDV: posts big blind $3
*** HOLE CARDS ***
StakkAttakk: folds
Uncalled bet ($2) returned to BugerDV
BugerDV collected $2 from pot
BugerDV: doesn't show hand
*** SUMMARY ***
Total pot $2 | Rake $0
Seat 1: StakkAttakk (button) (small blind) folded before Flop
Seat 10: BugerDV (big blind) collected ($2)


PokerStars Hand #169161145337:  Hold'em Limit ($3/$6 USD) - 2017/04/17 7:13:34 ET
Table 'Sham' 10-max Seat #10 is the button
Seat 1: StakkAttakk ($51.96 in chips)
Seat 10: BugerDV ($85.18 in chips)
BugerDV: posts small blind $1
StakkAttakk: posts big blind $3
*** HOLE CARDS ***
BugerDV: raises $3 to $6
StakkAttakk: folds
Uncalled bet ($3) returned to BugerDV
BugerDV collected $6 from pot
BugerDV: doesn't show hand
*** SUMMARY ***
Total pot $6 | Rake $0
Seat 1: StakkAttakk (big blind) folded before Flop
Seat 10: BugerDV (button) (small blind) collected ($6)


PokerStars Hand #169161148832:  Hold'em Limit ($3/$6 USD) - 2017/04/17 7:13:42 ET
Table 'Sham' 10-max Seat #1 is the button
Seat 1: StakkAttakk ($48.96 in chips)
Seat 10: BugerDV ($88.18 in chips)
StakkAttakk: posts small blind $1
BugerDV: posts big blind $3
*** HOLE CARDS ***
StakkAttakk: raises $3 to $6
BugerDV: calls $3
*** FLOP *** [7h Jd 8c]
BugerDV: checks
StakkAttakk: bets $3
BugerDV: calls $3
*** TURN *** [7h Jd 8c] [9c]
BugerDV: checks
StakkAttakk: bets $6
BugerDV: raises $6 to $12
StakkAttakk: calls $6
*** RIVER *** [7h Jd 8c 9c] [Ah]
BugerDV: bets $6
StakkAttakk: calls $6
*** SHOW DOWN ***
BugerDV: shows [5h Tc] (a straight, Seven to Jack)
StakkAttakk: mucks hand
BugerDV collected $53.50 from pot
*** SUMMARY ***
Total pot $54 | Rake $0.50
Board [7h Jd 8c 9c Ah]
Seat 1: StakkAttakk (button) (small blind) mucked
Seat 10: BugerDV (big blind) showed [5h Tc] and won ($53.50) with a straight, Seven to Jack


PokerStars Hand #169161167455:  Hold'em Limit ($3/$6 USD) - 2017/04/17 7:14:20 ET
Table 'Sham' 10-max Seat #1 is the button
Seat 1: StakkAttakk ($36.46 in chips)
Seat 10: BugerDV ($99.68 in chips)
StakkAttakk: posts small blind $1
BugerDV: posts big blind $3
*** HOLE CARDS ***
StakkAttakk: folds
Uncalled bet ($2) returned to BugerDV
BugerDV collected $2 from pot
BugerDV: doesn't show hand
*** SUMMARY ***
Total pot $2 | Rake $0
Seat 1: StakkAttakk (button) (small blind) folded before Flop
Seat 10: BugerDV (big blind) collected ($2)


PokerStars Hand #169161159608:  Hold'em Limit ($3/$6 USD) - 2017/04/17 7:14:04 ET
Table 'Sham' 10-max Seat #10 is the button
Seat 1: StakkAttakk ($21.96 in chips)
Seat 10: BugerDV ($114.68 in chips)
BugerDV: posts small blind $1
StakkAttakk: posts big blind $3
*** HOLE CARDS ***
BugerDV: raises $3 to $6
StakkAttakk: calls $3
*** FLOP *** [Th Ts 8h]
StakkAttakk: checks
BugerDV: bets $3
StakkAttakk: calls $3
*** TURN *** [Th Ts 8h] [Qs]
StakkAttakk: checks
BugerDV: bets $6
StakkAttakk: calls $6
*** RIVER *** [Th Ts 8h Qs] [6d]
StakkAttakk: checks
BugerDV: checks
*** SHOW DOWN ***
StakkAttakk: shows [5h 6h] (two pair, Tens and Sixes)
BugerDV: mucks hand
StakkAttakk collected $29.50 from pot
*** SUMMARY ***
Total pot $30 | Rake $0.50
Board [Th Ts 8h Qs 6d]
Seat 1: StakkAttakk (big blind) showed [5h 6h] and won ($29.50) with two pair, Tens and Sixes
Seat 10: BugerDV (button) (small blind) mucked


PokerStars Hand #169161169746:  Hold'em Limit ($3/$6 USD) - 2017/04/17 7:14:25 ET
Table 'Sham' 10-max Seat #10 is the button
Seat 1: StakkAttakk ($35.46 in chips)
Seat 10: BugerDV ($100.68 in chips)
BugerDV: posts small blind $1
StakkAttakk: posts big blind $3
*** HOLE CARDS ***
BugerDV: folds
Uncalled bet ($2) returned to StakkAttakk
StakkAttakk collected $2 from pot
StakkAttakk: doesn't show hand
*** SUMMARY ***
Total pot $2 | Rake $0
Seat 1: StakkAttakk (big blind) collected ($2)
Seat 10: BugerDV (button) (small blind) folded before Flop


PokerStars Hand #169161172825:  Hold'em Limit ($3/$6 USD) - 2017/04/17 7:14:31 ET
Table 'Sham' 10-max Seat #1 is the button
Seat 1: StakkAttakk ($36.46 in chips)
Seat 10: BugerDV ($99.68 in chips)
StakkAttakk: posts small blind $1
BugerDV: posts big blind $3
*** HOLE CARDS ***
StakkAttakk: raises $3 to $6
BugerDV: calls $3
*** FLOP *** [Qc 8s 8d]
BugerDV: checks
StakkAttakk: checks
*** TURN *** [Qc 8s 8d] [2c]
BugerDV: checks
StakkAttakk: checks
*** RIVER *** [Qc 8s 8d 2c] [Tc]
BugerDV: bets $6
StakkAttakk: calls $6
*** SHOW DOWN ***
BugerDV: shows [8c Kh] (three of a kind, Eights)
StakkAttakk: mucks hand
BugerDV collected $23.52 from pot
*** SUMMARY ***
Total pot $24 | Rake $0.48
Board [Qc 8s 8d 2c Tc]
Seat 1: StakkAttakk (button) (small blind) mucked
Seat 10: BugerDV (big blind) showed [8c Kh] and won ($23.52) with three of a kind, Eights


PokerStars Hand #169161179711:  Hold'em Limit ($3/$6 USD) - 2017/04/17 7:14:46 ET
Table 'Sham' 10-max Seat #10 is the button
Seat 1: StakkAttakk ($24.46 in chips)
Seat 10: BugerDV ($111.20 in chips)
BugerDV: posts small blind $1
StakkAttakk: posts big blind $3
*** HOLE CARDS ***
BugerDV: raises $3 to $6
StakkAttakk: folds
Uncalled bet ($3) returned to BugerDV
BugerDV collected $6 from pot
BugerDV: doesn't show hand
*** SUMMARY ***
Total pot $6 | Rake $0
Seat 1: StakkAttakk (big blind) folded before Flop
Seat 10: BugerDV (button) (small blind) collected ($6)


PokerStars Hand #169161186931:  Hold'em Limit ($3/$6 USD) - 2017/04/17 7:15:00 ET
Table 'Sham' 10-max Seat #1 is the button
Seat 1: StakkAttakk ($21.46 in chips)
Seat 10: BugerDV ($114.20 in chips)
StakkAttakk: posts small blind $1
BugerDV: posts big blind $3
*** HOLE CARDS ***
StakkAttakk: raises $3 to $6
BugerDV: calls $3
*** FLOP *** [8s 8c As]
BugerDV: checks
StakkAttakk: bets $3
BugerDV: raises $3 to $6
StakkAttakk: raises $3 to $9
BugerDV: raises $3 to $12
Betting is capped
StakkAttakk: calls $3
*** TURN *** [8s 8c As] [Qd]
BugerDV: bets $6
StakkAttakk: calls $3.46 and is all-in
Uncalled bet ($2.54) returned to BugerDV
*** RIVER *** [8s 8c As Qd] [6s]
*** SHOW DOWN ***
BugerDV: shows [8d 6c] (a full house, Eights full of Sixes)
StakkAttakk: shows [7h 7d] (two pair, Eights and Sevens)
BugerDV collected $42.42 from pot
*** SUMMARY ***
Total pot $42.92 | Rake $0.50
Board [8s 8c As Qd 6s]
Seat 1: StakkAttakk (button) (small blind) showed [7h 7d] and lost with two pair, Eights and Sevens
Seat 10: BugerDV (big blind) showed [8d 6c] and won ($42.42) with a full house, Eights full of Sixes


