PokerStars Hand #172886185734:  Hold'em Limit ($3/$6 USD) - 2017/07/11 6:53:47 ET
Table 'Shane' 6-max Seat #6 is the button
Seat 1: Mordnilap ($78.76 in chips)
Seat 6: denn69 ($113 in chips)
denn69: posts small blind $1
Mordnilap: posts big blind $3
*** HOLE CARDS ***
denn69: folds
Uncalled bet ($2) returned to Mordnilap
Mordnilap collected $2 from pot
Mordnilap: doesn't show hand
*** SUMMARY ***
Total pot $2 | Rake $0
Seat 1: Mordnilap (big blind) collected ($2)
Seat 6: denn69 (button) (small blind) folded before Flop


PokerStars Hand #172886177170:  Hold'em Limit ($3/$6 USD) - 2017/07/11 6:53:26 ET
Table 'Shane' 6-max Seat #6 is the button
Seat 1: Mordnilap ($72 in chips)
Seat 6: denn69 ($120 in chips)
denn69: posts small blind $1
Mordnilap: posts big blind $3
*** HOLE CARDS ***
denn69: folds
Uncalled bet ($2) returned to Mordnilap
Mordnilap collected $2 from pot
Mordnilap: doesn't show hand
*** SUMMARY ***
Total pot $2 | Rake $0
Seat 1: Mordnilap (big blind) collected ($2)
Seat 6: denn69 (button) (small blind) folded before Flop


PokerStars Hand #172886179305:  Hold'em Limit ($3/$6 USD) - 2017/07/11 6:53:31 ET
Table 'Shane' 6-max Seat #1 is the button
Seat 1: Mordnilap ($73 in chips)
Seat 6: denn69 ($119 in chips)
Mordnilap: posts small blind $1
denn69: posts big blind $3
*** HOLE CARDS ***
Mordnilap: raises $3 to $6
denn69: calls $3
*** FLOP *** [Ks Td 8h]
3-Mihey-3 joins the table at seat #2
denn69: checks
Mordnilap: bets $3
denn69: folds
Uncalled bet ($3) returned to Mordnilap
Mordnilap collected $11.76 from pot
Mordnilap: doesn't show hand
*** SUMMARY ***
Total pot $12 | Rake $0.24
Board [Ks Td 8h]
Seat 1: Mordnilap (button) (small blind) collected ($11.76)
Seat 6: denn69 (big blind) folded on the Flop


PokerStars Hand #172886535278:  Hold'em Limit ($3/$6 USD) - 2017/07/11 7:08:28 ET
Table 'Shane' 6-max Seat #4 is the button
Seat 3: MATEKATA2 ($281.64 in chips)
Seat 4: HAL9QQQ ($141.08 in chips)
HAL9QQQ: posts small blind $1
Mordnilap: is sitting out
MATEKATA2: posts big blind $3
*** HOLE CARDS ***
Mordnilap leaves the table
HAL9QQQ: raises $3 to $6
MATEKATA2: calls $3
*** FLOP *** [9d Jh 8h]
MATEKATA2: checks
HAL9QQQ: checks
*** TURN *** [9d Jh 8h] [Th]
MATEKATA2: bets $6
HAL9QQQ: folds
Uncalled bet ($6) returned to MATEKATA2
MATEKATA2 collected $11.76 from pot
*** SUMMARY ***
Total pot $12 | Rake $0.24
Board [9d Jh 8h Th]
Seat 3: MATEKATA2 (big blind) collected ($11.76)
Seat 4: HAL9QQQ (button) (small blind) folded on the Turn


