PokerStars Hand #145186149861:  Hold'em Limit ($3/$6 USD) - 2015/12/11 14:16:24 ET
Table 'Shane' 6-max Seat #6 is the button
Seat 1: PelonCabelao ($76 in chips)
Seat 6: frgt\10river ($132.26 in chips)
frgt\10river: posts small blind $1
PelonCabelao: posts big blind $3
*** HOLE CARDS ***
frgt\10river: folds
Uncalled bet ($2) returned to PelonCabelao
PelonCabelao collected $2 from pot
PelonCabelao: doesn't show hand
*** SUMMARY ***
Total pot $2 | Rake $0
Seat 1: PelonCabelao (big blind) collected ($2)
Seat 6: frgt\10river (button) (small blind) folded before Flop


PokerStars Hand #145186144504:  Hold'em Limit ($3/$6 USD) - 2015/12/11 14:16:18 ET
Table 'Shane' 6-max Seat #1 is the button
Seat 1: PelonCabelao ($73 in chips)
Seat 6: frgt\10river ($135.26 in chips)
PelonCabelao: posts small blind $1
frgt\10river: posts big blind $3
*** HOLE CARDS ***
PelonCabelao: raises $3 to $6
frgt\10river: folds
Uncalled bet ($3) returned to PelonCabelao
PelonCabelao collected $6 from pot
PelonCabelao: doesn't show hand
*** SUMMARY ***
Total pot $6 | Rake $0
Seat 1: PelonCabelao (button) (small blind) collected ($6)
Seat 6: frgt\10river (big blind) folded before Flop


PokerStars Hand #145186140182:  Hold'em Limit ($3/$6 USD) - 2015/12/11 14:16:13 ET
Table 'Shane' 6-max Seat #6 is the button
Seat 1: PelonCabelao ($72 in chips)
Seat 6: frgt\10river ($136.26 in chips)
frgt\10river: posts small blind $1
PelonCabelao: posts big blind $3
*** HOLE CARDS ***
frgt\10river: folds
Uncalled bet ($2) returned to PelonCabelao
PelonCabelao collected $2 from pot
PelonCabelao: doesn't show hand
*** SUMMARY ***
Total pot $2 | Rake $0
Seat 1: PelonCabelao (big blind) collected ($2)
Seat 6: frgt\10river (button) (small blind) folded before Flop


PokerStars Hand #145186105864:  Hold'em Limit ($3/$6 USD) - 2015/12/11 14:15:35 ET
Table 'Shane' 6-max Seat #1 is the button
Seat 1: PelonCabelao ($72 in chips)
Seat 6: frgt\10river ($121.76 in chips)
PelonCabelao: posts small blind $1
frgt\10river: posts big blind $3
*** HOLE CARDS ***
PelonCabelao: raises $3 to $6
frgt\10river: calls $3
*** FLOP *** [3c Qh Ad]
frgt\10river: checks
PelonCabelao: bets $3
frgt\10river: calls $3
*** TURN *** [3c Qh Ad] [7d]
frgt\10river: checks
PelonCabelao: checks
*** RIVER *** [3c Qh Ad 7d] [Qs]
frgt\10river: bets $6
PelonCabelao: calls $6
*** SHOW DOWN ***
frgt\10river: shows [Qd 8h] (three of a kind, Queens)
PelonCabelao: mucks hand
frgt\10river collected $29.50 from pot
*** SUMMARY ***
Total pot $30 | Rake $0.50
Board [3c Qh Ad 7d Qs]
Seat 1: PelonCabelao (button) (small blind) mucked
Seat 6: frgt\10river (big blind) showed [Qd 8h] and won ($29.50) with three of a kind, Queens


PokerStars Hand #145186223457:  Hold'em Limit ($3/$6 USD) - 2015/12/11 14:17:46 ET
Table 'Shane' 6-max Seat #1 is the button
Seat 1: PelonCabelao ($73 in chips)
Seat 6: frgt\10river ($167.26 in chips)
PelonCabelao: posts small blind $1
frgt\10river: posts big blind $3
*** HOLE CARDS ***
PelonCabelao: raises $3 to $6
frgt\10river: folds
Uncalled bet ($3) returned to PelonCabelao
PelonCabelao collected $6 from pot
PelonCabelao: doesn't show hand
*** SUMMARY ***
Total pot $6 | Rake $0
Seat 1: PelonCabelao (button) (small blind) collected ($6)
Seat 6: frgt\10river (big blind) folded before Flop


PokerStars Hand #145186218796:  Hold'em Limit ($3/$6 USD) - 2015/12/11 14:17:41 ET
Table 'Shane' 6-max Seat #6 is the button
Seat 1: PelonCabelao ($72 in chips)
Seat 6: frgt\10river ($168.26 in chips)
frgt\10river: posts small blind $1
PelonCabelao: posts big blind $3
*** HOLE CARDS ***
frgt\10river: folds
Uncalled bet ($2) returned to PelonCabelao
PelonCabelao collected $2 from pot
PelonCabelao: doesn't show hand
*** SUMMARY ***
Total pot $2 | Rake $0
Seat 1: PelonCabelao (big blind) collected ($2)
Seat 6: frgt\10river (button) (small blind) folded before Flop


PokerStars Hand #145186186655:  Hold'em Limit ($3/$6 USD) - 2015/12/11 14:17:05 ET
Table 'Shane' 6-max Seat #1 is the button
Seat 1: PelonCabelao ($73 in chips)
Seat 6: frgt\10river ($153.76 in chips)
PelonCabelao: posts small blind $1
frgt\10river: posts big blind $3
*** HOLE CARDS ***
PelonCabelao: raises $3 to $6
frgt\10river: calls $3
*** FLOP *** [2c Kd Td]
frgt\10river: checks
WillemDuit joins the table at seat #4
ChOfW joins the table at seat #5
PelonCabelao: bets $3
frgt\10river: calls $3
*** TURN *** [2c Kd Td] [8h]
frgt\10river: checks
PelonCabelao: bets $6
frgt\10river: calls $6
*** RIVER *** [2c Kd Td 8h] [5h]
frgt\10river: bets $6
PelonCabelao: folds
Uncalled bet ($6) returned to frgt\10river
frgt\10river collected $29.50 from pot
frgt\10river: doesn't show hand
*** SUMMARY ***
Total pot $30 | Rake $0.50
Board [2c Kd Td 8h 5h]
Seat 1: PelonCabelao (button) (small blind) folded on the River
Seat 6: frgt\10river (big blind) collected ($29.50)


PokerStars Hand #145186182519:  Hold'em Limit ($3/$6 USD) - 2015/12/11 14:17:00 ET
Table 'Shane' 6-max Seat #6 is the button
Seat 1: PelonCabelao ($72 in chips)
Seat 6: frgt\10river ($154.76 in chips)
frgt\10river: posts small blind $1
PelonCabelao: posts big blind $3
*** HOLE CARDS ***
frgt\10river: folds
Uncalled bet ($2) returned to PelonCabelao
PelonCabelao collected $2 from pot
PelonCabelao: doesn't show hand
*** SUMMARY ***
Total pot $2 | Rake $0
Seat 1: PelonCabelao (big blind) collected ($2)
Seat 6: frgt\10river (button) (small blind) folded before Flop


PokerStars Hand #145186154133:  Hold'em Limit ($3/$6 USD) - 2015/12/11 14:16:29 ET
Table 'Shane' 6-max Seat #1 is the button
Seat 1: PelonCabelao ($77 in chips)
Seat 6: frgt\10river ($131.26 in chips)
PelonCabelao: posts small blind $1
frgt\10river: posts big blind $3
*** HOLE CARDS ***
PelonCabelao: raises $3 to $6
frgt\10river: calls $3
*** FLOP *** [Jd Js 2h]
frgt\10river: checks
PelonCabelao: bets $3
frgt\10river: raises $3 to $6
PelonCabelao: calls $3
*** TURN *** [Jd Js 2h] [Qs]
frgt\10river: bets $6
PelonCabelao: raises $6 to $12
frgt\10river: calls $6
*** RIVER *** [Jd Js 2h Qs] [7c]
frgt\10river: checks
PelonCabelao: checks
*** SHOW DOWN ***
frgt\10river: shows [3c 2c] (two pair, Jacks and Deuces)
PelonCabelao: mucks hand
frgt\10river collected $47.50 from pot
*** SUMMARY ***
Total pot $48 | Rake $0.50
Board [Jd Js 2h Qs 7c]
Seat 1: PelonCabelao (button) (small blind) mucked
Seat 6: frgt\10river (big blind) showed [3c 2c] and won ($47.50) with two pair, Jacks and Deuces


PokerStars Hand #145186238127:  Hold'em Limit ($3/$6 USD) - 2015/12/11 14:18:02 ET
Table 'Shane' 6-max Seat #6 is the button
Seat 1: PelonCabelao ($80 in chips)
Seat 6: frgt\10river ($160.26 in chips)
frgt\10river: posts small blind $1
PelonCabelao: posts big blind $3
*** HOLE CARDS ***
frgt\10river: raises $3 to $6
PelonCabelao: raises $3 to $9
frgt\10river: calls $3
*** FLOP *** [6h 6d Jh]
PelonCabelao: bets $3
frgt\10river: folds
Uncalled bet ($3) returned to PelonCabelao
PelonCabelao collected $17.64 from pot
PelonCabelao: doesn't show hand
*** SUMMARY ***
Total pot $18 | Rake $0.36
Board [6h 6d Jh]
Seat 1: PelonCabelao (big blind) collected ($17.64)
Seat 6: frgt\10river (button) (small blind) folded on the Flop


PokerStars Hand #145186231673:  Hold'em Limit ($3/$6 USD) - 2015/12/11 14:17:55 ET
Table 'Shane' 6-max Seat #1 is the button
Seat 1: PelonCabelao ($77 in chips)
Seat 6: frgt\10river ($163.26 in chips)
PelonCabelao: posts small blind $1
frgt\10river: posts big blind $3
*** HOLE CARDS ***
PelonCabelao: raises $3 to $6
frgt\10river: folds
Uncalled bet ($3) returned to PelonCabelao
PelonCabelao collected $6 from pot
PelonCabelao: doesn't show hand
*** SUMMARY ***
Total pot $6 | Rake $0
Seat 1: PelonCabelao (button) (small blind) collected ($6)
Seat 6: frgt\10river (big blind) folded before Flop


PokerStars Hand #145186227574:  Hold'em Limit ($3/$6 USD) - 2015/12/11 14:17:50 ET
Table 'Shane' 6-max Seat #6 is the button
Seat 1: PelonCabelao ($76 in chips)
Seat 6: frgt\10river ($164.26 in chips)
frgt\10river: posts small blind $1
PelonCabelao: posts big blind $3
*** HOLE CARDS ***
frgt\10river: folds
Uncalled bet ($2) returned to PelonCabelao
PelonCabelao collected $2 from pot
PelonCabelao: doesn't show hand
*** SUMMARY ***
Total pot $2 | Rake $0
Seat 1: PelonCabelao (big blind) collected ($2)
Seat 6: frgt\10river (button) (small blind) folded before Flop


PokerStars Hand #145186287897:  Hold'em Limit ($3/$6 USD) - 2015/12/11 14:18:59 ET
Table 'Shane' 6-max Seat #6 is the button
Seat 1: PelonCabelao ($88.39 in chips)
Seat 6: frgt\10river ($151.01 in chips)
frgt\10river: posts small blind $1
PelonCabelao: posts big blind $3
*** HOLE CARDS ***
frgt\10river: folds
Uncalled bet ($2) returned to PelonCabelao
PelonCabelao collected $2 from pot
PelonCabelao: doesn't show hand
*** SUMMARY ***
Total pot $2 | Rake $0
Seat 1: PelonCabelao (big blind) collected ($2)
Seat 6: frgt\10river (button) (small blind) folded before Flop


PokerStars Hand #145186260361:  Hold'em Limit ($3/$6 USD) - 2015/12/11 14:18:27 ET
Table 'Shane' 6-max Seat #1 is the button
Seat 1: PelonCabelao ($88.64 in chips)
Seat 6: frgt\10river ($151.26 in chips)
PelonCabelao: posts small blind $1
frgt\10river: posts big blind $3
*** HOLE CARDS ***
PelonCabelao: raises $3 to $6
frgt\10river: raises $3 to $9
PelonCabelao: calls $3
*** FLOP *** [3s 5d 4d]
frgt\10river: bets $3
PelonCabelao: raises $3 to $6
frgt\10river: raises $3 to $9
PelonCabelao: calls $3
*** TURN *** [3s 5d 4d] [Ac]
frgt\10river: checks
PelonCabelao: checks
*** RIVER *** [3s 5d 4d Ac] [2c]
frgt\10river: checks
PelonCabelao: checks
*** SHOW DOWN ***
frgt\10river: shows [Kc 7d] (a straight, Ace to Five)
PelonCabelao: shows [Ts 5c] (a straight, Ace to Five)
frgt\10river collected $17.75 from pot
PelonCabelao collected $17.75 from pot
*** SUMMARY ***
Total pot $36 | Rake $0.50
Board [3s 5d 4d Ac 2c]
Seat 1: PelonCabelao (button) (small blind) showed [Ts 5c] and won ($17.75) with a straight, Ace to Five
Seat 6: frgt\10river (big blind) showed [Kc 7d] and won ($17.75) with a straight, Ace to Five


