PokerStars Hand #159115459771:  Hold'em Limit ($3/$6 USD) - 2016/09/26 9:36:39 ET
Table 'Shapleya' 6-max Seat #3 is the button
Seat 3: Vetal949 ($120 in chips)
Seat 4: TbIP-TbIP 88 ($72 in chips)
Vetal949: posts small blind $1
TbIP-TbIP 88: posts big blind $3
*** HOLE CARDS ***
Vetal949: calls $2
TbIP-TbIP 88: checks
*** FLOP *** [9h 3s 2c]
TbIP-TbIP 88: checks
Vetal949: checks
*** TURN *** [9h 3s 2c] [Ac]
TbIP-TbIP 88: checks
Vetal949: bets $6
TbIP-TbIP 88: folds
Uncalled bet ($6) returned to Vetal949
Vetal949 collected $5.88 from pot
*** SUMMARY ***
Total pot $6 | Rake $0.12
Board [9h 3s 2c Ac]
Seat 3: Vetal949 (button) (small blind) collected ($5.88)
Seat 4: TbIP-TbIP 88 (big blind) folded on the Turn


PokerStars Hand #159115530484:  Hold'em Limit ($3/$6 USD) - 2016/09/26 9:38:51 ET
Table 'Shapleya' 6-max Seat #3 is the button
Seat 3: Vetal949 ($107.88 in chips)
Seat 4: TbIP-TbIP 88 ($86.50 in chips)
Vetal949: posts small blind $1
TbIP-TbIP 88: posts big blind $3
*** HOLE CARDS ***
Vetal949: folds
Uncalled bet ($2) returned to TbIP-TbIP 88
TbIP-TbIP 88 collected $2 from pot
*** SUMMARY ***
Total pot $2 | Rake $0
Seat 3: Vetal949 (button) (small blind) folded before Flop
Seat 4: TbIP-TbIP 88 (big blind) collected ($2)


PokerStars Hand #159115480455:  Hold'em Limit ($3/$6 USD) - 2016/09/26 9:37:18 ET
Table 'Shapleya' 6-max Seat #4 is the button
Seat 3: Vetal949 ($122.88 in chips)
Seat 4: TbIP-TbIP 88 ($72 in chips)
TbIP-TbIP 88: posts small blind $1
Vetal949: posts big blind $3
*** HOLE CARDS ***
zenka25 joins the table at seat #5
TbIP-TbIP 88: raises $3 to $6
Vetal949: calls $3
*** FLOP *** [Jc 8d 7d]
Vetal949: checks
TbIP-TbIP 88: bets $3
Vetal949: calls $3
*** TURN *** [Jc 8d 7d] [9s]
Vetal949: checks
TbIP-TbIP 88: bets $6
Vetal949: calls $6
*** RIVER *** [Jc 8d 7d 9s] [Kc]
vovojc joins the table at seat #6
Vetal949: checks
Necromadx joins the table at seat #1
TbIP-TbIP 88 is disconnected
kaart1 joins the table at seat #2
TbIP-TbIP 88 is connected
TbIP-TbIP 88: bets $6
Vetal949: folds
Uncalled bet ($6) returned to TbIP-TbIP 88
TbIP-TbIP 88 collected $29.50 from pot
TbIP-TbIP 88: doesn't show hand
*** SUMMARY ***
Total pot $30 | Rake $0.50
Board [Jc 8d 7d 9s Kc]
Seat 3: Vetal949 (big blind) folded on the River
Seat 4: TbIP-TbIP 88 (button) (small blind) collected ($29.50)


PokerStars Hand #159116127921:  Hold'em Limit ($3/$6 USD) - 2016/09/26 9:56:48 ET
Table 'Shapleya' 6-max Seat #3 is the button
Seat 3: Vetal949 ($78.79 in chips)
Seat 5: zenka25 ($135.04 in chips)
Fabulous108 will be allowed to play after the button
Vetal949: posts small blind $1
TbIP-TbIP 88 has timed out while being disconnected
TbIP-TbIP 88: is sitting out
zenka25: posts big blind $3
*** HOLE CARDS ***
Vetal949: raises $3 to $6
zenka25: calls $3
*** FLOP *** [6h 3d 3c]
TbIP-TbIP 88 is disconnected
kaart1 joins the table at seat #1
zenka25: checks
Vetal949: checks
*** TURN *** [6h 3d 3c] [3s]
zenka25: checks
Vetal949: checks
*** RIVER *** [6h 3d 3c 3s] [Kh]
zenka25: bets $6
Vetal949: folds
Uncalled bet ($6) returned to zenka25
zenka25 collected $11.76 from pot
zenka25: doesn't show hand
*** SUMMARY ***
Total pot $12 | Rake $0.24
Board [6h 3d 3c 3s Kh]
Seat 3: Vetal949 (button) (small blind) folded on the River
Seat 5: zenka25 (big blind) collected ($11.76)


PokerStars Hand #159119008376:  Hold'em Limit ($3/$6 USD) - 2016/09/26 11:19:16 ET
Table 'Shapleya' 6-max Seat #5 is the button
Seat 2: Fabulous108 ($162.31 in chips)
Seat 5: RaisemyNut$ ($139.74 in chips)
Luffemann64 will be allowed to play after the button
RaisemyNut$: posts small blind $1
sim5sim5: is sitting out
Fabulous108: posts big blind $3
*** HOLE CARDS ***
sim5sim5 leaves the table
RaisemyNut$: raises $3 to $6
Fabulous108: calls $3
*** FLOP *** [6h 3h Th]
Fabulous108: checks
RaisemyNut$: bets $3
Fabulous108: raises $3 to $6
RaisemyNut$: calls $3
*** TURN *** [6h 3h Th] [2h]
Fabulous108: bets $6
RaisemyNut$: calls $6
*** RIVER *** [6h 3h Th 2h] [Td]
Fabulous108: bets $6
RaisemyNut$: calls $6
*** SHOW DOWN ***
Fabulous108: shows [4h 5s] (a flush, Ten high)
RaisemyNut$: shows [9h Qd] (a flush, Ten high - Nine higher)
RaisemyNut$ collected $47.50 from pot
*** SUMMARY ***
Total pot $48 | Rake $0.50
Board [6h 3h Th 2h Td]
Seat 2: Fabulous108 (big blind) showed [4h 5s] and lost with a flush, Ten high
Seat 5: RaisemyNut$ (button) (small blind) showed [9h Qd] and won ($47.50) with a flush, Ten high


PokerStars Hand #159125661216:  Hold'em Limit ($3/$6 USD) - 2016/09/26 13:56:03 ET
Table 'Shapleya' 6-max Seat #2 is the button
Seat 2: Fabulous108 ($162.46 in chips)
Seat 5: RaisemyNut$ ($391.92 in chips)
Fabulous108: posts small blind $1
sim5sim5: is sitting out
RaisemyNut$: posts big blind $3
*** HOLE CARDS ***
Fabulous108: raises $3 to $6
sim5sim5 leaves the table
RaisemyNut$: folds
Uncalled bet ($3) returned to Fabulous108
Fabulous108 collected $6 from pot
Fabulous108: doesn't show hand
*** SUMMARY ***
Total pot $6 | Rake $0
Seat 2: Fabulous108 (button) (small blind) collected ($6)
Seat 5: RaisemyNut$ (big blind) folded before Flop


