PokerStars Hand #144397995531:  Hold'em Limit ($3/$6 USD) - 2015/11/26 3:02:15 ET
Table 'Shapleya' 6-max Seat #2 is the button
Seat 1: hairy1961 ($60 in chips)
Seat 2: belik555 ($72 in chips)
belik555: posts small blind $1
FlorinCatana joins the table at seat #4
Agrotait has timed out
Agrotait: is sitting out
hairy1961: posts big blind $3
*** HOLE CARDS ***
belik555: raises $3 to $6
Agrotait leaves the table
hairy1961: raises $3 to $9
belik555: calls $3
*** FLOP *** [Ad 4h Js]
hairy1961: bets $3
belik555: calls $3
*** TURN *** [Ad 4h Js] [5c]
hairy1961: bets $6
red-zone-ok joins the table at seat #6
belik555: calls $6
*** RIVER *** [Ad 4h Js 5c] [6c]
FlorinCatana leaves the table
hairy1961: bets $6
FlorinCatana joins the table at seat #3
belik555: calls $6
*** SHOW DOWN ***
hairy1961: shows [Qs Qc] (a pair of Queens)
belik555: mucks hand
hairy1961 collected $47.50 from pot
*** SUMMARY ***
Total pot $48 | Rake $0.50
Board [Ad 4h Js 5c 6c]
Seat 1: hairy1961 (big blind) showed [Qs Qc] and won ($47.50) with a pair of Queens
Seat 2: belik555 (button) (small blind) mucked


PokerStars Hand #144398006703:  Hold'em Limit ($3/$6 USD) - 2015/11/26 3:02:55 ET
Table 'Shapleya' 6-max Seat #1 is the button
Seat 1: hairy1961 ($83.50 in chips)
Seat 2: belik555 ($72 in chips)
hairy1961: posts small blind $1
belik555: posts big blind $3
*** HOLE CARDS ***
hairy1961: raises $3 to $6
belik555: raises $3 to $9
hairy1961: calls $3
*** FLOP *** [Ah 9h 8s]
belik555: bets $3
hairy1961: folds
Uncalled bet ($3) returned to belik555
belik555 collected $17.64 from pot
belik555: doesn't show hand
*** SUMMARY ***
Total pot $18 | Rake $0.36
Board [Ah 9h 8s]
Seat 1: hairy1961 (button) (small blind) folded on the Flop
Seat 2: belik555 (big blind) collected ($17.64)


PokerStars Hand #144401537327:  Hold'em Limit ($3/$6 USD) - 2015/11/26 5:47:09 ET
Table 'Shapleya' 6-max Seat #3 is the button
Seat 3: Frank2Neue ($97.65 in chips)
Seat 6: B_loJkl ($125.72 in chips)
korrnel will be allowed to play after the button
Frank2Neue: posts small blind $1
aade1ante: is sitting out
B_loJkl: posts big blind $3
*** HOLE CARDS ***
Frank2Neue: folds
Uncalled bet ($2) returned to B_loJkl
B_loJkl collected $2 from pot
B_loJkl: doesn't show hand
*** SUMMARY ***
Total pot $2 | Rake $0
Seat 3: Frank2Neue (button) (small blind) folded before Flop
Seat 6: B_loJkl (big blind) collected ($2)


PokerStars Hand #144401557466:  Hold'em Limit ($3/$6 USD) - 2015/11/26 5:47:56 ET
Table 'Shapleya' 6-max Seat #2 is the button
Seat 2: korrnel ($98 in chips)
Seat 3: Frank2Neue ($115.15 in chips)
korrnel: posts small blind $1
Frank2Neue: posts big blind $3
*** HOLE CARDS ***
korrnel: raises $3 to $6
Frank2Neue: raises $3 to $9
korrnel: calls $3
*** FLOP *** [3s Ks 7s]
Frank2Neue: bets $3
korrnel: folds
Uncalled bet ($3) returned to Frank2Neue
Frank2Neue collected $17.64 from pot
Frank2Neue: doesn't show hand
*** SUMMARY ***
Total pot $18 | Rake $0.36
Board [3s Ks 7s]
Seat 2: korrnel (button) (small blind) folded on the Flop
Seat 3: Frank2Neue (big blind) collected ($17.64)


PokerStars Hand #144401546975:  Hold'em Limit ($3/$6 USD) - 2015/11/26 5:47:32 ET
Table 'Shapleya' 6-max Seat #3 is the button
Seat 2: korrnel ($116 in chips)
Seat 3: Frank2Neue ($97.65 in chips)
Frank2Neue: posts small blind $1
B_loJkl: is sitting out
korrnel: posts big blind $3
*** HOLE CARDS ***
Frank2Neue: raises $3 to $6
korrnel: calls $3
*** FLOP *** [6h Tc 8h]
korrnel: checks
Frank2Neue: checks
*** TURN *** [6h Tc 8h] [4h]
korrnel: bets $6
Frank2Neue: calls $6
*** RIVER *** [6h Tc 8h 4h] [Qc]
korrnel: checks
Frank2Neue: bets $6
korrnel: calls $6
*** SHOW DOWN ***
Frank2Neue: shows [Qs 7c] (a pair of Queens)
korrnel: mucks hand
Frank2Neue collected $35.50 from pot
*** SUMMARY ***
Total pot $36 | Rake $0.50
Board [6h Tc 8h 4h Qc]
Seat 2: korrnel (big blind) mucked
Seat 3: Frank2Neue (button) (small blind) showed [Qs 7c] and won ($35.50) with a pair of Queens


PokerStars Hand #144401577462:  Hold'em Limit ($3/$6 USD) - 2015/11/26 5:48:42 ET
Table 'Shapleya' 6-max Seat #3 is the button
Seat 3: Frank2Neue ($123.79 in chips)
Seat 5: red-zone-ok ($66.69 in chips)
Frank2Neue: posts small blind $1
red-zone-ok: posts big blind $3
*** HOLE CARDS ***
Frank2Neue: raises $3 to $6
red-zone-ok: calls $3
*** FLOP *** [4d 7s Qc]
red-zone-ok: checks
Frank2Neue: bets $3
red-zone-ok: calls $3
*** TURN *** [4d 7s Qc] [Ad]
red-zone-ok: checks
Frank2Neue: bets $6
red-zone-ok: calls $6
*** RIVER *** [4d 7s Qc Ad] [Kh]
red-zone-ok: checks
Frank2Neue: bets $6
red-zone-ok: calls $6
*** SHOW DOWN ***
Frank2Neue: shows [5h 6d] (high card Ace)
red-zone-ok: shows [3c Qh] (a pair of Queens)
red-zone-ok collected $41.50 from pot
*** SUMMARY ***
Total pot $42 | Rake $0.50
Board [4d 7s Qc Ad Kh]
Seat 3: Frank2Neue (button) (small blind) showed [5h 6d] and lost with high card Ace
Seat 5: red-zone-ok (big blind) showed [3c Qh] and won ($41.50) with a pair of Queens


PokerStars Hand #144401584046:  Hold'em Limit ($3/$6 USD) - 2015/11/26 5:48:57 ET
Table 'Shapleya' 6-max Seat #5 is the button
Seat 3: Frank2Neue ($102.79 in chips)
Seat 5: red-zone-ok ($87.19 in chips)
red-zone-ok: posts small blind $1
Frank2Neue: posts big blind $3
*** HOLE CARDS ***
red-zone-ok: raises $3 to $6
Frank2Neue: calls $3
*** FLOP *** [7s Jc 8c]
Frank2Neue: checks
red-zone-ok: bets $3
Frank2Neue: raises $3 to $6
red-zone-ok: calls $3
*** TURN *** [7s Jc 8c] [Qd]
Frank2Neue: bets $6
red-zone-ok: raises $6 to $12
Frank2Neue: calls $6
*** RIVER *** [7s Jc 8c Qd] [5d]
Frank2Neue: checks
red-zone-ok: bets $6
Frank2Neue: folds
Uncalled bet ($6) returned to red-zone-ok
red-zone-ok collected $47.50 from pot
*** SUMMARY ***
Total pot $48 | Rake $0.50
Board [7s Jc 8c Qd 5d]
Seat 3: Frank2Neue (big blind) folded on the River
Seat 5: red-zone-ok (button) (small blind) collected ($47.50)


PokerStars Hand #144401596060:  Hold'em Limit ($3/$6 USD) - 2015/11/26 5:49:25 ET
Table 'Shapleya' 6-max Seat #3 is the button
Seat 3: Frank2Neue ($78.79 in chips)
Seat 5: red-zone-ok ($110.69 in chips)
Frank2Neue: posts small blind $1
red-zone-ok: posts big blind $3
*** HOLE CARDS ***
Frank2Neue: raises $3 to $6
red-zone-ok: calls $3
*** FLOP *** [3c Td 7d]
red-zone-ok: checks
Frank2Neue: bets $3
red-zone-ok: calls $3
*** TURN *** [3c Td 7d] [8d]
red-zone-ok: checks
Frank2Neue: bets $6
red-zone-ok: raises $6 to $12
Frank2Neue: calls $6
*** RIVER *** [3c Td 7d 8d] [Qs]
red-zone-ok: bets $6
Frank2Neue: calls $6
*** SHOW DOWN ***
red-zone-ok: shows [8c 7h] (two pair, Eights and Sevens)
Frank2Neue: mucks hand
red-zone-ok collected $53.50 from pot
*** SUMMARY ***
Total pot $54 | Rake $0.50
Board [3c Td 7d 8d Qs]
Seat 3: Frank2Neue (button) (small blind) mucked
Seat 5: red-zone-ok (big blind) showed [8c 7h] and won ($53.50) with two pair, Eights and Sevens


PokerStars Hand #144401604254:  Hold'em Limit ($3/$6 USD) - 2015/11/26 5:49:44 ET
Table 'Shapleya' 6-max Seat #5 is the button
Seat 3: Frank2Neue ($51.79 in chips)
Seat 5: red-zone-ok ($137.19 in chips)
red-zone-ok: posts small blind $1
Frank2Neue: posts big blind $3
*** HOLE CARDS ***
red-zone-ok: raises $3 to $6
Frank2Neue: raises $3 to $9
red-zone-ok: calls $3
*** FLOP *** [6d Kc 3s]
Frank2Neue: bets $3
red-zone-ok: calls $3
*** TURN *** [6d Kc 3s] [Td]
B_loJkl joins the table at seat #6
Frank2Neue: checks
red-zone-ok: bets $6
Frank2Neue: calls $6
*** RIVER *** [6d Kc 3s Td] [Kh]
Frank2Neue: checks
red-zone-ok: bets $6
Frank2Neue: calls $6
*** SHOW DOWN ***
red-zone-ok: shows [2s 2d] (two pair, Kings and Deuces)
Frank2Neue: mucks hand
red-zone-ok collected $47.50 from pot
*** SUMMARY ***
Total pot $48 | Rake $0.50
Board [6d Kc 3s Td Kh]
Seat 3: Frank2Neue (big blind) mucked
Seat 5: red-zone-ok (button) (small blind) showed [2s 2d] and won ($47.50) with two pair, Kings and Deuces


PokerStars Hand #144401615013:  Hold'em Limit ($3/$6 USD) - 2015/11/26 5:50:09 ET
Table 'Shapleya' 6-max Seat #3 is the button
Seat 3: Frank2Neue ($27.79 in chips)
Seat 5: red-zone-ok ($160.69 in chips)
Frank2Neue: posts small blind $1
red-zone-ok: posts big blind $3
*** HOLE CARDS ***
Frank2Neue: raises $3 to $6
red-zone-ok: calls $3
*** FLOP *** [5s Kh 8h]
red-zone-ok: checks
Frank2Neue: bets $3
red-zone-ok: calls $3
*** TURN *** [5s Kh 8h] [2s]
red-zone-ok: checks
Frank2Neue: bets $6
red-zone-ok: raises $6 to $12
Frank2Neue: raises $6 to $18
red-zone-ok: raises $6 to $24
Betting is capped
Frank2Neue: calls $0.79 and is all-in
Uncalled bet ($5.21) returned to red-zone-ok
*** RIVER *** [5s Kh 8h 2s] [Qd]
*** SHOW DOWN ***
red-zone-ok: shows [2h 2d] (three of a kind, Deuces)
Frank2Neue: shows [6s Kd] (a pair of Kings)
red-zone-ok collected $55.08 from pot
*** SUMMARY ***
Total pot $55.58 | Rake $0.50
Board [5s Kh 8h 2s Qd]
Seat 3: Frank2Neue (button) (small blind) showed [6s Kd] and lost with a pair of Kings
Seat 5: red-zone-ok (big blind) showed [2h 2d] and won ($55.08) with three of a kind, Deuces


PokerStars Hand #144401623285:  Hold'em Limit ($3/$6 USD) - 2015/11/26 5:50:28 ET
Table 'Shapleya' 6-max Seat #5 is the button
Seat 5: red-zone-ok ($187.98 in chips)
Seat 6: B_loJkl ($150 in chips)
red-zone-ok: posts small blind $1
B_loJkl: posts big blind $3
*** HOLE CARDS ***
red-zone-ok: raises $3 to $6
Frank2Neue leaves the table
B_loJkl: calls $3
*** FLOP *** [Qh 7c 5d]
B_loJkl: checks
red-zone-ok: bets $3
B_loJkl: calls $3
*** TURN *** [Qh 7c 5d] [7h]
B_loJkl: bets $6
red-zone-ok: folds
Uncalled bet ($6) returned to B_loJkl
B_loJkl collected $17.64 from pot
B_loJkl: doesn't show hand
*** SUMMARY ***
Total pot $18 | Rake $0.36
Board [Qh 7c 5d 7h]
Seat 5: red-zone-ok (button) (small blind) folded on the Turn
Seat 6: B_loJkl (big blind) collected ($17.64)


