PokerStars Hand #145101827204:  Hold'em Limit ($3/$6 USD) - 2015/12/09 20:03:45 ET
Table 'Sharatan II' 2-max Seat #2 is the button
Seat 1: Siwy56 ($58 in chips)
Seat 2: Masqb ($126 in chips)
Masqb: posts small blind $1
Siwy56: posts big blind $3
*** HOLE CARDS ***
Masqb: raises $3 to $6
Siwy56: calls $3
*** FLOP *** [4s Th 6d]
Siwy56: bets $3
Masqb: calls $3
*** TURN *** [4s Th 6d] [7h]
Siwy56: bets $6
Masqb: calls $6
*** RIVER *** [4s Th 6d 7h] [3c]
Siwy56: bets $6
Masqb: calls $6
*** SHOW DOWN ***
Siwy56: shows [8s 7d] (a pair of Sevens)
Masqb: mucks hand
Siwy56 collected $41.50 from pot
*** SUMMARY ***
Total pot $42 | Rake $0.50
Board [4s Th 6d 7h 3c]
Seat 1: Siwy56 (big blind) showed [8s 7d] and won ($41.50) with a pair of Sevens
Seat 2: Masqb (button) (small blind) mucked


PokerStars Hand #145101843189:  Hold'em Limit ($3/$6 USD) - 2015/12/09 20:04:14 ET
Table 'Sharatan II' 2-max Seat #1 is the button
Seat 1: Siwy56 ($78.50 in chips)
Seat 2: Masqb ($105 in chips)
Siwy56: posts small blind $1
Masqb: posts big blind $3
*** HOLE CARDS ***
Siwy56: calls $2
Masqb: checks
*** FLOP *** [2d 8s Td]
Masqb: checks
Siwy56: bets $3
Masqb: calls $3
*** TURN *** [2d 8s Td] [5h]
Masqb: checks
Siwy56: bets $6
Masqb: calls $6
*** RIVER *** [2d 8s Td 5h] [Ah]
Masqb: checks
Siwy56: checks
*** SHOW DOWN ***
Masqb: shows [3d 2s] (a pair of Deuces)
Siwy56: shows [2h 6h] (a pair of Deuces)
Masqb collected $11.76 from pot
Siwy56 collected $11.76 from pot
*** SUMMARY ***
Total pot $24 | Rake $0.48
Board [2d 8s Td 5h Ah]
Seat 1: Siwy56 (button) (small blind) showed [2h 6h] and won ($11.76) with a pair of Deuces
Seat 2: Masqb (big blind) showed [3d 2s] and won ($11.76) with a pair of Deuces


PokerStars Hand #145101858463:  Hold'em Limit ($3/$6 USD) - 2015/12/09 20:04:42 ET
Table 'Sharatan II' 2-max Seat #2 is the button
Seat 1: Siwy56 ($78.26 in chips)
Seat 2: Masqb ($104.76 in chips)
Masqb: posts small blind $1
Siwy56: posts big blind $3
*** HOLE CARDS ***
Masqb: raises $3 to $6
Siwy56: calls $3
*** FLOP *** [Tc 9d Jc]
Siwy56: checks
Masqb: checks
*** TURN *** [Tc 9d Jc] [3c]
Siwy56: checks
Masqb: checks
*** RIVER *** [Tc 9d Jc 3c] [Ah]
Siwy56: checks
Masqb: checks
*** SHOW DOWN ***
Siwy56: shows [7d 5h] (high card Ace)
Masqb: shows [4h Kh] (high card Ace - King kicker)
Masqb collected $11.76 from pot
*** SUMMARY ***
Total pot $12 | Rake $0.24
Board [Tc 9d Jc 3c Ah]
Seat 1: Siwy56 (big blind) showed [7d 5h] and lost with high card Ace
Seat 2: Masqb (button) (small blind) showed [4h Kh] and won ($11.76) with high card Ace


PokerStars Hand #145101878102:  Hold'em Limit ($3/$6 USD) - 2015/12/09 20:05:19 ET
Table 'Sharatan II' 2-max Seat #2 is the button
Seat 1: Siwy56 ($71.26 in chips)
Seat 2: Masqb ($111.52 in chips)
Masqb: posts small blind $1
Siwy56: posts big blind $3
*** HOLE CARDS ***
Masqb: raises $3 to $6
Siwy56: folds
Uncalled bet ($3) returned to Masqb
Masqb collected $6 from pot
Masqb: doesn't show hand
*** SUMMARY ***
Total pot $6 | Rake $0
Seat 1: Siwy56 (big blind) folded before Flop
Seat 2: Masqb (button) (small blind) collected ($6)


PokerStars Hand #145101875256:  Hold'em Limit ($3/$6 USD) - 2015/12/09 20:05:13 ET
Table 'Sharatan II' 2-max Seat #1 is the button
Seat 1: Siwy56 ($72.26 in chips)
Seat 2: Masqb ($110.52 in chips)
Siwy56: posts small blind $1
Masqb: posts big blind $3
*** HOLE CARDS ***
Siwy56: folds
Uncalled bet ($2) returned to Masqb
Masqb collected $2 from pot
Masqb: doesn't show hand
*** SUMMARY ***
Total pot $2 | Rake $0
Seat 1: Siwy56 (button) (small blind) folded before Flop
Seat 2: Masqb (big blind) collected ($2)


PokerStars Hand #145101882743:  Hold'em Limit ($3/$6 USD) - 2015/12/09 20:05:27 ET
Table 'Sharatan II' 2-max Seat #1 is the button
Seat 1: Siwy56 ($68.26 in chips)
Seat 2: Masqb ($114.52 in chips)
Siwy56: posts small blind $1
Masqb: posts big blind $3
*** HOLE CARDS ***
Siwy56: calls $2
Masqb: raises $3 to $6
Siwy56: raises $3 to $9
Masqb: calls $3
*** FLOP *** [7h Kh 4h]
Masqb: checks
Siwy56: bets $3
Masqb: folds
Uncalled bet ($3) returned to Siwy56
Siwy56 collected $17.64 from pot
Siwy56: doesn't show hand
*** SUMMARY ***
Total pot $18 | Rake $0.36
Board [7h Kh 4h]
Seat 1: Siwy56 (button) (small blind) collected ($17.64)
Seat 2: Masqb (big blind) folded on the Flop


PokerStars Hand #145101893686:  Hold'em Limit ($3/$6 USD) - 2015/12/09 20:05:47 ET
Table 'Sharatan II' 2-max Seat #2 is the button
Seat 1: Siwy56 ($76.90 in chips)
Seat 2: Masqb ($105.52 in chips)
Masqb: posts small blind $1
Siwy56: posts big blind $3
*** HOLE CARDS ***
Masqb: raises $3 to $6
Siwy56: raises $3 to $9
Masqb: calls $3
*** FLOP *** [8d 9d 3s]
Siwy56: bets $3
Masqb: calls $3
*** TURN *** [8d 9d 3s] [2h]
Siwy56: bets $6
Masqb: calls $6
*** RIVER *** [8d 9d 3s 2h] [4c]
Siwy56: bets $6
Masqb: folds
Uncalled bet ($6) returned to Siwy56
Siwy56 collected $35.50 from pot
Siwy56: doesn't show hand
*** SUMMARY ***
Total pot $36 | Rake $0.50
Board [8d 9d 3s 2h 4c]
Seat 1: Siwy56 (big blind) collected ($35.50)
Seat 2: Masqb (button) (small blind) folded on the River


PokerStars Hand #145101915219:  Hold'em Limit ($3/$6 USD) - 2015/12/09 20:06:28 ET
Table 'Sharatan II' 2-max Seat #1 is the button
Seat 1: Siwy56 ($94.40 in chips)
Seat 2: Masqb ($87.52 in chips)
Siwy56: posts small blind $1
Masqb: posts big blind $3
*** HOLE CARDS ***
Siwy56: calls $2
Masqb: raises $3 to $6
Siwy56: folds
Uncalled bet ($3) returned to Masqb
Masqb collected $6 from pot
Masqb: doesn't show hand
*** SUMMARY ***
Total pot $6 | Rake $0
Seat 1: Siwy56 (button) (small blind) folded before Flop
Seat 2: Masqb (big blind) collected ($6)


PokerStars Hand #145101920632:  Hold'em Limit ($3/$6 USD) - 2015/12/09 20:06:38 ET
Table 'Sharatan II' 2-max Seat #2 is the button
Seat 1: Siwy56 ($91.40 in chips)
Seat 2: Masqb ($90.52 in chips)
Masqb: posts small blind $1
Siwy56: posts big blind $3
*** HOLE CARDS ***
Masqb: raises $3 to $6
Siwy56: calls $3
*** FLOP *** [4c Qd 7s]
Siwy56: checks
Masqb: bets $3
Siwy56: folds
Uncalled bet ($3) returned to Masqb
Masqb collected $11.76 from pot
Masqb: doesn't show hand
*** SUMMARY ***
Total pot $12 | Rake $0.24
Board [4c Qd 7s]
Seat 1: Siwy56 (big blind) folded on the Flop
Seat 2: Masqb (button) (small blind) collected ($11.76)


PokerStars Hand #145101927420:  Hold'em Limit ($3/$6 USD) - 2015/12/09 20:06:50 ET
Table 'Sharatan II' 2-max Seat #1 is the button
Seat 1: Siwy56 ($85.40 in chips)
Seat 2: Masqb ($96.28 in chips)
Siwy56: posts small blind $1
Masqb: posts big blind $3
*** HOLE CARDS ***
Siwy56: calls $2
Masqb: raises $3 to $6
Siwy56: calls $3
*** FLOP *** [6d Ac Kd]
Masqb: bets $3
Siwy56: folds
Uncalled bet ($3) returned to Masqb
Masqb collected $11.76 from pot
Masqb: doesn't show hand
*** SUMMARY ***
Total pot $12 | Rake $0.24
Board [6d Ac Kd]
Seat 1: Siwy56 (button) (small blind) folded on the Flop
Seat 2: Masqb (big blind) collected ($11.76)


PokerStars Hand #145101934599:  Hold'em Limit ($3/$6 USD) - 2015/12/09 20:07:04 ET
Table 'Sharatan II' 2-max Seat #2 is the button
Seat 1: Siwy56 ($79.40 in chips)
Seat 2: Masqb ($102.04 in chips)
Masqb: posts small blind $1
Siwy56: posts big blind $3
*** HOLE CARDS ***
Masqb: raises $3 to $6
Siwy56: raises $3 to $9
Masqb: calls $3
*** FLOP *** [3d 5d 6d]
Siwy56: bets $3
Masqb: calls $3
*** TURN *** [3d 5d 6d] [Ks]
Siwy56: bets $6
Masqb: raises $6 to $12
Siwy56: calls $6
*** RIVER *** [3d 5d 6d Ks] [Td]
Siwy56: checks
Masqb: bets $6
Siwy56: calls $6
*** SHOW DOWN ***
Masqb: shows [4h 9d] (a flush, Ten high)
Siwy56: mucks hand
Masqb collected $59.50 from pot
*** SUMMARY ***
Total pot $60 | Rake $0.50
Board [3d 5d 6d Ks Td]
Seat 1: Siwy56 (big blind) mucked
Seat 2: Masqb (button) (small blind) showed [4h 9d] and won ($59.50) with a flush, Ten high


PokerStars Hand #145101957669:  Hold'em Limit ($3/$6 USD) - 2015/12/09 20:07:47 ET
Table 'Sharatan II' 2-max Seat #1 is the button
Seat 1: Siwy56 ($49.40 in chips)
Seat 2: Masqb ($131.54 in chips)
Siwy56: posts small blind $1
Masqb: posts big blind $3
*** HOLE CARDS ***
Siwy56: calls $2
Masqb: checks
*** FLOP *** [6h Kh Ac]
Masqb: checks
Siwy56: checks
*** TURN *** [6h Kh Ac] [8d]
Masqb: checks
Siwy56: bets $6
Masqb: folds
Uncalled bet ($6) returned to Siwy56
Siwy56 collected $5.88 from pot
Siwy56: doesn't show hand
*** SUMMARY ***
Total pot $6 | Rake $0.12
Board [6h Kh Ac 8d]
Seat 1: Siwy56 (button) (small blind) collected ($5.88)
Seat 2: Masqb (big blind) folded on the Turn


PokerStars Hand #145101975982:  Hold'em Limit ($3/$6 USD) - 2015/12/09 20:08:21 ET
Table 'Sharatan II' 2-max Seat #2 is the button
Seat 1: Siwy56 ($52.28 in chips)
Seat 2: Masqb ($128.54 in chips)
Masqb: posts small blind $1
Siwy56: posts big blind $3
*** HOLE CARDS ***
Masqb: raises $3 to $6
Siwy56: calls $3
*** FLOP *** [2d Ad 5d]
Siwy56: checks
Masqb: bets $3
Siwy56: calls $3
*** TURN *** [2d Ad 5d] [5h]
Siwy56: checks
Masqb: checks
*** RIVER *** [2d Ad 5d 5h] [4s]
Siwy56: checks
Masqb: bets $6
Siwy56: folds
Uncalled bet ($6) returned to Masqb
Masqb collected $17.64 from pot
Masqb: doesn't show hand
*** SUMMARY ***
Total pot $18 | Rake $0.36
Board [2d Ad 5d 5h 4s]
Seat 1: Siwy56 (big blind) folded on the River
Seat 2: Masqb (button) (small blind) collected ($17.64)


PokerStars Hand #145101996974:  Hold'em Limit ($3/$6 USD) - 2015/12/09 20:09:00 ET
Table 'Sharatan II' 2-max Seat #1 is the button
Seat 1: Siwy56 ($43.28 in chips)
Seat 2: Masqb ($137.18 in chips)
Siwy56: posts small blind $1
Masqb: posts big blind $3
*** HOLE CARDS ***
Siwy56: calls $2
Masqb: checks
*** FLOP *** [Jc 9h Jh]
Masqb: checks
Siwy56: bets $3
Masqb: folds
Uncalled bet ($3) returned to Siwy56
Siwy56 collected $5.88 from pot
Siwy56: doesn't show hand
*** SUMMARY ***
Total pot $6 | Rake $0.12
Board [Jc 9h Jh]
Seat 1: Siwy56 (button) (small blind) collected ($5.88)
Seat 2: Masqb (big blind) folded on the Flop


PokerStars Hand #145102007039:  Hold'em Limit ($3/$6 USD) - 2015/12/09 20:09:19 ET
Table 'Sharatan II' 2-max Seat #2 is the button
Seat 1: Siwy56 ($46.16 in chips)
Seat 2: Masqb ($134.18 in chips)
Masqb: posts small blind $1
Siwy56: posts big blind $3
*** HOLE CARDS ***
Masqb: raises $3 to $6
Siwy56: raises $3 to $9
Masqb: calls $3
*** FLOP *** [8h 4d 2d]
Siwy56: bets $3
Masqb: calls $3
*** TURN *** [8h 4d 2d] [3s]
Siwy56: bets $6
Masqb: calls $6
*** RIVER *** [8h 4d 2d 3s] [6c]
Siwy56: bets $6
Masqb: calls $6
*** SHOW DOWN ***
Siwy56: shows [7h Ad] (high card Ace)
Masqb: shows [Kh 3d] (a pair of Threes)
Masqb collected $47.50 from pot
*** SUMMARY ***
Total pot $48 | Rake $0.50
Board [8h 4d 2d 3s 6c]
Seat 1: Siwy56 (big blind) showed [7h Ad] and lost with high card Ace
Seat 2: Masqb (button) (small blind) showed [Kh 3d] and won ($47.50) with a pair of Threes


PokerStars Hand #145102026014:  Hold'em Limit ($3/$6 USD) - 2015/12/09 20:09:55 ET
Table 'Sharatan II' 2-max Seat #1 is the button
Seat 1: Siwy56 ($22.16 in chips)
Seat 2: Masqb ($157.68 in chips)
Siwy56: posts small blind $1
Masqb: posts big blind $3
*** HOLE CARDS ***
Siwy56: raises $3 to $6
Masqb: folds
Uncalled bet ($3) returned to Siwy56
Siwy56 collected $6 from pot
Siwy56: doesn't show hand
*** SUMMARY ***
Total pot $6 | Rake $0
Seat 1: Siwy56 (button) (small blind) collected ($6)
Seat 2: Masqb (big blind) folded before Flop


PokerStars Hand #145102029962:  Hold'em Limit ($3/$6 USD) - 2015/12/09 20:10:03 ET
Table 'Sharatan II' 2-max Seat #2 is the button
Seat 1: Siwy56 ($25.16 in chips)
Seat 2: Masqb ($154.68 in chips)
Masqb: posts small blind $1
Siwy56: posts big blind $3
*** HOLE CARDS ***
Masqb: raises $3 to $6
Siwy56: calls $3
*** FLOP *** [Th 2h Qc]
Siwy56: bets $3
Masqb: calls $3
*** TURN *** [Th 2h Qc] [6d]
Siwy56: bets $6
Masqb: calls $6
*** RIVER *** [Th 2h Qc 6d] [6s]
Siwy56: bets $6
Masqb: calls $6
*** SHOW DOWN ***
Siwy56: shows [Ks 2d] (two pair, Sixes and Deuces)
Masqb: shows [Ts Kd] (two pair, Tens and Sixes)
Masqb collected $41.50 from pot
*** SUMMARY ***
Total pot $42 | Rake $0.50
Board [Th 2h Qc 6d 6s]
Seat 1: Siwy56 (big blind) showed [Ks 2d] and lost with two pair, Sixes and Deuces
Seat 2: Masqb (button) (small blind) showed [Ts Kd] and won ($41.50) with two pair, Tens and Sixes


PokerStars Hand #145102045381:  Hold'em Limit ($3/$6 USD) - 2015/12/09 20:10:32 ET
Table 'Sharatan II' 2-max Seat #1 is the button
Seat 1: Siwy56 ($4.16 in chips)
Seat 2: Masqb ($175.18 in chips)
Siwy56: posts small blind $1
Masqb: posts big blind $3
*** HOLE CARDS ***
Siwy56: raises $1.16 to $4.16 and is all-in
Masqb: calls $1.16
*** FLOP *** [8s 5h 9s]
*** TURN *** [8s 5h 9s] [Tc]
*** RIVER *** [8s 5h 9s Tc] [Th]
*** SHOW DOWN ***
Masqb: shows [7c 8c] (two pair, Tens and Eights)
Siwy56: shows [Kd 3c] (a pair of Tens)
Masqb collected $8.15 from pot
*** SUMMARY ***
Total pot $8.32 | Rake $0.17
Board [8s 5h 9s Tc Th]
Seat 1: Siwy56 (button) (small blind) showed [Kd 3c] and lost with a pair of Tens
Seat 2: Masqb (big blind) showed [7c 8c] and won ($8.15) with two pair, Tens and Eights


PokerStars Hand #145105436647:  Hold'em Limit ($3/$6 USD) - 2015/12/09 22:19:47 ET
Table 'Sharatan II' 2-max Seat #2 is the button
Seat 1: permafrost07 ($85.94 in chips)
Seat 2: Masqb ($179.17 in chips)
Masqb: posts small blind $1
permafrost07: posts big blind $3
*** HOLE CARDS ***
Masqb: raises $3 to $6
permafrost07: raises $3 to $9
Masqb: calls $3
*** FLOP *** [2h 2d Qs]
permafrost07: checks
Masqb: bets $3
permafrost07: calls $3
*** TURN *** [2h 2d Qs] [9d]
permafrost07: checks
Masqb: checks
*** RIVER *** [2h 2d Qs 9d] [8c]
permafrost07: checks
Masqb: bets $6
permafrost07: calls $6
*** SHOW DOWN ***
Masqb: shows [Jh Js] (two pair, Jacks and Deuces)
permafrost07: mucks hand
Masqb collected $35.50 from pot
*** SUMMARY ***
Total pot $36 | Rake $0.50
Board [2h 2d Qs 9d 8c]
Seat 1: permafrost07 (big blind) mucked
Seat 2: Masqb (button) (small blind) showed [Jh Js] and won ($35.50) with two pair, Jacks and Deuces


PokerStars Hand #145105454433:  Hold'em Limit ($3/$6 USD) - 2015/12/09 22:20:35 ET
Table 'Sharatan II' 2-max Seat #1 is the button
Seat 1: permafrost07 ($67.94 in chips)
Seat 2: Masqb ($196.67 in chips)
permafrost07: posts small blind $1
Masqb: posts big blind $3
*** HOLE CARDS ***
permafrost07: raises $3 to $6
Masqb: calls $3
*** FLOP *** [4h 9d 9c]
Masqb: checks
permafrost07: bets $3
Masqb: folds
Uncalled bet ($3) returned to permafrost07
permafrost07 collected $11.76 from pot
permafrost07: doesn't show hand
*** SUMMARY ***
Total pot $12 | Rake $0.24
Board [4h 9d 9c]
Seat 1: permafrost07 (button) (small blind) collected ($11.76)
Seat 2: Masqb (big blind) folded on the Flop


PokerStars Hand #145105461451:  Hold'em Limit ($3/$6 USD) - 2015/12/09 22:20:54 ET
Table 'Sharatan II' 2-max Seat #2 is the button
Seat 1: permafrost07 ($73.70 in chips)
Seat 2: Masqb ($190.67 in chips)
Masqb: posts small blind $1
permafrost07: posts big blind $3
*** HOLE CARDS ***
Masqb: raises $3 to $6
permafrost07: calls $3
*** FLOP *** [5s Tc Ac]
permafrost07: bets $3
Masqb: calls $3
*** TURN *** [5s Tc Ac] [2d]
permafrost07: checks
Masqb: checks
*** RIVER *** [5s Tc Ac 2d] [3d]
permafrost07: checks
Masqb: checks
*** SHOW DOWN ***
permafrost07: shows [3h Qd] (a pair of Threes)
Masqb: mucks hand
permafrost07 collected $17.64 from pot
*** SUMMARY ***
Total pot $18 | Rake $0.36
Board [5s Tc Ac 2d 3d]
Seat 1: permafrost07 (big blind) showed [3h Qd] and won ($17.64) with a pair of Threes
Seat 2: Masqb (button) (small blind) mucked


PokerStars Hand #145105473956:  Hold'em Limit ($3/$6 USD) - 2015/12/09 22:21:29 ET
Table 'Sharatan II' 2-max Seat #1 is the button
Seat 1: permafrost07 ($82.34 in chips)
Seat 2: Masqb ($181.67 in chips)
permafrost07: posts small blind $1
Masqb: posts big blind $3
*** HOLE CARDS ***
permafrost07 is disconnected
permafrost07 has timed out while disconnected
permafrost07: folds
Uncalled bet ($2) returned to Masqb
Masqb collected $2 from pot
Masqb: doesn't show hand
*** SUMMARY ***
Total pot $2 | Rake $0
Seat 1: permafrost07 (button) (small blind) folded before Flop
Seat 2: Masqb (big blind) collected ($2)


PokerStars Hand #145105489356:  Hold'em Limit ($3/$6 USD) - 2015/12/09 22:22:11 ET
Table 'Sharatan II' 2-max Seat #2 is the button
Seat 1: permafrost07 ($81.34 in chips)
Seat 2: Masqb ($182.67 in chips)
Masqb: posts small blind $1
permafrost07: posts big blind $3
*** HOLE CARDS ***
Masqb: raises $3 to $6
permafrost07: raises $3 to $9
Masqb: calls $3
*** FLOP *** [6s Ts Tc]
permafrost07: bets $3
Masqb: folds
Uncalled bet ($3) returned to permafrost07
permafrost07 collected $17.64 from pot
permafrost07: doesn't show hand
*** SUMMARY ***
Total pot $18 | Rake $0.36
Board [6s Ts Tc]
Seat 1: permafrost07 (big blind) collected ($17.64)
Seat 2: Masqb (button) (small blind) folded on the Flop


PokerStars Hand #145105495743:  Hold'em Limit ($3/$6 USD) - 2015/12/09 22:22:29 ET
Table 'Sharatan II' 2-max Seat #1 is the button
Seat 1: permafrost07 ($89.98 in chips)
Seat 2: Masqb ($173.67 in chips)
permafrost07: posts small blind $1
Masqb: posts big blind $3
*** HOLE CARDS ***
permafrost07: raises $3 to $6
Masqb: calls $3
*** FLOP *** [9s 2d 3c]
Masqb: checks
permafrost07: checks
*** TURN *** [9s 2d 3c] [Qc]
Masqb: checks
permafrost07: bets $6
Masqb: raises $6 to $12
permafrost07: raises $6 to $18
Masqb: calls $6
*** RIVER *** [9s 2d 3c Qc] [5c]
Masqb: checks
permafrost07: bets $6
Masqb: folds
Uncalled bet ($6) returned to permafrost07
permafrost07 collected $47.50 from pot
permafrost07: doesn't show hand
*** SUMMARY ***
Total pot $48 | Rake $0.50
Board [9s 2d 3c Qc 5c]
Seat 1: permafrost07 (button) (small blind) collected ($47.50)
Seat 2: Masqb (big blind) folded on the River


PokerStars Hand #145105536749:  Hold'em Limit ($3/$6 USD) - 2015/12/09 22:24:22 ET
Table 'Sharatan II' 2-max Seat #2 is the button
Seat 1: permafrost07 ($86.48 in chips)
Seat 2: Masqb ($175.93 in chips)
Masqb: posts small blind $1
permafrost07: posts big blind $3
*** HOLE CARDS ***
Masqb: raises $3 to $6
permafrost07: raises $3 to $9
Masqb: calls $3
*** FLOP *** [9h 4c Ah]
permafrost07: bets $3
Masqb: calls $3
*** TURN *** [9h 4c Ah] [6h]
permafrost07: bets $6
Masqb: calls $6
*** RIVER *** [9h 4c Ah 6h] [Tc]
permafrost07: bets $6
Masqb: calls $6
*** SHOW DOWN ***
permafrost07: shows [Ts 9s] (two pair, Tens and Nines)
Masqb: mucks hand
permafrost07 collected $47.50 from pot
*** SUMMARY ***
Total pot $48 | Rake $0.50
Board [9h 4c Ah 6h Tc]
Seat 1: permafrost07 (big blind) showed [Ts 9s] and won ($47.50) with two pair, Tens and Nines
Seat 2: Masqb (button) (small blind) mucked


PokerStars Hand #145105531232:  Hold'em Limit ($3/$6 USD) - 2015/12/09 22:24:06 ET
Table 'Sharatan II' 2-max Seat #1 is the button
Seat 1: permafrost07 ($92.48 in chips)
Seat 2: Masqb ($170.17 in chips)
permafrost07: posts small blind $1
Masqb: posts big blind $3
*** HOLE CARDS ***
permafrost07: calls $2
Masqb: raises $3 to $6
permafrost07: calls $3
*** FLOP *** [Qc 7c Ac]
Masqb: bets $3
permafrost07: folds
Uncalled bet ($3) returned to Masqb
Masqb collected $11.76 from pot
Masqb: doesn't show hand
*** SUMMARY ***
Total pot $12 | Rake $0.24
Board [Qc 7c Ac]
Seat 1: permafrost07 (button) (small blind) folded on the Flop
Seat 2: Masqb (big blind) collected ($11.76)


PokerStars Hand #145105512586:  Hold'em Limit ($3/$6 USD) - 2015/12/09 22:23:15 ET
Table 'Sharatan II' 2-max Seat #2 is the button
Seat 1: permafrost07 ($113.48 in chips)
Seat 2: Masqb ($149.67 in chips)
Masqb: posts small blind $1
permafrost07: posts big blind $3
*** HOLE CARDS ***
Masqb: raises $3 to $6
permafrost07: raises $3 to $9
Masqb: calls $3
*** FLOP *** [4c 6h 7s]
permafrost07: checks
Masqb: bets $3
permafrost07: raises $3 to $6
Masqb: calls $3
*** TURN *** [4c 6h 7s] [2s]
permafrost07: bets $6
Masqb: calls $6
*** RIVER *** [4c 6h 7s 2s] [8d]
permafrost07: checks
Masqb: checks
*** SHOW DOWN ***
permafrost07: shows [Jh Qc] (high card Queen)
Masqb: shows [Kh Qs] (high card King)
Masqb collected $41.50 from pot
*** SUMMARY ***
Total pot $42 | Rake $0.50
Board [4c 6h 7s 2s 8d]
Seat 1: permafrost07 (big blind) showed [Jh Qc] and lost with high card Queen
Seat 2: Masqb (button) (small blind) showed [Kh Qs] and won ($41.50) with high card King


PokerStars Hand #145105553903:  Hold'em Limit ($3/$6 USD) - 2015/12/09 22:25:09 ET
Table 'Sharatan II' 2-max Seat #2 is the button
Seat 1: permafrost07 ($112.86 in chips)
Seat 2: Masqb ($148.93 in chips)
Masqb: posts small blind $1
permafrost07: posts big blind $3
*** HOLE CARDS ***
Masqb: raises $3 to $6
permafrost07: calls $3
*** FLOP *** [Js 9c 2d]
permafrost07: checks
Masqb: bets $3
permafrost07: folds
Uncalled bet ($3) returned to Masqb
Masqb collected $11.76 from pot
Masqb: doesn't show hand
*** SUMMARY ***
Total pot $12 | Rake $0.24
Board [Js 9c 2d]
Seat 1: permafrost07 (big blind) folded on the Flop
Seat 2: Masqb (button) (small blind) collected ($11.76)


PokerStars Hand #145105547433:  Hold'em Limit ($3/$6 USD) - 2015/12/09 22:24:51 ET
Table 'Sharatan II' 2-max Seat #1 is the button
Seat 1: permafrost07 ($109.98 in chips)
Seat 2: Masqb ($151.93 in chips)
permafrost07: posts small blind $1
Masqb: posts big blind $3
*** HOLE CARDS ***
permafrost07: calls $2
Masqb: checks
*** FLOP *** [Jc 6d Jd]
Masqb: checks
permafrost07: bets $3
Masqb: folds
Uncalled bet ($3) returned to permafrost07
permafrost07 collected $5.88 from pot
permafrost07: doesn't show hand
*** SUMMARY ***
Total pot $6 | Rake $0.12
Board [Jc 6d Jd]
Seat 1: permafrost07 (button) (small blind) collected ($5.88)
Seat 2: Masqb (big blind) folded on the Flop


PokerStars Hand #145105579337:  Hold'em Limit ($3/$6 USD) - 2015/12/09 22:26:20 ET
Table 'Sharatan II' 2-max Seat #2 is the button
Seat 1: permafrost07 ($130.36 in chips)
Seat 2: Masqb ($130.69 in chips)
Masqb: posts small blind $1
permafrost07: posts big blind $3
*** HOLE CARDS ***
Masqb: raises $3 to $6
permafrost07: calls $3
*** FLOP *** [9s 8s Jh]
permafrost07: bets $3
Masqb: calls $3
*** TURN *** [9s 8s Jh] [8c]
permafrost07: bets $6
Masqb: raises $6 to $12
permafrost07: calls $6
*** RIVER *** [9s 8s Jh 8c] [7c]
permafrost07: checks
Masqb: checks
*** SHOW DOWN ***
permafrost07: shows [4h 9c] (two pair, Nines and Eights)
Masqb: shows [Jd Ad] (two pair, Jacks and Eights)
Masqb collected $41.50 from pot
*** SUMMARY ***
Total pot $42 | Rake $0.50
Board [9s 8s Jh 8c 7c]
Seat 1: permafrost07 (big blind) showed [4h 9c] and lost with two pair, Nines and Eights
Seat 2: Masqb (button) (small blind) showed [Jd Ad] and won ($41.50) with two pair, Jacks and Eights


PokerStars Hand #145105560109:  Hold'em Limit ($3/$6 USD) - 2015/12/09 22:25:27 ET
Table 'Sharatan II' 2-max Seat #1 is the button
Seat 1: permafrost07 ($106.86 in chips)
Seat 2: Masqb ($154.69 in chips)
permafrost07: posts small blind $1
Masqb: posts big blind $3
*** HOLE CARDS ***
permafrost07: calls $2
Masqb: raises $3 to $6
permafrost07: raises $3 to $9
Masqb: calls $3
*** FLOP *** [3s 8c Ah]
Masqb: checks
permafrost07: bets $3
Masqb: calls $3
*** TURN *** [3s 8c Ah] [6c]
Masqb: checks
permafrost07: bets $6
Masqb: calls $6
*** RIVER *** [3s 8c Ah 6c] [Jc]
Masqb: checks
permafrost07: bets $6
Masqb: calls $6
*** SHOW DOWN ***
permafrost07: shows [6s As] (two pair, Aces and Sixes)
Masqb: mucks hand
permafrost07 collected $47.50 from pot
*** SUMMARY ***
Total pot $48 | Rake $0.50
Board [3s 8c Ah 6c Jc]
Seat 1: permafrost07 (button) (small blind) showed [6s As] and won ($47.50) with two pair, Aces and Sixes
Seat 2: Masqb (big blind) mucked


PokerStars Hand #145105604990:  Hold'em Limit ($3/$6 USD) - 2015/12/09 22:27:32 ET
Table 'Sharatan II' 2-max Seat #1 is the button
Seat 1: permafrost07 ($129.52 in chips)
Seat 2: Masqb ($130.19 in chips)
permafrost07: posts small blind $1
Masqb: posts big blind $3
*** HOLE CARDS ***
permafrost07: raises $3 to $6
Masqb: calls $3
*** FLOP *** [4c Qc 4d]
Masqb: checks
permafrost07: checks
*** TURN *** [4c Qc 4d] [Tc]
Masqb: bets $6
permafrost07: calls $6
*** RIVER *** [4c Qc 4d Tc] [8c]
Masqb: checks
permafrost07: bets $6
Masqb: calls $6
*** SHOW DOWN ***
permafrost07: shows [2c 6d] (a flush, Queen high)
Masqb: mucks hand
permafrost07 collected $35.50 from pot
*** SUMMARY ***
Total pot $36 | Rake $0.50
Board [4c Qc 4d Tc 8c]
Seat 1: permafrost07 (button) (small blind) showed [2c 6d] and won ($35.50) with a flush, Queen high
Seat 2: Masqb (big blind) mucked


PokerStars Hand #145105598612:  Hold'em Limit ($3/$6 USD) - 2015/12/09 22:27:14 ET
Table 'Sharatan II' 2-max Seat #2 is the button
Seat 1: permafrost07 ($120.88 in chips)
Seat 2: Masqb ($139.19 in chips)
Masqb: posts small blind $1
permafrost07: posts big blind $3
*** HOLE CARDS ***
Masqb: raises $3 to $6
permafrost07: raises $3 to $9
Masqb: calls $3
*** FLOP *** [3d Kc 8d]
permafrost07: bets $3
Masqb: folds
Uncalled bet ($3) returned to permafrost07
permafrost07 collected $17.64 from pot
permafrost07: doesn't show hand
*** SUMMARY ***
Total pot $18 | Rake $0.36
Board [3d Kc 8d]
Seat 1: permafrost07 (big blind) collected ($17.64)
Seat 2: Masqb (button) (small blind) folded on the Flop


PokerStars Hand #145105589879:  Hold'em Limit ($3/$6 USD) - 2015/12/09 22:26:49 ET
Table 'Sharatan II' 2-max Seat #1 is the button
Seat 1: permafrost07 ($109.36 in chips)
Seat 2: Masqb ($151.19 in chips)
permafrost07: posts small blind $1
Masqb: posts big blind $3
*** HOLE CARDS ***
permafrost07: raises $3 to $6
Masqb: calls $3
*** FLOP *** [Qh 9h 2c]
Masqb: checks
permafrost07: checks
*** TURN *** [Qh 9h 2c] [Kd]
Masqb: bets $6
permafrost07: raises $6 to $12
Masqb: folds
Uncalled bet ($6) returned to permafrost07
permafrost07 collected $23.52 from pot
permafrost07: doesn't show hand
*** SUMMARY ***
Total pot $24 | Rake $0.48
Board [Qh 9h 2c Kd]
Seat 1: permafrost07 (button) (small blind) collected ($23.52)
Seat 2: Masqb (big blind) folded on the Turn


PokerStars Hand #145105624316:  Hold'em Limit ($3/$6 USD) - 2015/12/09 22:28:26 ET
Table 'Sharatan II' 2-max Seat #1 is the button
Seat 1: permafrost07 ($146.77 in chips)
Seat 2: Masqb ($111.94 in chips)
permafrost07: posts small blind $1
Masqb: posts big blind $3
*** HOLE CARDS ***
permafrost07: raises $3 to $6
Masqb: folds
Uncalled bet ($3) returned to permafrost07
permafrost07 collected $6 from pot
permafrost07: doesn't show hand
*** SUMMARY ***
Total pot $6 | Rake $0
Seat 1: permafrost07 (button) (small blind) collected ($6)
Seat 2: Masqb (big blind) folded before Flop


PokerStars Hand #145105613925:  Hold'em Limit ($3/$6 USD) - 2015/12/09 22:27:57 ET
Table 'Sharatan II' 2-max Seat #2 is the button
Seat 1: permafrost07 ($147.02 in chips)
Seat 2: Masqb ($112.19 in chips)
Masqb: posts small blind $1
permafrost07: posts big blind $3
*** HOLE CARDS ***
Masqb: raises $3 to $6
permafrost07: raises $3 to $9
Masqb: calls $3
*** FLOP *** [3d Qc 6c]
permafrost07: bets $3
Masqb: calls $3
*** TURN *** [3d Qc 6c] [Qd]
permafrost07: bets $6
Masqb: calls $6
*** RIVER *** [3d Qc 6c Qd] [6d]
permafrost07: checks
Masqb: checks
*** SHOW DOWN ***
permafrost07: shows [Kc 9s] (two pair, Queens and Sixes)
Masqb: shows [Kd 7c] (two pair, Queens and Sixes)
permafrost07 collected $17.75 from pot
Masqb collected $17.75 from pot
*** SUMMARY ***
Total pot $36 | Rake $0.50
Board [3d Qc 6c Qd 6d]
Seat 1: permafrost07 (big blind) showed [Kc 9s] and won ($17.75) with two pair, Queens and Sixes
Seat 2: Masqb (button) (small blind) showed [Kd 7c] and won ($17.75) with two pair, Queens and Sixes


PokerStars Hand #145105638187:  Hold'em Limit ($3/$6 USD) - 2015/12/09 22:29:05 ET
Table 'Sharatan II' 2-max Seat #1 is the button
Seat 1: permafrost07 ($179.27 in chips)
Seat 2: Masqb ($78.94 in chips)
permafrost07: posts small blind $1
Masqb: posts big blind $3
*** HOLE CARDS ***
permafrost07: raises $3 to $6
Masqb: calls $3
*** FLOP *** [7h As 5d]
Masqb: checks
permafrost07: bets $3
Masqb: raises $3 to $6
permafrost07: calls $3
*** TURN *** [7h As 5d] [9c]
Masqb: checks
permafrost07: checks
*** RIVER *** [7h As 5d 9c] [6d]
Masqb: bets $6
permafrost07: calls $6
*** SHOW DOWN ***
Masqb: shows [7d 6s] (two pair, Sevens and Sixes)
permafrost07: mucks hand
Masqb collected $35.50 from pot
*** SUMMARY ***
Total pot $36 | Rake $0.50
Board [7h As 5d 9c 6d]
Seat 1: permafrost07 (button) (small blind) mucked
Seat 2: Masqb (big blind) showed [7d 6s] and won ($35.50) with two pair, Sevens and Sixes


PokerStars Hand #145105627425:  Hold'em Limit ($3/$6 USD) - 2015/12/09 22:28:35 ET
Table 'Sharatan II' 2-max Seat #2 is the button
Seat 1: permafrost07 ($149.77 in chips)
Seat 2: Masqb ($108.94 in chips)
Masqb: posts small blind $1
permafrost07: posts big blind $3
*** HOLE CARDS ***
Masqb: raises $3 to $6
permafrost07: raises $3 to $9
Masqb: calls $3
*** FLOP *** [4d Jh Td]
permafrost07: bets $3
Masqb: calls $3
*** TURN *** [4d Jh Td] [8s]
permafrost07: bets $6
Masqb: raises $6 to $12
permafrost07: calls $6
*** RIVER *** [4d Jh Td 8s] [3d]
permafrost07: checks
Masqb: bets $6
permafrost07: calls $6
*** SHOW DOWN ***
Masqb: shows [Th 5d] (a pair of Tens)
permafrost07: shows [9d Tc] (a pair of Tens - Jack+Nine kicker)
permafrost07 collected $59.50 from pot
*** SUMMARY ***
Total pot $60 | Rake $0.50
Board [4d Jh Td 8s 3d]
Seat 1: permafrost07 (big blind) showed [9d Tc] and won ($59.50) with a pair of Tens
Seat 2: Masqb (button) (small blind) showed [Th 5d] and lost with a pair of Tens


PokerStars Hand #145105665939:  Hold'em Limit ($3/$6 USD) - 2015/12/09 22:30:23 ET
Table 'Sharatan II' 2-max Seat #2 is the button
Seat 1: permafrost07 ($149.27 in chips)
Seat 2: Masqb ($107.94 in chips)
Masqb: posts small blind $1
permafrost07: posts big blind $3
*** HOLE CARDS ***
Masqb: folds
Uncalled bet ($2) returned to permafrost07
permafrost07 collected $2 from pot
permafrost07: doesn't show hand
*** SUMMARY ***
Total pot $2 | Rake $0
Seat 1: permafrost07 (big blind) collected ($2)
Seat 2: Masqb (button) (small blind) folded before Flop


PokerStars Hand #145105663091:  Hold'em Limit ($3/$6 USD) - 2015/12/09 22:30:16 ET
Table 'Sharatan II' 2-max Seat #1 is the button
Seat 1: permafrost07 ($146.27 in chips)
Seat 2: Masqb ($110.94 in chips)
permafrost07: posts small blind $1
Masqb: posts big blind $3
*** HOLE CARDS ***
permafrost07: raises $3 to $6
Masqb: folds
Uncalled bet ($3) returned to permafrost07
permafrost07 collected $6 from pot
permafrost07: doesn't show hand
*** SUMMARY ***
Total pot $6 | Rake $0
Seat 1: permafrost07 (button) (small blind) collected ($6)
Seat 2: Masqb (big blind) folded before Flop


PokerStars Hand #145105648280:  Hold'em Limit ($3/$6 USD) - 2015/12/09 22:29:33 ET
Table 'Sharatan II' 2-max Seat #2 is the button
Seat 1: permafrost07 ($161.27 in chips)
Seat 2: Masqb ($96.44 in chips)
Masqb: posts small blind $1
permafrost07: posts big blind $3
*** HOLE CARDS ***
Masqb: raises $3 to $6
permafrost07: calls $3
*** FLOP *** [Ac 4s Tc]
permafrost07: bets $3
Masqb: calls $3
*** TURN *** [Ac 4s Tc] [2d]
permafrost07: checks
Masqb: bets $6
permafrost07: calls $6
*** RIVER *** [Ac 4s Tc 2d] [3s]
permafrost07: checks
Masqb: bets $6
permafrost07: folds
Uncalled bet ($6) returned to Masqb
Masqb collected $29.50 from pot
Masqb: doesn't show hand
*** SUMMARY ***
Total pot $30 | Rake $0.50
Board [Ac 4s Tc 2d 3s]
Seat 1: permafrost07 (big blind) folded on the River
Seat 2: Masqb (button) (small blind) collected ($29.50)


PokerStars Hand #145105693991:  Hold'em Limit ($3/$6 USD) - 2015/12/09 22:31:42 ET
Table 'Sharatan II' 2-max Seat #1 is the button
Seat 1: permafrost07 ($120.27 in chips)
Seat 2: Masqb ($135.96 in chips)
permafrost07: posts small blind $1
Masqb: posts big blind $3
*** HOLE CARDS ***
permafrost07: raises $3 to $6
Masqb: calls $3
*** FLOP *** [8s Ts 8h]
Masqb: checks
permafrost07: bets $3
Masqb: folds
Uncalled bet ($3) returned to permafrost07
permafrost07 collected $11.76 from pot
permafrost07: doesn't show hand
*** SUMMARY ***
Total pot $12 | Rake $0.24
Board [8s Ts 8h]
Seat 1: permafrost07 (button) (small blind) collected ($11.76)
Seat 2: Masqb (big blind) folded on the Flop


PokerStars Hand #145105685990:  Hold'em Limit ($3/$6 USD) - 2015/12/09 22:31:20 ET
Table 'Sharatan II' 2-max Seat #2 is the button
Seat 1: permafrost07 ($132.27 in chips)
Seat 2: Masqb ($124.44 in chips)
Masqb: posts small blind $1
permafrost07: posts big blind $3
*** HOLE CARDS ***
Masqb: raises $3 to $6
permafrost07: calls $3
*** FLOP *** [3c Ah 7d]
permafrost07: checks
Masqb: checks
*** TURN *** [3c Ah 7d] [7s]
permafrost07: checks
Masqb: checks
*** RIVER *** [3c Ah 7d 7s] [Kh]
permafrost07: checks
Masqb: bets $6
permafrost07: calls $6
*** SHOW DOWN ***
Masqb: shows [Kd Kc] (a full house, Kings full of Sevens)
permafrost07: mucks hand
Masqb collected $23.52 from pot
*** SUMMARY ***
Total pot $24 | Rake $0.48
Board [3c Ah 7d 7s Kh]
Seat 1: permafrost07 (big blind) mucked
Seat 2: Masqb (button) (small blind) showed [Kd Kc] and won ($23.52) with a full house, Kings full of Sevens


PokerStars Hand #145105708362:  Hold'em Limit ($3/$6 USD) - 2015/12/09 22:32:23 ET
Table 'Sharatan II' 2-max Seat #1 is the button
Seat 1: permafrost07 ($137.55 in chips)
Seat 2: Masqb ($117.96 in chips)
permafrost07: posts small blind $1
Masqb: posts big blind $3
*** HOLE CARDS ***
permafrost07: raises $3 to $6
Masqb: folds
Uncalled bet ($3) returned to permafrost07
permafrost07 collected $6 from pot
permafrost07: doesn't show hand
*** SUMMARY ***
Total pot $6 | Rake $0
Seat 1: permafrost07 (button) (small blind) collected ($6)
Seat 2: Masqb (big blind) folded before Flop


PokerStars Hand #145105698467:  Hold'em Limit ($3/$6 USD) - 2015/12/09 22:31:55 ET
Table 'Sharatan II' 2-max Seat #2 is the button
Seat 1: permafrost07 ($126.03 in chips)
Seat 2: Masqb ($129.96 in chips)
Masqb: posts small blind $1
permafrost07: posts big blind $3
*** HOLE CARDS ***
Masqb: raises $3 to $6
permafrost07: raises $3 to $9
Masqb: calls $3
*** FLOP *** [4h 4s 7h]
permafrost07: bets $3
Masqb: calls $3
*** TURN *** [4h 4s 7h] [Ac]
permafrost07: bets $6
Masqb: folds
Uncalled bet ($6) returned to permafrost07
permafrost07 collected $23.52 from pot
permafrost07: doesn't show hand
*** SUMMARY ***
Total pot $24 | Rake $0.48
Board [4h 4s 7h Ac]
Seat 1: permafrost07 (big blind) collected ($23.52)
Seat 2: Masqb (button) (small blind) folded on the Turn


PokerStars Hand #145105725223:  Hold'em Limit ($3/$6 USD) - 2015/12/09 22:33:12 ET
Table 'Sharatan II' 2-max Seat #1 is the button
Seat 1: permafrost07 ($158.05 in chips)
Seat 2: Masqb ($96.96 in chips)
permafrost07: posts small blind $1
Masqb: posts big blind $3
*** HOLE CARDS ***
permafrost07: raises $3 to $6
Masqb: raises $3 to $9
permafrost07: raises $3 to $12
Betting is capped
Masqb: calls $3
*** FLOP *** [4c As 2c]
Masqb: checks
permafrost07: bets $3
Masqb: calls $3
*** TURN *** [4c As 2c] [8s]
Masqb: checks
permafrost07: checks
*** RIVER *** [4c As 2c 8s] [6s]
Masqb: checks
permafrost07: checks
*** SHOW DOWN ***
Masqb: shows [Kh 9h] (high card Ace)
permafrost07: mucks hand
Masqb collected $29.50 from pot
*** SUMMARY ***
Total pot $30 | Rake $0.50
Board [4c As 2c 8s 6s]
Seat 1: permafrost07 (button) (small blind) mucked
Seat 2: Masqb (big blind) showed [Kh 9h] and won ($29.50) with high card Ace


PokerStars Hand #145105711768:  Hold'em Limit ($3/$6 USD) - 2015/12/09 22:32:33 ET
Table 'Sharatan II' 2-max Seat #2 is the button
Seat 1: permafrost07 ($140.55 in chips)
Seat 2: Masqb ($114.96 in chips)
Masqb: posts small blind $1
permafrost07: posts big blind $3
*** HOLE CARDS ***
Masqb: raises $3 to $6
permafrost07: raises $3 to $9
Masqb: calls $3
*** FLOP *** [Kd 8d 6d]
permafrost07: bets $3
Masqb: calls $3
*** TURN *** [Kd 8d 6d] [2h]
permafrost07: checks
Masqb: bets $6
permafrost07: calls $6
*** RIVER *** [Kd 8d 6d 2h] [Qd]
permafrost07: checks
Masqb: checks
*** SHOW DOWN ***
permafrost07: shows [2c 7c] (a pair of Deuces)
Masqb: mucks hand
permafrost07 collected $35.50 from pot
*** SUMMARY ***
Total pot $36 | Rake $0.50
Board [Kd 8d 6d 2h Qd]
Seat 1: permafrost07 (big blind) showed [2c 7c] and won ($35.50) with a pair of Deuces
Seat 2: Masqb (button) (small blind) mucked


PokerStars Hand #145105739742:  Hold'em Limit ($3/$6 USD) - 2015/12/09 22:33:53 ET
Table 'Sharatan II' 2-max Seat #2 is the button
Seat 1: permafrost07 ($143.05 in chips)
Seat 2: Masqb ($111.46 in chips)
Masqb: posts small blind $1
permafrost07: posts big blind $3
*** HOLE CARDS ***
Masqb: raises $3 to $6
permafrost07: raises $3 to $9
Masqb: calls $3
*** FLOP *** [Js 6d 7s]
permafrost07: bets $3
Masqb: calls $3
*** TURN *** [Js 6d 7s] [5s]
permafrost07: bets $6
Masqb: calls $6
*** RIVER *** [Js 6d 7s 5s] [7d]
permafrost07: checks
Masqb: bets $6
permafrost07: calls $6
*** SHOW DOWN ***
Masqb: shows [6h 3h] (two pair, Sevens and Sixes)
permafrost07: mucks hand
Masqb collected $47.50 from pot
*** SUMMARY ***
Total pot $48 | Rake $0.50
Board [Js 6d 7s 5s 7d]
Seat 1: permafrost07 (big blind) mucked
Seat 2: Masqb (button) (small blind) showed [6h 3h] and won ($47.50) with two pair, Sevens and Sixes


PokerStars Hand #145105752844:  Hold'em Limit ($3/$6 USD) - 2015/12/09 22:34:31 ET
Table 'Sharatan II' 2-max Seat #1 is the button
Seat 1: permafrost07 ($119.05 in chips)
Seat 2: Masqb ($134.96 in chips)
permafrost07: posts small blind $1
Masqb: posts big blind $3
*** HOLE CARDS ***
permafrost07: raises $3 to $6
Masqb: calls $3
*** FLOP *** [5d Td 9h]
Masqb: checks
permafrost07: bets $3
Masqb: raises $3 to $6
permafrost07: raises $3 to $9
Masqb: calls $3
*** TURN *** [5d Td 9h] [8h]
permafrost07 is disconnected
Masqb: checks
permafrost07 is connected
permafrost07: bets $6
Masqb: raises $6 to $12
permafrost07: calls $6
*** RIVER *** [5d Td 9h 8h] [7d]
Masqb: bets $6
permafrost07: raises $6 to $12
Masqb: calls $6
*** SHOW DOWN ***
permafrost07: shows [6h 4h] (a straight, Six to Ten)
Masqb: shows [Js 7c] (a straight, Seven to Jack)
Masqb collected $77.50 from pot
*** SUMMARY ***
Total pot $78 | Rake $0.50
Board [5d Td 9h 8h 7d]
Seat 1: permafrost07 (button) (small blind) showed [6h 4h] and lost with a straight, Six to Ten
Seat 2: Masqb (big blind) showed [Js 7c] and won ($77.50) with a straight, Seven to Jack


PokerStars Hand #145105792559:  Hold'em Limit ($3/$6 USD) - 2015/12/09 22:36:26 ET
Table 'Sharatan II' 2-max Seat #2 is the button
Seat 1: permafrost07 ($104.55 in chips)
Seat 2: Masqb ($148.46 in chips)
Masqb: posts small blind $1
permafrost07: posts big blind $3
*** HOLE CARDS ***
Masqb: raises $3 to $6
permafrost07: raises $3 to $9
Masqb: calls $3
*** FLOP *** [3s Qs 7c]
permafrost07: bets $3
Masqb: calls $3
*** TURN *** [3s Qs 7c] [7d]
permafrost07: bets $6
Masqb: folds
Uncalled bet ($6) returned to permafrost07
permafrost07 collected $23.52 from pot
permafrost07: doesn't show hand
*** SUMMARY ***
Total pot $24 | Rake $0.48
Board [3s Qs 7c 7d]
Seat 1: permafrost07 (big blind) collected ($23.52)
Seat 2: Masqb (button) (small blind) folded on the Turn


PokerStars Hand #145105784186:  Hold'em Limit ($3/$6 USD) - 2015/12/09 22:36:02 ET
Table 'Sharatan II' 2-max Seat #1 is the button
Seat 1: permafrost07 ($81.05 in chips)
Seat 2: Masqb ($172.46 in chips)
permafrost07: posts small blind $1
Masqb: posts big blind $3
*** HOLE CARDS ***
permafrost07: raises $3 to $6
Masqb: calls $3
*** FLOP *** [Jc 7h 3c]
Masqb: checks
permafrost07: checks
*** TURN *** [Jc 7h 3c] [7d]
Masqb: bets $6
permafrost07: raises $6 to $12
Masqb: calls $6
*** RIVER *** [Jc 7h 3c 7d] [2s]
Masqb: checks
permafrost07: bets $6
Masqb: calls $6
*** SHOW DOWN ***
permafrost07: shows [Qh Qc] (two pair, Queens and Sevens)
Masqb: mucks hand
permafrost07 collected $47.50 from pot
*** SUMMARY ***
Total pot $48 | Rake $0.50
Board [Jc 7h 3c 7d 2s]
Seat 1: permafrost07 (button) (small blind) showed [Qh Qc] and won ($47.50) with two pair, Queens and Sevens
Seat 2: Masqb (big blind) mucked


PokerStars Hand #145105781987:  Hold'em Limit ($3/$6 USD) - 2015/12/09 22:35:56 ET
Table 'Sharatan II' 2-max Seat #2 is the button
Seat 1: permafrost07 ($80.05 in chips)
Seat 2: Masqb ($173.46 in chips)
Masqb: posts small blind $1
permafrost07: posts big blind $3
*** HOLE CARDS ***
Masqb: folds
Uncalled bet ($2) returned to permafrost07
permafrost07 collected $2 from pot
permafrost07: doesn't show hand
*** SUMMARY ***
Total pot $2 | Rake $0
Seat 1: permafrost07 (big blind) collected ($2)
Seat 2: Masqb (button) (small blind) folded before Flop


PokerStars Hand #145105800136:  Hold'em Limit ($3/$6 USD) - 2015/12/09 22:36:48 ET
Table 'Sharatan II' 2-max Seat #1 is the button
Seat 1: permafrost07 ($116.07 in chips)
Seat 2: Masqb ($136.46 in chips)
permafrost07: posts small blind $1
Masqb: posts big blind $3
*** HOLE CARDS ***
permafrost07: raises $3 to $6
Masqb: calls $3
*** FLOP *** [Td 9d Qd]
Masqb: checks
permafrost07: bets $3
Masqb: raises $3 to $6
permafrost07: calls $3
*** TURN *** [Td 9d Qd] [8d]
Masqb: bets $6
permafrost07: calls $6
*** RIVER *** [Td 9d Qd 8d] [Kc]
Masqb: checks
permafrost07: checks
*** SHOW DOWN ***
Masqb: shows [2c Js] (a straight, Nine to King)
permafrost07: mucks hand
Masqb collected $35.50 from pot
*** SUMMARY ***
Total pot $36 | Rake $0.50
Board [Td 9d Qd 8d Kc]
Seat 1: permafrost07 (button) (small blind) mucked
Seat 2: Masqb (big blind) showed [2c Js] and won ($35.50) with a straight, Nine to King


PokerStars Hand #145105827327:  Hold'em Limit ($3/$6 USD) - 2015/12/09 22:38:07 ET
Table 'Sharatan II' 2-max Seat #1 is the button
Seat 1: permafrost07 ($106.71 in chips)
Seat 2: Masqb ($144.96 in chips)
permafrost07: posts small blind $1
Masqb: posts big blind $3
*** HOLE CARDS ***
permafrost07: raises $3 to $6
Masqb: calls $3
*** FLOP *** [6c 2c 8c]
Masqb: checks
permafrost07: bets $3
Masqb: calls $3
*** TURN *** [6c 2c 8c] [Qh]
Masqb: checks
permafrost07: bets $6
Masqb: raises $6 to $12
permafrost07: raises $6 to $18
Masqb: calls $6
*** RIVER *** [6c 2c 8c Qh] [Ts]
Masqb: checks
permafrost07: bets $6
Masqb: calls $6
*** SHOW DOWN ***
permafrost07: shows [4c Kc] (a flush, King high)
Masqb: mucks hand
permafrost07 collected $65.50 from pot
*** SUMMARY ***
Total pot $66 | Rake $0.50
Board [6c 2c 8c Qh Ts]
Seat 1: permafrost07 (button) (small blind) showed [4c Kc] and won ($65.50) with a flush, King high
Seat 2: Masqb (big blind) mucked


PokerStars Hand #145105813108:  Hold'em Limit ($3/$6 USD) - 2015/12/09 22:37:25 ET
Table 'Sharatan II' 2-max Seat #2 is the button
Seat 1: permafrost07 ($98.07 in chips)
Seat 2: Masqb ($153.96 in chips)
Masqb: posts small blind $1
permafrost07: posts big blind $3
*** HOLE CARDS ***
Masqb: raises $3 to $6
permafrost07: raises $3 to $9
Masqb: calls $3
*** FLOP *** [3h 7s 8s]
permafrost07: checks
Masqb: checks
*** TURN *** [3h 7s 8s] [5c]
permafrost07: checks
Masqb: checks
*** RIVER *** [3h 7s 8s 5c] [7c]
permafrost07: bets $6
Masqb: folds
Uncalled bet ($6) returned to permafrost07
permafrost07 collected $17.64 from pot
permafrost07: doesn't show hand
*** SUMMARY ***
Total pot $18 | Rake $0.36
Board [3h 7s 8s 5c 7c]
Seat 1: permafrost07 (big blind) collected ($17.64)
Seat 2: Masqb (button) (small blind) folded on the River


PokerStars Hand #145105841066:  Hold'em Limit ($3/$6 USD) - 2015/12/09 22:38:47 ET
Table 'Sharatan II' 2-max Seat #2 is the button
Seat 1: permafrost07 ($139.21 in chips)
Seat 2: Masqb ($111.96 in chips)
Masqb: posts small blind $1
permafrost07: posts big blind $3
*** HOLE CARDS ***
Masqb: raises $3 to $6
permafrost07: raises $3 to $9
Masqb: calls $3
*** FLOP *** [Kd 8s 8c]
permafrost07: bets $3
Masqb: calls $3
*** TURN *** [Kd 8s 8c] [Js]
permafrost07: bets $6
Masqb: calls $6
*** RIVER *** [Kd 8s 8c Js] [5d]
permafrost07: bets $6
Masqb: calls $6
*** SHOW DOWN ***
permafrost07: shows [Ac Jc] (two pair, Jacks and Eights)
Masqb: mucks hand
permafrost07 collected $47.50 from pot
*** SUMMARY ***
Total pot $48 | Rake $0.50
Board [Kd 8s 8c Js 5d]
Seat 1: permafrost07 (big blind) showed [Ac Jc] and won ($47.50) with two pair, Jacks and Eights
Seat 2: Masqb (button) (small blind) mucked


PokerStars Hand #145105848454:  Hold'em Limit ($3/$6 USD) - 2015/12/09 22:39:08 ET
Table 'Sharatan II' 2-max Seat #1 is the button
Seat 1: permafrost07 ($162.71 in chips)
Seat 2: Masqb ($87.96 in chips)
permafrost07: posts small blind $1
Masqb: posts big blind $3
*** HOLE CARDS ***
permafrost07: raises $3 to $6
Masqb: raises $3 to $9
permafrost07: raises $3 to $12
Betting is capped
Masqb: calls $3
*** FLOP *** [4s 5d Qc]
Masqb: checks
permafrost07: bets $3
Masqb: raises $3 to $6
permafrost07: calls $3
*** TURN *** [4s 5d Qc] [7c]
Masqb: bets $6
permafrost07: calls $6
*** RIVER *** [4s 5d Qc 7c] [Ah]
Masqb: checks
permafrost07: checks
*** SHOW DOWN ***
Masqb: shows [Kc Kd] (a pair of Kings)
permafrost07: mucks hand
Masqb collected $47.50 from pot
*** SUMMARY ***
Total pot $48 | Rake $0.50
Board [4s 5d Qc 7c Ah]
Seat 1: permafrost07 (button) (small blind) mucked
Seat 2: Masqb (big blind) showed [Kc Kd] and won ($47.50) with a pair of Kings


PokerStars Hand #145105858686:  Hold'em Limit ($3/$6 USD) - 2015/12/09 22:39:38 ET
Table 'Sharatan II' 2-max Seat #2 is the button
Seat 1: permafrost07 ($138.71 in chips)
Seat 2: Masqb ($111.46 in chips)
Masqb: posts small blind $1
permafrost07: posts big blind $3
*** HOLE CARDS ***
Masqb: raises $3 to $6
permafrost07: calls $3
*** FLOP *** [6s 8s 4h]
permafrost07: checks
Masqb: bets $3
permafrost07: calls $3
*** TURN *** [6s 8s 4h] [Jh]
permafrost07: checks
Masqb: bets $6
permafrost07: calls $6
*** RIVER *** [6s 8s 4h Jh] [Qd]
permafrost07: checks
Masqb: checks
*** SHOW DOWN ***
permafrost07: shows [5c 4s] (a pair of Fours)
Masqb: mucks hand
permafrost07 collected $29.50 from pot
*** SUMMARY ***
Total pot $30 | Rake $0.50
Board [6s 8s 4h Jh Qd]
Seat 1: permafrost07 (big blind) showed [5c 4s] and won ($29.50) with a pair of Fours
Seat 2: Masqb (button) (small blind) mucked


PokerStars Hand #145105869589:  Hold'em Limit ($3/$6 USD) - 2015/12/09 22:40:10 ET
Table 'Sharatan II' 2-max Seat #1 is the button
Seat 1: permafrost07 ($153.21 in chips)
Seat 2: Masqb ($96.46 in chips)
permafrost07: posts small blind $1
Masqb: posts big blind $3
*** HOLE CARDS ***
permafrost07: raises $3 to $6
Masqb: calls $3
*** FLOP *** [6s Js 6h]
Masqb: checks
permafrost07: bets $3
Masqb: folds
Uncalled bet ($3) returned to permafrost07
permafrost07 collected $11.76 from pot
permafrost07: doesn't show hand
*** SUMMARY ***
Total pot $12 | Rake $0.24
Board [6s Js 6h]
Seat 1: permafrost07 (button) (small blind) collected ($11.76)
Seat 2: Masqb (big blind) folded on the Flop


PokerStars Hand #145105874192:  Hold'em Limit ($3/$6 USD) - 2015/12/09 22:40:23 ET
Table 'Sharatan II' 2-max Seat #2 is the button
Seat 1: permafrost07 ($158.97 in chips)
Seat 2: Masqb ($90.46 in chips)
Masqb: posts small blind $1
permafrost07: posts big blind $3
*** HOLE CARDS ***
Masqb: raises $3 to $6
permafrost07: raises $3 to $9
Masqb: calls $3
*** FLOP *** [Ad 8s Ah]
permafrost07: bets $3
Masqb: calls $3
*** TURN *** [Ad 8s Ah] [4s]
permafrost07: bets $6
Masqb: calls $6
*** RIVER *** [Ad 8s Ah 4s] [Tc]
permafrost07: checks
Masqb: checks
*** SHOW DOWN ***
permafrost07: shows [Jd 9c] (a pair of Aces)
Masqb: shows [6d Kc] (a pair of Aces - King kicker)
Masqb collected $35.50 from pot
*** SUMMARY ***
Total pot $36 | Rake $0.50
Board [Ad 8s Ah 4s Tc]
Seat 1: permafrost07 (big blind) showed [Jd 9c] and lost with a pair of Aces
Seat 2: Masqb (button) (small blind) showed [6d Kc] and won ($35.50) with a pair of Aces


PokerStars Hand #145105884074:  Hold'em Limit ($3/$6 USD) - 2015/12/09 22:40:52 ET
Table 'Sharatan II' 2-max Seat #1 is the button
Seat 1: permafrost07 ($140.97 in chips)
Seat 2: Masqb ($107.96 in chips)
permafrost07: posts small blind $1
Masqb: posts big blind $3
*** HOLE CARDS ***
permafrost07: raises $3 to $6
Masqb: raises $3 to $9
permafrost07: calls $3
*** FLOP *** [4c 6c 5h]
Masqb: bets $3
permafrost07: calls $3
*** TURN *** [4c 6c 5h] [Qh]
Masqb: bets $6
permafrost07: raises $6 to $12
Masqb: calls $6
*** RIVER *** [4c 6c 5h Qh] [4d]
Masqb: checks
permafrost07: bets $6
Masqb: calls $6
*** SHOW DOWN ***
permafrost07: shows [2s 3d] (a straight, Deuce to Six)
Masqb: mucks hand
permafrost07 collected $59.50 from pot
*** SUMMARY ***
Total pot $60 | Rake $0.50
Board [4c 6c 5h Qh 4d]
Seat 1: permafrost07 (button) (small blind) showed [2s 3d] and won ($59.50) with a straight, Deuce to Six
Seat 2: Masqb (big blind) mucked


PokerStars Hand #145105899366:  Hold'em Limit ($3/$6 USD) - 2015/12/09 22:41:38 ET
Table 'Sharatan II' 2-max Seat #2 is the button
Seat 1: permafrost07 ($170.47 in chips)
Seat 2: Masqb ($77.96 in chips)
Masqb: posts small blind $1
permafrost07: posts big blind $3
*** HOLE CARDS ***
Masqb: raises $3 to $6
permafrost07: raises $3 to $9
Masqb: calls $3
*** FLOP *** [5s 3c 4h]
permafrost07: bets $3
Masqb: calls $3
*** TURN *** [5s 3c 4h] [3d]
permafrost07: bets $6
Masqb: folds
Uncalled bet ($6) returned to permafrost07
permafrost07 collected $23.52 from pot
permafrost07: doesn't show hand
*** SUMMARY ***
Total pot $24 | Rake $0.48
Board [5s 3c 4h 3d]
Seat 1: permafrost07 (big blind) collected ($23.52)
Seat 2: Masqb (button) (small blind) folded on the Turn


PokerStars Hand #145105908183:  Hold'em Limit ($3/$6 USD) - 2015/12/09 22:42:04 ET
Table 'Sharatan II' 2-max Seat #1 is the button
Seat 1: permafrost07 ($181.99 in chips)
Seat 2: Masqb ($65.96 in chips)
permafrost07: posts small blind $1
Masqb: posts big blind $3
*** HOLE CARDS ***
permafrost07: raises $3 to $6
Masqb: calls $3
*** FLOP *** [2s 4h Th]
Masqb: checks
permafrost07: checks
*** TURN *** [2s 4h Th] [Td]
Masqb: checks
permafrost07: checks
*** RIVER *** [2s 4h Th Td] [Tc]
Masqb: checks
permafrost07: checks
*** SHOW DOWN ***
Masqb: shows [Js 5c] (three of a kind, Tens)
permafrost07: shows [Qd 6s] (three of a kind, Tens - Queen kicker)
permafrost07 collected $11.76 from pot
*** SUMMARY ***
Total pot $12 | Rake $0.24
Board [2s 4h Th Td Tc]
Seat 1: permafrost07 (button) (small blind) showed [Qd 6s] and won ($11.76) with three of a kind, Tens
Seat 2: Masqb (big blind) showed [Js 5c] and lost with three of a kind, Tens


PokerStars Hand #145105914941:  Hold'em Limit ($3/$6 USD) - 2015/12/09 22:42:24 ET
Table 'Sharatan II' 2-max Seat #2 is the button
Seat 1: permafrost07 ($187.75 in chips)
Seat 2: Masqb ($126 in chips)
Masqb: posts small blind $1
permafrost07: posts big blind $3
*** HOLE CARDS ***
Masqb: raises $3 to $6
permafrost07: raises $3 to $9
Masqb: calls $3
*** FLOP *** [Qs 5d Th]
permafrost07: checks
Masqb: bets $3
permafrost07: raises $3 to $6
Masqb: calls $3
*** TURN *** [Qs 5d Th] [5s]
permafrost07: checks
Masqb: checks
*** RIVER *** [Qs 5d Th 5s] [6h]
permafrost07: bets $6
Masqb: calls $6
*** SHOW DOWN ***
permafrost07: shows [9c Qc] (two pair, Queens and Fives)
Masqb: mucks hand
permafrost07 collected $41.50 from pot
*** SUMMARY ***
Total pot $42 | Rake $0.50
Board [Qs 5d Th 5s 6h]
Seat 1: permafrost07 (big blind) showed [9c Qc] and won ($41.50) with two pair, Queens and Fives
Seat 2: Masqb (button) (small blind) mucked


PokerStars Hand #145105926823:  Hold'em Limit ($3/$6 USD) - 2015/12/09 22:42:59 ET
Table 'Sharatan II' 2-max Seat #1 is the button
Seat 1: permafrost07 ($208.25 in chips)
Seat 2: Masqb ($105 in chips)
permafrost07: posts small blind $1
Masqb: posts big blind $3
*** HOLE CARDS ***
permafrost07: raises $3 to $6
Masqb: raises $3 to $9
permafrost07: calls $3
*** FLOP *** [2s Qs Ac]
Masqb: bets $3
permafrost07: calls $3
*** TURN *** [2s Qs Ac] [8h]
Masqb: checks
permafrost07: checks
*** RIVER *** [2s Qs Ac 8h] [Kh]
Masqb: bets $6
permafrost07: calls $6
*** SHOW DOWN ***
Masqb: shows [Ks Js] (a pair of Kings)
permafrost07: mucks hand
Masqb collected $35.50 from pot
*** SUMMARY ***
Total pot $36 | Rake $0.50
Board [2s Qs Ac 8h Kh]
Seat 1: permafrost07 (button) (small blind) mucked
Seat 2: Masqb (big blind) showed [Ks Js] and won ($35.50) with a pair of Kings


PokerStars Hand #145105934905:  Hold'em Limit ($3/$6 USD) - 2015/12/09 22:43:23 ET
Table 'Sharatan II' 2-max Seat #2 is the button
Seat 1: permafrost07 ($190.25 in chips)
Seat 2: Masqb ($122.50 in chips)
Masqb: posts small blind $1
permafrost07: posts big blind $3
*** HOLE CARDS ***
Masqb: folds
Uncalled bet ($2) returned to permafrost07
permafrost07 collected $2 from pot
permafrost07: doesn't show hand
*** SUMMARY ***
Total pot $2 | Rake $0
Seat 1: permafrost07 (big blind) collected ($2)
Seat 2: Masqb (button) (small blind) folded before Flop


PokerStars Hand #145105936512:  Hold'em Limit ($3/$6 USD) - 2015/12/09 22:43:28 ET
Table 'Sharatan II' 2-max Seat #1 is the button
Seat 1: permafrost07 ($191.25 in chips)
Seat 2: Masqb ($121.50 in chips)
permafrost07: posts small blind $1
Masqb: posts big blind $3
*** HOLE CARDS ***
permafrost07: raises $3 to $6
Masqb: raises $3 to $9
permafrost07: raises $3 to $12
Betting is capped
Masqb: calls $3
*** FLOP *** [Qh 9s Qc]
Masqb: checks
permafrost07: checks
*** TURN *** [Qh 9s Qc] [7c]
Masqb: bets $6
permafrost07: folds
Uncalled bet ($6) returned to Masqb
Masqb collected $23.52 from pot
Masqb: doesn't show hand
*** SUMMARY ***
Total pot $24 | Rake $0.48
Board [Qh 9s Qc 7c]
Seat 1: permafrost07 (button) (small blind) folded on the Turn
Seat 2: Masqb (big blind) collected ($23.52)


PokerStars Hand #145105943155:  Hold'em Limit ($3/$6 USD) - 2015/12/09 22:43:48 ET
Table 'Sharatan II' 2-max Seat #2 is the button
Seat 1: permafrost07 ($179.25 in chips)
Seat 2: Masqb ($133.02 in chips)
Masqb: posts small blind $1
permafrost07: posts big blind $3
*** HOLE CARDS ***
Masqb: raises $3 to $6
permafrost07: calls $3
*** FLOP *** [5c Qs 7h]
permafrost07: bets $3
Masqb: calls $3
*** TURN *** [5c Qs 7h] [Tc]
permafrost07: checks
Masqb: bets $6
permafrost07: calls $6
*** RIVER *** [5c Qs 7h Tc] [6h]
permafrost07: checks
Masqb: bets $6
permafrost07: folds
Uncalled bet ($6) returned to Masqb
Masqb collected $29.50 from pot
Masqb: doesn't show hand
*** SUMMARY ***
Total pot $30 | Rake $0.50
Board [5c Qs 7h Tc 6h]
Seat 1: permafrost07 (big blind) folded on the River
Seat 2: Masqb (button) (small blind) collected ($29.50)


PokerStars Hand #145105952597:  Hold'em Limit ($3/$6 USD) - 2015/12/09 22:44:16 ET
Table 'Sharatan II' 2-max Seat #1 is the button
Seat 1: permafrost07 ($164.25 in chips)
Seat 2: Masqb ($147.52 in chips)
permafrost07: posts small blind $1
Masqb: posts big blind $3
*** HOLE CARDS ***
permafrost07: raises $3 to $6
Masqb: calls $3
*** FLOP *** [Ac 2c 6c]
Masqb: checks
permafrost07: checks
*** TURN *** [Ac 2c 6c] [Ad]
Masqb: bets $6
permafrost07: calls $6
*** RIVER *** [Ac 2c 6c Ad] [Ts]
Masqb: bets $6
permafrost07: raises $6 to $12
Masqb: calls $6
*** SHOW DOWN ***
permafrost07: shows [5c As] (three of a kind, Aces)
Masqb: mucks hand
permafrost07 collected $47.50 from pot
*** SUMMARY ***
Total pot $48 | Rake $0.50
Board [Ac 2c 6c Ad Ts]
Seat 1: permafrost07 (button) (small blind) showed [5c As] and won ($47.50) with three of a kind, Aces
Seat 2: Masqb (big blind) mucked


PokerStars Hand #145105962611:  Hold'em Limit ($3/$6 USD) - 2015/12/09 22:44:46 ET
Table 'Sharatan II' 2-max Seat #2 is the button
Seat 1: permafrost07 ($187.75 in chips)
Seat 2: Masqb ($123.52 in chips)
Masqb: posts small blind $1
permafrost07: posts big blind $3
*** HOLE CARDS ***
Masqb: raises $3 to $6
permafrost07: raises $3 to $9
Masqb: calls $3
*** FLOP *** [Kc 2c 7h]
permafrost07: bets $3
Masqb: folds
Uncalled bet ($3) returned to permafrost07
permafrost07 collected $17.64 from pot
permafrost07: doesn't show hand
*** SUMMARY ***
Total pot $18 | Rake $0.36
Board [Kc 2c 7h]
Seat 1: permafrost07 (big blind) collected ($17.64)
Seat 2: Masqb (button) (small blind) folded on the Flop


PokerStars Hand #145105966920:  Hold'em Limit ($3/$6 USD) - 2015/12/09 22:44:59 ET
Table 'Sharatan II' 2-max Seat #1 is the button
Seat 1: permafrost07 ($196.39 in chips)
Seat 2: Masqb ($114.52 in chips)
permafrost07: posts small blind $1
Masqb: posts big blind $3
*** HOLE CARDS ***
permafrost07: raises $3 to $6
Masqb: calls $3
*** FLOP *** [Tc Qd Td]
Masqb: checks
permafrost07: bets $3
Masqb: raises $3 to $6
permafrost07: calls $3
*** TURN *** [Tc Qd Td] [9s]
Masqb: checks
permafrost07: checks
*** RIVER *** [Tc Qd Td 9s] [7d]
Masqb: bets $6
permafrost07: calls $6
*** SHOW DOWN ***
Masqb: shows [Qc 4d] (two pair, Queens and Tens)
permafrost07: mucks hand
Masqb collected $35.50 from pot
*** SUMMARY ***
Total pot $36 | Rake $0.50
Board [Tc Qd Td 9s 7d]
Seat 1: permafrost07 (button) (small blind) mucked
Seat 2: Masqb (big blind) showed [Qc 4d] and won ($35.50) with two pair, Queens and Tens


PokerStars Hand #145105974891:  Hold'em Limit ($3/$6 USD) - 2015/12/09 22:45:23 ET
Table 'Sharatan II' 2-max Seat #2 is the button
Seat 1: permafrost07 ($178.39 in chips)
Seat 2: Masqb ($132.02 in chips)
Masqb: posts small blind $1
permafrost07: posts big blind $3
*** HOLE CARDS ***
Masqb: raises $3 to $6
permafrost07: raises $3 to $9
Masqb: calls $3
*** FLOP *** [As Kh 9s]
permafrost07: bets $3
Masqb: calls $3
*** TURN *** [As Kh 9s] [8c]
permafrost07: bets $6
Masqb: raises $6 to $12
permafrost07: calls $6
*** RIVER *** [As Kh 9s 8c] [Ah]
permafrost07: checks
Masqb: checks
*** SHOW DOWN ***
permafrost07: shows [Kc Qc] (two pair, Aces and Kings)
Masqb: mucks hand
permafrost07 collected $47.50 from pot
*** SUMMARY ***
Total pot $48 | Rake $0.50
Board [As Kh 9s 8c Ah]
Seat 1: permafrost07 (big blind) showed [Kc Qc] and won ($47.50) with two pair, Aces and Kings
Seat 2: Masqb (button) (small blind) mucked


PokerStars Hand #145105982260:  Hold'em Limit ($3/$6 USD) - 2015/12/09 22:45:45 ET
Table 'Sharatan II' 2-max Seat #1 is the button
Seat 1: permafrost07 ($201.89 in chips)
Seat 2: Masqb ($108.02 in chips)
permafrost07: posts small blind $1
Masqb: posts big blind $3
*** HOLE CARDS ***
permafrost07: raises $3 to $6
Masqb: calls $3
*** FLOP *** [Qs 2c Tc]
Masqb: checks
permafrost07: bets $3
Masqb: calls $3
*** TURN *** [Qs 2c Tc] [8d]
Masqb: checks
permafrost07: bets $6
Masqb: calls $6
*** RIVER *** [Qs 2c Tc 8d] [Ts]
Masqb: checks
permafrost07: checks
*** SHOW DOWN ***
Masqb: shows [Th 6d] (three of a kind, Tens)
permafrost07: mucks hand
Masqb collected $29.50 from pot
*** SUMMARY ***
Total pot $30 | Rake $0.50
Board [Qs 2c Tc 8d Ts]
Seat 1: permafrost07 (button) (small blind) mucked
Seat 2: Masqb (big blind) showed [Th 6d] and won ($29.50) with three of a kind, Tens


PokerStars Hand #145105990461:  Hold'em Limit ($3/$6 USD) - 2015/12/09 22:46:09 ET
Table 'Sharatan II' 2-max Seat #2 is the button
Seat 1: permafrost07 ($186.89 in chips)
Seat 2: Masqb ($122.52 in chips)
Masqb: posts small blind $1
permafrost07: posts big blind $3
*** HOLE CARDS ***
Masqb: raises $3 to $6
permafrost07: raises $3 to $9
Masqb: calls $3
*** FLOP *** [Qh 7h 4c]
permafrost07: bets $3
Masqb: calls $3
*** TURN *** [Qh 7h 4c] [Qd]
permafrost07: bets $6
Masqb: calls $6
*** RIVER *** [Qh 7h 4c Qd] [3h]
permafrost07: checks
Masqb: checks
*** SHOW DOWN ***
permafrost07: shows [7c 9s] (two pair, Queens and Sevens)
Masqb: mucks hand
permafrost07 collected $35.50 from pot
*** SUMMARY ***
Total pot $36 | Rake $0.50
Board [Qh 7h 4c Qd 3h]
Seat 1: permafrost07 (big blind) showed [7c 9s] and won ($35.50) with two pair, Queens and Sevens
Seat 2: Masqb (button) (small blind) mucked


PokerStars Hand #145106000206:  Hold'em Limit ($3/$6 USD) - 2015/12/09 22:46:39 ET
Table 'Sharatan II' 2-max Seat #1 is the button
Seat 1: permafrost07 ($204.39 in chips)
Seat 2: Masqb ($104.52 in chips)
permafrost07: posts small blind $1
Masqb: posts big blind $3
*** HOLE CARDS ***
permafrost07: raises $3 to $6
Masqb: calls $3
*** FLOP *** [4d Js 8c]
Masqb: checks
permafrost07: checks
*** TURN *** [4d Js 8c] [Jc]
Masqb: bets $6
permafrost07: folds
Uncalled bet ($6) returned to Masqb
Masqb collected $11.76 from pot
Masqb: doesn't show hand
*** SUMMARY ***
Total pot $12 | Rake $0.24
Board [4d Js 8c Jc]
Seat 1: permafrost07 (button) (small blind) folded on the Turn
Seat 2: Masqb (big blind) collected ($11.76)


PokerStars Hand #145106005696:  Hold'em Limit ($3/$6 USD) - 2015/12/09 22:46:55 ET
Table 'Sharatan II' 2-max Seat #2 is the button
Seat 1: permafrost07 ($198.39 in chips)
Seat 2: Masqb ($110.28 in chips)
Masqb: posts small blind $1
permafrost07: posts big blind $3
*** HOLE CARDS ***
Masqb: raises $3 to $6
permafrost07: raises $3 to $9
Masqb: calls $3
*** FLOP *** [4c 2d Js]
permafrost07: bets $3
Masqb: calls $3
*** TURN *** [4c 2d Js] [Ts]
permafrost07: bets $6
Masqb: raises $6 to $12
permafrost07: calls $6
*** RIVER *** [4c 2d Js Ts] [Ad]
permafrost07: bets $6
Masqb: folds
Uncalled bet ($6) returned to permafrost07
permafrost07 collected $47.50 from pot
permafrost07: doesn't show hand
*** SUMMARY ***
Total pot $48 | Rake $0.50
Board [4c 2d Js Ts Ad]
Seat 1: permafrost07 (big blind) collected ($47.50)
Seat 2: Masqb (button) (small blind) folded on the River


PokerStars Hand #145106014504:  Hold'em Limit ($3/$6 USD) - 2015/12/09 22:47:21 ET
Table 'Sharatan II' 2-max Seat #1 is the button
Seat 1: permafrost07 ($221.89 in chips)
Seat 2: Masqb ($86.28 in chips)
permafrost07: posts small blind $1
Masqb: posts big blind $3
*** HOLE CARDS ***
permafrost07: raises $3 to $6
Masqb: folds
Uncalled bet ($3) returned to permafrost07
permafrost07 collected $6 from pot
permafrost07: doesn't show hand
*** SUMMARY ***
Total pot $6 | Rake $0
Seat 1: permafrost07 (button) (small blind) collected ($6)
Seat 2: Masqb (big blind) folded before Flop


PokerStars Hand #145106016564:  Hold'em Limit ($3/$6 USD) - 2015/12/09 22:47:27 ET
Table 'Sharatan II' 2-max Seat #2 is the button
Seat 1: permafrost07 ($224.89 in chips)
Seat 2: Masqb ($83.28 in chips)
Masqb: posts small blind $1
permafrost07: posts big blind $3
*** HOLE CARDS ***
Masqb: raises $3 to $6
permafrost07: raises $3 to $9
Masqb: calls $3
*** FLOP *** [7h Kh Kd]
permafrost07: bets $3
Masqb: calls $3
*** TURN *** [7h Kh Kd] [6d]
permafrost07: checks
Masqb: bets $6
permafrost07: folds
Uncalled bet ($6) returned to Masqb
Masqb collected $23.52 from pot
Masqb: doesn't show hand
*** SUMMARY ***
Total pot $24 | Rake $0.48
Board [7h Kh Kd 6d]
Seat 1: permafrost07 (big blind) folded on the Turn
Seat 2: Masqb (button) (small blind) collected ($23.52)


PokerStars Hand #145106023013:  Hold'em Limit ($3/$6 USD) - 2015/12/09 22:47:46 ET
Table 'Sharatan II' 2-max Seat #1 is the button
Seat 1: permafrost07 ($212.89 in chips)
Seat 2: Masqb ($94.80 in chips)
permafrost07: posts small blind $1
Masqb: posts big blind $3
*** HOLE CARDS ***
permafrost07: raises $3 to $6
Masqb: calls $3
*** FLOP *** [Jc 6h 2s]
Masqb: checks
permafrost07: checks
*** TURN *** [Jc 6h 2s] [8s]
Masqb: bets $6
permafrost07: calls $6
*** RIVER *** [Jc 6h 2s 8s] [Qs]
Masqb: bets $6
permafrost07: calls $6
*** SHOW DOWN ***
Masqb: shows [4d 5d] (high card Queen)
permafrost07: shows [3d 3c] (a pair of Threes)
permafrost07 collected $35.50 from pot
*** SUMMARY ***
Total pot $36 | Rake $0.50
Board [Jc 6h 2s 8s Qs]
Seat 1: permafrost07 (button) (small blind) showed [3d 3c] and won ($35.50) with a pair of Threes
Seat 2: Masqb (big blind) showed [4d 5d] and lost with high card Queen


PokerStars Hand #145106030178:  Hold'em Limit ($3/$6 USD) - 2015/12/09 22:48:08 ET
Table 'Sharatan II' 2-max Seat #2 is the button
Seat 1: permafrost07 ($230.39 in chips)
Seat 2: Masqb ($76.80 in chips)
Masqb: posts small blind $1
permafrost07: posts big blind $3
*** HOLE CARDS ***
Masqb: raises $3 to $6
permafrost07: raises $3 to $9
Masqb: calls $3
*** FLOP *** [4d 6h 4c]
permafrost07: bets $3
Masqb: calls $3
*** TURN *** [4d 6h 4c] [3s]
permafrost07: bets $6
Masqb: calls $6
*** RIVER *** [4d 6h 4c 3s] [Ad]
permafrost07: checks
Masqb: checks
*** SHOW DOWN ***
permafrost07: shows [2d Kh] (a pair of Fours)
Masqb: mucks hand
permafrost07 collected $35.50 from pot
*** SUMMARY ***
Total pot $36 | Rake $0.50
Board [4d 6h 4c 3s Ad]
Seat 1: permafrost07 (big blind) showed [2d Kh] and won ($35.50) with a pair of Fours
Seat 2: Masqb (button) (small blind) mucked


PokerStars Hand #145106039091:  Hold'em Limit ($3/$6 USD) - 2015/12/09 22:48:35 ET
Table 'Sharatan II' 2-max Seat #1 is the button
Seat 1: permafrost07 ($247.89 in chips)
Seat 2: Masqb ($126 in chips)
permafrost07: posts small blind $1
Masqb: posts big blind $3
*** HOLE CARDS ***
permafrost07: raises $3 to $6
Masqb: folds
Uncalled bet ($3) returned to permafrost07
permafrost07 collected $6 from pot
permafrost07: doesn't show hand
*** SUMMARY ***
Total pot $6 | Rake $0
Seat 1: permafrost07 (button) (small blind) collected ($6)
Seat 2: Masqb (big blind) folded before Flop


PokerStars Hand #145106041261:  Hold'em Limit ($3/$6 USD) - 2015/12/09 22:48:41 ET
Table 'Sharatan II' 2-max Seat #2 is the button
Seat 1: permafrost07 ($250.89 in chips)
Seat 2: Masqb ($123 in chips)
Masqb: posts small blind $1
permafrost07: posts big blind $3
*** HOLE CARDS ***
Masqb: raises $3 to $6
permafrost07: calls $3
*** FLOP *** [3c 8c 2h]
permafrost07: checks
Masqb: bets $3
permafrost07: calls $3
*** TURN *** [3c 8c 2h] [Js]
permafrost07: checks
Masqb: checks
*** RIVER *** [3c 8c 2h Js] [Qc]
permafrost07: bets $6
Masqb: folds
Uncalled bet ($6) returned to permafrost07
permafrost07 collected $17.64 from pot
permafrost07: doesn't show hand
*** SUMMARY ***
Total pot $18 | Rake $0.36
Board [3c 8c 2h Js Qc]
Seat 1: permafrost07 (big blind) collected ($17.64)
Seat 2: Masqb (button) (small blind) folded on the River


PokerStars Hand #145106050717:  Hold'em Limit ($3/$6 USD) - 2015/12/09 22:49:10 ET
Table 'Sharatan II' 2-max Seat #1 is the button
Seat 1: permafrost07 ($259.53 in chips)
Seat 2: Masqb ($114 in chips)
permafrost07: posts small blind $1
Masqb: posts big blind $3
*** HOLE CARDS ***
permafrost07: raises $3 to $6
Masqb: folds
Uncalled bet ($3) returned to permafrost07
permafrost07 collected $6 from pot
permafrost07: doesn't show hand
*** SUMMARY ***
Total pot $6 | Rake $0
Seat 1: permafrost07 (button) (small blind) collected ($6)
Seat 2: Masqb (big blind) folded before Flop


PokerStars Hand #145106052841:  Hold'em Limit ($3/$6 USD) - 2015/12/09 22:49:16 ET
Table 'Sharatan II' 2-max Seat #2 is the button
Seat 1: permafrost07 ($262.53 in chips)
Seat 2: Masqb ($111 in chips)
Masqb: posts small blind $1
permafrost07: posts big blind $3
*** HOLE CARDS ***
Masqb: raises $3 to $6
permafrost07: calls $3
*** FLOP *** [7c Ac 8d]
permafrost07: checks
Masqb: bets $3
permafrost07: folds
Uncalled bet ($3) returned to Masqb
Masqb collected $11.76 from pot
Masqb: doesn't show hand
*** SUMMARY ***
Total pot $12 | Rake $0.24
Board [7c Ac 8d]
Seat 1: permafrost07 (big blind) folded on the Flop
Seat 2: Masqb (button) (small blind) collected ($11.76)


PokerStars Hand #145106058431:  Hold'em Limit ($3/$6 USD) - 2015/12/09 22:49:33 ET
Table 'Sharatan II' 2-max Seat #1 is the button
Seat 1: permafrost07 ($256.53 in chips)
Seat 2: Masqb ($116.76 in chips)
permafrost07: posts small blind $1
Masqb: posts big blind $3
*** HOLE CARDS ***
permafrost07: calls $2
Masqb: raises $3 to $6
permafrost07: calls $3
*** FLOP *** [7c Qs 9h]
Masqb: bets $3
permafrost07: folds
Uncalled bet ($3) returned to Masqb
Masqb collected $11.76 from pot
Masqb: doesn't show hand
*** SUMMARY ***
Total pot $12 | Rake $0.24
Board [7c Qs 9h]
Seat 1: permafrost07 (button) (small blind) folded on the Flop
Seat 2: Masqb (big blind) collected ($11.76)


PokerStars Hand #145106063167:  Hold'em Limit ($3/$6 USD) - 2015/12/09 22:49:47 ET
Table 'Sharatan II' 2-max Seat #2 is the button
Seat 1: permafrost07 ($250.53 in chips)
Seat 2: Masqb ($122.52 in chips)
Masqb: posts small blind $1
permafrost07: posts big blind $3
*** HOLE CARDS ***
Masqb: raises $3 to $6
permafrost07: raises $3 to $9
Masqb: calls $3
*** FLOP *** [4c Qs 6h]
permafrost07: bets $3
Masqb: raises $3 to $6
permafrost07: calls $3
*** TURN *** [4c Qs 6h] [Td]
permafrost07: bets $6
Masqb: calls $6
*** RIVER *** [4c Qs 6h Td] [Ac]
permafrost07: checks
Masqb: checks
*** SHOW DOWN ***
permafrost07: shows [Tc 3c] (a pair of Tens)
Masqb: mucks hand
permafrost07 collected $41.50 from pot
*** SUMMARY ***
Total pot $42 | Rake $0.50
Board [4c Qs 6h Td Ac]
Seat 1: permafrost07 (big blind) showed [Tc 3c] and won ($41.50) with a pair of Tens
Seat 2: Masqb (button) (small blind) mucked


PokerStars Hand #145106071226:  Hold'em Limit ($3/$6 USD) - 2015/12/09 22:50:11 ET
Table 'Sharatan II' 2-max Seat #1 is the button
Seat 1: permafrost07 ($271.03 in chips)
Seat 2: Masqb ($101.52 in chips)
permafrost07: posts small blind $1
Masqb: posts big blind $3
*** HOLE CARDS ***
permafrost07: raises $3 to $6
Masqb: calls $3
*** FLOP *** [9h Kd Tc]
Masqb: checks
permafrost07: bets $3
Masqb: calls $3
*** TURN *** [9h Kd Tc] [Ks]
Masqb: checks
permafrost07: checks
*** RIVER *** [9h Kd Tc Ks] [9d]
Masqb: checks
permafrost07: checks
*** SHOW DOWN ***
Masqb: shows [Qc 4s] (two pair, Kings and Nines)
permafrost07: mucks hand
Masqb collected $17.64 from pot
*** SUMMARY ***
Total pot $18 | Rake $0.36
Board [9h Kd Tc Ks 9d]
Seat 1: permafrost07 (button) (small blind) mucked
Seat 2: Masqb (big blind) showed [Qc 4s] and won ($17.64) with two pair, Kings and Nines


PokerStars Hand #145106080988:  Hold'em Limit ($3/$6 USD) - 2015/12/09 22:50:41 ET
Table 'Sharatan II' 2-max Seat #2 is the button
Seat 1: permafrost07 ($262.03 in chips)
Seat 2: Masqb ($110.16 in chips)
Masqb: posts small blind $1
permafrost07: posts big blind $3
*** HOLE CARDS ***
Masqb: raises $3 to $6
permafrost07: raises $3 to $9
Masqb: calls $3
*** FLOP *** [Jd 5h Ad]
permafrost07: bets $3
Masqb: calls $3
*** TURN *** [Jd 5h Ad] [5s]
permafrost07: checks
Masqb: bets $6
permafrost07: folds
Uncalled bet ($6) returned to Masqb
Masqb collected $23.52 from pot
Masqb: doesn't show hand
*** SUMMARY ***
Total pot $24 | Rake $0.48
Board [Jd 5h Ad 5s]
Seat 1: permafrost07 (big blind) folded on the Turn
Seat 2: Masqb (button) (small blind) collected ($23.52)


PokerStars Hand #145106088315:  Hold'em Limit ($3/$6 USD) - 2015/12/09 22:51:03 ET
Table 'Sharatan II' 2-max Seat #1 is the button
Seat 1: permafrost07 ($250.03 in chips)
Seat 2: Masqb ($121.68 in chips)
permafrost07: posts small blind $1
Masqb: posts big blind $3
*** HOLE CARDS ***
permafrost07: raises $3 to $6
Masqb: calls $3
*** FLOP *** [4s Tc 9d]
Masqb: checks
permafrost07: checks
*** TURN *** [4s Tc 9d] [7d]
Masqb: checks
permafrost07: bets $6
Masqb: folds
Uncalled bet ($6) returned to permafrost07
permafrost07 collected $11.76 from pot
permafrost07: doesn't show hand
*** SUMMARY ***
Total pot $12 | Rake $0.24
Board [4s Tc 9d 7d]
Seat 1: permafrost07 (button) (small blind) collected ($11.76)
Seat 2: Masqb (big blind) folded on the Turn


PokerStars Hand #145106098632:  Hold'em Limit ($3/$6 USD) - 2015/12/09 22:51:35 ET
Table 'Sharatan II' 2-max Seat #2 is the button
Seat 1: permafrost07 ($255.79 in chips)
Seat 2: Masqb ($115.68 in chips)
Masqb: posts small blind $1
permafrost07: posts big blind $3
*** HOLE CARDS ***
Masqb: raises $3 to $6
permafrost07: raises $3 to $9
Masqb: calls $3
*** FLOP *** [5c 9c 2h]
permafrost07: bets $3
Masqb: raises $3 to $6
permafrost07: raises $3 to $9
Masqb: calls $3
*** TURN *** [5c 9c 2h] [4d]
permafrost07: bets $6
Masqb: calls $6
*** RIVER *** [5c 9c 2h 4d] [8s]
permafrost07: bets $6
Masqb: calls $6
*** SHOW DOWN ***
permafrost07: shows [Ah 3s] (a straight, Ace to Five)
Masqb: mucks hand
permafrost07 collected $59.50 from pot
*** SUMMARY ***
Total pot $60 | Rake $0.50
Board [5c 9c 2h 4d 8s]
Seat 1: permafrost07 (big blind) showed [Ah 3s] and won ($59.50) with a straight, Ace to Five
Seat 2: Masqb (button) (small blind) mucked


PokerStars Hand #145106106862:  Hold'em Limit ($3/$6 USD) - 2015/12/09 22:52:00 ET
Table 'Sharatan II' 2-max Seat #1 is the button
Seat 1: permafrost07 ($285.29 in chips)
Seat 2: Masqb ($85.68 in chips)
permafrost07: posts small blind $1
Masqb: posts big blind $3
*** HOLE CARDS ***
permafrost07: raises $3 to $6
Masqb: raises $3 to $9
permafrost07: raises $3 to $12
Betting is capped
Masqb: calls $3
*** FLOP *** [7s Th 2c]
Masqb: checks
permafrost07: checks
*** TURN *** [7s Th 2c] [7d]
Masqb: bets $6
permafrost07: calls $6
*** RIVER *** [7s Th 2c 7d] [Ah]
Masqb: checks
permafrost07: bets $6
Masqb: calls $6
*** SHOW DOWN ***
permafrost07: shows [6c Ad] (two pair, Aces and Sevens)
Masqb: mucks hand
permafrost07 collected $47.50 from pot
*** SUMMARY ***
Total pot $48 | Rake $0.50
Board [7s Th 2c 7d Ah]
Seat 1: permafrost07 (button) (small blind) showed [6c Ad] and won ($47.50) with two pair, Aces and Sevens
Seat 2: Masqb (big blind) mucked


PokerStars Hand #145106115141:  Hold'em Limit ($3/$6 USD) - 2015/12/09 22:52:25 ET
Table 'Sharatan II' 2-max Seat #2 is the button
Seat 1: permafrost07 ($308.79 in chips)
Seat 2: Masqb ($61.68 in chips)
Masqb: posts small blind $1
permafrost07: posts big blind $3
*** HOLE CARDS ***
Masqb: raises $3 to $6
permafrost07: raises $3 to $9
Masqb: calls $3
*** FLOP *** [8h Qh Jh]
permafrost07: bets $3
Masqb: calls $3
*** TURN *** [8h Qh Jh] [9s]
permafrost07: bets $6
Masqb: raises $6 to $12
permafrost07: raises $6 to $18
Masqb: raises $6 to $24
Betting is capped
permafrost07: calls $6
*** RIVER *** [8h Qh Jh 9s] [Jc]
permafrost07: checks
Masqb: bets $6
permafrost07: calls $6
*** SHOW DOWN ***
Masqb: shows [Ks Th] (a straight, Nine to King)
permafrost07: mucks hand
Masqb collected $83.50 from pot
*** SUMMARY ***
Total pot $84 | Rake $0.50
Board [8h Qh Jh 9s Jc]
Seat 1: permafrost07 (big blind) mucked
Seat 2: Masqb (button) (small blind) showed [Ks Th] and won ($83.50) with a straight, Nine to King


PokerStars Hand #145106132137:  Hold'em Limit ($3/$6 USD) - 2015/12/09 22:53:18 ET
Table 'Sharatan II' 2-max Seat #2 is the button
Seat 1: permafrost07 ($260.79 in chips)
Seat 2: Masqb ($108.94 in chips)
Masqb: posts small blind $1
permafrost07: posts big blind $3
*** HOLE CARDS ***
Masqb: raises $3 to $6
permafrost07: folds
Uncalled bet ($3) returned to Masqb
Masqb collected $6 from pot
Masqb: doesn't show hand
*** SUMMARY ***
Total pot $6 | Rake $0
Seat 1: permafrost07 (big blind) folded before Flop
Seat 2: Masqb (button) (small blind) collected ($6)


PokerStars Hand #145106124123:  Hold'em Limit ($3/$6 USD) - 2015/12/09 22:52:53 ET
Table 'Sharatan II' 2-max Seat #1 is the button
Seat 1: permafrost07 ($266.79 in chips)
Seat 2: Masqb ($103.18 in chips)
permafrost07: posts small blind $1
Masqb: posts big blind $3
*** HOLE CARDS ***
permafrost07: raises $3 to $6
Masqb: calls $3
*** FLOP *** [8c Jd 2c]
Masqb: checks
permafrost07: checks
*** TURN *** [8c Jd 2c] [Ts]
Masqb: checks
permafrost07: checks
*** RIVER *** [8c Jd 2c Ts] [2s]
Masqb: bets $6
permafrost07: folds
Uncalled bet ($6) returned to Masqb
Masqb collected $11.76 from pot
Masqb: doesn't show hand
*** SUMMARY ***
Total pot $12 | Rake $0.24
Board [8c Jd 2c Ts 2s]
Seat 1: permafrost07 (button) (small blind) folded on the River
Seat 2: Masqb (big blind) collected ($11.76)


PokerStars Hand #145106134261:  Hold'em Limit ($3/$6 USD) - 2015/12/09 22:53:24 ET
Table 'Sharatan II' 2-max Seat #1 is the button
Seat 1: permafrost07 ($257.79 in chips)
Seat 2: Masqb ($111.94 in chips)
permafrost07: posts small blind $1
Masqb: posts big blind $3
*** HOLE CARDS ***
permafrost07: folds
Uncalled bet ($2) returned to Masqb
Masqb collected $2 from pot
Masqb: doesn't show hand
*** SUMMARY ***
Total pot $2 | Rake $0
Seat 1: permafrost07 (button) (small blind) folded before Flop
Seat 2: Masqb (big blind) collected ($2)


PokerStars Hand #145106135970:  Hold'em Limit ($3/$6 USD) - 2015/12/09 22:53:29 ET
Table 'Sharatan II' 2-max Seat #2 is the button
Seat 1: permafrost07 ($256.79 in chips)
Seat 2: Masqb ($112.94 in chips)
Masqb: posts small blind $1
permafrost07: posts big blind $3
*** HOLE CARDS ***
Masqb: raises $3 to $6
permafrost07: calls $3
*** FLOP *** [Th 7d 7h]
permafrost07: checks
Masqb: bets $3
permafrost07: folds
Uncalled bet ($3) returned to Masqb
Masqb collected $11.76 from pot
Masqb: doesn't show hand
*** SUMMARY ***
Total pot $12 | Rake $0.24
Board [Th 7d 7h]
Seat 1: permafrost07 (big blind) folded on the Flop
Seat 2: Masqb (button) (small blind) collected ($11.76)


PokerStars Hand #145106140051:  Hold'em Limit ($3/$6 USD) - 2015/12/09 22:53:42 ET
Table 'Sharatan II' 2-max Seat #1 is the button
Seat 1: permafrost07 ($250.79 in chips)
Seat 2: Masqb ($118.70 in chips)
permafrost07: posts small blind $1
Masqb: posts big blind $3
*** HOLE CARDS ***
permafrost07: raises $3 to $6
Masqb: raises $3 to $9
permafrost07: raises $3 to $12
Betting is capped
Masqb: calls $3
*** FLOP *** [5h 4h Qc]
Masqb: bets $3
permafrost07: raises $3 to $6
Masqb: calls $3
*** TURN *** [5h 4h Qc] [4d]
Masqb: bets $6
permafrost07: calls $6
*** RIVER *** [5h 4h Qc 4d] [9h]
Masqb: bets $6
permafrost07: calls $6
*** SHOW DOWN ***
Masqb: shows [9c 9d] (a full house, Nines full of Fours)
permafrost07: mucks hand
Masqb collected $59.50 from pot
*** SUMMARY ***
Total pot $60 | Rake $0.50
Board [5h 4h Qc 4d 9h]
Seat 1: permafrost07 (button) (small blind) mucked
Seat 2: Masqb (big blind) showed [9c 9d] and won ($59.50) with a full house, Nines full of Fours


