PokerStars Hand #167638793271:  Hold'em Limit ($3/$6 USD) - 2017/03/15 18:25:30 ET
Table 'Sharatan III' 6-max Seat #3 is the button
Seat 3: Goldvrn ($69.38 in chips)
Seat 4: Actionni13 ($171.50 in chips)
Goldvrn: posts small blind $1
Actionni13: posts big blind $3
*** HOLE CARDS ***
B_loJkl joins the table at seat #6
Goldvrn: folds
Uncalled bet ($2) returned to Actionni13
Actionni13 collected $2 from pot
Actionni13: doesn't show hand
*** SUMMARY ***
Total pot $2 | Rake $0
Seat 3: Goldvrn (button) (small blind) folded before Flop
Seat 4: Actionni13 (big blind) collected ($2)


PokerStars Hand #167638779387:  Hold'em Limit ($3/$6 USD) - 2017/03/15 18:25:13 ET
Table 'Sharatan III' 6-max Seat #4 is the button
Seat 3: Goldvrn ($90.38 in chips)
Seat 4: Actionni13 ($151 in chips)
Actionni13: posts small blind $1
Goldvrn: posts big blind $3
*** HOLE CARDS ***
Actionni13: raises $3 to $6
uglyghost101 joins the table at seat #5
Goldvrn: calls $3
*** FLOP *** [Ah Jh 9h]
Goldvrn: checks
Actionni13: bets $3
Goldvrn: calls $3
*** TURN *** [Ah Jh 9h] [2c]
Goldvrn: checks
Actionni13: bets $6
Goldvrn: raises $6 to $12
Actionni13: raises $6 to $18
Goldvrn: folds
Uncalled bet ($6) returned to Actionni13
Actionni13 collected $41.50 from pot
Actionni13: doesn't show hand
*** SUMMARY ***
Total pot $42 | Rake $0.50
Board [Ah Jh 9h 2c]
Seat 3: Goldvrn (big blind) folded on the Turn
Seat 4: Actionni13 (button) (small blind) collected ($41.50)


PokerStars Hand #167640404916:  Hold'em Limit ($3/$6 USD) - 2017/03/15 19:00:30 ET
Table 'Sharatan III' 6-max Seat #2 is the button
Seat 1: uglyghost101 ($207.52 in chips)
Seat 2: Chessnok ($233.23 in chips)
Chessnok: posts small blind $1
B_loJkl: is sitting out
Krazy90: is sitting out
uglyghost101: posts big blind $3
*** HOLE CARDS ***
Chessnok: folds
Uncalled bet ($2) returned to uglyghost101
Krazy90 leaves the table
uglyghost101 collected $2 from pot
uglyghost101: doesn't show hand
*** SUMMARY ***
Total pot $2 | Rake $0
Seat 1: uglyghost101 (big blind) collected ($2)
Seat 2: Chessnok (button) (small blind) folded before Flop


PokerStars Hand #167640407892:  Hold'em Limit ($3/$6 USD) - 2017/03/15 19:00:34 ET
Table 'Sharatan III' 6-max Seat #1 is the button
Seat 1: uglyghost101 ($208.52 in chips)
Seat 2: Chessnok ($232.23 in chips)
uglyghost101: posts small blind $1
Chessnok: posts big blind $3
*** HOLE CARDS ***
uglyghost101: raises $3 to $6
B_loJkl leaves the table
Chessnok: raises $3 to $9
uglyghost101: calls $3
*** FLOP *** [Qc Kd 5c]
Chessnok: bets $3
uglyghost101: calls $3
*** TURN *** [Qc Kd 5c] [7c]
Chessnok: checks
uglyghost101: bets $6
Chessnok: calls $6
*** RIVER *** [Qc Kd 5c 7c] [2c]
Chessnok: checks
uglyghost101: checks
*** SHOW DOWN ***
Chessnok: shows [4d 4s] (a pair of Fours)
uglyghost101: shows [9h Ks] (a pair of Kings)
uglyghost101 collected $35.50 from pot
*** SUMMARY ***
Total pot $36 | Rake $0.50
Board [Qc Kd 5c 7c 2c]
Seat 1: uglyghost101 (button) (small blind) showed [9h Ks] and won ($35.50) with a pair of Kings
Seat 2: Chessnok (big blind) showed [4d 4s] and lost with a pair of Fours


