PokerStars Hand #168017691507:  Hold'em Limit ($3/$6 USD) - 2017/03/23 19:35:30 ET
Table 'Sharatan II' 10-max Seat #1 is the button
Seat 1: yayaya ($120 in chips)
Seat 6: Jack_Wu1985 ($120 in chips)
yayaya: posts small blind $1
Jack_Wu1985: posts big blind $3
*** HOLE CARDS ***
yayaya: raises $3 to $6
Jack_Wu1985: calls $3
*** FLOP *** [Qd 2c 8d]
Jack_Wu1985: checks
yayaya: bets $3
Jack_Wu1985: raises $3 to $6
yayaya: folds
Uncalled bet ($3) returned to Jack_Wu1985
Jack_Wu1985 collected $17.64 from pot
Jack_Wu1985: doesn't show hand
*** SUMMARY ***
Total pot $18 | Rake $0.36
Board [Qd 2c 8d]
Seat 1: yayaya (button) (small blind) folded on the Flop
Seat 6: Jack_Wu1985 (big blind) collected ($17.64)


PokerStars Hand #168017708915:  Hold'em Limit ($3/$6 USD) - 2017/03/23 19:35:57 ET
Table 'Sharatan II' 10-max Seat #6 is the button
Seat 1: yayaya ($111 in chips)
Seat 6: Jack_Wu1985 ($128.64 in chips)
Jack_Wu1985: posts small blind $1
yayaya: posts big blind $3
*** HOLE CARDS ***
Jack_Wu1985: raises $3 to $6
yayaya: raises $3 to $9
Jack_Wu1985: calls $3
*** FLOP *** [4c Ah Qc]
yayaya: bets $3
Jack_Wu1985: folds
Uncalled bet ($3) returned to yayaya
yayaya collected $17.64 from pot
yayaya: doesn't show hand
*** SUMMARY ***
Total pot $18 | Rake $0.36
Board [4c Ah Qc]
Seat 1: yayaya (big blind) collected ($17.64)
Seat 6: Jack_Wu1985 (button) (small blind) folded on the Flop


PokerStars Hand #168017732058:  Hold'em Limit ($3/$6 USD) - 2017/03/23 19:36:32 ET
Table 'Sharatan II' 10-max Seat #1 is the button
Seat 1: yayaya ($119.64 in chips)
Seat 6: Jack_Wu1985 ($119.64 in chips)
yayaya: posts small blind $1
Jack_Wu1985: posts big blind $3
*** HOLE CARDS ***
yayaya: raises $3 to $6
Jack_Wu1985: folds
Uncalled bet ($3) returned to yayaya
yayaya collected $6 from pot
yayaya: doesn't show hand
*** SUMMARY ***
Total pot $6 | Rake $0
Seat 1: yayaya (button) (small blind) collected ($6)
Seat 6: Jack_Wu1985 (big blind) folded before Flop


PokerStars Hand #168017740210:  Hold'em Limit ($3/$6 USD) - 2017/03/23 19:36:45 ET
Table 'Sharatan II' 10-max Seat #6 is the button
Seat 1: yayaya ($122.64 in chips)
Seat 6: Jack_Wu1985 ($116.64 in chips)
Jack_Wu1985: posts small blind $1
yayaya: posts big blind $3
*** HOLE CARDS ***
Jack_Wu1985: folds
Uncalled bet ($2) returned to yayaya
yayaya collected $2 from pot
yayaya: doesn't show hand
*** SUMMARY ***
Total pot $2 | Rake $0
Seat 1: yayaya (big blind) collected ($2)
Seat 6: Jack_Wu1985 (button) (small blind) folded before Flop


PokerStars Hand #168017772422:  Hold'em Limit ($3/$6 USD) - 2017/03/23 19:37:34 ET
Table 'Sharatan II' 10-max Seat #6 is the button
Seat 1: yayaya ($132.28 in chips)
Seat 6: Jack_Wu1985 ($106.64 in chips)
Jack_Wu1985: posts small blind $1
yayaya: posts big blind $3
*** HOLE CARDS ***
Jack_Wu1985: raises $3 to $6
yayaya: folds
Uncalled bet ($3) returned to Jack_Wu1985
Jack_Wu1985 collected $6 from pot
Jack_Wu1985: doesn't show hand
*** SUMMARY ***
Total pot $6 | Rake $0
Seat 1: yayaya (big blind) folded before Flop
Seat 6: Jack_Wu1985 (button) (small blind) collected ($6)


PokerStars Hand #168017751938:  Hold'em Limit ($3/$6 USD) - 2017/03/23 19:37:03 ET
Table 'Sharatan II' 10-max Seat #1 is the button
Seat 1: yayaya ($123.64 in chips)
Seat 6: Jack_Wu1985 ($115.64 in chips)
yayaya: posts small blind $1
Jack_Wu1985: posts big blind $3
*** HOLE CARDS ***
yayaya: raises $3 to $6
Jack_Wu1985: calls $3
*** FLOP *** [Ac 5d 7s]
Jack_Wu1985: checks
yayaya: bets $3
Jack_Wu1985: calls $3
*** TURN *** [Ac 5d 7s] [Kh]
Jack_Wu1985: checks
yayaya: checks
*** RIVER *** [Ac 5d 7s Kh] [6c]
Jack_Wu1985: checks
yayaya: checks
*** SHOW DOWN ***
Jack_Wu1985: shows [3h 3s] (a pair of Threes)
yayaya: shows [Jd 7h] (a pair of Sevens)
yayaya collected $17.64 from pot
*** SUMMARY ***
Total pot $18 | Rake $0.36
Board [Ac 5d 7s Kh 6c]
Seat 1: yayaya (button) (small blind) showed [Jd 7h] and won ($17.64) with a pair of Sevens
Seat 6: Jack_Wu1985 (big blind) showed [3h 3s] and lost with a pair of Threes


PokerStars Hand #168017777450:  Hold'em Limit ($3/$6 USD) - 2017/03/23 19:37:42 ET
Table 'Sharatan II' 10-max Seat #1 is the button
Seat 1: yayaya ($129.28 in chips)
Seat 6: Jack_Wu1985 ($109.64 in chips)
yayaya: posts small blind $1
Jack_Wu1985: posts big blind $3
*** HOLE CARDS ***
yayaya: folds
Uncalled bet ($2) returned to Jack_Wu1985
Jack_Wu1985 collected $2 from pot
Jack_Wu1985: doesn't show hand
*** SUMMARY ***
Total pot $2 | Rake $0
Seat 1: yayaya (button) (small blind) folded before Flop
Seat 6: Jack_Wu1985 (big blind) collected ($2)


PokerStars Hand #168017781175:  Hold'em Limit ($3/$6 USD) - 2017/03/23 19:37:47 ET
Table 'Sharatan II' 10-max Seat #6 is the button
Seat 1: yayaya ($128.28 in chips)
Seat 6: Jack_Wu1985 ($110.64 in chips)
Jack_Wu1985: posts small blind $1
yayaya: posts big blind $3
*** HOLE CARDS ***
Jack_Wu1985: raises $3 to $6
yayaya: calls $3
*** FLOP *** [Qs 9h 4h]
yayaya: checks
Jack_Wu1985: bets $3
yayaya: calls $3
*** TURN *** [Qs 9h 4h] [6s]
yayaya: checks
Jack_Wu1985: bets $6
yayaya: folds
Uncalled bet ($6) returned to Jack_Wu1985
Jack_Wu1985 collected $17.64 from pot
Jack_Wu1985: doesn't show hand
*** SUMMARY ***
Total pot $18 | Rake $0.36
Board [Qs 9h 4h 6s]
Seat 1: yayaya (big blind) folded on the Turn
Seat 6: Jack_Wu1985 (button) (small blind) collected ($17.64)


PokerStars Hand #168017796633:  Hold'em Limit ($3/$6 USD) - 2017/03/23 19:38:11 ET
Table 'Sharatan II' 10-max Seat #1 is the button
Seat 1: yayaya ($119.28 in chips)
Seat 6: Jack_Wu1985 ($119.28 in chips)
yayaya: posts small blind $1
Jack_Wu1985: posts big blind $3
*** HOLE CARDS ***
yayaya: folds
Uncalled bet ($2) returned to Jack_Wu1985
Jack_Wu1985 collected $2 from pot
Jack_Wu1985: doesn't show hand
*** SUMMARY ***
Total pot $2 | Rake $0
Seat 1: yayaya (button) (small blind) folded before Flop
Seat 6: Jack_Wu1985 (big blind) collected ($2)


PokerStars Hand #168017819915:  Hold'em Limit ($3/$6 USD) - 2017/03/23 19:38:47 ET
Table 'Sharatan II' 10-max Seat #6 is the button
Seat 1: yayaya ($125.92 in chips)
Seat 6: Jack_Wu1985 ($112.28 in chips)
Jack_Wu1985: posts small blind $1
yayaya: posts big blind $3
*** HOLE CARDS ***
Jack_Wu1985: raises $3 to $6
yayaya: calls $3
*** FLOP *** [2d 9c Jh]
yayaya: checks
Jack_Wu1985: bets $3
yayaya: calls $3
*** TURN *** [2d 9c Jh] [Ah]
yayaya: checks
Jack_Wu1985: bets $6
yayaya: folds
Uncalled bet ($6) returned to Jack_Wu1985
Jack_Wu1985 collected $17.64 from pot
Jack_Wu1985: doesn't show hand
*** SUMMARY ***
Total pot $18 | Rake $0.36
Board [2d 9c Jh Ah]
Seat 1: yayaya (big blind) folded on the Turn
Seat 6: Jack_Wu1985 (button) (small blind) collected ($17.64)


PokerStars Hand #168017873579:  Hold'em Limit ($3/$6 USD) - 2017/03/23 19:39:59 ET
Table 'Sharatan II' 10-max Seat #6 is the button
Seat 1: yayaya ($135.20 in chips)
Seat 6: Jack_Wu1985 ($101.92 in chips)
Jack_Wu1985: posts small blind $1
yayaya: posts big blind $3
*** HOLE CARDS ***
Jack_Wu1985: raises $3 to $6
yayaya: raises $3 to $9
Jack_Wu1985: calls $3
*** FLOP *** [4d Ad 5c]
yayaya: bets $3
Jack_Wu1985: folds
Uncalled bet ($3) returned to yayaya
yayaya collected $17.64 from pot
yayaya: doesn't show hand
*** SUMMARY ***
Total pot $18 | Rake $0.36
Board [4d Ad 5c]
Seat 1: yayaya (big blind) collected ($17.64)
Seat 6: Jack_Wu1985 (button) (small blind) folded on the Flop


PokerStars Hand #168017847802:  Hold'em Limit ($3/$6 USD) - 2017/03/23 19:39:20 ET
Table 'Sharatan II' 10-max Seat #6 is the button
Seat 1: yayaya ($119.92 in chips)
Seat 6: Jack_Wu1985 ($117.92 in chips)
Jack_Wu1985: posts small blind $1
yayaya: posts big blind $3
*** HOLE CARDS ***
Jack_Wu1985: raises $3 to $6
yayaya: raises $3 to $9
Jack_Wu1985: calls $3
*** FLOP *** [7s 9d Qs]
yayaya: bets $3
Jack_Wu1985: folds
Uncalled bet ($3) returned to yayaya
yayaya collected $17.64 from pot
yayaya: doesn't show hand
*** SUMMARY ***
Total pot $18 | Rake $0.36
Board [7s 9d Qs]
Seat 1: yayaya (big blind) collected ($17.64)
Seat 6: Jack_Wu1985 (button) (small blind) folded on the Flop


PokerStars Hand #168017870621:  Hold'em Limit ($3/$6 USD) - 2017/03/23 19:39:55 ET
Table 'Sharatan II' 10-max Seat #1 is the button
Seat 1: yayaya ($136.20 in chips)
Seat 6: Jack_Wu1985 ($100.92 in chips)
yayaya: posts small blind $1
Jack_Wu1985: posts big blind $3
*** HOLE CARDS ***
yayaya: folds
Uncalled bet ($2) returned to Jack_Wu1985
Jack_Wu1985 collected $2 from pot
Jack_Wu1985: doesn't show hand
*** SUMMARY ***
Total pot $2 | Rake $0
Seat 1: yayaya (button) (small blind) folded before Flop
Seat 6: Jack_Wu1985 (big blind) collected ($2)


PokerStars Hand #168017860134:  Hold'em Limit ($3/$6 USD) - 2017/03/23 19:39:38 ET
Table 'Sharatan II' 10-max Seat #6 is the button
Seat 1: yayaya ($127.56 in chips)
Seat 6: Jack_Wu1985 ($109.92 in chips)
Jack_Wu1985: posts small blind $1
yayaya: posts big blind $3
*** HOLE CARDS ***
Jack_Wu1985: raises $3 to $6
yayaya: calls $3
*** FLOP *** [9d 3d Qd]
yayaya: checks
Jack_Wu1985: bets $3
yayaya: raises $3 to $6
Jack_Wu1985: folds
Uncalled bet ($3) returned to yayaya
yayaya collected $17.64 from pot
yayaya: doesn't show hand
*** SUMMARY ***
Total pot $18 | Rake $0.36
Board [9d 3d Qd]
Seat 1: yayaya (big blind) collected ($17.64)
Seat 6: Jack_Wu1985 (button) (small blind) folded on the Flop


PokerStars Hand #168017841661:  Hold'em Limit ($3/$6 USD) - 2017/03/23 19:39:10 ET
Table 'Sharatan II' 10-max Seat #1 is the button
Seat 1: yayaya ($116.92 in chips)
Seat 6: Jack_Wu1985 ($120.92 in chips)
yayaya: posts small blind $1
Jack_Wu1985: posts big blind $3
*** HOLE CARDS ***
yayaya: raises $3 to $6
Jack_Wu1985: folds
Uncalled bet ($3) returned to yayaya
yayaya collected $6 from pot
yayaya: doesn't show hand
*** SUMMARY ***
Total pot $6 | Rake $0
Seat 1: yayaya (button) (small blind) collected ($6)
Seat 6: Jack_Wu1985 (big blind) folded before Flop


PokerStars Hand #168017799707:  Hold'em Limit ($3/$6 USD) - 2017/03/23 19:38:16 ET
Table 'Sharatan II' 10-max Seat #6 is the button
Seat 1: yayaya ($118.28 in chips)
Seat 6: Jack_Wu1985 ($120.28 in chips)
Jack_Wu1985: posts small blind $1
yayaya: posts big blind $3
*** HOLE CARDS ***
Jack_Wu1985: raises $3 to $6
yayaya: calls $3
*** FLOP *** [9c Ad 4s]
yayaya: checks
Jack_Wu1985: bets $3
yayaya: calls $3
*** TURN *** [9c Ad 4s] [Ts]
yayaya: checks
Jack_Wu1985: checks
*** RIVER *** [9c Ad 4s Ts] [Jh]
yayaya: bets $6
Jack_Wu1985: folds
Uncalled bet ($6) returned to yayaya
yayaya collected $17.64 from pot
yayaya: doesn't show hand
*** SUMMARY ***
Total pot $18 | Rake $0.36
Board [9c Ad 4s Ts Jh]
Seat 1: yayaya (big blind) collected ($17.64)
Seat 6: Jack_Wu1985 (button) (small blind) folded on the River


PokerStars Hand #168017815681:  Hold'em Limit ($3/$6 USD) - 2017/03/23 19:38:41 ET
Table 'Sharatan II' 10-max Seat #1 is the button
Seat 1: yayaya ($126.92 in chips)
Seat 6: Jack_Wu1985 ($111.28 in chips)
yayaya: posts small blind $1
Jack_Wu1985: posts big blind $3
*** HOLE CARDS ***
yayaya: folds
Uncalled bet ($2) returned to Jack_Wu1985
Jack_Wu1985 collected $2 from pot
Jack_Wu1985: doesn't show hand
*** SUMMARY ***
Total pot $2 | Rake $0
Seat 1: yayaya (button) (small blind) folded before Flop
Seat 6: Jack_Wu1985 (big blind) collected ($2)


PokerStars Hand #168017881455:  Hold'em Limit ($3/$6 USD) - 2017/03/23 19:40:12 ET
Table 'Sharatan II' 10-max Seat #1 is the button
Seat 1: yayaya ($143.84 in chips)
Seat 6: Jack_Wu1985 ($92.92 in chips)
yayaya: posts small blind $1
Jack_Wu1985: posts big blind $3
*** HOLE CARDS ***
yayaya: raises $3 to $6
Jack_Wu1985: raises $3 to $9
yayaya: calls $3
*** FLOP *** [5s Th 3d]
Jack_Wu1985: bets $3
yayaya: raises $3 to $6
Jack_Wu1985: calls $3
*** TURN *** [5s Th 3d] [3s]
Jack_Wu1985: checks
yayaya: bets $6
Jack_Wu1985: raises $6 to $12
yayaya: raises $6 to $18
Jack_Wu1985: folds
Uncalled bet ($6) returned to yayaya
yayaya collected $53.50 from pot
yayaya: doesn't show hand
*** SUMMARY ***
Total pot $54 | Rake $0.50
Board [5s Th 3d 3s]
Seat 1: yayaya (button) (small blind) collected ($53.50)
Seat 6: Jack_Wu1985 (big blind) folded on the Turn


PokerStars Hand #168017912876:  Hold'em Limit ($3/$6 USD) - 2017/03/23 19:41:00 ET
Table 'Sharatan II' 10-max Seat #6 is the button
Seat 1: yayaya ($154.34 in chips)
Seat 6: Jack_Wu1985 ($141.42 in chips)
Jack_Wu1985: posts small blind $1
yayaya: posts big blind $3
*** HOLE CARDS ***
Jack_Wu1985: folds
Uncalled bet ($2) returned to yayaya
yayaya collected $2 from pot
yayaya: doesn't show hand
*** SUMMARY ***
Total pot $2 | Rake $0
Seat 1: yayaya (big blind) collected ($2)
Seat 6: Jack_Wu1985 (button) (small blind) folded before Flop


PokerStars Hand #168017909481:  Hold'em Limit ($3/$6 USD) - 2017/03/23 19:40:55 ET
Table 'Sharatan II' 10-max Seat #1 is the button
Seat 1: yayaya ($155.34 in chips)
Seat 6: Jack_Wu1985 ($140.42 in chips)
yayaya: posts small blind $1
Jack_Wu1985: posts big blind $3
*** HOLE CARDS ***
yayaya: folds
Uncalled bet ($2) returned to Jack_Wu1985
Jack_Wu1985 collected $2 from pot
Jack_Wu1985: doesn't show hand
*** SUMMARY ***
Total pot $2 | Rake $0
Seat 1: yayaya (button) (small blind) folded before Flop
Seat 6: Jack_Wu1985 (big blind) collected ($2)


PokerStars Hand #168017898854:  Hold'em Limit ($3/$6 USD) - 2017/03/23 19:40:38 ET
Table 'Sharatan II' 10-max Seat #6 is the button
Seat 1: yayaya ($170.34 in chips)
Seat 6: Jack_Wu1985 ($125.92 in chips)
Jack_Wu1985: posts small blind $1
yayaya: posts big blind $3
*** HOLE CARDS ***
Jack_Wu1985: raises $3 to $6
yayaya: calls $3
*** FLOP *** [5h 9s 9h]
yayaya: checks
Jack_Wu1985: bets $3
yayaya: calls $3
*** TURN *** [5h 9s 9h] [3c]
yayaya: checks
Jack_Wu1985: bets $6
yayaya: calls $6
*** RIVER *** [5h 9s 9h 3c] [Js]
yayaya: checks
Jack_Wu1985: checks
*** SHOW DOWN ***
yayaya: shows [8d 6c] (a pair of Nines)
Jack_Wu1985: shows [Ad Qd] (a pair of Nines - Ace kicker)
Jack_Wu1985 collected $29.50 from pot
*** SUMMARY ***
Total pot $30 | Rake $0.50
Board [5h 9s 9h 3c Js]
Seat 1: yayaya (big blind) showed [8d 6c] and lost with a pair of Nines
Seat 6: Jack_Wu1985 (button) (small blind) showed [Ad Qd] and won ($29.50) with a pair of Nines


PokerStars Hand #168017934853:  Hold'em Limit ($3/$6 USD) - 2017/03/23 19:41:34 ET
Table 'Sharatan II' 10-max Seat #1 is the button
Seat 1: yayaya ($138.34 in chips)
Seat 6: Jack_Wu1985 ($156.92 in chips)
yayaya: posts small blind $1
Jack_Wu1985: posts big blind $3
*** HOLE CARDS ***
yayaya: raises $3 to $6
Jack_Wu1985: folds
Uncalled bet ($3) returned to yayaya
yayaya collected $6 from pot
yayaya: doesn't show hand
*** SUMMARY ***
Total pot $6 | Rake $0
Seat 1: yayaya (button) (small blind) collected ($6)
Seat 6: Jack_Wu1985 (big blind) folded before Flop


PokerStars Hand #168017931071:  Hold'em Limit ($3/$6 USD) - 2017/03/23 19:41:28 ET
Table 'Sharatan II' 10-max Seat #6 is the button
Seat 1: yayaya ($137.34 in chips)
Seat 6: Jack_Wu1985 ($157.92 in chips)
Jack_Wu1985: posts small blind $1
yayaya: posts big blind $3
*** HOLE CARDS ***
Jack_Wu1985: folds
Uncalled bet ($2) returned to yayaya
yayaya collected $2 from pot
yayaya: doesn't show hand
*** SUMMARY ***
Total pot $2 | Rake $0
Seat 1: yayaya (big blind) collected ($2)
Seat 6: Jack_Wu1985 (button) (small blind) folded before Flop


PokerStars Hand #168017916454:  Hold'em Limit ($3/$6 USD) - 2017/03/23 19:41:06 ET
Table 'Sharatan II' 10-max Seat #1 is the button
Seat 1: yayaya ($155.34 in chips)
Seat 6: Jack_Wu1985 ($140.42 in chips)
yayaya: posts small blind $1
Jack_Wu1985: posts big blind $3
*** HOLE CARDS ***
yayaya: raises $3 to $6
Jack_Wu1985: calls $3
*** FLOP *** [8s 4h 5c]
Jack_Wu1985: checks
yayaya: bets $3
Jack_Wu1985: raises $3 to $6
yayaya: calls $3
*** TURN *** [8s 4h 5c] [Ad]
Jack_Wu1985: bets $6
yayaya: calls $6
*** RIVER *** [8s 4h 5c Ad] [3c]
Jack_Wu1985: bets $6
yayaya: folds
Uncalled bet ($6) returned to Jack_Wu1985
Jack_Wu1985 collected $35.50 from pot
Jack_Wu1985: doesn't show hand
*** SUMMARY ***
Total pot $36 | Rake $0.50
Board [8s 4h 5c Ad 3c]
Seat 1: yayaya (button) (small blind) folded on the River
Seat 6: Jack_Wu1985 (big blind) collected ($35.50)


