PokerStars Hand #176374763948:  Hold'em Limit ($3/$6 USD) - 2017/10/01 18:45:09 ET
Table 'Sharatan' 6-max Seat #4 is the button
Seat 3: Ag3r0n ($72 in chips)
Seat 4: wisuam ($111 in chips)
wisuam: posts small blind $1
Ag3r0n: posts big blind $3
*** HOLE CARDS ***
wisuam: raises $3 to $6
Ag3r0n: folds
Uncalled bet ($3) returned to wisuam
wisuam collected $6 from pot
wisuam: doesn't show hand
*** SUMMARY ***
Total pot $6 | Rake $0
Seat 3: Ag3r0n (big blind) folded before Flop
Seat 4: wisuam (button) (small blind) collected ($6)


PokerStars Hand #176374759442:  Hold'em Limit ($3/$6 USD) - 2017/10/01 18:45:02 ET
Table 'Sharatan' 6-max Seat #3 is the button
Seat 3: Ag3r0n ($72 in chips)
Seat 4: wisuam ($110 in chips)
Ag3r0n: posts small blind $1
wisuam: posts big blind $3
*** HOLE CARDS ***
Ag3r0n: folds
Uncalled bet ($2) returned to wisuam
wisuam collected $2 from pot
wisuam: doesn't show hand
*** SUMMARY ***
Total pot $2 | Rake $0
Seat 3: Ag3r0n (button) (small blind) folded before Flop
Seat 4: wisuam (big blind) collected ($2)


PokerStars Hand #176374800771:  Hold'em Limit ($3/$6 USD) - 2017/10/01 18:46:07 ET
Table 'Sharatan' 6-max Seat #4 is the button
Seat 3: Ag3r0n ($105 in chips)
Seat 4: wisuam ($80 in chips)
wisuam: posts small blind $1
Ag3r0n: posts big blind $3
*** HOLE CARDS ***
wisuam: raises $3 to $6
Ag3r0n: calls $3
*** FLOP *** [Qd Qs Kc]
Ag3r0n: checks
wisuam: checks
*** TURN *** [Qd Qs Kc] [5c]
Ag3r0n: checks
wisuam: checks
*** RIVER *** [Qd Qs Kc 5c] [4h]
Ag3r0n: checks
wisuam: checks
*** SHOW DOWN ***
Ag3r0n: shows [Js Tc] (a pair of Queens)
wisuam: shows [2h As] (a pair of Queens - Ace kicker)
wisuam collected $11.76 from pot
*** SUMMARY ***
Total pot $12 | Rake $0.24
Board [Qd Qs Kc 5c 4h]
Seat 3: Ag3r0n (big blind) showed [Js Tc] and lost with a pair of Queens
Seat 4: wisuam (button) (small blind) showed [2h As] and won ($11.76) with a pair of Queens


PokerStars Hand #176374782065:  Hold'em Limit ($3/$6 USD) - 2017/10/01 18:45:38 ET
Table 'Sharatan' 6-max Seat #4 is the button
Seat 3: Ag3r0n ($89.50 in chips)
Seat 4: wisuam ($96 in chips)
wisuam: posts small blind $1
Ag3r0n: posts big blind $3
*** HOLE CARDS ***
wisuam: folds
Uncalled bet ($2) returned to Ag3r0n
Ag3r0n collected $2 from pot
Ag3r0n: doesn't show hand
*** SUMMARY ***
Total pot $2 | Rake $0
Seat 3: Ag3r0n (big blind) collected ($2)
Seat 4: wisuam (button) (small blind) folded before Flop


PokerStars Hand #176374769635:  Hold'em Limit ($3/$6 USD) - 2017/10/01 18:45:18 ET
Table 'Sharatan' 6-max Seat #3 is the button
Seat 3: Ag3r0n ($72 in chips)
Seat 4: wisuam ($114 in chips)
Ag3r0n: posts small blind $1
wisuam: posts big blind $3
*** HOLE CARDS ***
Ag3r0n: raises $3 to $6
wisuam: calls $3
*** FLOP *** [5h 7d 8h]
wisuam: checks
Ag3r0n: checks
*** TURN *** [5h 7d 8h] [7h]
wisuam: bets $6
Ag3r0n: calls $6
*** RIVER *** [5h 7d 8h 7h] [4s]
wisuam: bets $6
Ag3r0n: calls $6
*** SHOW DOWN ***
wisuam: shows [3d 4c] (two pair, Sevens and Fours)
Ag3r0n: shows [Ad 4d] (two pair, Sevens and Fours - Ace kicker)
Ag3r0n collected $35.50 from pot
*** SUMMARY ***
Total pot $36 | Rake $0.50
Board [5h 7d 8h 7h 4s]
Seat 3: Ag3r0n (button) (small blind) showed [Ad 4d] and won ($35.50) with two pair, Sevens and Fours
Seat 4: wisuam (big blind) showed [3d 4c] and lost with two pair, Sevens and Fours


PokerStars Hand #176374787737:  Hold'em Limit ($3/$6 USD) - 2017/10/01 18:45:47 ET
Table 'Sharatan' 6-max Seat #3 is the button
Seat 3: Ag3r0n ($90.50 in chips)
Seat 4: wisuam ($95 in chips)
Ag3r0n: posts small blind $1
wisuam: posts big blind $3
*** HOLE CARDS ***
Ag3r0n: raises $3 to $6
wisuam: calls $3
*** FLOP *** [Ah 6d 8c]
wisuam: checks
Ag3r0n: bets $3
wisuam: calls $3
*** TURN *** [Ah 6d 8c] [3c]
wisuam: checks
Ag3r0n: bets $6
wisuam: calls $6
*** RIVER *** [Ah 6d 8c 3c] [2s]
wisuam: checks
Ag3r0n: checks
*** SHOW DOWN ***
wisuam: shows [Kd Jh] (high card Ace)
Ag3r0n: shows [8d 7c] (a pair of Eights)
Ag3r0n collected $29.50 from pot
*** SUMMARY ***
Total pot $30 | Rake $0.50
Board [Ah 6d 8c 3c 2s]
Seat 3: Ag3r0n (button) (small blind) showed [8d 7c] and won ($29.50) with a pair of Eights
Seat 4: wisuam (big blind) showed [Kd Jh] and lost with high card Ace


PokerStars Hand #176374837565:  Hold'em Limit ($3/$6 USD) - 2017/10/01 18:47:06 ET
Table 'Sharatan' 6-max Seat #3 is the button
Seat 3: Ag3r0n ($122.26 in chips)
Seat 4: wisuam ($61.76 in chips)
Ag3r0n: posts small blind $1
wisuam: posts big blind $3
*** HOLE CARDS ***
Ag3r0n: raises $3 to $6
wisuam: folds
Uncalled bet ($3) returned to Ag3r0n
Ag3r0n collected $6 from pot
Ag3r0n: doesn't show hand
*** SUMMARY ***
Total pot $6 | Rake $0
Seat 3: Ag3r0n (button) (small blind) collected ($6)
Seat 4: wisuam (big blind) folded before Flop


PokerStars Hand #176374830252:  Hold'em Limit ($3/$6 USD) - 2017/10/01 18:46:54 ET
Table 'Sharatan' 6-max Seat #4 is the button
Seat 3: Ag3r0n ($116.50 in chips)
Seat 4: wisuam ($67.76 in chips)
wisuam: posts small blind $1
Ag3r0n: posts big blind $3
*** HOLE CARDS ***
mylifeluvsol joins the table at seat #6
wisuam: calls $2
Ag3r0n: raises $3 to $6
wisuam: calls $3
*** FLOP *** [5h Kc Jc]
Ag3r0n: bets $3
wisuam: folds
Uncalled bet ($3) returned to Ag3r0n
Ag3r0n collected $11.76 from pot
Ag3r0n: doesn't show hand
*** SUMMARY ***
Total pot $12 | Rake $0.24
Board [5h Kc Jc]
Seat 3: Ag3r0n (big blind) collected ($11.76)
Seat 4: wisuam (button) (small blind) folded on the Flop


PokerStars Hand #176374812325:  Hold'em Limit ($3/$6 USD) - 2017/10/01 18:46:26 ET
Table 'Sharatan' 6-max Seat #3 is the button
Seat 3: Ag3r0n ($99 in chips)
Seat 4: wisuam ($85.76 in chips)
Ag3r0n: posts small blind $1
wisuam: posts big blind $3
*** HOLE CARDS ***
Ag3r0n: raises $3 to $6
wisuam: calls $3
*** FLOP *** [5c Qc 7s]
wisuam: checks
Ag3r0n: checks
*** TURN *** [5c Qc 7s] [8d]
wisuam: bets $6
Ag3r0n: calls $6
*** RIVER *** [5c Qc 7s 8d] [5s]
wisuam: bets $6
Ag3r0n: calls $6
*** SHOW DOWN ***
wisuam: shows [Jh 6c] (a pair of Fives)
Ag3r0n: shows [Jd 8c] (two pair, Eights and Fives)
Ag3r0n collected $35.50 from pot
*** SUMMARY ***
Total pot $36 | Rake $0.50
Board [5c Qc 7s 8d 5s]
Seat 3: Ag3r0n (button) (small blind) showed [Jd 8c] and won ($35.50) with two pair, Eights and Fives
Seat 4: wisuam (big blind) showed [Jh 6c] and lost with a pair of Fives


PokerStars Hand #176374862050:  Hold'em Limit ($3/$6 USD) - 2017/10/01 18:47:45 ET
Table 'Sharatan' 6-max Seat #4 is the button
Seat 4: wisuam ($55.76 in chips)
Seat 6: mylifeluvsol ($38.91 in chips)
wisuam: posts small blind $1
mylifeluvsol: posts big blind $3
*** HOLE CARDS ***
Ag3r0n joins the table at seat #5
wisuam: raises $3 to $6
Kasperla joins the table at seat #1
mylifeluvsol: raises $3 to $9
wisuam: calls $3
*** FLOP *** [7d 8s 6d]
mylifeluvsol: bets $3
wisuam: calls $3
*** TURN *** [7d 8s 6d] [Ad]
mylifeluvsol: bets $6
wisuam: calls $6
*** RIVER *** [7d 8s 6d Ad] [Jc]
mylifeluvsol: bets $6
wisuam: folds
Uncalled bet ($6) returned to mylifeluvsol
mylifeluvsol collected $35.50 from pot
mylifeluvsol: doesn't show hand
*** SUMMARY ***
Total pot $36 | Rake $0.50
Board [7d 8s 6d Ad Jc]
Seat 4: wisuam (button) (small blind) folded on the River
Seat 6: mylifeluvsol (big blind) collected ($35.50)


