PokerStars Hand #163491137652:  Hold'em Limit ($3/$6 USD) - 2016/12/25 8:55:31 ET
Table 'Sharatan II' 6-max Seat #1 is the button
Seat 1: LifeisagameX ($84 in chips)
Seat 4: psycopato ($44 in chips)
LifeisagameX: posts small blind $1
psycopato: posts big blind $3
*** HOLE CARDS ***
LifeisagameX: raises $3 to $6
psycopato: calls $3
*** FLOP *** [Td 3s 4s]
psycopato: checks
LifeisagameX: checks
*** TURN *** [Td 3s 4s] [3d]
psycopato: checks
LifeisagameX: bets $6
psycopato: folds
Uncalled bet ($6) returned to LifeisagameX
LifeisagameX collected $11.76 from pot
LifeisagameX: doesn't show hand
*** SUMMARY ***
Total pot $12 | Rake $0.24
Board [Td 3s 4s 3d]
Seat 1: LifeisagameX (button) (small blind) collected ($11.76)
Seat 4: psycopato (big blind) folded on the Turn


PokerStars Hand #163491159625:  Hold'em Limit ($3/$6 USD) - 2016/12/25 8:56:14 ET
Table 'Sharatan II' 6-max Seat #4 is the button
Seat 1: LifeisagameX ($89.76 in chips)
Seat 4: psycopato ($38 in chips)
psycopato: posts small blind $1
LifeisagameX: posts big blind $3
*** HOLE CARDS ***
psycopato: raises $3 to $6
LifeisagameX: calls $3
*** FLOP *** [Kd Ks 7c]
LifeisagameX: checks
psycopato: bets $3
LifeisagameX: raises $3 to $6
psycopato: calls $3
*** TURN *** [Kd Ks 7c] [2s]
LifeisagameX: bets $6
psycopato: calls $6
*** RIVER *** [Kd Ks 7c 2s] [3h]
LifeisagameX: bets $6
psycopato: calls $6
*** SHOW DOWN ***
LifeisagameX: shows [9c 2c] (two pair, Kings and Deuces)
psycopato: mucks hand
LifeisagameX collected $47.50 from pot
*** SUMMARY ***
Total pot $48 | Rake $0.50
Board [Kd Ks 7c 2s 3h]
Seat 1: LifeisagameX (big blind) showed [9c 2c] and won ($47.50) with two pair, Kings and Deuces
Seat 4: psycopato (button) (small blind) mucked


PokerStars Hand #163491187884:  Hold'em Limit ($3/$6 USD) - 2016/12/25 8:57:09 ET
Table 'Sharatan II' 6-max Seat #1 is the button
Seat 1: LifeisagameX ($113.26 in chips)
Seat 4: psycopato ($14 in chips)
LifeisagameX: posts small blind $1
psycopato: posts big blind $3
*** HOLE CARDS ***
LifeisagameX: folds
Uncalled bet ($2) returned to psycopato
psycopato collected $2 from pot
psycopato: doesn't show hand
*** SUMMARY ***
Total pot $2 | Rake $0
Seat 1: LifeisagameX (button) (small blind) folded before Flop
Seat 4: psycopato (big blind) collected ($2)


PokerStars Hand #163491216367:  Hold'em Limit ($3/$6 USD) - 2016/12/25 8:58:05 ET
Table 'Sharatan II' 6-max Seat #1 is the button
Seat 1: LifeisagameX ($100.26 in chips)
Seat 4: psycopato ($227.41 in chips)
LifeisagameX: posts small blind $1
psycopato: posts big blind $3
*** HOLE CARDS ***
LifeisagameX: raises $3 to $6
psycopato: folds
Uncalled bet ($3) returned to LifeisagameX
LifeisagameX collected $6 from pot
*** SUMMARY ***
Total pot $6 | Rake $0
Seat 1: LifeisagameX (button) (small blind) collected ($6)
Seat 4: psycopato (big blind) folded before Flop


PokerStars Hand #163491192109:  Hold'em Limit ($3/$6 USD) - 2016/12/25 8:57:17 ET
Table 'Sharatan II' 6-max Seat #4 is the button
Seat 1: LifeisagameX ($112.26 in chips)
Seat 4: psycopato ($215.89 in chips)
psycopato: posts small blind $1
LifeisagameX: posts big blind $3
*** HOLE CARDS ***
psycopato: calls $2
LifeisagameX: raises $3 to $6
psycopato: calls $3
*** FLOP *** [8h 5h 7h]
LifeisagameX: bets $3
psycopato: raises $3 to $6
MellivoraSto joins the table at seat #5
LifeisagameX: calls $3
*** TURN *** [8h 5h 7h] [9s]
LifeisagameX: checks
psycopato: bets $6
LifeisagameX: folds
Uncalled bet ($6) returned to psycopato
psycopato collected $23.52 from pot
psycopato: doesn't show hand
*** SUMMARY ***
Total pot $24 | Rake $0.48
Board [8h 5h 7h 9s]
Seat 1: LifeisagameX (big blind) folded on the Turn
Seat 4: psycopato (button) (small blind) collected ($23.52)


