PokerStars Hand #165976837108:  Hold'em Limit ($3/$6 USD) - 2017/02/10 5:33:35 ET
Table 'Sharatan II' 6-max Seat #5 is the button
Seat 3: Rus29APX ($125.76 in chips)
Seat 5: nordschrott ($24 in chips)
nordschrott: posts small blind $1
Rus29APX: posts big blind $3
*** HOLE CARDS ***
nordschrott: folds
Uncalled bet ($2) returned to Rus29APX
Rus29APX collected $2 from pot
Rus29APX: doesn't show hand
*** SUMMARY ***
Total pot $2 | Rake $0
Seat 3: Rus29APX (big blind) collected ($2)
Seat 5: nordschrott (button) (small blind) folded before Flop


PokerStars Hand #165976823196:  Hold'em Limit ($3/$6 USD) - 2017/02/10 5:33:05 ET
Table 'Sharatan II' 6-max Seat #3 is the button
Seat 3: Rus29APX ($120 in chips)
Seat 5: nordschrott ($30 in chips)
Rus29APX: posts small blind $1
nordschrott: posts big blind $3
*** HOLE CARDS ***
Rus29APX: raises $3 to $6
nordschrott: calls $3
*** FLOP *** [Jd 3s 8c]
nordschrott: checks
Rus29APX: bets $3
nordschrott: folds
Uncalled bet ($3) returned to Rus29APX
Rus29APX collected $11.76 from pot
Rus29APX: doesn't show hand
*** SUMMARY ***
Total pot $12 | Rake $0.24
Board [Jd 3s 8c]
Seat 3: Rus29APX (button) (small blind) collected ($11.76)
Seat 5: nordschrott (big blind) folded on the Flop


PokerStars Hand #165976839444:  Hold'em Limit ($3/$6 USD) - 2017/02/10 5:33:40 ET
Table 'Sharatan II' 6-max Seat #3 is the button
Seat 3: Rus29APX ($126.76 in chips)
Seat 5: nordschrott ($23 in chips)
Rus29APX: posts small blind $1
nordschrott: posts big blind $3
*** HOLE CARDS ***
Rus29APX: raises $3 to $6
nordschrott: raises $3 to $9
Rus29APX: calls $3
*** FLOP *** [2s 8d Jh]
nordschrott: bets $3
Rus29APX: calls $3
*** TURN *** [2s 8d Jh] [6c]
nordschrott: bets $6
Rus29APX: folds
Uncalled bet ($6) returned to nordschrott
nordschrott collected $23.52 from pot
*** SUMMARY ***
Total pot $24 | Rake $0.48
Board [2s 8d Jh 6c]
Seat 3: Rus29APX (button) (small blind) folded on the Turn
Seat 5: nordschrott (big blind) collected ($23.52)


PokerStars Hand #165976866431:  Hold'em Limit ($3/$6 USD) - 2017/02/10 5:34:40 ET
Table 'Sharatan II' 6-max Seat #3 is the button
Seat 3: Rus29APX ($120 in chips)
Seat 5: nordschrott ($55.02 in chips)
Rus29APX: posts small blind $1
nordschrott: posts big blind $3
*** HOLE CARDS ***
Rus29APX: folds
Uncalled bet ($2) returned to nordschrott
nordschrott collected $2 from pot
*** SUMMARY ***
Total pot $2 | Rake $0
Seat 3: Rus29APX (button) (small blind) folded before Flop
Seat 5: nordschrott (big blind) collected ($2)


PokerStars Hand #165976869898:  Hold'em Limit ($3/$6 USD) - 2017/02/10 5:34:48 ET
Table 'Sharatan II' 6-max Seat #5 is the button
Seat 3: Rus29APX ($119 in chips)
Seat 5: nordschrott ($56.02 in chips)
nordschrott: posts small blind $1
Rus29APX: posts big blind $3
*** HOLE CARDS ***
nordschrott: calls $2
Rus29APX: raises $3 to $6
nordschrott: calls $3
*** FLOP *** [8h Jh 9c]
Rus29APX: bets $3
nordschrott: calls $3
*** TURN *** [8h Jh 9c] [Kh]
Rus29APX: bets $6
nordschrott: folds
Uncalled bet ($6) returned to Rus29APX
Rus29APX collected $17.64 from pot
Rus29APX: doesn't show hand
*** SUMMARY ***
Total pot $18 | Rake $0.36
Board [8h Jh 9c Kh]
Seat 3: Rus29APX (big blind) collected ($17.64)
Seat 5: nordschrott (button) (small blind) folded on the Turn


PokerStars Hand #165976857248:  Hold'em Limit ($3/$6 USD) - 2017/02/10 5:34:20 ET
Table 'Sharatan II' 6-max Seat #5 is the button
Seat 3: Rus29APX ($114.76 in chips)
Seat 5: nordschrott ($34.52 in chips)
nordschrott: posts small blind $1
Rus29APX: posts big blind $3
*** HOLE CARDS ***
nordschrott: calls $2
Rus29APX: raises $3 to $6
nordschrott: calls $3
*** FLOP *** [8s 9c Js]
Rus29APX: bets $3
nordschrott: calls $3
*** TURN *** [8s 9c Js] [9s]
Rus29APX: bets $6
nordschrott: calls $6
*** RIVER *** [8s 9c Js 9s] [6c]
Rus29APX: bets $6
nordschrott: calls $6
*** SHOW DOWN ***
Rus29APX: shows [7d 4d] (a pair of Nines)
nordschrott: shows [2c 8c] (two pair, Nines and Eights)
nordschrott collected $41.50 from pot
*** SUMMARY ***
Total pot $42 | Rake $0.50
Board [8s 9c Js 9s 6c]
Seat 3: Rus29APX (big blind) showed [7d 4d] and lost with a pair of Nines
Seat 5: nordschrott (button) (small blind) showed [2c 8c] and won ($41.50) with two pair, Nines and Eights


PokerStars Hand #165976881396:  Hold'em Limit ($3/$6 USD) - 2017/02/10 5:35:13 ET
Table 'Sharatan II' 6-max Seat #3 is the button
Seat 3: Rus29APX ($127.64 in chips)
Seat 5: nordschrott ($47.02 in chips)
Rus29APX: posts small blind $1
nordschrott: posts big blind $3
*** HOLE CARDS ***
TbIP-TbIP 88 joins the table at seat #6
Rus29APX: raises $3 to $6
nordschrott: calls $3
*** FLOP *** [Js Qc 4d]
nordschrott: checks
Rus29APX: bets $3
nordschrott: calls $3
*** TURN *** [Js Qc 4d] [5d]
nordschrott: checks
Rus29APX: checks
*** RIVER *** [Js Qc 4d 5d] [Jc]
nordschrott: bets $6
Rus29APX: folds
Uncalled bet ($6) returned to nordschrott
nordschrott collected $17.64 from pot
nordschrott: shows [8d 9c] (a pair of Jacks)
*** SUMMARY ***
Total pot $18 | Rake $0.36
Board [Js Qc 4d 5d Jc]
Seat 3: Rus29APX (button) (small blind) folded on the River
Seat 5: nordschrott (big blind) collected ($17.64)


PokerStars Hand #165977463505:  Hold'em Limit ($3/$6 USD) - 2017/02/10 5:56:24 ET
Table 'Sharatan II' 6-max Seat #2 is the button
Seat 2: FLYINGJI ($89.02 in chips)
Seat 6: sinsadir ($98 in chips)
FLYINGJI: posts small blind $1
ABATAPP: is sitting out
sinsadir: posts big blind $3
*** HOLE CARDS ***
FLYINGJI: raises $3 to $6
sinsadir: folds
Uncalled bet ($3) returned to FLYINGJI
FLYINGJI collected $6 from pot
FLYINGJI: doesn't show hand
*** SUMMARY ***
Total pot $6 | Rake $0
Seat 2: FLYINGJI (button) (small blind) collected ($6)
Seat 6: sinsadir (big blind) folded before Flop


