PokerStars Hand #174569079860:  Hold'em Limit ($3/$6 USD) - 2017/08/20 10:19:48 ET
Table 'Shaula' 6-max Seat #1 is the button
Seat 1: Whatze Phuck ($78 in chips)
Seat 6: ChaseMeIfUC ($114 in chips)
Whatze Phuck: posts small blind $1
ChaseMeIfUC: posts big blind $3
*** HOLE CARDS ***
Whatze Phuck: raises $3 to $6
ChaseMeIfUC: calls $3
*** FLOP *** [2h 9h 4c]
ChaseMeIfUC: checks
Whatze Phuck: checks
*** TURN *** [2h 9h 4c] [Ks]
ChaseMeIfUC: checks
Whatze Phuck: bets $6
ChaseMeIfUC: folds
Uncalled bet ($6) returned to Whatze Phuck
Whatze Phuck collected $11.76 from pot
Whatze Phuck: doesn't show hand
*** SUMMARY ***
Total pot $12 | Rake $0.24
Board [2h 9h 4c Ks]
Seat 1: Whatze Phuck (button) (small blind) collected ($11.76)
Seat 6: ChaseMeIfUC (big blind) folded on the Turn


PokerStars Hand #174573050389:  Hold'em Limit ($3/$6 USD) - 2017/08/20 12:01:15 ET
Table 'Shaula' 6-max Seat #1 is the button
Seat 1: B_loJkl ($320.18 in chips)
Seat 6: MMike1948 ($111.63 in chips)
B_loJkl: posts small blind $1
Geringste1: is sitting out
MMike1948: posts big blind $3
*** HOLE CARDS ***
B_loJkl: raises $3 to $6
MMike1948: calls $3
*** FLOP *** [5s 7h 5h]
MMike1948: checks
B_loJkl: bets $3
MMike1948: folds
Uncalled bet ($3) returned to B_loJkl
B_loJkl collected $11.76 from pot
B_loJkl: doesn't show hand
*** SUMMARY ***
Total pot $12 | Rake $0.24
Board [5s 7h 5h]
Seat 1: B_loJkl (button) (small blind) collected ($11.76)
Seat 6: MMike1948 (big blind) folded on the Flop


PokerStars Hand #174573127971:  Hold'em Limit ($3/$6 USD) - 2017/08/20 12:03:09 ET
Table 'Shaula' 6-max Seat #1 is the button
Seat 1: B_loJkl ($319.94 in chips)
Seat 2: andrey131113 ($65.76 in chips)
B_loJkl: posts small blind $1
andrey131113: posts big blind $3
*** HOLE CARDS ***
B_loJkl: raises $3 to $6
andrey131113: calls $3
*** FLOP *** [Jc Kd Ac]
andrey131113: checks
B_loJkl: checks
*** TURN *** [Jc Kd Ac] [2h]
andrey131113: bets $6
B_loJkl: folds
Uncalled bet ($6) returned to andrey131113
andrey131113 collected $11.76 from pot
*** SUMMARY ***
Total pot $12 | Rake $0.24
Board [Jc Kd Ac 2h]
Seat 1: B_loJkl (button) (small blind) folded on the Turn
Seat 2: andrey131113 (big blind) collected ($11.76)


PokerStars Hand #174573109481:  Hold'em Limit ($3/$6 USD) - 2017/08/20 12:02:44 ET
Table 'Shaula' 6-max Seat #2 is the button
Seat 1: B_loJkl ($325.94 in chips)
Seat 2: andrey131113 ($60 in chips)
andrey131113: posts small blind $1
B_loJkl: posts big blind $3
*** HOLE CARDS ***
andrey131113: raises $3 to $6
B_loJkl: calls $3
*** FLOP *** [9d Ad 6d]
B_loJkl: checks
andrey131113: checks
*** TURN *** [9d Ad 6d] [Kd]
B_loJkl: checks
andrey131113: bets $6
B_loJkl: folds
Uncalled bet ($6) returned to andrey131113
andrey131113 collected $11.76 from pot
*** SUMMARY ***
Total pot $12 | Rake $0.24
Board [9d Ad 6d Kd]
Seat 1: B_loJkl (big blind) folded on the Turn
Seat 2: andrey131113 (button) (small blind) collected ($11.76)


PokerStars Hand #174573139809:  Hold'em Limit ($3/$6 USD) - 2017/08/20 12:03:27 ET
Table 'Shaula' 6-max Seat #2 is the button
Seat 1: B_loJkl ($313.94 in chips)
Seat 2: andrey131113 ($71.52 in chips)
andrey131113: posts small blind $1
B_loJkl: posts big blind $3
*** HOLE CARDS ***
andrey131113: raises $3 to $6
B_loJkl: calls $3
*** FLOP *** [As Td 6s]
B_loJkl: checks
andrey131113: bets $3
B_loJkl: calls $3
*** TURN *** [As Td 6s] [6h]
B_loJkl: checks
andrey131113: bets $6
B_loJkl: calls $6
*** RIVER *** [As Td 6s 6h] [Ac]
B_loJkl: checks
andrey131113: bets $6
B_loJkl: folds
Uncalled bet ($6) returned to andrey131113
andrey131113 collected $29.50 from pot
*** SUMMARY ***
Total pot $30 | Rake $0.50
Board [As Td 6s 6h Ac]
Seat 1: B_loJkl (big blind) folded on the River
Seat 2: andrey131113 (button) (small blind) collected ($29.50)


PokerStars Hand #174573162642:  Hold'em Limit ($3/$6 USD) - 2017/08/20 12:03:59 ET
Table 'Shaula' 6-max Seat #1 is the button
Seat 1: B_loJkl ($298.94 in chips)
Seat 2: andrey131113 ($86.02 in chips)
B_loJkl: posts small blind $1
andrey131113: posts big blind $3
*** HOLE CARDS ***
B_loJkl: raises $3 to $6
andrey131113: calls $3
*** FLOP *** [Kd 7h Ks]
andrey131113: checks
B_loJkl: bets $3
andrey131113: calls $3
*** TURN *** [Kd 7h Ks] [8d]
andrey131113: checks
B_loJkl: checks
*** RIVER *** [Kd 7h Ks 8d] [3c]
andrey131113: bets $6
B_loJkl: calls $6
*** SHOW DOWN ***
andrey131113: shows [8c Qs] (two pair, Kings and Eights)
B_loJkl: mucks hand
andrey131113 collected $29.50 from pot
*** SUMMARY ***
Total pot $30 | Rake $0.50
Board [Kd 7h Ks 8d 3c]
Seat 1: B_loJkl (button) (small blind) mucked
Seat 2: andrey131113 (big blind) showed [8c Qs] and won ($29.50) with two pair, Kings and Eights


