PokerStars Hand #157497442140:  Hold'em Limit ($3/$6 USD) - 2016/08/19 22:58:18 ET
Table 'Shaula' 6-max Seat #3 is the button
Seat 3: simper11 ($120 in chips)
Seat 5: Brama Br ($120 in chips)
simper11: posts small blind $1
Brama Br: posts big blind $3
*** HOLE CARDS ***
simper11: raises $3 to $6
Brama Br: calls $3
*** FLOP *** [4h Ac Qd]
Brama Br: checks
simper11: bets $3
Brama Br: folds
Uncalled bet ($3) returned to simper11
simper11 collected $11.76 from pot
simper11: doesn't show hand
*** SUMMARY ***
Total pot $12 | Rake $0.24
Board [4h Ac Qd]
Seat 3: simper11 (button) (small blind) collected ($11.76)
Seat 5: Brama Br (big blind) folded on the Flop


PokerStars Hand #157497449968:  Hold'em Limit ($3/$6 USD) - 2016/08/19 22:58:46 ET
Table 'Shaula' 6-max Seat #3 is the button
Seat 3: simper11 ($126.76 in chips)
Seat 5: Brama Br ($113 in chips)
simper11: posts small blind $1
Brama Br: posts big blind $3
*** HOLE CARDS ***
simper11: folds
Uncalled bet ($2) returned to Brama Br
Brama Br collected $2 from pot
Brama Br: doesn't show hand
*** SUMMARY ***
Total pot $2 | Rake $0
Seat 3: simper11 (button) (small blind) folded before Flop
Seat 5: Brama Br (big blind) collected ($2)


PokerStars Hand #157497448242:  Hold'em Limit ($3/$6 USD) - 2016/08/19 22:58:39 ET
Table 'Shaula' 6-max Seat #5 is the button
Seat 3: simper11 ($125.76 in chips)
Seat 5: Brama Br ($114 in chips)
Brama Br: posts small blind $1
simper11: posts big blind $3
*** HOLE CARDS ***
Brama Br: folds
Uncalled bet ($2) returned to simper11
simper11 collected $2 from pot
simper11: doesn't show hand
*** SUMMARY ***
Total pot $2 | Rake $0
Seat 3: simper11 (big blind) collected ($2)
Seat 5: Brama Br (button) (small blind) folded before Flop


PokerStars Hand #157497451313:  Hold'em Limit ($3/$6 USD) - 2016/08/19 22:58:51 ET
Table 'Shaula' 6-max Seat #5 is the button
Seat 3: simper11 ($125.76 in chips)
Seat 5: Brama Br ($114 in chips)
Brama Br: posts small blind $1
simper11: posts big blind $3
*** HOLE CARDS ***
Brama Br: raises $3 to $6
simper11: folds
Uncalled bet ($3) returned to Brama Br
Brama Br collected $6 from pot
Brama Br: doesn't show hand
*** SUMMARY ***
Total pot $6 | Rake $0
Seat 3: simper11 (big blind) folded before Flop
Seat 5: Brama Br (button) (small blind) collected ($6)


PokerStars Hand #157497453430:  Hold'em Limit ($3/$6 USD) - 2016/08/19 22:58:58 ET
Table 'Shaula' 6-max Seat #3 is the button
Seat 3: simper11 ($122.76 in chips)
Seat 5: Brama Br ($117 in chips)
simper11: posts small blind $1
Brama Br: posts big blind $3
*** HOLE CARDS ***
simper11: raises $3 to $6
Brama Br: calls $3
*** FLOP *** [2h 2c Qd]
Brama Br: checks
simper11: bets $3
Brama Br: folds
Uncalled bet ($3) returned to simper11
simper11 collected $11.76 from pot
simper11: doesn't show hand
*** SUMMARY ***
Total pot $12 | Rake $0.24
Board [2h 2c Qd]
Seat 3: simper11 (button) (small blind) collected ($11.76)
Seat 5: Brama Br (big blind) folded on the Flop


PokerStars Hand #157497462532:  Hold'em Limit ($3/$6 USD) - 2016/08/19 22:59:32 ET
Table 'Shaula' 6-max Seat #3 is the button
Seat 3: simper11 ($143.02 in chips)
Seat 5: Brama Br ($96 in chips)
simper11: posts small blind $1
Brama Br: posts big blind $3
*** HOLE CARDS ***
simper11: folds
Uncalled bet ($2) returned to Brama Br
Brama Br collected $2 from pot
Brama Br: doesn't show hand
*** SUMMARY ***
Total pot $2 | Rake $0
Seat 3: simper11 (button) (small blind) folded before Flop
Seat 5: Brama Br (big blind) collected ($2)


PokerStars Hand #157497456871:  Hold'em Limit ($3/$6 USD) - 2016/08/19 22:59:11 ET
Table 'Shaula' 6-max Seat #5 is the button
Seat 3: simper11 ($128.52 in chips)
Seat 5: Brama Br ($111 in chips)
Brama Br: posts small blind $1
simper11: posts big blind $3
*** HOLE CARDS ***
Brama Br: raises $3 to $6
simper11: calls $3
*** FLOP *** [4d 2d Ah]
simper11: checks
Brama Br: bets $3
simper11: calls $3
*** TURN *** [4d 2d Ah] [3h]
simper11: checks
Brama Br: checks
*** RIVER *** [4d 2d Ah 3h] [7c]
simper11: bets $6
Brama Br: calls $6
*** SHOW DOWN ***
simper11: shows [5c Jh] (a straight, Ace to Five)
Brama Br: mucks hand
simper11 collected $29.50 from pot
*** SUMMARY ***
Total pot $30 | Rake $0.50
Board [4d 2d Ah 3h 7c]
Seat 3: simper11 (big blind) showed [5c Jh] and won ($29.50) with a straight, Ace to Five
Seat 5: Brama Br (button) (small blind) mucked


PokerStars Hand #157497463931:  Hold'em Limit ($3/$6 USD) - 2016/08/19 22:59:37 ET
Table 'Shaula' 6-max Seat #5 is the button
Seat 3: simper11 ($142.02 in chips)
Seat 5: Brama Br ($97 in chips)
Brama Br: posts small blind $1
simper11: posts big blind $3
*** HOLE CARDS ***
Brama Br: raises $3 to $6
simper11: folds
Uncalled bet ($3) returned to Brama Br
jagnaras joins the table at seat #2
Brama Br collected $6 from pot
Brama Br: doesn't show hand
*** SUMMARY ***
Total pot $6 | Rake $0
Seat 3: simper11 (big blind) folded before Flop
Seat 5: Brama Br (button) (small blind) collected ($6)


PokerStars Hand #157497465607:  Hold'em Limit ($3/$6 USD) - 2016/08/19 22:59:43 ET
Table 'Shaula' 6-max Seat #3 is the button
Seat 3: simper11 ($139.02 in chips)
Seat 5: Brama Br ($100 in chips)
simper11: posts small blind $1
Brama Br: posts big blind $3
*** HOLE CARDS ***
simper11: raises $3 to $6
Brama Br: calls $3
*** FLOP *** [9c 8s 2c]
Brama Br: checks
simper11: bets $3
Brama Br: raises $3 to $6
simper11: calls $3
*** TURN *** [9c 8s 2c] [Js]
Brama Br: bets $6
simper11: raises $6 to $12
Brama Br: calls $6
*** RIVER *** [9c 8s 2c Js] [Qs]
Brama Br: checks
simper11: bets $6
Brama Br: calls $6
*** SHOW DOWN ***
simper11: shows [Ad As] (a pair of Aces)
Brama Br: shows [8c Qd] (two pair, Queens and Eights)
Brama Br collected $59.50 from pot
*** SUMMARY ***
Total pot $60 | Rake $0.50
Board [9c 8s 2c Js Qs]
Seat 3: simper11 (button) (small blind) showed [Ad As] and lost with a pair of Aces
Seat 5: Brama Br (big blind) showed [8c Qd] and won ($59.50) with two pair, Queens and Eights


PokerStars Hand #157497492329:  Hold'em Limit ($3/$6 USD) - 2016/08/19 23:01:18 ET
Table 'Shaula' 6-max Seat #5 is the button
Seat 3: simper11 ($137.28 in chips)
Seat 5: Brama Br ($120.50 in chips)
Brama Br: posts small blind $1
simper11: posts big blind $3
*** HOLE CARDS ***
Brama Br: raises $3 to $6
simper11: calls $3
*** FLOP *** [4c 2d 9s]
simper11: checks
Brama Br: bets $3
simper11: raises $3 to $6
Brama Br: calls $3
*** TURN *** [4c 2d 9s] [4h]
simper11: bets $6
Brama Br: calls $6
*** RIVER *** [4c 2d 9s 4h] [Kc]
simper11: bets $6
Brama Br: folds
Uncalled bet ($6) returned to simper11
simper11 collected $35.50 from pot
simper11: doesn't show hand
*** SUMMARY ***
Total pot $36 | Rake $0.50
Board [4c 2d 9s 4h Kc]
Seat 3: simper11 (big blind) collected ($35.50)
Seat 5: Brama Br (button) (small blind) folded on the River


PokerStars Hand #157497498422:  Hold'em Limit ($3/$6 USD) - 2016/08/19 23:01:38 ET
Table 'Shaula' 6-max Seat #3 is the button
Seat 3: simper11 ($154.78 in chips)
Seat 5: Brama Br ($102.50 in chips)
simper11: posts small blind $1
Brama Br: posts big blind $3
*** HOLE CARDS ***
simper11: raises $3 to $6
Brama Br: raises $3 to $9
simper11: calls $3
*** FLOP *** [9h 6h Js]
Brama Br: bets $3
simper11: calls $3
*** TURN *** [9h 6h Js] [3c]
Brama Br: checks
simper11: bets $6
Brama Br: calls $6
*** RIVER *** [9h 6h Js 3c] [6s]
Brama Br: checks
simper11: bets $6
Brama Br: calls $6
*** SHOW DOWN ***
simper11: shows [Jc 4c] (two pair, Jacks and Sixes)
Brama Br: mucks hand
simper11 collected $47.50 from pot
*** SUMMARY ***
Total pot $48 | Rake $0.50
Board [9h 6h Js 3c 6s]
Seat 3: simper11 (button) (small blind) showed [Jc 4c] and won ($47.50) with two pair, Jacks and Sixes
Seat 5: Brama Br (big blind) mucked


PokerStars Hand #157497504970:  Hold'em Limit ($3/$6 USD) - 2016/08/19 23:02:00 ET
Table 'Shaula' 6-max Seat #5 is the button
Seat 3: simper11 ($178.28 in chips)
Seat 5: Brama Br ($78.50 in chips)
Brama Br: posts small blind $1
simper11: posts big blind $3
*** HOLE CARDS ***
Brama Br: raises $3 to $6
simper11: calls $3
*** FLOP *** [Jh Kh Ac]
simper11: checks
Brama Br: bets $3
simper11: calls $3
*** TURN *** [Jh Kh Ac] [8s]
simper11: checks
Brama Br: checks
*** RIVER *** [Jh Kh Ac 8s] [5c]
simper11: checks
Brama Br: checks
*** SHOW DOWN ***
simper11: shows [Ts 4s] (high card Ace)
Brama Br: shows [9c Jc] (a pair of Jacks)
Brama Br collected $17.64 from pot
*** SUMMARY ***
Total pot $18 | Rake $0.36
Board [Jh Kh Ac 8s 5c]
Seat 3: simper11 (big blind) showed [Ts 4s] and lost with high card Ace
Seat 5: Brama Br (button) (small blind) showed [9c Jc] and won ($17.64) with a pair of Jacks


PokerStars Hand #157497512378:  Hold'em Limit ($3/$6 USD) - 2016/08/19 23:02:24 ET
Table 'Shaula' 6-max Seat #3 is the button
Seat 3: simper11 ($169.28 in chips)
Seat 5: Brama Br ($87.14 in chips)
simper11: posts small blind $1
Brama Br: posts big blind $3
*** HOLE CARDS ***
simper11: raises $3 to $6
Brama Br: calls $3
*** FLOP *** [2c 9h 8d]
Brama Br: checks
simper11: checks
*** TURN *** [2c 9h 8d] [9c]
Brama Br: checks
simper11: checks
*** RIVER *** [2c 9h 8d 9c] [Ad]
Brama Br: checks
simper11: checks
*** SHOW DOWN ***
Brama Br: shows [6d Js] (a pair of Nines)
simper11: shows [Qd 3d] (a pair of Nines - Ace+Queen kicker)
simper11 collected $11.76 from pot
*** SUMMARY ***
Total pot $12 | Rake $0.24
Board [2c 9h 8d 9c Ad]
Seat 3: simper11 (button) (small blind) showed [Qd 3d] and won ($11.76) with a pair of Nines
Seat 5: Brama Br (big blind) showed [6d Js] and lost with a pair of Nines


PokerStars Hand #157498019135:  Hold'em Limit ($3/$6 USD) - 2016/08/19 23:30:01 ET
Table 'Shaula' 6-max Seat #5 is the button
Seat 1: RJF1943 ($96.25 in chips)
Seat 5: Brama Br ($120 in chips)
Brama Br: posts small blind $1
RJF1943: posts big blind $3
*** HOLE CARDS ***
Brama Br: raises $3 to $6
RJF1943: calls $3
*** FLOP *** [4d Th Kc]
RJF1943: bets $3
Brama Br: raises $3 to $6
RJF1943: calls $3
*** TURN *** [4d Th Kc] [2c]
kefir_sefir joins the table at seat #6
RJF1943: bets $6
Brama Br: calls $6
*** RIVER *** [4d Th Kc 2c] [8c]
RJF1943: bets $6
jiajia88 joins the table at seat #2
Brama Br: calls $6
*** SHOW DOWN ***
RJF1943: shows [4h Td] (two pair, Tens and Fours)
Brama Br: mucks hand
RJF1943 collected $47.50 from pot
*** SUMMARY ***
Total pot $48 | Rake $0.50
Board [4d Th Kc 2c 8c]
Seat 1: RJF1943 (big blind) showed [4h Td] and won ($47.50) with two pair, Tens and Fours
Seat 5: Brama Br (button) (small blind) mucked


PokerStars Hand #157499235625:  Hold'em Limit ($3/$6 USD) - 2016/08/20 0:44:34 ET
Table 'Shaula' 6-max Seat #3 is the button
Seat 3: rocky 7 ($288.97 in chips)
Seat 5: Brama Br ($366.30 in chips)
Hannibal2211 will be allowed to play after the button
rocky 7: posts small blind $1
Brama Br: posts big blind $3
*** HOLE CARDS ***
rocky 7: folds
Uncalled bet ($2) returned to Brama Br
Brama Br collected $2 from pot
Brama Br: doesn't show hand
*** SUMMARY ***
Total pot $2 | Rake $0
Seat 3: rocky 7 (button) (small blind) folded before Flop
Seat 5: Brama Br (big blind) collected ($2)


PokerStars Hand #157499877913:  Hold'em Limit ($3/$6 USD) - 2016/08/20 1:27:11 ET
Table 'Shaula' 6-max Seat #2 is the button
Seat 2: Vetal949 ($56.72 in chips)
Seat 4: Agrotait ($152.75 in chips)
Vetal949: posts small blind $1
Agrotait: posts big blind $3
*** HOLE CARDS ***
Vetal949: raises $3 to $6
Agrotait: raises $3 to $9
Vetal949: calls $3
*** FLOP *** [2d Qs 9d]
Agrotait: bets $3
Vetal949: calls $3
*** TURN *** [2d Qs 9d] [8h]
Agrotait: bets $6
Vetal949: raises $6 to $12
Agrotait: calls $6
*** RIVER *** [2d Qs 9d 8h] [5h]
Agrotait: checks
Vetal949: bets $6
Agrotait: folds
Uncalled bet ($6) returned to Vetal949
Vetal949 collected $47.50 from pot
*** SUMMARY ***
Total pot $48 | Rake $0.50
Board [2d Qs 9d 8h 5h]
Seat 2: Vetal949 (button) (small blind) collected ($47.50)
Seat 4: Agrotait (big blind) folded on the River


PokerStars Hand #157499885557:  Hold'em Limit ($3/$6 USD) - 2016/08/20 1:27:41 ET
Table 'Shaula' 6-max Seat #4 is the button
Seat 2: Vetal949 ($80.22 in chips)
Seat 4: Agrotait ($128.75 in chips)
Agrotait: posts small blind $1
Vetal949: posts big blind $3
*** HOLE CARDS ***
Agrotait: raises $3 to $6
Vetal949: raises $3 to $9
Agrotait: calls $3
*** FLOP *** [4c 3d 3h]
Vetal949: bets $3
Agrotait: calls $3
*** TURN *** [4c 3d 3h] [4h]
Vetal949: bets $6
Agrotait: folds
Uncalled bet ($6) returned to Vetal949
Vetal949 collected $23.52 from pot
*** SUMMARY ***
Total pot $24 | Rake $0.48
Board [4c 3d 3h 4h]
Seat 2: Vetal949 (big blind) collected ($23.52)
Seat 4: Agrotait (button) (small blind) folded on the Turn


PokerStars Hand #157499901226:  Hold'em Limit ($3/$6 USD) - 2016/08/20 1:28:44 ET
Table 'Shaula' 6-max Seat #4 is the button
Seat 2: Vetal949 ($103.26 in chips)
Seat 4: Agrotait ($104.75 in chips)
Agrotait: posts small blind $1
Vetal949: posts big blind $3
*** HOLE CARDS ***
Agrotait: raises $3 to $6
Vetal949: folds
Uncalled bet ($3) returned to Agrotait
Agrotait collected $6 from pot
Agrotait: doesn't show hand
*** SUMMARY ***
Total pot $6 | Rake $0
Seat 2: Vetal949 (big blind) folded before Flop
Seat 4: Agrotait (button) (small blind) collected ($6)


PokerStars Hand #157499893681:  Hold'em Limit ($3/$6 USD) - 2016/08/20 1:28:14 ET
Table 'Shaula' 6-max Seat #2 is the button
Seat 2: Vetal949 ($91.74 in chips)
Seat 4: Agrotait ($116.75 in chips)
Vetal949: posts small blind $1
Agrotait: posts big blind $3
*** HOLE CARDS ***
Vetal949: raises $3 to $6
Agrotait: calls $3
*** FLOP *** [Kd 9d 8d]
Agrotait: checks
Vetal949: checks
*** TURN *** [Kd 9d 8d] [Kc]
Agrotait: bets $6
Vetal949: calls $6
*** RIVER *** [Kd 9d 8d Kc] [6d]
Agrotait: checks
Vetal949: bets $6
Agrotait: folds
Uncalled bet ($6) returned to Vetal949
Vetal949 collected $23.52 from pot
*** SUMMARY ***
Total pot $24 | Rake $0.48
Board [Kd 9d 8d Kc 6d]
Seat 2: Vetal949 (button) (small blind) collected ($23.52)
Seat 4: Agrotait (big blind) folded on the River


PokerStars Hand #157499906244:  Hold'em Limit ($3/$6 USD) - 2016/08/20 1:29:04 ET
Table 'Shaula' 6-max Seat #4 is the button
Seat 2: Vetal949 ($82.26 in chips)
Seat 4: Agrotait ($125.25 in chips)
Agrotait: posts small blind $1
Vetal949: posts big blind $3
*** HOLE CARDS ***
Agrotait: raises $3 to $6
Vetal949: calls $3
*** FLOP *** [Qs Jc 9s]
Vetal949: checks
Agrotait: bets $3
Vetal949: calls $3
*** TURN *** [Qs Jc 9s] [7h]
Vetal949: checks
Agrotait: checks
*** RIVER *** [Qs Jc 9s 7h] [Th]
Vetal949: bets $6
Agrotait: raises $6 to $12
Vetal949: folds
Uncalled bet ($6) returned to Agrotait
Agrotait collected $29.50 from pot
Agrotait: doesn't show hand
*** SUMMARY ***
Total pot $30 | Rake $0.50
Board [Qs Jc 9s 7h Th]
Seat 2: Vetal949 (big blind) folded on the River
Seat 4: Agrotait (button) (small blind) collected ($29.50)


PokerStars Hand #157499924629:  Hold'em Limit ($3/$6 USD) - 2016/08/20 1:30:18 ET
Table 'Shaula' 6-max Seat #2 is the button
Seat 2: Vetal949 ($64.02 in chips)
Seat 4: Agrotait ($142.39 in chips)
Vetal949: posts small blind $1
Agrotait: posts big blind $3
*** HOLE CARDS ***
Vetal949: raises $3 to $6
Agrotait: raises $3 to $9
Vetal949: calls $3
*** FLOP *** [4s Kc Jc]
Agrotait: bets $3
Vetal949: calls $3
*** TURN *** [4s Kc Jc] [8s]
Agrotait: checks
Vetal949: checks
*** RIVER *** [4s Kc Jc 8s] [Th]
Agrotait: checks
Vetal949: bets $6
Agrotait: folds
Uncalled bet ($6) returned to Vetal949
Vetal949 collected $23.52 from pot
*** SUMMARY ***
Total pot $24 | Rake $0.48
Board [4s Kc Jc 8s Th]
Seat 2: Vetal949 (button) (small blind) collected ($23.52)
Seat 4: Agrotait (big blind) folded on the River


PokerStars Hand #157499910907:  Hold'em Limit ($3/$6 USD) - 2016/08/20 1:29:24 ET
Table 'Shaula' 6-max Seat #2 is the button
Seat 2: Vetal949 ($67.26 in chips)
Seat 4: Agrotait ($139.75 in chips)
Vetal949: posts small blind $1
Agrotait: posts big blind $3
*** HOLE CARDS ***
Vetal949: raises $3 to $6
Agrotait: calls $3
*** FLOP *** [4d 9c 2s]
Agrotait: checks
Vetal949: checks
*** TURN *** [4d 9c 2s] [4s]
Agrotait: checks
Vetal949: bets $6
Agrotait: folds
Uncalled bet ($6) returned to Vetal949
Vetal949 collected $11.76 from pot
*** SUMMARY ***
Total pot $12 | Rake $0.24
Board [4d 9c 2s 4s]
Seat 2: Vetal949 (button) (small blind) collected ($11.76)
Seat 4: Agrotait (big blind) folded on the Turn


PokerStars Hand #157499918136:  Hold'em Limit ($3/$6 USD) - 2016/08/20 1:29:52 ET
Table 'Shaula' 6-max Seat #4 is the button
Seat 2: Vetal949 ($73.02 in chips)
Seat 4: Agrotait ($133.75 in chips)
Agrotait: posts small blind $1
Vetal949: posts big blind $3
*** HOLE CARDS ***
Agrotait: raises $3 to $6
Vetal949: calls $3
*** FLOP *** [Kd 4h 3s]
Vetal949: checks
Agrotait: bets $3
Vetal949: calls $3
*** TURN *** [Kd 4h 3s] [8d]
Vetal949: checks
Agrotait: bets $6
Vetal949: folds
Uncalled bet ($6) returned to Agrotait
Agrotait collected $17.64 from pot
Agrotait: doesn't show hand
*** SUMMARY ***
Total pot $18 | Rake $0.36
Board [Kd 4h 3s 8d]
Seat 2: Vetal949 (big blind) folded on the Turn
Seat 4: Agrotait (button) (small blind) collected ($17.64)


PokerStars Hand #157499930831:  Hold'em Limit ($3/$6 USD) - 2016/08/20 1:30:43 ET
Table 'Shaula' 6-max Seat #4 is the button
Seat 2: Vetal949 ($75.54 in chips)
Seat 4: Agrotait ($130.39 in chips)
Agrotait: posts small blind $1
Vetal949: posts big blind $3
*** HOLE CARDS ***
Agrotait: raises $3 to $6
Vetal949: raises $3 to $9
Agrotait: calls $3
*** FLOP *** [6s Qc Jc]
Vetal949: bets $3
Agrotait: calls $3
*** TURN *** [6s Qc Jc] [9h]
Vetal949: bets $6
Agrotait: calls $6
*** RIVER *** [6s Qc Jc 9h] [8h]
Vetal949: checks
Agrotait: checks
*** SHOW DOWN ***
Vetal949: shows [Ac 3c] (high card Ace)
Agrotait: shows [Js Ad] (a pair of Jacks)
Agrotait collected $35.50 from pot
*** SUMMARY ***
Total pot $36 | Rake $0.50
Board [6s Qc Jc 9h 8h]
Seat 2: Vetal949 (big blind) showed [Ac 3c] and lost with high card Ace
Seat 4: Agrotait (button) (small blind) showed [Js Ad] and won ($35.50) with a pair of Jacks


PokerStars Hand #157499956349:  Hold'em Limit ($3/$6 USD) - 2016/08/20 1:32:25 ET
Table 'Shaula' 6-max Seat #2 is the button
Seat 2: Vetal949 ($74.82 in chips)
Seat 4: Agrotait ($129.89 in chips)
Vetal949: posts small blind $1
Agrotait: posts big blind $3
*** HOLE CARDS ***
Vetal949: raises $3 to $6
Agrotait: calls $3
*** FLOP *** [9s Jd 8h]
Agrotait: checks
Vetal949: checks
*** TURN *** [9s Jd 8h] [7s]
Agrotait: bets $6
Vetal949: raises $6 to $12
Agrotait: folds
Uncalled bet ($6) returned to Vetal949
Vetal949 collected $23.52 from pot
*** SUMMARY ***
Total pot $24 | Rake $0.48
Board [9s Jd 8h 7s]
Seat 2: Vetal949 (button) (small blind) collected ($23.52)
Seat 4: Agrotait (big blind) folded on the Turn


PokerStars Hand #157499934953:  Hold'em Limit ($3/$6 USD) - 2016/08/20 1:31:00 ET
Table 'Shaula' 6-max Seat #2 is the button
Seat 2: Vetal949 ($57.54 in chips)
Seat 4: Agrotait ($147.89 in chips)
Vetal949: posts small blind $1
Agrotait: posts big blind $3
*** HOLE CARDS ***
Vetal949: raises $3 to $6
Agrotait: calls $3
*** FLOP *** [6c 5c Qh]
Agrotait: checks
Vetal949: bets $3
Agrotait: calls $3
*** TURN *** [6c 5c Qh] [5s]
Agrotait: checks
Vetal949: bets $6
Agrotait: folds
Uncalled bet ($6) returned to Vetal949
Vetal949 collected $17.64 from pot
*** SUMMARY ***
Total pot $18 | Rake $0.36
Board [6c 5c Qh 5s]
Seat 2: Vetal949 (button) (small blind) collected ($17.64)
Seat 4: Agrotait (big blind) folded on the Turn


PokerStars Hand #157499999369:  Hold'em Limit ($3/$6 USD) - 2016/08/20 1:35:19 ET
Table 'Shaula' 6-max Seat #5 is the button
Seat 2: Vetal949 ($103.81 in chips)
Seat 5: gazzzzzza ($32.26 in chips)
gazzzzzza: posts small blind $1
Vetal949: posts big blind $3
*** HOLE CARDS ***
gazzzzzza: folds
Uncalled bet ($2) returned to Vetal949
Vetal949 collected $2 from pot
*** SUMMARY ***
Total pot $2 | Rake $0
Seat 2: Vetal949 (big blind) collected ($2)
Seat 5: gazzzzzza (button) (small blind) folded before Flop


PokerStars Hand #157499997697:  Hold'em Limit ($3/$6 USD) - 2016/08/20 1:35:12 ET
Table 'Shaula' 6-max Seat #2 is the button
Seat 2: Vetal949 ($100.81 in chips)
Seat 5: gazzzzzza ($35.26 in chips)
Vetal949: posts small blind $1
gazzzzzza: posts big blind $3
*** HOLE CARDS ***
Vetal949: raises $3 to $6
gazzzzzza: folds
Uncalled bet ($3) returned to Vetal949
Vetal949 collected $6 from pot
*** SUMMARY ***
Total pot $6 | Rake $0
Seat 2: Vetal949 (button) (small blind) collected ($6)
Seat 5: gazzzzzza (big blind) folded before Flop


PokerStars Hand #157499996114:  Hold'em Limit ($3/$6 USD) - 2016/08/20 1:35:06 ET
Table 'Shaula' 6-max Seat #5 is the button
Seat 2: Vetal949 ($103.81 in chips)
Seat 5: gazzzzzza ($32.26 in chips)
gazzzzzza: posts small blind $1
Vetal949: posts big blind $3
*** HOLE CARDS ***
gazzzzzza: raises $3 to $6
Vetal949: folds
Uncalled bet ($3) returned to gazzzzzza
gazzzzzza collected $6 from pot
*** SUMMARY ***
Total pot $6 | Rake $0
Seat 2: Vetal949 (big blind) folded before Flop
Seat 5: gazzzzzza (button) (small blind) collected ($6)


PokerStars Hand #157500001009:  Hold'em Limit ($3/$6 USD) - 2016/08/20 1:35:26 ET
Table 'Shaula' 6-max Seat #2 is the button
Seat 2: Vetal949 ($104.81 in chips)
Seat 5: gazzzzzza ($31.26 in chips)
Vetal949: posts small blind $1
gazzzzzza: posts big blind $3
*** HOLE CARDS ***
Vetal949: raises $3 to $6
gazzzzzza: folds
Uncalled bet ($3) returned to Vetal949
Vetal949 collected $6 from pot
*** SUMMARY ***
Total pot $6 | Rake $0
Seat 2: Vetal949 (button) (small blind) collected ($6)
Seat 5: gazzzzzza (big blind) folded before Flop


PokerStars Hand #157499993189:  Hold'em Limit ($3/$6 USD) - 2016/08/20 1:34:54 ET
Table 'Shaula' 6-max Seat #2 is the button
Seat 2: Vetal949 ($98.05 in chips)
Seat 5: gazzzzzza ($38.26 in chips)
Vetal949: posts small blind $1
Agrotait: is sitting out
gazzzzzza: posts big blind $3
*** HOLE CARDS ***
Vetal949: raises $3 to $6
gazzzzzza: calls $3
*** FLOP *** [Qc 6h 9s]
gazzzzzza: checks
Vetal949: bets $3
gazzzzzza: folds
Uncalled bet ($3) returned to Vetal949
Vetal949 collected $11.76 from pot
*** SUMMARY ***
Total pot $12 | Rake $0.24
Board [Qc 6h 9s]
Seat 2: Vetal949 (button) (small blind) collected ($11.76)
Seat 5: gazzzzzza (big blind) folded on the Flop


PokerStars Hand #157500002693:  Hold'em Limit ($3/$6 USD) - 2016/08/20 1:35:32 ET
Table 'Shaula' 6-max Seat #5 is the button
Seat 2: Vetal949 ($107.81 in chips)
Seat 5: gazzzzzza ($28.26 in chips)
gazzzzzza: posts small blind $1
Vetal949: posts big blind $3
*** HOLE CARDS ***
gazzzzzza: raises $3 to $6
Vetal949: calls $3
*** FLOP *** [6c Ad Qd]
Vetal949: checks
gazzzzzza: bets $3
Vetal949: calls $3
*** TURN *** [6c Ad Qd] [7c]
Vetal949: checks
gazzzzzza: checks
*** RIVER *** [6c Ad Qd 7c] [Tc]
Vetal949: checks
gazzzzzza: bets $6
Vetal949: folds
Uncalled bet ($6) returned to gazzzzzza
gazzzzzza collected $17.64 from pot
*** SUMMARY ***
Total pot $18 | Rake $0.36
Board [6c Ad Qd 7c Tc]
Seat 2: Vetal949 (big blind) folded on the River
Seat 5: gazzzzzza (button) (small blind) collected ($17.64)


PokerStars Hand #157500131479:  Hold'em Limit ($3/$6 USD) - 2016/08/20 1:43:53 ET
Table 'Shaula' 6-max Seat #5 is the button
Seat 2: Vetal949 ($100.01 in chips)
Seat 5: gazzzzzza ($68.75 in chips)
gazzzzzza: posts small blind $1
wobetting: is sitting out
Vetal949: posts big blind $3
*** HOLE CARDS ***
gazzzzzza: raises $3 to $6
Vetal949: calls $3
*** FLOP *** [Kc Qd Th]
Vetal949: checks
gazzzzzza: bets $3
Vetal949: folds
Uncalled bet ($3) returned to gazzzzzza
gazzzzzza collected $11.76 from pot
*** SUMMARY ***
Total pot $12 | Rake $0.24
Board [Kc Qd Th]
Seat 2: Vetal949 (big blind) folded on the Flop
Seat 5: gazzzzzza (button) (small blind) collected ($11.76)


