PokerStars Hand #148806491578:  Hold'em Limit ($3/$6 USD) - 2016/02/14 15:27:25 ET
Table 'Shaula' 6-max Seat #5 is the button
Seat 4: Andredias950 ($117 in chips)
Seat 5: Great_Kang ($122.88 in chips)
Great_Kang: posts small blind $1
Andredias950: posts big blind $3
*** HOLE CARDS ***
Great_Kang: raises $3 to $6
manisped joins the table at seat #6
Andredias950: calls $3
*** FLOP *** [9h 4s 9s]
Andredias950: checks
Great_Kang: bets $3
Andredias950: calls $3
*** TURN *** [9h 4s 9s] [Th]
Andredias950: checks
Great_Kang: checks
*** RIVER *** [9h 4s 9s Th] [2h]
Andredias950: bets $6
Great_Kang: raises $6 to $12
Andredias950: calls $6
*** SHOW DOWN ***
Great_Kang: shows [5h 8h] (a flush, Ten high)
GoliafUa joins the table at seat #1
Andredias950: mucks hand
Great_Kang collected $41.50 from pot
*** SUMMARY ***
Total pot $42 | Rake $0.50
Board [9h 4s 9s Th 2h]
Seat 4: Andredias950 (big blind) mucked
Seat 5: Great_Kang (button) (small blind) showed [5h 8h] and won ($41.50) with a flush, Ten high


PokerStars Hand #148806522001:  Hold'em Limit ($3/$6 USD) - 2016/02/14 15:27:50 ET
Table 'Shaula' 6-max Seat #4 is the button
Seat 4: Andredias950 ($96 in chips)
Seat 5: Great_Kang ($143.38 in chips)
Andredias950: posts small blind $1
Great_Kang: posts big blind $3
*** HOLE CARDS ***
Andredias950: folds
Uncalled bet ($2) returned to Great_Kang
Great_Kang collected $2 from pot
Great_Kang: doesn't show hand
*** SUMMARY ***
Total pot $2 | Rake $0
Seat 4: Andredias950 (button) (small blind) folded before Flop
Seat 5: Great_Kang (big blind) collected ($2)


