PokerStars Hand #159414225477:  Hold'em Limit ($3/$6 USD) - 2016/10/03 7:56:47 ET
Table 'Shaula II' 6-max Seat #2 is the button
Seat 1: pattaya515 ($75.36 in chips)
Seat 2: TbIP-TbIP 88 ($89.40 in chips)
TbIP-TbIP 88: posts small blind $1
pattaya515: posts big blind $3
*** HOLE CARDS ***
TbIP-TbIP 88: folds
Uncalled bet ($2) returned to pattaya515
pattaya515 collected $2 from pot
pattaya515: doesn't show hand
*** SUMMARY ***
Total pot $2 | Rake $0
Seat 1: pattaya515 (big blind) collected ($2)
Seat 2: TbIP-TbIP 88 (button) (small blind) folded before Flop


PokerStars Hand #159414220096:  Hold'em Limit ($3/$6 USD) - 2016/10/03 7:56:34 ET
Table 'Shaula II' 6-max Seat #1 is the button
Seat 1: pattaya515 ($81.36 in chips)
Seat 2: TbIP-TbIP 88 ($83.64 in chips)
pattaya515: posts small blind $1
TbIP-TbIP 88: posts big blind $3
*** HOLE CARDS ***
pattaya515: calls $2
TbIP-TbIP 88: raises $3 to $6
pattaya515: calls $3
*** FLOP *** [Jh Kc Qc]
TbIP-TbIP 88: bets $3
pattaya515: folds
Uncalled bet ($3) returned to TbIP-TbIP 88
TbIP-TbIP 88 collected $11.76 from pot
TbIP-TbIP 88: doesn't show hand
*** SUMMARY ***
Total pot $12 | Rake $0.24
Board [Jh Kc Qc]
Seat 1: pattaya515 (button) (small blind) folded on the Flop
Seat 2: TbIP-TbIP 88 (big blind) collected ($11.76)


PokerStars Hand #159414216243:  Hold'em Limit ($3/$6 USD) - 2016/10/03 7:56:25 ET
Table 'Shaula II' 6-max Seat #2 is the button
Seat 1: pattaya515 ($84.36 in chips)
Seat 2: TbIP-TbIP 88 ($80.64 in chips)
TbIP-TbIP 88: posts small blind $1
pattaya515: posts big blind $3
*** HOLE CARDS ***
TbIP-TbIP 88: raises $3 to $6
pattaya515: folds
Uncalled bet ($3) returned to TbIP-TbIP 88
TbIP-TbIP 88 collected $6 from pot
TbIP-TbIP 88: doesn't show hand
*** SUMMARY ***
Total pot $6 | Rake $0
Seat 1: pattaya515 (big blind) folded before Flop
Seat 2: TbIP-TbIP 88 (button) (small blind) collected ($6)


PokerStars Hand #159414207559:  Hold'em Limit ($3/$6 USD) - 2016/10/03 7:56:04 ET
Table 'Shaula II' 6-max Seat #1 is the button
Seat 1: pattaya515 ($93.36 in chips)
Seat 2: TbIP-TbIP 88 ($72 in chips)
pattaya515: posts small blind $1
TbIP-TbIP 88: posts big blind $3
*** HOLE CARDS ***
pattaya515: raises $3 to $6
TbIP-TbIP 88: raises $3 to $9
pattaya515: calls $3
*** FLOP *** [2c 7d 4h]
TbIP-TbIP 88: bets $3
pattaya515: folds
Uncalled bet ($3) returned to TbIP-TbIP 88
TbIP-TbIP 88 collected $17.64 from pot
TbIP-TbIP 88: doesn't show hand
*** SUMMARY ***
Total pot $18 | Rake $0.36
Board [2c 7d 4h]
Seat 1: pattaya515 (button) (small blind) folded on the Flop
Seat 2: TbIP-TbIP 88 (big blind) collected ($17.64)


PokerStars Hand #159414250139:  Hold'em Limit ($3/$6 USD) - 2016/10/03 7:57:45 ET
Table 'Shaula II' 6-max Seat #2 is the button
Seat 1: pattaya515 ($64.24 in chips)
Seat 2: TbIP-TbIP 88 ($99.92 in chips)
TbIP-TbIP 88: posts small blind $1
pattaya515: posts big blind $3
*** HOLE CARDS ***
TbIP-TbIP 88: raises $3 to $6
pattaya515: calls $3
*** FLOP *** [9d Td Ks]
pattaya515: checks
TbIP-TbIP 88: bets $3
pattaya515: folds
Uncalled bet ($3) returned to TbIP-TbIP 88
TbIP-TbIP 88 collected $11.76 from pot
TbIP-TbIP 88: doesn't show hand
*** SUMMARY ***
Total pot $12 | Rake $0.24
Board [9d Td Ks]
Seat 1: pattaya515 (big blind) folded on the Flop
Seat 2: TbIP-TbIP 88 (button) (small blind) collected ($11.76)


PokerStars Hand #159414236671:  Hold'em Limit ($3/$6 USD) - 2016/10/03 7:57:13 ET
Table 'Shaula II' 6-max Seat #1 is the button
Seat 1: pattaya515 ($76.24 in chips)
Seat 2: TbIP-TbIP 88 ($88.40 in chips)
pattaya515: posts small blind $1
TbIP-TbIP 88: posts big blind $3
*** HOLE CARDS ***
pattaya515: calls $2
TbIP-TbIP 88: checks
*** FLOP *** [5h 3s 6c]
TbIP-TbIP 88: bets $3
pattaya515: calls $3
*** TURN *** [5h 3s 6c] [Th]
TbIP-TbIP 88: checks
pattaya515: checks
*** RIVER *** [5h 3s 6c Th] [8s]
TbIP-TbIP 88: bets $6
pattaya515: calls $6
*** SHOW DOWN ***
TbIP-TbIP 88: shows [5c 8d] (two pair, Eights and Fives)
pattaya515: mucks hand
TbIP-TbIP 88 collected $23.52 from pot
*** SUMMARY ***
Total pot $24 | Rake $0.48
Board [5h 3s 6c Th 8s]
Seat 1: pattaya515 (button) (small blind) mucked
Seat 2: TbIP-TbIP 88 (big blind) showed [5c 8d] and won ($23.52) with two pair, Eights and Fives


PokerStars Hand #159414233428:  Hold'em Limit ($3/$6 USD) - 2016/10/03 7:57:06 ET
Table 'Shaula II' 6-max Seat #2 is the button
Seat 1: pattaya515 ($79.24 in chips)
Seat 2: TbIP-TbIP 88 ($85.40 in chips)
TbIP-TbIP 88: posts small blind $1
pattaya515: posts big blind $3
*** HOLE CARDS ***
TbIP-TbIP 88: raises $3 to $6
pattaya515: folds
Uncalled bet ($3) returned to TbIP-TbIP 88
TbIP-TbIP 88 collected $6 from pot
TbIP-TbIP 88: doesn't show hand
*** SUMMARY ***
Total pot $6 | Rake $0
Seat 1: pattaya515 (big blind) folded before Flop
Seat 2: TbIP-TbIP 88 (button) (small blind) collected ($6)


PokerStars Hand #159414228716:  Hold'em Limit ($3/$6 USD) - 2016/10/03 7:56:54 ET
Table 'Shaula II' 6-max Seat #1 is the button
Seat 1: pattaya515 ($76.36 in chips)
Seat 2: TbIP-TbIP 88 ($88.40 in chips)
pattaya515: posts small blind $1
TbIP-TbIP 88: posts big blind $3
*** HOLE CARDS ***
pattaya515: calls $2
TbIP-TbIP 88: checks
*** FLOP *** [Tc Qc Ah]
TbIP-TbIP 88: checks
pattaya515: bets $3
TbIP-TbIP 88: folds
Uncalled bet ($3) returned to pattaya515
pattaya515 collected $5.88 from pot
pattaya515: doesn't show hand
*** SUMMARY ***
Total pot $6 | Rake $0.12
Board [Tc Qc Ah]
Seat 1: pattaya515 (button) (small blind) collected ($5.88)
Seat 2: TbIP-TbIP 88 (big blind) folded on the Flop


PokerStars Hand #159414264299:  Hold'em Limit ($3/$6 USD) - 2016/10/03 7:58:19 ET
Table 'Shaula II' 6-max Seat #1 is the button
Seat 1: pattaya515 ($56.24 in chips)
Seat 2: TbIP-TbIP 88 ($107.56 in chips)
pattaya515: posts small blind $1
TbIP-TbIP 88: posts big blind $3
*** HOLE CARDS ***
pattaya515: calls $2
TbIP-TbIP 88: checks
*** FLOP *** [Th Qh Kd]
TbIP-TbIP 88: checks
pattaya515: bets $3
TbIP-TbIP 88: folds
Uncalled bet ($3) returned to pattaya515
pattaya515 collected $5.88 from pot
pattaya515: doesn't show hand
*** SUMMARY ***
Total pot $6 | Rake $0.12
Board [Th Qh Kd]
Seat 1: pattaya515 (button) (small blind) collected ($5.88)
Seat 2: TbIP-TbIP 88 (big blind) folded on the Flop


PokerStars Hand #159414260471:  Hold'em Limit ($3/$6 USD) - 2016/10/03 7:58:10 ET
Table 'Shaula II' 6-max Seat #2 is the button
Seat 1: pattaya515 ($55.24 in chips)
Seat 2: TbIP-TbIP 88 ($108.56 in chips)
TbIP-TbIP 88: posts small blind $1
pattaya515: posts big blind $3
*** HOLE CARDS ***
TbIP-TbIP 88: folds
Uncalled bet ($2) returned to pattaya515
pattaya515 collected $2 from pot
pattaya515: doesn't show hand
*** SUMMARY ***
Total pot $2 | Rake $0
Seat 1: pattaya515 (big blind) collected ($2)
Seat 2: TbIP-TbIP 88 (button) (small blind) folded before Flop


PokerStars Hand #159414255916:  Hold'em Limit ($3/$6 USD) - 2016/10/03 7:57:59 ET
Table 'Shaula II' 6-max Seat #1 is the button
Seat 1: pattaya515 ($58.24 in chips)
Seat 2: TbIP-TbIP 88 ($105.68 in chips)
pattaya515: posts small blind $1
TbIP-TbIP 88: posts big blind $3
*** HOLE CARDS ***
pattaya515: calls $2
TbIP-TbIP 88: checks
*** FLOP *** [9s As 4h]
TbIP-TbIP 88: bets $3
pattaya515: folds
Uncalled bet ($3) returned to TbIP-TbIP 88
TbIP-TbIP 88 collected $5.88 from pot
TbIP-TbIP 88: doesn't show hand
*** SUMMARY ***
Total pot $6 | Rake $0.12
Board [9s As 4h]
Seat 1: pattaya515 (button) (small blind) folded on the Flop
Seat 2: TbIP-TbIP 88 (big blind) collected ($5.88)


PokerStars Hand #159414300848:  Hold'em Limit ($3/$6 USD) - 2016/10/03 7:59:46 ET
Table 'Shaula II' 6-max Seat #1 is the button
Seat 1: pattaya515 ($60.76 in chips)
Seat 2: TbIP-TbIP 88 ($102.32 in chips)
pattaya515: posts small blind $1
TbIP-TbIP 88: posts big blind $3
*** HOLE CARDS ***
pattaya515: raises $3 to $6
TbIP-TbIP 88: calls $3
*** FLOP *** [5s 6s 7h]
TbIP-TbIP 88: bets $3
pattaya515: calls $3
*** TURN *** [5s 6s 7h] [Qc]
TbIP-TbIP 88: checks
pattaya515: bets $6
TbIP-TbIP 88: calls $6
*** RIVER *** [5s 6s 7h Qc] [Ah]
TbIP-TbIP 88: checks
pattaya515: bets $6
TbIP-TbIP 88: calls $6
*** SHOW DOWN ***
pattaya515: shows [As 8d] (a pair of Aces)
TbIP-TbIP 88: mucks hand
pattaya515 collected $41.50 from pot
*** SUMMARY ***
Total pot $42 | Rake $0.50
Board [5s 6s 7h Qc Ah]
Seat 1: pattaya515 (button) (small blind) showed [As 8d] and won ($41.50) with a pair of Aces
Seat 2: TbIP-TbIP 88 (big blind) mucked


PokerStars Hand #159414291382:  Hold'em Limit ($3/$6 USD) - 2016/10/03 7:59:23 ET
Table 'Shaula II' 6-max Seat #2 is the button
Seat 1: pattaya515 ($52.12 in chips)
Seat 2: TbIP-TbIP 88 ($111.32 in chips)
TbIP-TbIP 88: posts small blind $1
pattaya515: posts big blind $3
*** HOLE CARDS ***
TbIP-TbIP 88: raises $3 to $6
pattaya515: raises $3 to $9
TbIP-TbIP 88: calls $3
*** FLOP *** [As Th 8d]
pattaya515: bets $3
TbIP-TbIP 88: folds
Uncalled bet ($3) returned to pattaya515
LordBorzi II joins the table at seat #6
pattaya515 collected $17.64 from pot
*** SUMMARY ***
Total pot $18 | Rake $0.36
Board [As Th 8d]
Seat 1: pattaya515 (big blind) collected ($17.64)
Seat 2: TbIP-TbIP 88 (button) (small blind) folded on the Flop


PokerStars Hand #159414279827:  Hold'em Limit ($3/$6 USD) - 2016/10/03 7:58:56 ET
Table 'Shaula II' 6-max Seat #2 is the button
Seat 1: pattaya515 ($59.12 in chips)
Seat 2: TbIP-TbIP 88 ($104.56 in chips)
TbIP-TbIP 88: posts small blind $1
pattaya515: posts big blind $3
*** HOLE CARDS ***
TbIP-TbIP 88: raises $3 to $6
pattaya515: calls $3
*** FLOP *** [3c 2s 2c]
pattaya515: checks
TbIP-TbIP 88: bets $3
pattaya515: folds
Uncalled bet ($3) returned to TbIP-TbIP 88
TbIP-TbIP 88 collected $11.76 from pot
TbIP-TbIP 88: doesn't show hand
*** SUMMARY ***
Total pot $12 | Rake $0.24
Board [3c 2s 2c]
Seat 1: pattaya515 (big blind) folded on the Flop
Seat 2: TbIP-TbIP 88 (button) (small blind) collected ($11.76)


PokerStars Hand #159414289347:  Hold'em Limit ($3/$6 USD) - 2016/10/03 7:59:19 ET
Table 'Shaula II' 6-max Seat #1 is the button
Seat 1: pattaya515 ($53.12 in chips)
Seat 2: TbIP-TbIP 88 ($110.32 in chips)
pattaya515: posts small blind $1
TbIP-TbIP 88: posts big blind $3
*** HOLE CARDS ***
pattaya515: folds
Uncalled bet ($2) returned to TbIP-TbIP 88
TbIP-TbIP 88 collected $2 from pot
TbIP-TbIP 88: doesn't show hand
*** SUMMARY ***
Total pot $2 | Rake $0
Seat 1: pattaya515 (button) (small blind) folded before Flop
Seat 2: TbIP-TbIP 88 (big blind) collected ($2)


