PokerStars Hand #147167247697:  Hold'em Limit ($3/$6 USD) - 2016/01/16 19:19:52 ET
Table 'Shedir II' 6-max Seat #3 is the button
Seat 1: vovojc ($87.44 in chips)
Seat 3: razor3334 ($98.47 in chips)
razor3334: posts small blind $1
hammer0707: is sitting out
vovojc: posts big blind $3
*** HOLE CARDS ***
razor3334: raises $3 to $6
vovojc: calls $3
*** FLOP *** [Th 3c 2h]
Paulllchen joins the table at seat #6
vovojc: checks
razor3334: bets $3
vovojc: calls $3
*** TURN *** [Th 3c 2h] [Qs]
vovojc: checks
razor3334 said, "come back hipocrit, i'm not done with you yet"
razor3334: bets $6
vovojc: calls $6
*** RIVER *** [Th 3c 2h Qs] [Kd]
vovojc: checks
razor3334: bets $6
vovojc: folds
Uncalled bet ($6) returned to razor3334
razor3334 collected $29.50 from pot
*** SUMMARY ***
Total pot $30 | Rake $0.50
Board [Th 3c 2h Qs Kd]
Seat 1: vovojc (big blind) folded on the River
Seat 3: razor3334 (button) (small blind) collected ($29.50)


PokerStars Hand #147167295052:  Hold'em Limit ($3/$6 USD) - 2016/01/16 19:20:56 ET
Table 'Shedir II' 6-max Seat #6 is the button
Seat 3: razor3334 ($112.97 in chips)
Seat 6: Paulllchen ($120 in chips)
Paulllchen: posts small blind $1
razor3334: posts big blind $3
*** HOLE CARDS ***
Paulllchen: folds
Uncalled bet ($2) returned to razor3334
razor3334 collected $2 from pot
*** SUMMARY ***
Total pot $2 | Rake $0
Seat 3: razor3334 (big blind) collected ($2)
Seat 6: Paulllchen (button) (small blind) folded before Flop


PokerStars Hand #147167331643:  Hold'em Limit ($3/$6 USD) - 2016/01/16 19:21:45 ET
Table 'Shedir II' 6-max Seat #3 is the button
Seat 3: razor3334 ($80.97 in chips)
Seat 6: Paulllchen ($151.26 in chips)
razor3334: posts small blind $1
Paulllchen: posts big blind $3
*** HOLE CARDS ***
razor3334: folds
Uncalled bet ($2) returned to Paulllchen
Paulllchen collected $2 from pot
*** SUMMARY ***
Total pot $2 | Rake $0
Seat 3: razor3334 (button) (small blind) folded before Flop
Seat 6: Paulllchen (big blind) collected ($2)


PokerStars Hand #147167307746:  Hold'em Limit ($3/$6 USD) - 2016/01/16 19:21:13 ET
Table 'Shedir II' 6-max Seat #6 is the button
Seat 3: razor3334 ($107.97 in chips)
Seat 6: Paulllchen ($124.76 in chips)
Paulllchen: posts small blind $1
razor3334: posts big blind $3
*** HOLE CARDS ***
Paulllchen: calls $2
razor3334: raises $3 to $6
Paulllchen: calls $3
*** FLOP *** [Jd Th Tc]
razor3334: bets $3
Paulllchen: calls $3
*** TURN *** [Jd Th Tc] [Ac]
razor3334: bets $6
Paulllchen: raises $6 to $12
razor3334: calls $6
*** RIVER *** [Jd Th Tc Ac] [5d]
razor3334: checks
Paulllchen: bets $6
razor3334: calls $6
*** SHOW DOWN ***
Paulllchen: shows [9c Td] (three of a kind, Tens)
razor3334: mucks hand
Paulllchen collected $53.50 from pot
*** SUMMARY ***
Total pot $54 | Rake $0.50
Board [Jd Th Tc Ac 5d]
Seat 3: razor3334 (big blind) mucked
Seat 6: Paulllchen (button) (small blind) showed [9c Td] and won ($53.50) with three of a kind, Tens


PokerStars Hand #147167335028:  Hold'em Limit ($3/$6 USD) - 2016/01/16 19:21:49 ET
Table 'Shedir II' 6-max Seat #6 is the button
Seat 3: razor3334 ($79.97 in chips)
Seat 6: Paulllchen ($152.26 in chips)
Paulllchen: posts small blind $1
razor3334: posts big blind $3
*** HOLE CARDS ***
Paulllchen: calls $2
razor3334: checks
*** FLOP *** [2c Jc Ah]
razor3334: checks
Paulllchen: bets $3
razor3334: folds
Uncalled bet ($3) returned to Paulllchen
Paulllchen collected $5.88 from pot
*** SUMMARY ***
Total pot $6 | Rake $0.12
Board [2c Jc Ah]
Seat 3: razor3334 (big blind) folded on the Flop
Seat 6: Paulllchen (button) (small blind) collected ($5.88)


PokerStars Hand #147167299623:  Hold'em Limit ($3/$6 USD) - 2016/01/16 19:21:02 ET
Table 'Shedir II' 6-max Seat #3 is the button
Seat 3: razor3334 ($113.97 in chips)
Seat 6: Paulllchen ($119 in chips)
razor3334: posts small blind $1
Paulllchen: posts big blind $3
*** HOLE CARDS ***
razor3334: raises $3 to $6
Paulllchen: calls $3
*** FLOP *** [7s 9c Jh]
Paulllchen: bets $3
razor3334: folds
Uncalled bet ($3) returned to Paulllchen
Paulllchen collected $11.76 from pot
*** SUMMARY ***
Total pot $12 | Rake $0.24
Board [7s 9c Jh]
Seat 3: razor3334 (button) (small blind) folded on the Flop
Seat 6: Paulllchen (big blind) collected ($11.76)


PokerStars Hand #147167344464:  Hold'em Limit ($3/$6 USD) - 2016/01/16 19:22:02 ET
Table 'Shedir II' 6-max Seat #3 is the button
Seat 3: razor3334 ($76.97 in chips)
Seat 6: Paulllchen ($155.14 in chips)
razor3334: posts small blind $1
Paulllchen: posts big blind $3
*** HOLE CARDS ***
razor3334: raises $3 to $6
Paulllchen: raises $3 to $9
razor3334: calls $3
*** FLOP *** [Ts Tc Ks]
Paulllchen: bets $3
razor3334: raises $3 to $6
Paulllchen: calls $3
*** TURN *** [Ts Tc Ks] [7s]
Paulllchen: checks
razor3334: bets $6
Paulllchen: calls $6
*** RIVER *** [Ts Tc Ks 7s] [9d]
Paulllchen: checks
razor3334: bets $6
Paulllchen: calls $6
*** SHOW DOWN ***
razor3334: shows [7c 5h] (two pair, Tens and Sevens)
Paulllchen: shows [Ac Kc] (two pair, Kings and Tens)
Paulllchen collected $53.50 from pot
*** SUMMARY ***
Total pot $54 | Rake $0.50
Board [Ts Tc Ks 7s 9d]
Seat 3: razor3334 (button) (small blind) showed [7c 5h] and lost with two pair, Tens and Sevens
Seat 6: Paulllchen (big blind) showed [Ac Kc] and won ($53.50) with two pair, Kings and Tens


PokerStars Hand #147167364084:  Hold'em Limit ($3/$6 USD) - 2016/01/16 19:22:29 ET
Table 'Shedir II' 6-max Seat #6 is the button
Seat 3: razor3334 ($49.97 in chips)
Seat 6: Paulllchen ($181.64 in chips)
Paulllchen: posts small blind $1
razor3334: posts big blind $3
*** HOLE CARDS ***
Paulllchen: folds
Uncalled bet ($2) returned to razor3334
razor3334 collected $2 from pot
*** SUMMARY ***
Total pot $2 | Rake $0
Seat 3: razor3334 (big blind) collected ($2)
Seat 6: Paulllchen (button) (small blind) folded before Flop


PokerStars Hand #147167444185:  Hold'em Limit ($3/$6 USD) - 2016/01/16 19:24:18 ET
Table 'Shedir II' 6-max Seat #3 is the button
Seat 3: razor3334 ($66.47 in chips)
Seat 5: nrooooooooib ($19 in chips)
razor3334: posts small blind $1
nrooooooooib: posts big blind $3
*** HOLE CARDS ***
razor3334: folds
Uncalled bet ($2) returned to nrooooooooib
nrooooooooib collected $2 from pot
nrooooooooib: doesn't show hand
*** SUMMARY ***
Total pot $2 | Rake $0
Seat 3: razor3334 (button) (small blind) folded before Flop
Seat 5: nrooooooooib (big blind) collected ($2)


PokerStars Hand #147167439925:  Hold'em Limit ($3/$6 USD) - 2016/01/16 19:24:12 ET
Table 'Shedir II' 6-max Seat #5 is the button
Seat 3: razor3334 ($65.47 in chips)
Seat 5: nrooooooooib ($20 in chips)
nrooooooooib: posts small blind $1
razor3334: posts big blind $3
*** HOLE CARDS ***
nrooooooooib: folds
Uncalled bet ($2) returned to razor3334
razor3334 collected $2 from pot
*** SUMMARY ***
Total pot $2 | Rake $0
Seat 3: razor3334 (big blind) collected ($2)
Seat 5: nrooooooooib (button) (small blind) folded before Flop


PokerStars Hand #147167451506:  Hold'em Limit ($3/$6 USD) - 2016/01/16 19:24:27 ET
Table 'Shedir II' 6-max Seat #3 is the button
Seat 3: razor3334 ($66.47 in chips)
Seat 5: nrooooooooib ($19 in chips)
razor3334: posts small blind $1
nrooooooooib: posts big blind $3
*** HOLE CARDS ***
razor3334: folds
Uncalled bet ($2) returned to nrooooooooib
nrooooooooib collected $2 from pot
nrooooooooib: doesn't show hand
*** SUMMARY ***
Total pot $2 | Rake $0
Seat 3: razor3334 (button) (small blind) folded before Flop
Seat 5: nrooooooooib (big blind) collected ($2)


PokerStars Hand #147167447715:  Hold'em Limit ($3/$6 USD) - 2016/01/16 19:24:22 ET
Table 'Shedir II' 6-max Seat #5 is the button
Seat 3: razor3334 ($65.47 in chips)
Seat 5: nrooooooooib ($20 in chips)
nrooooooooib: posts small blind $1
razor3334: posts big blind $3
*** HOLE CARDS ***
nrooooooooib: folds
Uncalled bet ($2) returned to razor3334
razor3334 collected $2 from pot
*** SUMMARY ***
Total pot $2 | Rake $0
Seat 3: razor3334 (big blind) collected ($2)
Seat 5: nrooooooooib (button) (small blind) folded before Flop


PokerStars Hand #147167455253:  Hold'em Limit ($3/$6 USD) - 2016/01/16 19:24:33 ET
Table 'Shedir II' 6-max Seat #5 is the button
Seat 3: razor3334 ($65.47 in chips)
Seat 5: nrooooooooib ($20 in chips)
nrooooooooib: posts small blind $1
razor3334: posts big blind $3
*** HOLE CARDS ***
nrooooooooib: raises $3 to $6
razor3334: calls $3
*** FLOP *** [Td Kh 8s]
razor3334: checks
nrooooooooib: bets $3
razor3334: folds
Uncalled bet ($3) returned to nrooooooooib
nrooooooooib collected $11.76 from pot
*** SUMMARY ***
Total pot $12 | Rake $0.24
Board [Td Kh 8s]
Seat 3: razor3334 (big blind) folded on the Flop
Seat 5: nrooooooooib (button) (small blind) collected ($11.76)


PokerStars Hand #147167422193:  Hold'em Limit ($3/$6 USD) - 2016/01/16 19:23:48 ET
Table 'Shedir II' 6-max Seat #3 is the button
Seat 3: razor3334 ($50.97 in chips)
Seat 5: nrooooooooib ($35 in chips)
razor3334: posts small blind $1
nrooooooooib: posts big blind $3
*** HOLE CARDS ***
razor3334: calls $2
nrooooooooib: checks
*** FLOP *** [4h 8d 6c]
nrooooooooib: checks
razor3334: bets $3
nrooooooooib: raises $3 to $6
razor3334: calls $3
*** TURN *** [4h 8d 6c] [7d]
nrooooooooib: bets $6
razor3334: raises $6 to $12
nrooooooooib: folds
Uncalled bet ($6) returned to razor3334
razor3334 collected $29.50 from pot
*** SUMMARY ***
Total pot $30 | Rake $0.50
Board [4h 8d 6c 7d]
Seat 3: razor3334 (button) (small blind) collected ($29.50)
Seat 5: nrooooooooib (big blind) folded on the Turn


PokerStars Hand #147167467387:  Hold'em Limit ($3/$6 USD) - 2016/01/16 19:24:49 ET
Table 'Shedir II' 6-max Seat #3 is the button
Seat 3: razor3334 ($59.47 in chips)
Seat 5: nrooooooooib ($25.76 in chips)
razor3334: posts small blind $1
nrooooooooib: posts big blind $3
*** HOLE CARDS ***
razor3334: raises $3 to $6
nrooooooooib: calls $3
*** FLOP *** [9s Ac Kd]
nrooooooooib: checks
razor3334: bets $3
nrooooooooib: calls $3
*** TURN *** [9s Ac Kd] [Ts]
nrooooooooib: checks
razor3334: bets $6
nrooooooooib: calls $6
*** RIVER *** [9s Ac Kd Ts] [8h]
nrooooooooib: checks
razor3334: bets $6
nrooooooooib: calls $6
*** SHOW DOWN ***
razor3334: shows [Ad 9c] (two pair, Aces and Nines)
nrooooooooib: mucks hand
razor3334 collected $41.50 from pot
*** SUMMARY ***
Total pot $42 | Rake $0.50
Board [9s Ac Kd Ts 8h]
Seat 3: razor3334 (button) (small blind) showed [Ad 9c] and won ($41.50) with two pair, Aces and Nines
Seat 5: nrooooooooib (big blind) mucked


PokerStars Hand #147167488062:  Hold'em Limit ($3/$6 USD) - 2016/01/16 19:25:18 ET
Table 'Shedir II' 6-max Seat #5 is the button
Seat 3: razor3334 ($79.97 in chips)
Seat 5: nrooooooooib ($4.76 in chips)
nrooooooooib: posts small blind $1
razor3334: posts big blind $3
*** HOLE CARDS ***
nrooooooooib: calls $2
razor3334: raises $3 to $6
nrooooooooib: calls $1.76 and is all-in
Uncalled bet ($1.24) returned to razor3334
*** FLOP *** [Ac Ad 3s]
*** TURN *** [Ac Ad 3s] [Ts]
*** RIVER *** [Ac Ad 3s Ts] [6h]
*** SHOW DOWN ***
razor3334: shows [Th Ks] (two pair, Aces and Tens)
nrooooooooib: shows [7d 6d] (two pair, Aces and Sixes)
razor3334 collected $9.33 from pot
*** SUMMARY ***
Total pot $9.52 | Rake $0.19
Board [Ac Ad 3s Ts 6h]
Seat 3: razor3334 (big blind) showed [Th Ks] and won ($9.33) with two pair, Aces and Tens
Seat 5: nrooooooooib (button) (small blind) showed [7d 6d] and lost with two pair, Aces and Sixes


PokerStars Hand #147167529066:  Hold'em Limit ($3/$6 USD) - 2016/01/16 19:26:14 ET
Table 'Shedir II' 6-max Seat #3 is the button
Seat 3: razor3334 ($88.42 in chips)
Seat 4: hammer0707 ($185.40 in chips)
razor3334: posts small blind $1
hammer0707: posts big blind $3
*** HOLE CARDS ***
razor3334: raises $3 to $6
hammer0707: folds
Uncalled bet ($3) returned to razor3334
JimmyGrande joins the table at seat #6
razor3334 collected $6 from pot
*** SUMMARY ***
Total pot $6 | Rake $0
Seat 3: razor3334 (button) (small blind) collected ($6)
Seat 4: hammer0707 (big blind) folded before Flop


PokerStars Hand #147167525265:  Hold'em Limit ($3/$6 USD) - 2016/01/16 19:26:08 ET
Table 'Shedir II' 6-max Seat #4 is the button
Seat 3: razor3334 ($87.42 in chips)
Seat 4: hammer0707 ($186.40 in chips)
hammer0707: posts small blind $1
razor3334: posts big blind $3
*** HOLE CARDS ***
hammer0707: folds
Uncalled bet ($2) returned to razor3334
razor3334 collected $2 from pot
*** SUMMARY ***
Total pot $2 | Rake $0
Seat 3: razor3334 (big blind) collected ($2)
Seat 4: hammer0707 (button) (small blind) folded before Flop


PokerStars Hand #147167514803:  Hold'em Limit ($3/$6 USD) - 2016/01/16 19:25:54 ET
Table 'Shedir II' 6-max Seat #3 is the button
Seat 3: razor3334 ($84.54 in chips)
Seat 4: hammer0707 ($189.40 in chips)
razor3334: posts small blind $1
hammer0707: posts big blind $3
*** HOLE CARDS ***
razor3334: calls $2
hammer0707: checks
*** FLOP *** [4d 2s 8s]
hammer0707: checks
razor3334: bets $3
hammer0707: folds
Uncalled bet ($3) returned to razor3334
razor3334 collected $5.88 from pot
*** SUMMARY ***
Total pot $6 | Rake $0.12
Board [4d 2s 8s]
Seat 3: razor3334 (button) (small blind) collected ($5.88)
Seat 4: hammer0707 (big blind) folded on the Flop


PokerStars Hand #147173435867:  Hold'em Limit ($3/$6 USD) - 2016/01/16 22:29:12 ET
Table 'Shedir II' 6-max Seat #1 is the button
Seat 1: DirtyDouble2 ($94.41 in chips)
Seat 6: fookmar ($101.31 in chips)
DirtyDouble2: posts small blind $1
Masqb was removed from the table for failing to post
Johnliu: is sitting out
fookmar: posts big blind $3
*** HOLE CARDS ***
DirtyDouble2: raises $3 to $6
fookmar: calls $3
*** FLOP *** [Ac 6d 3d]
fookmar: checks
DirtyDouble2: bets $3
fookmar: folds
Uncalled bet ($3) returned to DirtyDouble2
DirtyDouble2 collected $11.76 from pot
*** SUMMARY ***
Total pot $12 | Rake $0.24
Board [Ac 6d 3d]
Seat 1: DirtyDouble2 (button) (small blind) collected ($11.76)
Seat 6: fookmar (big blind) folded on the Flop


PokerStars Hand #147173664665:  Hold'em Limit ($3/$6 USD) - 2016/01/16 22:39:01 ET
Table 'Shedir II' 6-max Seat #6 is the button
Seat 3: manly70 ($63.03 in chips)
Seat 6: Masqb ($106 in chips)
Masqb: posts small blind $1
manly70: posts big blind $3
*** HOLE CARDS ***
Masqb: raises $3 to $6
manly70: calls $3
*** FLOP *** [Td 6d 6h]
manly70: checks
Masqb: bets $3
manly70: calls $3
*** TURN *** [Td 6d 6h] [2h]
manly70: checks
Masqb: checks
*** RIVER *** [Td 6d 6h 2h] [Ts]
manly70: bets $6
Masqb: folds
Uncalled bet ($6) returned to manly70
manly70 collected $17.64 from pot
manly70: doesn't show hand
*** SUMMARY ***
Total pot $18 | Rake $0.36
Board [Td 6d 6h 2h Ts]
Seat 3: manly70 (big blind) collected ($17.64)
Seat 6: Masqb (button) (small blind) folded on the River


PokerStars Hand #147173661297:  Hold'em Limit ($3/$6 USD) - 2016/01/16 22:38:52 ET
Table 'Shedir II' 6-max Seat #3 is the button
Seat 3: manly70 ($64.03 in chips)
Seat 6: Masqb ($105 in chips)
manly70: posts small blind $1
Masqb: posts big blind $3
*** HOLE CARDS ***
manly70: folds
Uncalled bet ($2) returned to Masqb
Masqb collected $2 from pot
Masqb: doesn't show hand
*** SUMMARY ***
Total pot $2 | Rake $0
Seat 3: manly70 (button) (small blind) folded before Flop
Seat 6: Masqb (big blind) collected ($2)


PokerStars Hand #147173645648:  Hold'em Limit ($3/$6 USD) - 2016/01/16 22:38:11 ET
Table 'Shedir II' 6-max Seat #6 is the button
Seat 3: manly70 ($43.53 in chips)
Seat 6: Masqb ($126 in chips)
Masqb: posts small blind $1
manly70: posts big blind $3
*** HOLE CARDS ***
Masqb: raises $3 to $6
manly70: calls $3
*** FLOP *** [Ad 2c Ts]
manly70: checks
Masqb: bets $3
manly70: calls $3
*** TURN *** [Ad 2c Ts] [Kc]
manly70: checks
Masqb: bets $6
manly70: calls $6
*** RIVER *** [Ad 2c Ts Kc] [3d]
manly70: checks
Masqb: bets $6
manly70: calls $6
*** SHOW DOWN ***
Masqb: shows [7h 6d] (high card Ace)
manly70: shows [3s 4s] (a pair of Threes)
manly70 collected $41.50 from pot
*** SUMMARY ***
Total pot $42 | Rake $0.50
Board [Ad 2c Ts Kc 3d]
Seat 3: manly70 (big blind) showed [3s 4s] and won ($41.50) with a pair of Threes
Seat 6: Masqb (button) (small blind) showed [7h 6d] and lost with high card Ace


PokerStars Hand #147173703383:  Hold'em Limit ($3/$6 USD) - 2016/01/16 22:40:43 ET
Table 'Shedir II' 6-max Seat #6 is the button
Seat 3: manly70 ($92.05 in chips)
Seat 6: Masqb ($76 in chips)
Masqb: posts small blind $1
manly70: posts big blind $3
*** HOLE CARDS ***
Masqb: raises $3 to $6
manly70: folds
Uncalled bet ($3) returned to Masqb
Masqb collected $6 from pot
Masqb: doesn't show hand
*** SUMMARY ***
Total pot $6 | Rake $0
Seat 3: manly70 (big blind) folded before Flop
Seat 6: Masqb (button) (small blind) collected ($6)


PokerStars Hand #147173696904:  Hold'em Limit ($3/$6 USD) - 2016/01/16 22:40:26 ET
Table 'Shedir II' 6-max Seat #3 is the button
Seat 3: manly70 ($89.17 in chips)
Seat 6: Masqb ($79 in chips)
manly70: posts small blind $1
Masqb: posts big blind $3
*** HOLE CARDS ***
manly70: calls $2
Masqb: checks
*** FLOP *** [5h 2d Jh]
Masqb: checks
manly70: bets $3
Masqb: folds
Uncalled bet ($3) returned to manly70
manly70 collected $5.88 from pot
manly70: doesn't show hand
*** SUMMARY ***
Total pot $6 | Rake $0.12
Board [5h 2d Jh]
Seat 3: manly70 (button) (small blind) collected ($5.88)
Seat 6: Masqb (big blind) folded on the Flop


PokerStars Hand #147173706006:  Hold'em Limit ($3/$6 USD) - 2016/01/16 22:40:49 ET
Table 'Shedir II' 6-max Seat #3 is the button
Seat 3: manly70 ($89.05 in chips)
Seat 6: Masqb ($79 in chips)
manly70: posts small blind $1
Masqb: posts big blind $3
*** HOLE CARDS ***
manly70: raises $3 to $6
Masqb: calls $3
*** FLOP *** [Td Jc 4d]
Masqb: checks
manly70: bets $3
Masqb: calls $3
*** TURN *** [Td Jc 4d] [Qc]
Masqb: checks
manly70: checks
*** RIVER *** [Td Jc 4d Qc] [Js]
Masqb: checks
manly70: checks
*** SHOW DOWN ***
Masqb: shows [4h 5c] (two pair, Jacks and Fours)
manly70: mucks hand
Masqb collected $17.64 from pot
*** SUMMARY ***
Total pot $18 | Rake $0.36
Board [Td Jc 4d Qc Js]
Seat 3: manly70 (button) (small blind) mucked
Seat 6: Masqb (big blind) showed [4h 5c] and won ($17.64) with two pair, Jacks and Fours


PokerStars Hand #147173716930:  Hold'em Limit ($3/$6 USD) - 2016/01/16 22:41:18 ET
Table 'Shedir II' 6-max Seat #6 is the button
Seat 3: manly70 ($80.05 in chips)
Seat 6: Masqb ($87.64 in chips)
Masqb: posts small blind $1
manly70: posts big blind $3
*** HOLE CARDS ***
Masqb: raises $3 to $6
manly70: calls $3
*** FLOP *** [4h 3h Th]
manly70: checks
Masqb: bets $3
manly70: calls $3
*** TURN *** [4h 3h Th] [5d]
manly70: checks
Masqb: bets $6
manly70: calls $6
*** RIVER *** [4h 3h Th 5d] [As]
manly70: checks
Masqb: checks
*** SHOW DOWN ***
manly70: shows [Tc 7s] (a pair of Tens)
Masqb: mucks hand
manly70 collected $29.50 from pot
*** SUMMARY ***
Total pot $30 | Rake $0.50
Board [4h 3h Th 5d As]
Seat 3: manly70 (big blind) showed [Tc 7s] and won ($29.50) with a pair of Tens
Seat 6: Masqb (button) (small blind) mucked


PokerStars Hand #147173728281:  Hold'em Limit ($3/$6 USD) - 2016/01/16 22:41:48 ET
Table 'Shedir II' 6-max Seat #3 is the button
Seat 3: manly70 ($94.55 in chips)
Seat 6: Masqb ($72.64 in chips)
manly70: posts small blind $1
Masqb: posts big blind $3
*** HOLE CARDS ***
manly70: folds
Uncalled bet ($2) returned to Masqb
Masqb collected $2 from pot
Masqb: doesn't show hand
*** SUMMARY ***
Total pot $2 | Rake $0
Seat 3: manly70 (button) (small blind) folded before Flop
Seat 6: Masqb (big blind) collected ($2)


PokerStars Hand #147173731118:  Hold'em Limit ($3/$6 USD) - 2016/01/16 22:41:55 ET
Table 'Shedir II' 6-max Seat #6 is the button
Seat 3: manly70 ($93.55 in chips)
Seat 6: Masqb ($73.64 in chips)
Masqb: posts small blind $1
manly70: posts big blind $3
*** HOLE CARDS ***
Masqb: raises $3 to $6
manly70: folds
Uncalled bet ($3) returned to Masqb
Masqb collected $6 from pot
Masqb: doesn't show hand
*** SUMMARY ***
Total pot $6 | Rake $0
Seat 3: manly70 (big blind) folded before Flop
Seat 6: Masqb (button) (small blind) collected ($6)


PokerStars Hand #147173678736:  Hold'em Limit ($3/$6 USD) - 2016/01/16 22:39:38 ET
Table 'Shedir II' 6-max Seat #3 is the button
Seat 3: manly70 ($71.67 in chips)
Seat 6: Masqb ($97 in chips)
manly70: posts small blind $1
Masqb: posts big blind $3
*** HOLE CARDS ***
manly70: raises $3 to $6
Masqb: raises $3 to $9
manly70: calls $3
*** FLOP *** [6c 4d Ts]
Masqb: bets $3
manly70: raises $3 to $6
Masqb: calls $3
*** TURN *** [6c 4d Ts] [2h]
Masqb: checks
manly70: bets $6
Masqb: calls $6
*** RIVER *** [6c 4d Ts 2h] [Qs]
Masqb: checks
manly70: checks
*** SHOW DOWN ***
Masqb: shows [9c As] (high card Ace)
manly70: shows [Td 7s] (a pair of Tens)
manly70 collected $41.50 from pot
*** SUMMARY ***
Total pot $42 | Rake $0.50
Board [6c 4d Ts 2h Qs]
Seat 3: manly70 (button) (small blind) showed [Td 7s] and won ($41.50) with a pair of Tens
Seat 6: Masqb (big blind) showed [9c As] and lost with high card Ace


PokerStars Hand #147173736187:  Hold'em Limit ($3/$6 USD) - 2016/01/16 22:42:08 ET
Table 'Shedir II' 6-max Seat #3 is the button
Seat 3: manly70 ($90.55 in chips)
Seat 6: Masqb ($76.64 in chips)
manly70: posts small blind $1
Masqb: posts big blind $3
*** HOLE CARDS ***
manly70: folds
Uncalled bet ($2) returned to Masqb
Masqb collected $2 from pot
Masqb: doesn't show hand
*** SUMMARY ***
Total pot $2 | Rake $0
Seat 3: manly70 (button) (small blind) folded before Flop
Seat 6: Masqb (big blind) collected ($2)


PokerStars Hand #147173738889:  Hold'em Limit ($3/$6 USD) - 2016/01/16 22:42:15 ET
Table 'Shedir II' 6-max Seat #6 is the button
Seat 3: manly70 ($89.55 in chips)
Seat 6: Masqb ($77.64 in chips)
Masqb: posts small blind $1
manly70: posts big blind $3
*** HOLE CARDS ***
Masqb: raises $3 to $6
manly70: calls $3
*** FLOP *** [5c 3s Ks]
manly70: checks
Masqb: bets $3
manly70: calls $3
*** TURN *** [5c 3s Ks] [5d]
manly70: checks
Masqb: checks
*** RIVER *** [5c 3s Ks 5d] [Jh]
manly70: checks
Masqb: checks
*** SHOW DOWN ***
manly70: shows [Ac 2c] (a pair of Fives)
Masqb: mucks hand
manly70 collected $17.64 from pot
*** SUMMARY ***
Total pot $18 | Rake $0.36
Board [5c 3s Ks 5d Jh]
Seat 3: manly70 (big blind) showed [Ac 2c] and won ($17.64) with a pair of Fives
Seat 6: Masqb (button) (small blind) mucked


PokerStars Hand #147173749861:  Hold'em Limit ($3/$6 USD) - 2016/01/16 22:42:44 ET
Table 'Shedir II' 6-max Seat #3 is the button
Seat 3: manly70 ($98.19 in chips)
Seat 6: Masqb ($68.64 in chips)
manly70: posts small blind $1
Masqb: posts big blind $3
*** HOLE CARDS ***
manly70: raises $3 to $6
Masqb: calls $3
*** FLOP *** [3c 2h 6d]
Masqb: checks
manly70: bets $3
Masqb: calls $3
*** TURN *** [3c 2h 6d] [3h]
Masqb: checks
manly70: checks
*** RIVER *** [3c 2h 6d 3h] [9c]
Masqb: checks
manly70: bets $6
Masqb: folds
Uncalled bet ($6) returned to manly70
manly70 collected $17.64 from pot
manly70: doesn't show hand
*** SUMMARY ***
Total pot $18 | Rake $0.36
Board [3c 2h 6d 3h 9c]
Seat 3: manly70 (button) (small blind) collected ($17.64)
Seat 6: Masqb (big blind) folded on the River


PokerStars Hand #147173765003:  Hold'em Limit ($3/$6 USD) - 2016/01/16 22:43:24 ET
Table 'Shedir II' 6-max Seat #6 is the button
Seat 3: manly70 ($106.83 in chips)
Seat 6: Masqb ($126 in chips)
Masqb: posts small blind $1
manly70: posts big blind $3
*** HOLE CARDS ***
Masqb: raises $3 to $6
manly70: calls $3
*** FLOP *** [Qc Ac 9c]
manly70: checks
Masqb: bets $3
manly70: calls $3
*** TURN *** [Qc Ac 9c] [Jh]
manly70: checks
Masqb: bets $6
manly70: folds
Uncalled bet ($6) returned to Masqb
Masqb collected $17.64 from pot
Masqb: doesn't show hand
*** SUMMARY ***
Total pot $18 | Rake $0.36
Board [Qc Ac 9c Jh]
Seat 3: manly70 (big blind) folded on the Turn
Seat 6: Masqb (button) (small blind) collected ($17.64)


PokerStars Hand #147173789497:  Hold'em Limit ($3/$6 USD) - 2016/01/16 22:44:29 ET
Table 'Shedir II' 6-max Seat #3 is the button
Seat 3: manly70 ($98.65 in chips)
Seat 6: Masqb ($133.46 in chips)
manly70: posts small blind $1
Masqb: posts big blind $3
*** HOLE CARDS ***
manly70: raises $3 to $6
Masqb: folds
Uncalled bet ($3) returned to manly70
manly70 collected $6 from pot
manly70: doesn't show hand
*** SUMMARY ***
Total pot $6 | Rake $0
Seat 3: manly70 (button) (small blind) collected ($6)
Seat 6: Masqb (big blind) folded before Flop


PokerStars Hand #147173787411:  Hold'em Limit ($3/$6 USD) - 2016/01/16 22:44:23 ET
Table 'Shedir II' 6-max Seat #6 is the button
Seat 3: manly70 ($97.65 in chips)
Seat 6: Masqb ($134.46 in chips)
Masqb: posts small blind $1
manly70: posts big blind $3
*** HOLE CARDS ***
Masqb: folds
Uncalled bet ($2) returned to manly70
manly70 collected $2 from pot
manly70: doesn't show hand
*** SUMMARY ***
Total pot $2 | Rake $0
Seat 3: manly70 (big blind) collected ($2)
Seat 6: Masqb (button) (small blind) folded before Flop


PokerStars Hand #147173775719:  Hold'em Limit ($3/$6 USD) - 2016/01/16 22:43:52 ET
Table 'Shedir II' 6-max Seat #3 is the button
Seat 3: manly70 ($97.83 in chips)
Seat 6: Masqb ($134.64 in chips)
manly70: posts small blind $1
Masqb: posts big blind $3
*** HOLE CARDS ***
manly70: raises $3 to $6
Masqb: calls $3
*** FLOP *** [Js 6s As]
Masqb: checks
manly70: bets $3
Masqb: calls $3
*** TURN *** [Js 6s As] [3h]
Masqb: checks
manly70: checks
*** RIVER *** [Js 6s As 3h] [4h]
Masqb: checks
manly70: checks
*** SHOW DOWN ***
Masqb: shows [8d Kc] (high card Ace)
manly70: shows [8h Ks] (high card Ace)
Masqb collected $8.82 from pot
manly70 collected $8.82 from pot
*** SUMMARY ***
Total pot $18 | Rake $0.36
Board [Js 6s As 3h 4h]
Seat 3: manly70 (button) (small blind) showed [8h Ks] and won ($8.82) with high card Ace
Seat 6: Masqb (big blind) showed [8d Kc] and won ($8.82) with high card Ace


PokerStars Hand #147173803658:  Hold'em Limit ($3/$6 USD) - 2016/01/16 22:45:07 ET
Table 'Shedir II' 6-max Seat #3 is the button
Seat 3: manly70 ($110.29 in chips)
Seat 6: Masqb ($121.46 in chips)
manly70: posts small blind $1
Masqb: posts big blind $3
*** HOLE CARDS ***
manly70: raises $3 to $6
Masqb: calls $3
*** FLOP *** [4h Th Qh]
Masqb: checks
manly70: bets $3
Masqb: calls $3
*** TURN *** [4h Th Qh] [4s]
Masqb: checks
manly70: bets $6
Masqb: calls $6
*** RIVER *** [4h Th Qh 4s] [9d]
Masqb: checks
manly70: bets $6
Masqb: calls $6
*** SHOW DOWN ***
manly70: shows [Qs Tc] (two pair, Queens and Tens)
Masqb: mucks hand
manly70 collected $41.50 from pot
*** SUMMARY ***
Total pot $42 | Rake $0.50
Board [4h Th Qh 4s 9d]
Seat 3: manly70 (button) (small blind) showed [Qs Tc] and won ($41.50) with two pair, Queens and Tens
Seat 6: Masqb (big blind) mucked


PokerStars Hand #147173792367:  Hold'em Limit ($3/$6 USD) - 2016/01/16 22:44:36 ET
Table 'Shedir II' 6-max Seat #6 is the button
Seat 3: manly70 ($101.65 in chips)
Seat 6: Masqb ($130.46 in chips)
Masqb: posts small blind $1
manly70: posts big blind $3
*** HOLE CARDS ***
Masqb: raises $3 to $6
manly70: calls $3
*** FLOP *** [8s 3h 4h]
manly70: checks
Masqb: bets $3
manly70: calls $3
*** TURN *** [8s 3h 4h] [Tc]
manly70: checks
Masqb: checks
*** RIVER *** [8s 3h 4h Tc] [Qs]
manly70: checks
Masqb: checks
*** SHOW DOWN ***
manly70: shows [2s 2c] (a pair of Deuces)
Masqb: mucks hand
manly70 collected $17.64 from pot
*** SUMMARY ***
Total pot $18 | Rake $0.36
Board [8s 3h 4h Tc Qs]
Seat 3: manly70 (big blind) showed [2s 2c] and won ($17.64) with a pair of Deuces
Seat 6: Masqb (button) (small blind) mucked


PokerStars Hand #147173830378:  Hold'em Limit ($3/$6 USD) - 2016/01/16 22:46:19 ET
Table 'Shedir II' 6-max Seat #3 is the button
Seat 3: manly70 ($166.29 in chips)
Seat 6: Masqb ($64.46 in chips)
manly70: posts small blind $1
Masqb: posts big blind $3
*** HOLE CARDS ***
manly70: calls $2
Masqb: checks
*** FLOP *** [Jh 7c 4c]
Masqb: checks
manly70: bets $3
Masqb: folds
Uncalled bet ($3) returned to manly70
manly70 collected $5.88 from pot
manly70: doesn't show hand
*** SUMMARY ***
Total pot $6 | Rake $0.12
Board [Jh 7c 4c]
Seat 3: manly70 (button) (small blind) collected ($5.88)
Seat 6: Masqb (big blind) folded on the Flop


PokerStars Hand #147173816960:  Hold'em Limit ($3/$6 USD) - 2016/01/16 22:45:43 ET
Table 'Shedir II' 6-max Seat #6 is the button
Seat 3: manly70 ($130.79 in chips)
Seat 6: Masqb ($100.46 in chips)
Masqb: posts small blind $1
manly70: posts big blind $3
*** HOLE CARDS ***
Masqb: raises $3 to $6
manly70: raises $3 to $9
Masqb: calls $3
*** FLOP *** [Ad 8s 5d]
manly70: bets $3
Masqb: calls $3
*** TURN *** [Ad 8s 5d] [3h]
manly70: bets $6
Masqb: raises $6 to $12
manly70: calls $6
*** RIVER *** [Ad 8s 5d 3h] [Jd]
manly70: checks
Masqb: bets $6
manly70: raises $6 to $12
Masqb: calls $6
*** SHOW DOWN ***
manly70: shows [Js Ah] (two pair, Aces and Jacks)
Masqb: mucks hand
manly70 collected $71.50 from pot
*** SUMMARY ***
Total pot $72 | Rake $0.50
Board [Ad 8s 5d 3h Jd]
Seat 3: manly70 (big blind) showed [Js Ah] and won ($71.50) with two pair, Aces and Jacks
Seat 6: Masqb (button) (small blind) mucked


PokerStars Hand #147173862012:  Hold'em Limit ($3/$6 USD) - 2016/01/16 22:47:44 ET
Table 'Shedir II' 6-max Seat #6 is the button
Seat 3: manly70 ($168.67 in chips)
Seat 6: Masqb ($140.50 in chips)
Masqb: posts small blind $1
manly70: posts big blind $3
*** HOLE CARDS ***
Masqb: raises $3 to $6
manly70: calls $3
*** FLOP *** [2c Th Ts]
manly70: checks
Masqb: bets $3
manly70: folds
Uncalled bet ($3) returned to Masqb
Masqb collected $11.76 from pot
Masqb: doesn't show hand
*** SUMMARY ***
Total pot $12 | Rake $0.24
Board [2c Th Ts]
Seat 3: manly70 (big blind) folded on the Flop
Seat 6: Masqb (button) (small blind) collected ($11.76)


PokerStars Hand #147173837360:  Hold'em Limit ($3/$6 USD) - 2016/01/16 22:46:37 ET
Table 'Shedir II' 6-max Seat #6 is the button
Seat 3: manly70 ($169.17 in chips)
Seat 6: Masqb ($61.46 in chips)
Masqb: posts small blind $1
manly70: posts big blind $3
*** HOLE CARDS ***
Masqb: raises $3 to $6
manly70: calls $3
*** FLOP *** [Kh Ks 6h]
manly70: checks
Masqb: bets $3
manly70: calls $3
*** TURN *** [Kh Ks 6h] [5c]
manly70: checks
Masqb: bets $6
manly70: calls $6
*** RIVER *** [Kh Ks 6h 5c] [Kd]
manly70: checks
Masqb: checks
*** SHOW DOWN ***
manly70: shows [7d 6d] (a full house, Kings full of Sixes)
Masqb: mucks hand
manly70 collected $29.50 from pot
*** SUMMARY ***
Total pot $30 | Rake $0.50
Board [Kh Ks 6h 5c Kd]
Seat 3: manly70 (big blind) showed [7d 6d] and won ($29.50) with a full house, Kings full of Sixes
Seat 6: Masqb (button) (small blind) mucked


PokerStars Hand #147173881737:  Hold'em Limit ($3/$6 USD) - 2016/01/16 22:48:38 ET
Table 'Shedir II' 6-max Seat #3 is the button
Seat 3: manly70 ($167.43 in chips)
Seat 6: Masqb ($141.26 in chips)
manly70: posts small blind $1
Masqb: posts big blind $3
*** HOLE CARDS ***
manly70: folds
Uncalled bet ($2) returned to Masqb
Masqb collected $2 from pot
Masqb: doesn't show hand
*** SUMMARY ***
Total pot $2 | Rake $0
Seat 3: manly70 (button) (small blind) folded before Flop
Seat 6: Masqb (big blind) collected ($2)


PokerStars Hand #147173879801:  Hold'em Limit ($3/$6 USD) - 2016/01/16 22:48:33 ET
Table 'Shedir II' 6-max Seat #6 is the button
Seat 3: manly70 ($166.43 in chips)
Seat 6: Masqb ($142.26 in chips)
Masqb: posts small blind $1
manly70: posts big blind $3
*** HOLE CARDS ***
Masqb: folds
Uncalled bet ($2) returned to manly70
manly70 collected $2 from pot
manly70: doesn't show hand
*** SUMMARY ***
Total pot $2 | Rake $0
Seat 3: manly70 (big blind) collected ($2)
Seat 6: Masqb (button) (small blind) folded before Flop


PokerStars Hand #147173877348:  Hold'em Limit ($3/$6 USD) - 2016/01/16 22:48:26 ET
Table 'Shedir II' 6-max Seat #3 is the button
Seat 3: manly70 ($167.43 in chips)
Seat 6: Masqb ($141.26 in chips)
manly70: posts small blind $1
Masqb: posts big blind $3
*** HOLE CARDS ***
manly70: folds
Uncalled bet ($2) returned to Masqb
Masqb collected $2 from pot
Masqb: doesn't show hand
*** SUMMARY ***
Total pot $2 | Rake $0
Seat 3: manly70 (button) (small blind) folded before Flop
Seat 6: Masqb (big blind) collected ($2)


PokerStars Hand #147173870747:  Hold'em Limit ($3/$6 USD) - 2016/01/16 22:48:08 ET
Table 'Shedir II' 6-max Seat #6 is the button
Seat 3: manly70 ($161.67 in chips)
Seat 6: Masqb ($147.26 in chips)
Masqb: posts small blind $1
manly70: posts big blind $3
*** HOLE CARDS ***
Masqb: raises $3 to $6
manly70: calls $3
*** FLOP *** [Ah 6c Jc]
manly70: checks
Masqb: checks
*** TURN *** [Ah 6c Jc] [7d]
manly70: bets $6
Masqb: folds
Uncalled bet ($6) returned to manly70
manly70 collected $11.76 from pot
manly70: doesn't show hand
*** SUMMARY ***
Total pot $12 | Rake $0.24
Board [Ah 6c Jc 7d]
Seat 3: manly70 (big blind) collected ($11.76)
Seat 6: Masqb (button) (small blind) folded on the Turn


PokerStars Hand #147173868763:  Hold'em Limit ($3/$6 USD) - 2016/01/16 22:48:03 ET
Table 'Shedir II' 6-max Seat #3 is the button
Seat 3: manly70 ($162.67 in chips)
Seat 6: Masqb ($146.26 in chips)
manly70: posts small blind $1
Masqb: posts big blind $3
*** HOLE CARDS ***
manly70: folds
Uncalled bet ($2) returned to Masqb
Masqb collected $2 from pot
Masqb: doesn't show hand
*** SUMMARY ***
Total pot $2 | Rake $0
Seat 3: manly70 (button) (small blind) folded before Flop
Seat 6: Masqb (big blind) collected ($2)


PokerStars Hand #147173895760:  Hold'em Limit ($3/$6 USD) - 2016/01/16 22:49:16 ET
Table 'Shedir II' 6-max Seat #3 is the button
Seat 3: manly70 ($183.93 in chips)
Seat 6: Masqb ($124.26 in chips)
manly70: posts small blind $1
Masqb: posts big blind $3
*** HOLE CARDS ***
manly70: raises $3 to $6
Masqb: calls $3
*** FLOP *** [2d 3c 5h]
Masqb: checks
manly70: bets $3
Masqb: raises $3 to $6
manly70: calls $3
*** TURN *** [2d 3c 5h] [8h]
Masqb: bets $6
manly70: calls $6
*** RIVER *** [2d 3c 5h 8h] [6s]
Masqb: bets $6
manly70: folds
Uncalled bet ($6) returned to Masqb
Masqb collected $35.50 from pot
Masqb: doesn't show hand
*** SUMMARY ***
Total pot $36 | Rake $0.50
Board [2d 3c 5h 8h 6s]
Seat 3: manly70 (button) (small blind) folded on the River
Seat 6: Masqb (big blind) collected ($35.50)


PokerStars Hand #147173884046:  Hold'em Limit ($3/$6 USD) - 2016/01/16 22:48:44 ET
Table 'Shedir II' 6-max Seat #6 is the button
Seat 3: manly70 ($166.43 in chips)
Seat 6: Masqb ($142.26 in chips)
Masqb: posts small blind $1
manly70: posts big blind $3
*** HOLE CARDS ***
Masqb: raises $3 to $6
manly70: calls $3
*** FLOP *** [Tc 5h As]
manly70: checks
Masqb: checks
*** TURN *** [Tc 5h As] [8h]
manly70: bets $6
Masqb: calls $6
*** RIVER *** [Tc 5h As 8h] [4c]
manly70: bets $6
Masqb: calls $6
*** SHOW DOWN ***
manly70: shows [Ah 6d] (a pair of Aces)
Masqb: mucks hand
manly70 collected $35.50 from pot
*** SUMMARY ***
Total pot $36 | Rake $0.50
Board [Tc 5h As 8h 4c]
Seat 3: manly70 (big blind) showed [Ah 6d] and won ($35.50) with a pair of Aces
Seat 6: Masqb (button) (small blind) mucked


PokerStars Hand #147173908243:  Hold'em Limit ($3/$6 USD) - 2016/01/16 22:49:49 ET
Table 'Shedir II' 6-max Seat #6 is the button
Seat 3: manly70 ($165.93 in chips)
Seat 6: Masqb ($141.76 in chips)
Masqb: posts small blind $1
manly70: posts big blind $3
*** HOLE CARDS ***
Masqb: raises $3 to $6
manly70: calls $3
*** FLOP *** [5d 7c Ad]
manly70: checks
Masqb: bets $3
manly70: raises $3 to $6
Masqb: calls $3
*** TURN *** [5d 7c Ad] [Th]
manly70: bets $6
Masqb: raises $6 to $12
manly70: calls $6
*** RIVER *** [5d 7c Ad Th] [Tc]
manly70: bets $6
Masqb: raises $6 to $12
manly70: calls $6
*** SHOW DOWN ***
Masqb: shows [Ah Qs] (two pair, Aces and Tens)
manly70: shows [Ts 7d] (a full house, Tens full of Sevens)
manly70 collected $71.50 from pot
*** SUMMARY ***
Total pot $72 | Rake $0.50
Board [5d 7c Ad Th Tc]
Seat 3: manly70 (big blind) showed [Ts 7d] and won ($71.50) with a full house, Tens full of Sevens
Seat 6: Masqb (button) (small blind) showed [Ah Qs] and lost with two pair, Aces and Tens


PokerStars Hand #147173937775:  Hold'em Limit ($3/$6 USD) - 2016/01/16 22:51:10 ET
Table 'Shedir II' 6-max Seat #6 is the button
Seat 3: manly70 ($215.93 in chips)
Seat 6: Masqb ($90.76 in chips)
Masqb: posts small blind $1
manly70: posts big blind $3
*** HOLE CARDS ***
Masqb: raises $3 to $6
manly70: calls $3
*** FLOP *** [3c Tc Qs]
manly70: checks
Masqb: bets $3
manly70: folds
Uncalled bet ($3) returned to Masqb
Masqb collected $11.76 from pot
Masqb: doesn't show hand
*** SUMMARY ***
Total pot $12 | Rake $0.24
Board [3c Tc Qs]
Seat 3: manly70 (big blind) folded on the Flop
Seat 6: Masqb (button) (small blind) collected ($11.76)


PokerStars Hand #147173925805:  Hold'em Limit ($3/$6 USD) - 2016/01/16 22:50:37 ET
Table 'Shedir II' 6-max Seat #3 is the button
Seat 3: manly70 ($201.43 in chips)
Seat 6: Masqb ($105.76 in chips)
manly70: posts small blind $1
Masqb: posts big blind $3
*** HOLE CARDS ***
manly70: calls $2
Masqb: raises $3 to $6
manly70: calls $3
*** FLOP *** [Qd 9d Ah]
Masqb: bets $3
manly70: calls $3
*** TURN *** [Qd 9d Ah] [6h]
Masqb: checks
manly70: bets $6
Masqb: calls $6
*** RIVER *** [Qd 9d Ah 6h] [5c]
Masqb: checks
manly70: checks
*** SHOW DOWN ***
Masqb: shows [Kh 5d] (a pair of Fives)
manly70: shows [2h 9h] (a pair of Nines)
manly70 collected $29.50 from pot
*** SUMMARY ***
Total pot $30 | Rake $0.50
Board [Qd 9d Ah 6h 5c]
Seat 3: manly70 (button) (small blind) showed [2h 9h] and won ($29.50) with a pair of Nines
Seat 6: Masqb (big blind) showed [Kh 5d] and lost with a pair of Fives


PokerStars Hand #147173975201:  Hold'em Limit ($3/$6 USD) - 2016/01/16 22:52:52 ET
Table 'Shedir II' 6-max Seat #3 is the button
Seat 3: manly70 ($170.93 in chips)
Seat 6: Masqb ($134.54 in chips)
manly70: posts small blind $1
Masqb: posts big blind $3
*** HOLE CARDS ***
manly70: folds
Uncalled bet ($2) returned to Masqb
Masqb collected $2 from pot
Masqb: doesn't show hand
*** SUMMARY ***
Total pot $2 | Rake $0
Seat 3: manly70 (button) (small blind) folded before Flop
Seat 6: Masqb (big blind) collected ($2)


PokerStars Hand #147173959303:  Hold'em Limit ($3/$6 USD) - 2016/01/16 22:52:09 ET
Table 'Shedir II' 6-max Seat #6 is the button
Seat 3: manly70 ($197.93 in chips)
Seat 6: Masqb ($108.04 in chips)
Masqb: posts small blind $1
manly70: posts big blind $3
*** HOLE CARDS ***
Masqb: raises $3 to $6
manly70: calls $3
*** FLOP *** [2s 4s 6c]
manly70: checks
Masqb: bets $3
manly70: calls $3
*** TURN *** [2s 4s 6c] [4h]
manly70: checks
Masqb: bets $6
manly70: raises $6 to $12
Masqb: calls $6
*** RIVER *** [2s 4s 6c 4h] [4d]
manly70: bets $6
Masqb: calls $6
*** SHOW DOWN ***
manly70: shows [Js 3s] (three of a kind, Fours)
Masqb: shows [Ad Jh] (three of a kind, Fours - Ace kicker)
Masqb collected $53.50 from pot
*** SUMMARY ***
Total pot $54 | Rake $0.50
Board [2s 4s 6c 4h 4d]
Seat 3: manly70 (big blind) showed [Js 3s] and lost with three of a kind, Fours
Seat 6: Masqb (button) (small blind) showed [Ad Jh] and won ($53.50) with three of a kind, Fours


PokerStars Hand #147173945217:  Hold'em Limit ($3/$6 USD) - 2016/01/16 22:51:30 ET
Table 'Shedir II' 6-max Seat #3 is the button
Seat 3: manly70 ($209.93 in chips)
Seat 6: Masqb ($96.52 in chips)
manly70: posts small blind $1
Masqb: posts big blind $3
*** HOLE CARDS ***
manly70: raises $3 to $6
Masqb: calls $3
*** FLOP *** [7c 9h 6c]
Masqb: checks
manly70: checks
*** TURN *** [7c 9h 6c] [8s]
Masqb: checks
manly70: bets $6
Masqb: calls $6
*** RIVER *** [7c 9h 6c 8s] [Ac]
Masqb: bets $6
manly70: folds
Uncalled bet ($6) returned to Masqb
Masqb collected $23.52 from pot
Masqb: doesn't show hand
*** SUMMARY ***
Total pot $24 | Rake $0.48
Board [7c 9h 6c 8s Ac]
Seat 3: manly70 (button) (small blind) folded on the River
Seat 6: Masqb (big blind) collected ($23.52)


PokerStars Hand #147173987644:  Hold'em Limit ($3/$6 USD) - 2016/01/16 22:53:26 ET
Table 'Shedir II' 6-max Seat #3 is the button
Seat 3: manly70 ($160.93 in chips)
Seat 6: Masqb ($144.18 in chips)
manly70: posts small blind $1
Masqb: posts big blind $3
*** HOLE CARDS ***
manly70: calls $2
Masqb: checks
*** FLOP *** [Qc 5s Ad]
Masqb: checks
manly70: bets $3
Masqb: folds
Uncalled bet ($3) returned to manly70
manly70 collected $5.88 from pot
manly70: doesn't show hand
*** SUMMARY ***
Total pot $6 | Rake $0.12
Board [Qc 5s Ad]
Seat 3: manly70 (button) (small blind) collected ($5.88)
Seat 6: Masqb (big blind) folded on the Flop


PokerStars Hand #147173978110:  Hold'em Limit ($3/$6 USD) - 2016/01/16 22:53:00 ET
Table 'Shedir II' 6-max Seat #6 is the button
Seat 3: manly70 ($169.93 in chips)
Seat 6: Masqb ($135.54 in chips)
Masqb: posts small blind $1
manly70: posts big blind $3
*** HOLE CARDS ***
Masqb: raises $3 to $6
manly70: calls $3
*** FLOP *** [3c 7h Jh]
manly70: checks
Masqb: bets $3
manly70: calls $3
*** TURN *** [3c 7h Jh] [Td]
manly70: checks
Masqb: bets $6
manly70: folds
Uncalled bet ($6) returned to Masqb
Masqb collected $17.64 from pot
Masqb: doesn't show hand
*** SUMMARY ***
Total pot $18 | Rake $0.36
Board [3c 7h Jh Td]
Seat 3: manly70 (big blind) folded on the Turn
Seat 6: Masqb (button) (small blind) collected ($17.64)


PokerStars Hand #147174019969:  Hold'em Limit ($3/$6 USD) - 2016/01/16 22:54:55 ET
Table 'Shedir II' 6-max Seat #6 is the button
Seat 3: manly70 ($168.31 in chips)
Seat 6: Masqb ($135.94 in chips)
Masqb: posts small blind $1
manly70: posts big blind $3
*** HOLE CARDS ***
Masqb: folds
Uncalled bet ($2) returned to manly70
manly70 collected $2 from pot
manly70: doesn't show hand
*** SUMMARY ***
Total pot $2 | Rake $0
Seat 3: manly70 (big blind) collected ($2)
Seat 6: Masqb (button) (small blind) folded before Flop


PokerStars Hand #147174007065:  Hold'em Limit ($3/$6 USD) - 2016/01/16 22:54:19 ET
Table 'Shedir II' 6-max Seat #3 is the button
Seat 3: manly70 ($153.81 in chips)
Seat 6: Masqb ($150.94 in chips)
manly70: posts small blind $1
Masqb: posts big blind $3
*** HOLE CARDS ***
manly70: raises $3 to $6
Masqb: calls $3
*** FLOP *** [6s 4c 8c]
Masqb: checks
manly70: bets $3
Masqb: calls $3
*** TURN *** [6s 4c 8c] [2c]
Masqb: checks
manly70: bets $6
Masqb: calls $6
*** RIVER *** [6s 4c 8c 2c] [2s]
Masqb: checks
manly70: bets $6
Masqb: folds
Uncalled bet ($6) returned to manly70
manly70 collected $29.50 from pot
manly70: doesn't show hand
*** SUMMARY ***
Total pot $30 | Rake $0.50
Board [6s 4c 8c 2c 2s]
Seat 3: manly70 (button) (small blind) collected ($29.50)
Seat 6: Masqb (big blind) folded on the River


PokerStars Hand #147174004435:  Hold'em Limit ($3/$6 USD) - 2016/01/16 22:54:12 ET
Table 'Shedir II' 6-max Seat #6 is the button
Seat 3: manly70 ($156.81 in chips)
Seat 6: Masqb ($147.94 in chips)
Masqb: posts small blind $1
manly70: posts big blind $3
*** HOLE CARDS ***
Masqb: raises $3 to $6
manly70: folds
Uncalled bet ($3) returned to Masqb
Masqb collected $6 from pot
Masqb: doesn't show hand
*** SUMMARY ***
Total pot $6 | Rake $0
Seat 3: manly70 (big blind) folded before Flop
Seat 6: Masqb (button) (small blind) collected ($6)


PokerStars Hand #147174001940:  Hold'em Limit ($3/$6 USD) - 2016/01/16 22:54:05 ET
Table 'Shedir II' 6-max Seat #3 is the button
Seat 3: manly70 ($157.81 in chips)
Seat 6: Masqb ($146.94 in chips)
manly70: posts small blind $1
Masqb: posts big blind $3
*** HOLE CARDS ***
manly70: folds
Uncalled bet ($2) returned to Masqb
Masqb collected $2 from pot
Masqb: doesn't show hand
*** SUMMARY ***
Total pot $2 | Rake $0
Seat 3: manly70 (button) (small blind) folded before Flop
Seat 6: Masqb (big blind) collected ($2)


PokerStars Hand #147173996315:  Hold'em Limit ($3/$6 USD) - 2016/01/16 22:53:50 ET
Table 'Shedir II' 6-max Seat #6 is the button
Seat 3: manly70 ($163.81 in chips)
Seat 6: Masqb ($141.18 in chips)
Masqb: posts small blind $1
manly70: posts big blind $3
*** HOLE CARDS ***
Masqb: raises $3 to $6
manly70: calls $3
*** FLOP *** [Ts Ah 6c]
manly70: checks
Masqb: bets $3
manly70: folds
Uncalled bet ($3) returned to Masqb
Masqb collected $11.76 from pot
Masqb: doesn't show hand
*** SUMMARY ***
Total pot $12 | Rake $0.24
Board [Ts Ah 6c]
Seat 3: manly70 (big blind) folded on the Flop
Seat 6: Masqb (button) (small blind) collected ($11.76)


PokerStars Hand #147174040831:  Hold'em Limit ($3/$6 USD) - 2016/01/16 22:55:58 ET
Table 'Shedir II' 6-max Seat #3 is the button
Seat 3: manly70 ($165.19 in chips)
Seat 6: Masqb ($138.94 in chips)
manly70: posts small blind $1
Masqb: posts big blind $3
*** HOLE CARDS ***
manly70: folds
Uncalled bet ($2) returned to Masqb
Masqb collected $2 from pot
Masqb: doesn't show hand
*** SUMMARY ***
Total pot $2 | Rake $0
Seat 3: manly70 (button) (small blind) folded before Flop
Seat 6: Masqb (big blind) collected ($2)


PokerStars Hand #147174038446:  Hold'em Limit ($3/$6 USD) - 2016/01/16 22:55:51 ET
Table 'Shedir II' 6-max Seat #6 is the button
Seat 3: manly70 ($168.19 in chips)
Seat 6: Masqb ($135.94 in chips)
Masqb: posts small blind $1
manly70: posts big blind $3
*** HOLE CARDS ***
Masqb: raises $3 to $6
manly70: folds
Uncalled bet ($3) returned to Masqb
Masqb collected $6 from pot
Masqb: doesn't show hand
*** SUMMARY ***
Total pot $6 | Rake $0
Seat 3: manly70 (big blind) folded before Flop
Seat 6: Masqb (button) (small blind) collected ($6)


PokerStars Hand #147174030049:  Hold'em Limit ($3/$6 USD) - 2016/01/16 22:55:24 ET
Table 'Shedir II' 6-max Seat #3 is the button
Seat 3: manly70 ($165.31 in chips)
Seat 6: Masqb ($138.94 in chips)
manly70: posts small blind $1
Masqb: posts big blind $3
*** HOLE CARDS ***
manly70: calls $2
Masqb: checks
*** FLOP *** [2d Qh Tc]
Masqb: checks
manly70: checks
*** TURN *** [2d Qh Tc] [Qd]
Masqb: checks
manly70: bets $6
Masqb: folds
Uncalled bet ($6) returned to manly70
manly70 collected $5.88 from pot
manly70: doesn't show hand
*** SUMMARY ***
Total pot $6 | Rake $0.12
Board [2d Qh Tc Qd]
Seat 3: manly70 (button) (small blind) collected ($5.88)
Seat 6: Masqb (big blind) folded on the Turn


PokerStars Hand #147174028496:  Hold'em Limit ($3/$6 USD) - 2016/01/16 22:55:19 ET
Table 'Shedir II' 6-max Seat #6 is the button
Seat 3: manly70 ($164.31 in chips)
Seat 6: Masqb ($139.94 in chips)
Masqb: posts small blind $1
manly70: posts big blind $3
*** HOLE CARDS ***
Masqb: folds
Uncalled bet ($2) returned to manly70
manly70 collected $2 from pot
manly70: doesn't show hand
*** SUMMARY ***
Total pot $2 | Rake $0
Seat 3: manly70 (big blind) collected ($2)
Seat 6: Masqb (button) (small blind) folded before Flop


PokerStars Hand #147174026622:  Hold'em Limit ($3/$6 USD) - 2016/01/16 22:55:13 ET
Table 'Shedir II' 6-max Seat #3 is the button
Seat 3: manly70 ($165.31 in chips)
Seat 6: Masqb ($138.94 in chips)
manly70: posts small blind $1
Masqb: posts big blind $3
*** HOLE CARDS ***
manly70: folds
Uncalled bet ($2) returned to Masqb
Masqb collected $2 from pot
Masqb: doesn't show hand
*** SUMMARY ***
Total pot $2 | Rake $0
Seat 3: manly70 (button) (small blind) folded before Flop
Seat 6: Masqb (big blind) collected ($2)


PokerStars Hand #147174024283:  Hold'em Limit ($3/$6 USD) - 2016/01/16 22:55:06 ET
Table 'Shedir II' 6-max Seat #6 is the button
Seat 3: manly70 ($168.31 in chips)
Seat 6: Masqb ($135.94 in chips)
Masqb: posts small blind $1
manly70: posts big blind $3
*** HOLE CARDS ***
Masqb: raises $3 to $6
manly70: folds
Uncalled bet ($3) returned to Masqb
Masqb collected $6 from pot
Masqb: doesn't show hand
*** SUMMARY ***
Total pot $6 | Rake $0
Seat 3: manly70 (big blind) folded before Flop
Seat 6: Masqb (button) (small blind) collected ($6)


PokerStars Hand #147174021897:  Hold'em Limit ($3/$6 USD) - 2016/01/16 22:55:00 ET
Table 'Shedir II' 6-max Seat #3 is the button
Seat 3: manly70 ($169.31 in chips)
Seat 6: Masqb ($134.94 in chips)
manly70: posts small blind $1
Masqb: posts big blind $3
*** HOLE CARDS ***
manly70: folds
Uncalled bet ($2) returned to Masqb
Masqb collected $2 from pot
Masqb: doesn't show hand
*** SUMMARY ***
Total pot $2 | Rake $0
Seat 3: manly70 (button) (small blind) folded before Flop
Seat 6: Masqb (big blind) collected ($2)


PokerStars Hand #147174053303:  Hold'em Limit ($3/$6 USD) - 2016/01/16 22:56:38 ET
Table 'Shedir II' 6-max Seat #3 is the button
Seat 3: manly70 ($155.19 in chips)
Seat 6: Masqb ($148.58 in chips)
manly70: posts small blind $1
Masqb: posts big blind $3
*** HOLE CARDS ***
manly70: raises $3 to $6
Masqb: raises $3 to $9
manly70: calls $3
*** FLOP *** [2d 2h 4d]
Masqb: bets $3
manly70: calls $3
*** TURN *** [2d 2h 4d] [6c]
Masqb: bets $6
manly70: folds
Uncalled bet ($6) returned to Masqb
Masqb collected $23.52 from pot
Masqb: doesn't show hand
*** SUMMARY ***
Total pot $24 | Rake $0.48
Board [2d 2h 4d 6c]
Seat 3: manly70 (button) (small blind) folded on the Turn
Seat 6: Masqb (big blind) collected ($23.52)


PokerStars Hand #147174042744:  Hold'em Limit ($3/$6 USD) - 2016/01/16 22:56:04 ET
Table 'Shedir II' 6-max Seat #6 is the button
Seat 3: manly70 ($164.19 in chips)
Seat 6: Masqb ($139.94 in chips)
Masqb: posts small blind $1
manly70: posts big blind $3
*** HOLE CARDS ***
Masqb: raises $3 to $6
manly70: calls $3
*** FLOP *** [4c 5c Th]
manly70: checks
Masqb: bets $3
manly70: calls $3
*** TURN *** [4c 5c Th] [9h]
manly70: checks
Masqb: bets $6
manly70: folds
Uncalled bet ($6) returned to Masqb
Masqb collected $17.64 from pot
Masqb: doesn't show hand
*** SUMMARY ***
Total pot $18 | Rake $0.36
Board [4c 5c Th 9h]
Seat 3: manly70 (big blind) folded on the Turn
Seat 6: Masqb (button) (small blind) collected ($17.64)


PokerStars Hand #147174062527:  Hold'em Limit ($3/$6 USD) - 2016/01/16 22:57:07 ET
Table 'Shedir II' 6-max Seat #3 is the button
Seat 3: manly70 ($144.19 in chips)
Seat 6: Masqb ($159.10 in chips)
manly70: posts small blind $1
Masqb: posts big blind $3
*** HOLE CARDS ***
manly70: raises $3 to $6
Masqb: calls $3
*** FLOP *** [7h Jd Jh]
Masqb: checks
manly70: bets $3
Masqb: raises $3 to $6
manly70: calls $3
*** TURN *** [7h Jd Jh] [4c]
Masqb: bets $6
manly70: calls $6
*** RIVER *** [7h Jd Jh 4c] [6d]
Masqb: bets $6
manly70: calls $6
*** SHOW DOWN ***
Masqb: shows [Js Kh] (three of a kind, Jacks)
manly70: mucks hand
Masqb collected $47.50 from pot
*** SUMMARY ***
Total pot $48 | Rake $0.50
Board [7h Jd Jh 4c 6d]
Seat 3: manly70 (button) (small blind) mucked
Seat 6: Masqb (big blind) showed [Js Kh] and won ($47.50) with three of a kind, Jacks


PokerStars Hand #147174060797:  Hold'em Limit ($3/$6 USD) - 2016/01/16 22:57:01 ET
Table 'Shedir II' 6-max Seat #6 is the button
Seat 3: manly70 ($143.19 in chips)
Seat 6: Masqb ($160.10 in chips)
Masqb: posts small blind $1
manly70: posts big blind $3
*** HOLE CARDS ***
Masqb: folds
Uncalled bet ($2) returned to manly70
manly70 collected $2 from pot
manly70: doesn't show hand
*** SUMMARY ***
Total pot $2 | Rake $0
Seat 3: manly70 (big blind) collected ($2)
Seat 6: Masqb (button) (small blind) folded before Flop


PokerStars Hand #147174085903:  Hold'em Limit ($3/$6 USD) - 2016/01/16 22:58:12 ET
Table 'Shedir II' 6-max Seat #6 is the button
Seat 3: manly70 ($101.19 in chips)
Seat 6: Masqb ($201.10 in chips)
Masqb: posts small blind $1
manly70: posts big blind $3
*** HOLE CARDS ***
Masqb: raises $3 to $6
manly70: calls $3
*** FLOP *** [5c Ac Qd]
manly70: checks
Masqb: bets $3
manly70: calls $3
*** TURN *** [5c Ac Qd] [8h]
manly70: checks
Masqb: bets $6
manly70: calls $6
*** RIVER *** [5c Ac Qd 8h] [Qc]
manly70: checks
Masqb: checks
*** SHOW DOWN ***
manly70: shows [Ah 2h] (two pair, Aces and Queens)
Masqb: shows [As 4h] (two pair, Aces and Queens)
manly70 collected $14.75 from pot
Masqb collected $14.75 from pot
*** SUMMARY ***
Total pot $30 | Rake $0.50
Board [5c Ac Qd 8h Qc]
Seat 3: manly70 (big blind) showed [Ah 2h] and won ($14.75) with two pair, Aces and Queens
Seat 6: Masqb (button) (small blind) showed [As 4h] and won ($14.75) with two pair, Aces and Queens


PokerStars Hand #147174084077:  Hold'em Limit ($3/$6 USD) - 2016/01/16 22:58:06 ET
Table 'Shedir II' 6-max Seat #3 is the button
Seat 3: manly70 ($102.19 in chips)
Seat 6: Masqb ($200.10 in chips)
manly70: posts small blind $1
Masqb: posts big blind $3
*** HOLE CARDS ***
manly70: folds
Uncalled bet ($2) returned to Masqb
Masqb collected $2 from pot
Masqb: doesn't show hand
*** SUMMARY ***
Total pot $2 | Rake $0
Seat 3: manly70 (button) (small blind) folded before Flop
Seat 6: Masqb (big blind) collected ($2)


PokerStars Hand #147174071637:  Hold'em Limit ($3/$6 USD) - 2016/01/16 22:57:35 ET
Table 'Shedir II' 6-max Seat #6 is the button
Seat 3: manly70 ($120.19 in chips)
Seat 6: Masqb ($182.60 in chips)
Masqb: posts small blind $1
manly70: posts big blind $3
*** HOLE CARDS ***
Masqb: raises $3 to $6
manly70: raises $3 to $9
Masqb: calls $3
*** FLOP *** [Qd 3h 5c]
manly70: bets $3
Masqb: calls $3
*** TURN *** [Qd 3h 5c] [7h]
manly70: bets $6
Masqb: calls $6
*** RIVER *** [Qd 3h 5c 7h] [Jc]
manly70: checks
Masqb: bets $6
manly70: folds
Uncalled bet ($6) returned to Masqb
Masqb collected $35.50 from pot
Masqb: doesn't show hand
*** SUMMARY ***
Total pot $36 | Rake $0.50
Board [Qd 3h 5c 7h Jc]
Seat 3: manly70 (big blind) folded on the River
Seat 6: Masqb (button) (small blind) collected ($35.50)


PokerStars Hand #147174097807:  Hold'em Limit ($3/$6 USD) - 2016/01/16 22:58:42 ET
Table 'Shedir II' 6-max Seat #3 is the button
Seat 3: manly70 ($100.94 in chips)
Seat 6: Masqb ($200.85 in chips)
manly70: posts small blind $1
Masqb: posts big blind $3
*** HOLE CARDS ***
manly70: raises $3 to $6
Masqb: calls $3
*** FLOP *** [Kd 6h 8d]
Masqb: checks
manly70: bets $3
Masqb: calls $3
*** TURN *** [Kd 6h 8d] [4h]
Masqb: checks
manly70: bets $6
Masqb: raises $6 to $12
manly70: calls $6
*** RIVER *** [Kd 6h 8d 4h] [Tc]
Masqb: checks
manly70: checks
*** SHOW DOWN ***
Masqb: shows [Qh 7h] (high card King)
manly70: mucks hand
Masqb collected $41.50 from pot
*** SUMMARY ***
Total pot $42 | Rake $0.50
Board [Kd 6h 8d 4h Tc]
Seat 3: manly70 (button) (small blind) mucked
Seat 6: Masqb (big blind) showed [Qh 7h] and won ($41.50) with high card King


PokerStars Hand #147174110446:  Hold'em Limit ($3/$6 USD) - 2016/01/16 22:59:21 ET
Table 'Shedir II' 6-max Seat #6 is the button
Seat 3: manly70 ($79.94 in chips)
Seat 6: Masqb ($221.35 in chips)
Masqb: posts small blind $1
manly70: posts big blind $3
*** HOLE CARDS ***
Masqb: raises $3 to $6
manly70: calls $3
*** FLOP *** [4c 6s 9s]
manly70: checks
Masqb: bets $3
manly70: calls $3
*** TURN *** [4c 6s 9s] [Jh]
manly70: checks
Masqb: bets $6
manly70: calls $6
*** RIVER *** [4c 6s 9s Jh] [Jd]
manly70: checks
Masqb: checks
*** SHOW DOWN ***
manly70: shows [Qh 4d] (two pair, Jacks and Fours)
Masqb: mucks hand
manly70 collected $29.50 from pot
*** SUMMARY ***
Total pot $30 | Rake $0.50
Board [4c 6s 9s Jh Jd]
Seat 3: manly70 (big blind) showed [Qh 4d] and won ($29.50) with two pair, Jacks and Fours
Seat 6: Masqb (button) (small blind) mucked


PokerStars Hand #147174123403:  Hold'em Limit ($3/$6 USD) - 2016/01/16 23:00:03 ET
Table 'Shedir II' 6-max Seat #6 is the button
Seat 3: manly70 ($97.44 in chips)
Seat 6: Masqb ($203.35 in chips)
Masqb: posts small blind $1
manly70: posts big blind $3
*** HOLE CARDS ***
Masqb: raises $3 to $6
manly70: calls $3
*** FLOP *** [3d Td Ts]
manly70: checks
Masqb: bets $3
manly70: calls $3
*** TURN *** [3d Td Ts] [Qd]
manly70: checks
Masqb: checks
*** RIVER *** [3d Td Ts Qd] [6d]
manly70: bets $6
Masqb: calls $6
*** SHOW DOWN ***
manly70: shows [5c Th] (three of a kind, Tens)
Masqb: mucks hand
manly70 collected $29.50 from pot
*** SUMMARY ***
Total pot $30 | Rake $0.50
Board [3d Td Ts Qd 6d]
Seat 3: manly70 (big blind) showed [5c Th] and won ($29.50) with three of a kind, Tens
Seat 6: Masqb (button) (small blind) mucked


PokerStars Hand #147174141945:  Hold'em Limit ($3/$6 USD) - 2016/01/16 23:00:59 ET
Table 'Shedir II' 6-max Seat #6 is the button
Seat 3: manly70 ($126.44 in chips)
Seat 6: Masqb ($173.35 in chips)
Masqb: posts small blind $1
manly70: posts big blind $3
*** HOLE CARDS ***
Masqb: folds
Uncalled bet ($2) returned to manly70
manly70 collected $2 from pot
manly70: doesn't show hand
*** SUMMARY ***
Total pot $2 | Rake $0
Seat 3: manly70 (big blind) collected ($2)
Seat 6: Masqb (button) (small blind) folded before Flop


PokerStars Hand #147174131636:  Hold'em Limit ($3/$6 USD) - 2016/01/16 23:00:28 ET
Table 'Shedir II' 6-max Seat #3 is the button
Seat 3: manly70 ($111.94 in chips)
Seat 6: Masqb ($188.35 in chips)
manly70: posts small blind $1
Masqb: posts big blind $3
*** HOLE CARDS ***
manly70: raises $3 to $6
Masqb: calls $3
*** FLOP *** [Ts Js 6c]
Masqb: checks
manly70: bets $3
Masqb: calls $3
*** TURN *** [Ts Js 6c] [Qd]
Masqb: checks
manly70: bets $6
Masqb: calls $6
*** RIVER *** [Ts Js 6c Qd] [5h]
Masqb: checks
manly70: checks
*** SHOW DOWN ***
Masqb: shows [As 5d] (a pair of Fives)
manly70: shows [8d 8c] (a pair of Eights)
manly70 collected $29.50 from pot
*** SUMMARY ***
Total pot $30 | Rake $0.50
Board [Ts Js 6c Qd 5h]
Seat 3: manly70 (button) (small blind) showed [8d 8c] and won ($29.50) with a pair of Eights
Seat 6: Masqb (big blind) showed [As 5d] and lost with a pair of Fives


PokerStars Hand #147174147718:  Hold'em Limit ($3/$6 USD) - 2016/01/16 23:01:16 ET
Table 'Shedir II' 6-max Seat #3 is the button
Seat 3: manly70 ($127.44 in chips)
Seat 6: Masqb ($172.35 in chips)
manly70: posts small blind $1
Masqb: posts big blind $3
*** HOLE CARDS ***
manly70: raises $3 to $6
Masqb: raises $3 to $9
manly70: calls $3
*** FLOP *** [4h 6c Jc]
Masqb: bets $3
manly70: raises $3 to $6
Masqb: calls $3
*** TURN *** [4h 6c Jc] [Qs]
Masqb: checks
manly70: bets $6
Masqb: calls $6
*** RIVER *** [4h 6c Jc Qs] [4s]
Masqb: checks
manly70: bets $6
aade1ante joins the table at seat #4
Masqb: calls $6
*** SHOW DOWN ***
manly70: shows [Kh Kd] (two pair, Kings and Fours)
Masqb: mucks hand
manly70 collected $53.50 from pot
*** SUMMARY ***
Total pot $54 | Rake $0.50
Board [4h 6c Jc Qs 4s]
Seat 3: manly70 (button) (small blind) showed [Kh Kd] and won ($53.50) with two pair, Kings and Fours
Seat 6: Masqb (big blind) mucked


PokerStars Hand #147174146043:  Hold'em Limit ($3/$6 USD) - 2016/01/16 23:01:11 ET
Table 'Shedir II' 6-max Seat #6 is the button
Seat 3: manly70 ($126.44 in chips)
Seat 6: Masqb ($173.35 in chips)
Masqb: posts small blind $1
manly70: posts big blind $3
*** HOLE CARDS ***
Masqb: folds
Uncalled bet ($2) returned to manly70
manly70 collected $2 from pot
manly70: doesn't show hand
*** SUMMARY ***
Total pot $2 | Rake $0
Seat 3: manly70 (big blind) collected ($2)
Seat 6: Masqb (button) (small blind) folded before Flop


PokerStars Hand #147174143737:  Hold'em Limit ($3/$6 USD) - 2016/01/16 23:01:04 ET
Table 'Shedir II' 6-max Seat #3 is the button
Seat 3: manly70 ($127.44 in chips)
Seat 6: Masqb ($172.35 in chips)
manly70: posts small blind $1
Masqb: posts big blind $3
*** HOLE CARDS ***
manly70: folds
Uncalled bet ($2) returned to Masqb
Masqb collected $2 from pot
Masqb: doesn't show hand
*** SUMMARY ***
Total pot $2 | Rake $0
Seat 3: manly70 (button) (small blind) folded before Flop
Seat 6: Masqb (big blind) collected ($2)


PokerStars Hand #147174165508:  Hold'em Limit ($3/$6 USD) - 2016/01/16 23:02:05 ET
Table 'Shedir II' 6-max Seat #6 is the button
Seat 3: manly70 ($153.94 in chips)
Seat 6: Masqb ($145.35 in chips)
Masqb: posts small blind $1
manly70: posts big blind $3
*** HOLE CARDS ***
Masqb: raises $3 to $6
manly70: calls $3
*** FLOP *** [9h 9s 2s]
manly70: checks
Masqb: bets $3
manly70: calls $3
*** TURN *** [9h 9s 2s] [5d]
manly70: checks
Masqb: bets $6
manly70: calls $6
*** RIVER *** [9h 9s 2s 5d] [Ah]
manly70: checks
Masqb: checks
*** SHOW DOWN ***
manly70: shows [Kd 4h] (a pair of Nines)
Masqb: mucks hand
manly70 collected $29.50 from pot
*** SUMMARY ***
Total pot $30 | Rake $0.50
Board [9h 9s 2s 5d Ah]
Seat 3: manly70 (big blind) showed [Kd 4h] and won ($29.50) with a pair of Nines
Seat 6: Masqb (button) (small blind) mucked


PokerStars Hand #147174180594:  Hold'em Limit ($3/$6 USD) - 2016/01/16 23:02:47 ET
Table 'Shedir II' 6-max Seat #6 is the button
Seat 3: manly70 ($167.44 in chips)
Seat 6: Masqb ($131.35 in chips)
Masqb: posts small blind $1
manly70: posts big blind $3
*** HOLE CARDS ***
Masqb: folds
Uncalled bet ($2) returned to manly70
manly70 collected $2 from pot
manly70: doesn't show hand
*** SUMMARY ***
Total pot $2 | Rake $0
Seat 3: manly70 (big blind) collected ($2)
Seat 6: Masqb (button) (small blind) folded before Flop


PokerStars Hand #147174178261:  Hold'em Limit ($3/$6 USD) - 2016/01/16 23:02:41 ET
Table 'Shedir II' 6-max Seat #3 is the button
Seat 3: manly70 ($168.44 in chips)
Seat 6: Masqb ($130.35 in chips)
manly70: posts small blind $1
Masqb: posts big blind $3
*** HOLE CARDS ***
manly70: folds
Uncalled bet ($2) returned to Masqb
Masqb collected $2 from pot
Masqb: doesn't show hand
*** SUMMARY ***
Total pot $2 | Rake $0
Seat 3: manly70 (button) (small blind) folded before Flop
Seat 6: Masqb (big blind) collected ($2)


PokerStars Hand #147174185603:  Hold'em Limit ($3/$6 USD) - 2016/01/16 23:03:01 ET
Table 'Shedir II' 6-max Seat #6 is the button
Seat 3: manly70 ($171.44 in chips)
Seat 6: Masqb ($127.35 in chips)
Masqb: posts small blind $1
manly70: posts big blind $3
*** HOLE CARDS ***
Masqb: folds
Uncalled bet ($2) returned to manly70
manly70 collected $2 from pot
*** SUMMARY ***
Total pot $2 | Rake $0
Seat 3: manly70 (big blind) collected ($2)
Seat 6: Masqb (button) (small blind) folded before Flop


PokerStars Hand #147174187467:  Hold'em Limit ($3/$6 USD) - 2016/01/16 23:03:07 ET
Table 'Shedir II' 6-max Seat #3 is the button
Seat 3: manly70 ($172.44 in chips)
Seat 6: Masqb ($126.35 in chips)
manly70: posts small blind $1
Masqb: posts big blind $3
*** HOLE CARDS ***
manly70: raises $3 to $6
Masqb: calls $3
*** FLOP *** [9d Ad 9s]
Masqb: checks
manly70: bets $3
Masqb: raises $3 to $6
manly70: calls $3
*** TURN *** [9d Ad 9s] [Jh]
Masqb: bets $6
manly70: calls $6
*** RIVER *** [9d Ad 9s Jh] [4c]
Masqb: bets $6
manly70: folds
Uncalled bet ($6) returned to Masqb
Masqb collected $35.50 from pot
Masqb: doesn't show hand
*** SUMMARY ***
Total pot $36 | Rake $0.50
Board [9d Ad 9s Jh 4c]
Seat 3: manly70 (button) (small blind) folded on the River
Seat 6: Masqb (big blind) collected ($35.50)


PokerStars Hand #147174196750:  Hold'em Limit ($3/$6 USD) - 2016/01/16 23:03:32 ET
Table 'Shedir II' 6-max Seat #6 is the button
Seat 3: manly70 ($154.44 in chips)
Seat 6: Masqb ($143.85 in chips)
Masqb: posts small blind $1
manly70: posts big blind $3
*** HOLE CARDS ***
Masqb: folds
Uncalled bet ($2) returned to manly70
manly70 collected $2 from pot
manly70: doesn't show hand
*** SUMMARY ***
Total pot $2 | Rake $0
Seat 3: manly70 (big blind) collected ($2)
Seat 6: Masqb (button) (small blind) folded before Flop


PokerStars Hand #147174199680:  Hold'em Limit ($3/$6 USD) - 2016/01/16 23:03:41 ET
Table 'Shedir II' 6-max Seat #3 is the button
Seat 3: manly70 ($155.44 in chips)
Seat 6: Masqb ($142.85 in chips)
manly70: posts small blind $1
Masqb: posts big blind $3
*** HOLE CARDS ***
manly70: raises $3 to $6
Masqb: calls $3
*** FLOP *** [3s 5c Kc]
Masqb: checks
manly70: bets $3
Masqb: folds
Uncalled bet ($3) returned to manly70
manly70 collected $11.76 from pot
manly70: doesn't show hand
*** SUMMARY ***
Total pot $12 | Rake $0.24
Board [3s 5c Kc]
Seat 3: manly70 (button) (small blind) collected ($11.76)
Seat 6: Masqb (big blind) folded on the Flop


PokerStars Hand #147174205895:  Hold'em Limit ($3/$6 USD) - 2016/01/16 23:03:58 ET
Table 'Shedir II' 6-max Seat #6 is the button
Seat 3: manly70 ($161.20 in chips)
Seat 6: Masqb ($136.85 in chips)
Masqb: posts small blind $1
manly70: posts big blind $3
*** HOLE CARDS ***
Masqb: raises $3 to $6
manly70: calls $3
*** FLOP *** [Kh 6h 7s]
manly70: checks
Masqb: bets $3
manly70: calls $3
*** TURN *** [Kh 6h 7s] [4c]
manly70: checks
Masqb: bets $6
manly70: raises $6 to $12
Masqb: calls $6
*** RIVER *** [Kh 6h 7s 4c] [8d]
manly70: bets $6
Masqb: folds
Uncalled bet ($6) returned to manly70
manly70 collected $41.50 from pot
manly70: doesn't show hand
*** SUMMARY ***
Total pot $42 | Rake $0.50
Board [Kh 6h 7s 4c 8d]
Seat 3: manly70 (big blind) collected ($41.50)
Seat 6: Masqb (button) (small blind) folded on the River


PokerStars Hand #147174232149:  Hold'em Limit ($3/$6 USD) - 2016/01/16 23:05:11 ET
Table 'Shedir II' 6-max Seat #6 is the button
Seat 3: manly70 ($205.20 in chips)
Seat 6: Masqb ($91.85 in chips)
Masqb: posts small blind $1
manly70: posts big blind $3
*** HOLE CARDS ***
Masqb: raises $3 to $6
manly70: calls $3
*** FLOP *** [4d 6d 9c]
manly70: checks
Masqb: bets $3
manly70: calls $3
*** TURN *** [4d 6d 9c] [Ac]
manly70: checks
Masqb: bets $6
manly70: calls $6
*** RIVER *** [4d 6d 9c Ac] [2c]
manly70: checks
Masqb: bets $6
manly70: raises $6 to $12
Masqb: calls $6
*** SHOW DOWN ***
manly70: shows [Qc Kc] (a flush, Ace high)
Masqb: mucks hand
manly70 collected $53.50 from pot
*** SUMMARY ***
Total pot $54 | Rake $0.50
Board [4d 6d 9c Ac 2c]
Seat 3: manly70 (big blind) showed [Qc Kc] and won ($53.50) with a flush, Ace high
Seat 6: Masqb (button) (small blind) mucked


PokerStars Hand #147174220558:  Hold'em Limit ($3/$6 USD) - 2016/01/16 23:04:39 ET
Table 'Shedir II' 6-max Seat #3 is the button
Seat 3: manly70 ($181.70 in chips)
Seat 6: Masqb ($115.85 in chips)
manly70: posts small blind $1
Masqb: posts big blind $3
*** HOLE CARDS ***
manly70: calls $2
Masqb: checks
*** FLOP *** [7d 3c 5d]
Masqb: bets $3
manly70: calls $3
*** TURN *** [7d 3c 5d] [Kd]
Masqb: bets $6
manly70: calls $6
*** RIVER *** [7d 3c 5d Kd] [4s]
Masqb: bets $6
manly70: raises $6 to $12
Masqb: calls $6
*** SHOW DOWN ***
manly70: shows [Td 6h] (a straight, Three to Seven)
Masqb: mucks hand
manly70 collected $47.50 from pot
*** SUMMARY ***
Total pot $48 | Rake $0.50
Board [7d 3c 5d Kd 4s]
Seat 3: manly70 (button) (small blind) showed [Td 6h] and won ($47.50) with a straight, Three to Seven
Seat 6: Masqb (big blind) mucked


PokerStars Hand #147174247928:  Hold'em Limit ($3/$6 USD) - 2016/01/16 23:05:55 ET
Table 'Shedir II' 6-max Seat #3 is the button
Seat 3: manly70 ($231.70 in chips)
Seat 6: Masqb ($64.85 in chips)
manly70: posts small blind $1
Masqb: posts big blind $3
*** HOLE CARDS ***
manly70: raises $3 to $6
Masqb: raises $3 to $9
manly70: calls $3
*** FLOP *** [2s Th 5d]
Masqb: bets $3
manly70: calls $3
*** TURN *** [2s Th 5d] [6c]
Masqb: bets $6
manly70: calls $6
*** RIVER *** [2s Th 5d 6c] [4h]
Masqb: bets $6
manly70: calls $6
*** SHOW DOWN ***
Masqb: shows [Jd Td] (a pair of Tens)
manly70: mucks hand
Masqb collected $47.50 from pot
*** SUMMARY ***
Total pot $48 | Rake $0.50
Board [2s Th 5d 6c 4h]
Seat 3: manly70 (button) (small blind) mucked
Seat 6: Masqb (big blind) showed [Jd Td] and won ($47.50) with a pair of Tens


PokerStars Hand #147174258517:  Hold'em Limit ($3/$6 USD) - 2016/01/16 23:06:25 ET
Table 'Shedir II' 6-max Seat #6 is the button
Seat 3: manly70 ($207.70 in chips)
Seat 6: Masqb ($88.35 in chips)
Masqb: posts small blind $1
manly70: posts big blind $3
*** HOLE CARDS ***
Masqb: raises $3 to $6
manly70: calls $3
*** FLOP *** [8d Ts 2h]
manly70: checks
Masqb: bets $3
manly70: folds
Uncalled bet ($3) returned to Masqb
Masqb collected $11.76 from pot
Masqb: doesn't show hand
*** SUMMARY ***
Total pot $12 | Rake $0.24
Board [8d Ts 2h]
Seat 3: manly70 (big blind) folded on the Flop
Seat 6: Masqb (button) (small blind) collected ($11.76)


PokerStars Hand #147174264840:  Hold'em Limit ($3/$6 USD) - 2016/01/16 23:06:43 ET
Table 'Shedir II' 6-max Seat #3 is the button
Seat 3: manly70 ($201.70 in chips)
Seat 6: Masqb ($94.11 in chips)
manly70: posts small blind $1
Masqb: posts big blind $3
*** HOLE CARDS ***
manly70: calls $2
Masqb: raises $3 to $6
manly70: calls $3
*** FLOP *** [8h Qs 2c]
Masqb: bets $3
manly70: folds
Uncalled bet ($3) returned to Masqb
Masqb collected $11.76 from pot
Masqb: doesn't show hand
*** SUMMARY ***
Total pot $12 | Rake $0.24
Board [8h Qs 2c]
Seat 3: manly70 (button) (small blind) folded on the Flop
Seat 6: Masqb (big blind) collected ($11.76)


PokerStars Hand #147174274396:  Hold'em Limit ($3/$6 USD) - 2016/01/16 23:07:10 ET
Table 'Shedir II' 6-max Seat #3 is the button
Seat 3: manly70 ($196.70 in chips)
Seat 6: Masqb ($98.87 in chips)
manly70: posts small blind $1
Masqb: posts big blind $3
*** HOLE CARDS ***
manly70: raises $3 to $6
Masqb: calls $3
*** FLOP *** [3d Ah 6h]
Masqb: checks
manly70: bets $3
Masqb: calls $3
*** TURN *** [3d Ah 6h] [Qc]
Masqb: checks
manly70: checks
*** RIVER *** [3d Ah 6h Qc] [3c]
Masqb: checks
manly70: bets $6
Masqb: folds
Uncalled bet ($6) returned to manly70
manly70 collected $17.64 from pot
manly70: doesn't show hand
*** SUMMARY ***
Total pot $18 | Rake $0.36
Board [3d Ah 6h Qc 3c]
Seat 3: manly70 (button) (small blind) collected ($17.64)
Seat 6: Masqb (big blind) folded on the River


PokerStars Hand #147174285793:  Hold'em Limit ($3/$6 USD) - 2016/01/16 23:07:42 ET
Table 'Shedir II' 6-max Seat #6 is the button
Seat 3: manly70 ($205.34 in chips)
Seat 6: Masqb ($89.87 in chips)
Masqb: posts small blind $1
manly70: posts big blind $3
*** HOLE CARDS ***
Masqb: raises $3 to $6
manly70: folds
Uncalled bet ($3) returned to Masqb
Masqb collected $6 from pot
Masqb: doesn't show hand
*** SUMMARY ***
Total pot $6 | Rake $0
Seat 3: manly70 (big blind) folded before Flop
Seat 6: Masqb (button) (small blind) collected ($6)


PokerStars Hand #147174272140:  Hold'em Limit ($3/$6 USD) - 2016/01/16 23:07:04 ET
Table 'Shedir II' 6-max Seat #6 is the button
Seat 3: manly70 ($195.70 in chips)
Seat 6: Masqb ($99.87 in chips)
Masqb: posts small blind $1
manly70: posts big blind $3
*** HOLE CARDS ***
Masqb: folds
Uncalled bet ($2) returned to manly70
manly70 collected $2 from pot
manly70: doesn't show hand
*** SUMMARY ***
Total pot $2 | Rake $0
Seat 3: manly70 (big blind) collected ($2)
Seat 6: Masqb (button) (small blind) folded before Flop


PokerStars Hand #147174288250:  Hold'em Limit ($3/$6 USD) - 2016/01/16 23:07:49 ET
Table 'Shedir II' 6-max Seat #3 is the button
Seat 3: manly70 ($202.34 in chips)
Seat 6: Masqb ($92.87 in chips)
manly70: posts small blind $1
Masqb: posts big blind $3
*** HOLE CARDS ***
manly70: raises $3 to $6
Masqb: calls $3
*** FLOP *** [Ad 3c 6c]
Masqb: checks
manly70: bets $3
Masqb: raises $3 to $6
manly70: calls $3
*** TURN *** [Ad 3c 6c] [3s]
Masqb: bets $6
manly70: folds
Uncalled bet ($6) returned to Masqb
Masqb collected $23.52 from pot
Masqb: doesn't show hand
*** SUMMARY ***
Total pot $24 | Rake $0.48
Board [Ad 3c 6c 3s]
Seat 3: manly70 (button) (small blind) folded on the Turn
Seat 6: Masqb (big blind) collected ($23.52)


PokerStars Hand #147174301779:  Hold'em Limit ($3/$6 USD) - 2016/01/16 23:08:28 ET
Table 'Shedir II' 6-max Seat #6 is the button
Seat 3: manly70 ($190.34 in chips)
Seat 6: Masqb ($104.39 in chips)
Masqb: posts small blind $1
manly70: posts big blind $3
*** HOLE CARDS ***
Masqb: raises $3 to $6
manly70: calls $3
*** FLOP *** [7d 3d Jd]
manly70: checks
Masqb: bets $3
manly70: calls $3
*** TURN *** [7d 3d Jd] [6d]
manly70: checks
Masqb: checks
*** RIVER *** [7d 3d Jd 6d] [3s]
manly70: bets $6
Masqb: calls $6
*** SHOW DOWN ***
manly70: shows [8h Kd] (a flush, King high)
Masqb: mucks hand
manly70 collected $29.50 from pot
*** SUMMARY ***
Total pot $30 | Rake $0.50
Board [7d 3d Jd 6d 3s]
Seat 3: manly70 (big blind) showed [8h Kd] and won ($29.50) with a flush, King high
Seat 6: Masqb (button) (small blind) mucked


PokerStars Hand #147174311665:  Hold'em Limit ($3/$6 USD) - 2016/01/16 23:08:56 ET
Table 'Shedir II' 6-max Seat #3 is the button
Seat 3: manly70 ($204.84 in chips)
Seat 6: Masqb ($89.39 in chips)
manly70: posts small blind $1
Masqb: posts big blind $3
*** HOLE CARDS ***
manly70: folds
Uncalled bet ($2) returned to Masqb
Masqb collected $2 from pot
Masqb: doesn't show hand
*** SUMMARY ***
Total pot $2 | Rake $0
Seat 3: manly70 (button) (small blind) folded before Flop
Seat 6: Masqb (big blind) collected ($2)


PokerStars Hand #147174313853:  Hold'em Limit ($3/$6 USD) - 2016/01/16 23:09:02 ET
Table 'Shedir II' 6-max Seat #6 is the button
Seat 3: manly70 ($203.84 in chips)
Seat 6: Masqb ($90.39 in chips)
Masqb: posts small blind $1
manly70: posts big blind $3
*** HOLE CARDS ***
Masqb: raises $3 to $6
manly70: calls $3
*** FLOP *** [Ah Jc 4s]
manly70: checks
Masqb: bets $3
lanford joins the table at seat #5
manly70: folds
Uncalled bet ($3) returned to Masqb
Masqb collected $11.76 from pot
Masqb: doesn't show hand
*** SUMMARY ***
Total pot $12 | Rake $0.24
Board [Ah Jc 4s]
Seat 3: manly70 (big blind) folded on the Flop
Seat 6: Masqb (button) (small blind) collected ($11.76)


PokerStars Hand #147175133047:  Hold'em Limit ($3/$6 USD) - 2016/01/16 23:51:31 ET
Table 'Shedir II' 6-max Seat #4 is the button
Seat 3: manly70 ($366.48 in chips)
Seat 4: Masqb ($148.27 in chips)
Masqb: posts small blind $1
lanford: is sitting out
LWNS: is sitting out
manly70: posts big blind $3
*** HOLE CARDS ***
lelala leaves the table
Masqb: raises $3 to $6
lanford leaves the table
manly70: calls $3
*** FLOP *** [Tc Ah 2c]
manly70: checks
Masqb: bets $3
manly70: calls $3
*** TURN *** [Tc Ah 2c] [4d]
manly70: checks
Masqb: bets $6
manly70: calls $6
*** RIVER *** [Tc Ah 2c 4d] [9d]
manly70: checks
Masqb: bets $6
manly70: calls $6
*** SHOW DOWN ***
Masqb: shows [Th 2s] (two pair, Tens and Deuces)
manly70: mucks hand
Masqb collected $41.50 from pot
*** SUMMARY ***
Total pot $42 | Rake $0.50
Board [Tc Ah 2c 4d 9d]
Seat 3: manly70 (big blind) mucked
Seat 4: Masqb (button) (small blind) showed [Th 2s] and won ($41.50) with two pair, Tens and Deuces


PokerStars Hand #147175143989:  Hold'em Limit ($3/$6 USD) - 2016/01/16 23:52:07 ET
Table 'Shedir II' 6-max Seat #3 is the button
Seat 3: manly70 ($345.48 in chips)
Seat 4: Masqb ($168.77 in chips)
manly70: posts small blind $1
Masqb: posts big blind $3
*** HOLE CARDS ***
manly70: raises $3 to $6
Masqb: calls $3
*** FLOP *** [Jh 7h 9d]
Masqb: checks
manly70: bets $3
LWNS leaves the table
Masqb: folds
Uncalled bet ($3) returned to manly70
manly70 collected $11.76 from pot
manly70: doesn't show hand
*** SUMMARY ***
Total pot $12 | Rake $0.24
Board [Jh 7h 9d]
Seat 3: manly70 (button) (small blind) collected ($11.76)
Seat 4: Masqb (big blind) folded on the Flop


PokerStars Hand #147175149622:  Hold'em Limit ($3/$6 USD) - 2016/01/16 23:52:26 ET
Table 'Shedir II' 6-max Seat #4 is the button
Seat 3: manly70 ($351.24 in chips)
Seat 4: Masqb ($162.77 in chips)
Masqb: posts small blind $1
manly70: posts big blind $3
*** HOLE CARDS ***
Masqb: raises $3 to $6
manly70: calls $3
*** FLOP *** [Qs Td 7c]
manly70: checks
Masqb: bets $3
manly70: calls $3
*** TURN *** [Qs Td 7c] [Ks]
manly70: checks
Masqb: bets $6
manly70: raises $6 to $12
Masqb: raises $6 to $18
manly70: calls $6
*** RIVER *** [Qs Td 7c Ks] [4h]
manly70: checks
Masqb: bets $6
manly70: calls $6
*** SHOW DOWN ***
Masqb: shows [As Js] (a straight, Ten to Ace)
manly70: mucks hand
Masqb collected $65.50 from pot
*** SUMMARY ***
Total pot $66 | Rake $0.50
Board [Qs Td 7c Ks 4h]
Seat 3: manly70 (big blind) mucked
Seat 4: Masqb (button) (small blind) showed [As Js] and won ($65.50) with a straight, Ten to Ace


PokerStars Hand #147175160870:  Hold'em Limit ($3/$6 USD) - 2016/01/16 23:53:03 ET
Table 'Shedir II' 6-max Seat #3 is the button
Seat 3: manly70 ($318.24 in chips)
Seat 4: Masqb ($195.27 in chips)
manly70: posts small blind $1
Masqb: posts big blind $3
*** HOLE CARDS ***
manly70: raises $3 to $6
Masqb: raises $3 to $9
manly70: calls $3
*** FLOP *** [Kh Qc Kd]
Masqb: bets $3
manly70: folds
Uncalled bet ($3) returned to Masqb
Masqb collected $17.64 from pot
Masqb: doesn't show hand
*** SUMMARY ***
Total pot $18 | Rake $0.36
Board [Kh Qc Kd]
Seat 3: manly70 (button) (small blind) folded on the Flop
Seat 4: Masqb (big blind) collected ($17.64)


PokerStars Hand #147175165411:  Hold'em Limit ($3/$6 USD) - 2016/01/16 23:53:18 ET
Table 'Shedir II' 6-max Seat #4 is the button
Seat 3: manly70 ($309.24 in chips)
Seat 4: Masqb ($203.91 in chips)
Masqb: posts small blind $1
manly70: posts big blind $3
*** HOLE CARDS ***
Masqb: folds
Uncalled bet ($2) returned to manly70
manly70 collected $2 from pot
manly70: doesn't show hand
*** SUMMARY ***
Total pot $2 | Rake $0
Seat 3: manly70 (big blind) collected ($2)
Seat 4: Masqb (button) (small blind) folded before Flop


PokerStars Hand #147175167117:  Hold'em Limit ($3/$6 USD) - 2016/01/16 23:53:23 ET
Table 'Shedir II' 6-max Seat #3 is the button
Seat 3: manly70 ($310.24 in chips)
Seat 4: Masqb ($202.91 in chips)
manly70: posts small blind $1
Masqb: posts big blind $3
*** HOLE CARDS ***
manly70: raises $3 to $6
Masqb: calls $3
*** FLOP *** [Kd Jc 2s]
Masqb: checks
manly70: bets $3
Masqb: raises $3 to $6
manly70: calls $3
*** TURN *** [Kd Jc 2s] [4s]
Masqb: bets $6
manly70: calls $6
*** RIVER *** [Kd Jc 2s 4s] [9h]
Masqb: bets $6
manly70: folds
Uncalled bet ($6) returned to Masqb
Masqb collected $35.50 from pot
Masqb: doesn't show hand
*** SUMMARY ***
Total pot $36 | Rake $0.50
Board [Kd Jc 2s 4s 9h]
Seat 3: manly70 (button) (small blind) folded on the River
Seat 4: Masqb (big blind) collected ($35.50)


PokerStars Hand #147175176938:  Hold'em Limit ($3/$6 USD) - 2016/01/16 23:53:56 ET
Table 'Shedir II' 6-max Seat #4 is the button
Seat 3: manly70 ($292.24 in chips)
Seat 4: Masqb ($220.41 in chips)
Masqb: posts small blind $1
manly70: posts big blind $3
*** HOLE CARDS ***
Masqb: raises $3 to $6
manly70: calls $3
*** FLOP *** [8c As Qh]
manly70: checks
Masqb: bets $3
manly70: folds
Uncalled bet ($3) returned to Masqb
Masqb collected $11.76 from pot
Masqb: doesn't show hand
*** SUMMARY ***
Total pot $12 | Rake $0.24
Board [8c As Qh]
Seat 3: manly70 (big blind) folded on the Flop
Seat 4: Masqb (button) (small blind) collected ($11.76)


PokerStars Hand #147175181606:  Hold'em Limit ($3/$6 USD) - 2016/01/16 23:54:11 ET
Table 'Shedir II' 6-max Seat #3 is the button
Seat 3: manly70 ($286.24 in chips)
Seat 4: Masqb ($226.17 in chips)
manly70: posts small blind $1
Masqb: posts big blind $3
*** HOLE CARDS ***
manly70: raises $3 to $6
Masqb: calls $3
*** FLOP *** [6c Jd 2h]
Masqb: checks
manly70: bets $3
Masqb: calls $3
*** TURN *** [6c Jd 2h] [6h]
Masqb: checks
manly70: bets $6
Masqb: calls $6
*** RIVER *** [6c Jd 2h 6h] [Ah]
Masqb: bets $6
manly70: raises $6 to $12
Masqb: folds
Uncalled bet ($6) returned to manly70
manly70 collected $41.50 from pot
manly70: doesn't show hand
*** SUMMARY ***
Total pot $42 | Rake $0.50
Board [6c Jd 2h 6h Ah]
Seat 3: manly70 (button) (small blind) collected ($41.50)
Seat 4: Masqb (big blind) folded on the River


PokerStars Hand #147175194247:  Hold'em Limit ($3/$6 USD) - 2016/01/16 23:54:54 ET
Table 'Shedir II' 6-max Seat #4 is the button
Seat 3: manly70 ($306.74 in chips)
Seat 4: Masqb ($205.17 in chips)
Masqb: posts small blind $1
manly70: posts big blind $3
*** HOLE CARDS ***
Masqb: raises $3 to $6
manly70: calls $3
*** FLOP *** [7s Kc Th]
manly70: checks
Masqb: bets $3
manly70: calls $3
*** TURN *** [7s Kc Th] [6s]
manly70: checks
youneedmeman joins the table at seat #6
Masqb is disconnected
Masqb has timed out while disconnected
Masqb: checks
*** RIVER *** [7s Kc Th 6s] [Td]
manly70: bets $6
youneedmeman leaves the table
Masqb has timed out while disconnected
Masqb: folds
Uncalled bet ($6) returned to manly70
manly70 collected $17.64 from pot
manly70: doesn't show hand
*** SUMMARY ***
Total pot $18 | Rake $0.36
Board [7s Kc Th 6s Td]
Seat 3: manly70 (big blind) collected ($17.64)
Seat 4: Masqb (button) (small blind) folded on the River


PokerStars Hand #147175813789:  Hold'em Limit ($3/$6 USD) - 2016/01/17 0:29:25 ET
Table 'Shedir II' 6-max Seat #3 is the button
Seat 3: Harlaur ($120 in chips)
Seat 4: Masqb ($196.17 in chips)
Harlaur: posts small blind $1
Masqb: posts big blind $3
*** HOLE CARDS ***
Harlaur: folds
Uncalled bet ($2) returned to Masqb
Masqb collected $2 from pot
Masqb: doesn't show hand
*** SUMMARY ***
Total pot $2 | Rake $0
Seat 3: Harlaur (button) (small blind) folded before Flop
Seat 4: Masqb (big blind) collected ($2)


PokerStars Hand #147175816380:  Hold'em Limit ($3/$6 USD) - 2016/01/17 0:29:34 ET
Table 'Shedir II' 6-max Seat #4 is the button
Seat 3: Harlaur ($119 in chips)
Seat 4: Masqb ($197.17 in chips)
Masqb: posts small blind $1
Harlaur: posts big blind $3
*** HOLE CARDS ***
Masqb: raises $3 to $6
Harlaur: calls $3
*** FLOP *** [9s 9h Td]
Harlaur: checks
Masqb: bets $3
Harlaur: calls $3
*** TURN *** [9s 9h Td] [5s]
alictov joins the table at seat #2
Harlaur: bets $6
Masqb: calls $6
*** RIVER *** [9s 9h Td 5s] [3c]
harrydonkey joins the table at seat #6
Harlaur: bets $6
viviangle joins the table at seat #5
Masqb: calls $6
*** SHOW DOWN ***
Harlaur: shows [Kh Tc] (two pair, Tens and Nines)
Masqb: mucks hand
Harlaur collected $41.50 from pot
*** SUMMARY ***
Total pot $42 | Rake $0.50
Board [9s 9h Td 5s 3c]
Seat 3: Harlaur (big blind) showed [Kh Tc] and won ($41.50) with two pair, Tens and Nines
Seat 4: Masqb (button) (small blind) mucked


PokerStars Hand #147175826388:  Hold'em Limit ($3/$6 USD) - 2016/01/17 0:30:07 ET
Table 'Shedir II' 6-max Seat #3 is the button
Seat 3: Harlaur ($139.50 in chips)
Seat 4: Masqb ($176.17 in chips)
Harlaur: posts small blind $1
Masqb: posts big blind $3
*** HOLE CARDS ***
Harlaur: raises $3 to $6
Masqb: raises $3 to $9
Harlaur: calls $3
*** FLOP *** [4h 6s 8h]
Masqb: bets $3
Harlaur: calls $3
*** TURN *** [4h 6s 8h] [8d]
Masqb: bets $6
Harlaur: calls $6
*** RIVER *** [4h 6s 8h 8d] [5c]
Masqb: checks
Harlaur: checks
*** SHOW DOWN ***
Masqb: shows [Kd 4d] (two pair, Eights and Fours)
Harlaur: mucks hand
Masqb collected $35.50 from pot
*** SUMMARY ***
Total pot $36 | Rake $0.50
Board [4h 6s 8h 8d 5c]
Seat 3: Harlaur (button) (small blind) mucked
Seat 4: Masqb (big blind) showed [Kd 4d] and won ($35.50) with two pair, Eights and Fours


PokerStars Hand #147177201774:  Hold'em Limit ($3/$6 USD) - 2016/01/17 1:45:28 ET
Table 'Shedir II' 6-max Seat #6 is the button
Seat 5: grabaz ($228.32 in chips)
Seat 6: harrydonkey ($156.29 in chips)
harrydonkey: posts small blind $1
hsnew2012: is sitting out
grabaz: posts big blind $3
*** HOLE CARDS ***
harrydonkey: raises $3 to $6
hsnew2012 leaves the table
grabaz: calls $3
*** FLOP *** [2c 5h 2d]
grabaz: checks
harrydonkey: bets $3
grabaz: calls $3
*** TURN *** [2c 5h 2d] [Ah]
grabaz: checks
harrydonkey: bets $6
grabaz: folds
Uncalled bet ($6) returned to harrydonkey
harrydonkey collected $17.64 from pot
*** SUMMARY ***
Total pot $18 | Rake $0.36
Board [2c 5h 2d Ah]
Seat 5: grabaz (big blind) folded on the Turn
Seat 6: harrydonkey (button) (small blind) collected ($17.64)


PokerStars Hand #147177209329:  Hold'em Limit ($3/$6 USD) - 2016/01/17 1:45:54 ET
Table 'Shedir II' 6-max Seat #5 is the button
Seat 5: grabaz ($219.32 in chips)
Seat 6: harrydonkey ($164.93 in chips)
grabaz: posts small blind $1
harrydonkey: posts big blind $3
*** HOLE CARDS ***
grabaz: raises $3 to $6
harrydonkey: calls $3
*** FLOP *** [As Ac 5h]
harrydonkey: checks
grabaz: bets $3
harrydonkey: folds
Uncalled bet ($3) returned to grabaz
grabaz collected $11.76 from pot
grabaz: doesn't show hand
*** SUMMARY ***
Total pot $12 | Rake $0.24
Board [As Ac 5h]
Seat 5: grabaz (button) (small blind) collected ($11.76)
Seat 6: harrydonkey (big blind) folded on the Flop


PokerStars Hand #147177214084:  Hold'em Limit ($3/$6 USD) - 2016/01/17 1:46:10 ET
Table 'Shedir II' 6-max Seat #6 is the button
Seat 5: grabaz ($225.08 in chips)
Seat 6: harrydonkey ($158.93 in chips)
harrydonkey: posts small blind $1
grabaz: posts big blind $3
*** HOLE CARDS ***
harrydonkey: raises $3 to $6
grabaz: calls $3
*** FLOP *** [6s Jd 8c]
grabaz: checks
harrydonkey: bets $3
grabaz: raises $3 to $6
harrydonkey: calls $3
*** TURN *** [6s Jd 8c] [Jc]
grabaz: bets $6
harrydonkey: calls $6
*** RIVER *** [6s Jd 8c Jc] [Kc]
grabaz: bets $6
harrydonkey: raises $6 to $12
grabaz: calls $6
*** SHOW DOWN ***
harrydonkey: shows [Ad Js] (three of a kind, Jacks)
grabaz: mucks hand
harrydonkey collected $59.50 from pot
*** SUMMARY ***
Total pot $60 | Rake $0.50
Board [6s Jd 8c Jc Kc]
Seat 5: grabaz (big blind) mucked
Seat 6: harrydonkey (button) (small blind) showed [Ad Js] and won ($59.50) with three of a kind, Jacks


PokerStars Hand #147177226099:  Hold'em Limit ($3/$6 USD) - 2016/01/17 1:46:50 ET
Table 'Shedir II' 6-max Seat #5 is the button
Seat 5: grabaz ($195.08 in chips)
Seat 6: harrydonkey ($188.43 in chips)
grabaz: posts small blind $1
harrydonkey: posts big blind $3
*** HOLE CARDS ***
grabaz: raises $3 to $6
harrydonkey: raises $3 to $9
grabaz: calls $3
*** FLOP *** [6d 5c Kc]
harrydonkey: bets $3
grabaz: calls $3
*** TURN *** [6d 5c Kc] [3h]
harrydonkey: bets $6
grabaz: raises $6 to $12
harrydonkey: calls $6
*** RIVER *** [6d 5c Kc 3h] [5h]
harrydonkey: checks
grabaz: bets $6
harrydonkey: calls $6
*** SHOW DOWN ***
grabaz: shows [7d Kh] (two pair, Kings and Fives)
harrydonkey: shows [Ad Js]
grabaz collected $59.50 from pot
*** SUMMARY ***
Total pot $60 | Rake $0.50
Board [6d 5c Kc 3h 5h]
Seat 5: grabaz (button) (small blind) showed [7d Kh] and won ($59.50) with two pair, Kings and Fives
Seat 6: harrydonkey (big blind) mucked [Ad Js]


PokerStars Hand #147177263876:  Hold'em Limit ($3/$6 USD) - 2016/01/17 1:48:56 ET
Table 'Shedir II' 6-max Seat #6 is the button
Seat 5: grabaz ($277.58 in chips)
Seat 6: harrydonkey ($104.43 in chips)
harrydonkey: posts small blind $1
grabaz: posts big blind $3
*** HOLE CARDS ***
harrydonkey: raises $3 to $6
grabaz: folds
Uncalled bet ($3) returned to harrydonkey
harrydonkey collected $6 from pot
*** SUMMARY ***
Total pot $6 | Rake $0
Seat 5: grabaz (big blind) folded before Flop
Seat 6: harrydonkey (button) (small blind) collected ($6)


PokerStars Hand #147177254243:  Hold'em Limit ($3/$6 USD) - 2016/01/17 1:48:23 ET
Table 'Shedir II' 6-max Seat #5 is the button
Seat 5: grabaz ($251.08 in chips)
Seat 6: harrydonkey ($131.43 in chips)
grabaz: posts small blind $1
harrydonkey: posts big blind $3
*** HOLE CARDS ***
grabaz: raises $3 to $6
harrydonkey: calls $3
*** FLOP *** [5s 8d 2d]
harrydonkey: checks
grabaz: bets $3
harrydonkey: calls $3
*** TURN *** [5s 8d 2d] [Qs]
harrydonkey: checks
grabaz: bets $6
harrydonkey: calls $6
*** RIVER *** [5s 8d 2d Qs] [9d]
harrydonkey: checks
grabaz: bets $6
harrydonkey: raises $6 to $12
grabaz: calls $6
*** SHOW DOWN ***
harrydonkey: shows [9s 6d] (a pair of Nines)
grabaz: shows [Qc Td] (a pair of Queens)
grabaz collected $53.50 from pot
*** SUMMARY ***
Total pot $54 | Rake $0.50
Board [5s 8d 2d Qs 9d]
Seat 5: grabaz (button) (small blind) showed [Qc Td] and won ($53.50) with a pair of Queens
Seat 6: harrydonkey (big blind) showed [9s 6d] and lost with a pair of Nines


PokerStars Hand #147177243146:  Hold'em Limit ($3/$6 USD) - 2016/01/17 1:47:47 ET
Table 'Shedir II' 6-max Seat #6 is the button
Seat 5: grabaz ($224.58 in chips)
Seat 6: harrydonkey ($158.43 in chips)
harrydonkey: posts small blind $1
grabaz: posts big blind $3
*** HOLE CARDS ***
harrydonkey: raises $3 to $6
grabaz: calls $3
*** FLOP *** [Th 3c 6s]
grabaz: checks
harrydonkey: bets $3
grabaz: calls $3
*** TURN *** [Th 3c 6s] [9d]
grabaz: checks
harrydonkey: bets $6
grabaz: raises $6 to $12
harrydonkey: raises $6 to $18
grabaz: calls $6
*** RIVER *** [Th 3c 6s 9d] [4h]
grabaz: checks
harrydonkey: checks
*** SHOW DOWN ***
grabaz: shows [9c 3s] (two pair, Nines and Threes)
harrydonkey: mucks hand
grabaz collected $53.50 from pot
*** SUMMARY ***
Total pot $54 | Rake $0.50
Board [Th 3c 6s 9d 4h]
Seat 5: grabaz (big blind) showed [9c 3s] and won ($53.50) with two pair, Nines and Threes
Seat 6: harrydonkey (button) (small blind) mucked


PokerStars Hand #147177265723:  Hold'em Limit ($3/$6 USD) - 2016/01/17 1:49:02 ET
Table 'Shedir II' 6-max Seat #5 is the button
Seat 5: grabaz ($274.58 in chips)
Seat 6: harrydonkey ($107.43 in chips)
grabaz: posts small blind $1
harrydonkey: posts big blind $3
*** HOLE CARDS ***
grabaz: raises $3 to $6
harrydonkey: raises $3 to $9
grabaz: calls $3
*** FLOP *** [7s As Ac]
harrydonkey: bets $3
grabaz: folds
Uncalled bet ($3) returned to harrydonkey
harrydonkey collected $17.64 from pot
*** SUMMARY ***
Total pot $18 | Rake $0.36
Board [7s As Ac]
Seat 5: grabaz (button) (small blind) folded on the Flop
Seat 6: harrydonkey (big blind) collected ($17.64)


PokerStars Hand #147177268846:  Hold'em Limit ($3/$6 USD) - 2016/01/17 1:49:13 ET
Table 'Shedir II' 6-max Seat #6 is the button
Seat 5: grabaz ($265.58 in chips)
Seat 6: harrydonkey ($116.07 in chips)
harrydonkey: posts small blind $1
grabaz: posts big blind $3
*** HOLE CARDS ***
harrydonkey: folds
Uncalled bet ($2) returned to grabaz
grabaz collected $2 from pot
grabaz: doesn't show hand
*** SUMMARY ***
Total pot $2 | Rake $0
Seat 5: grabaz (big blind) collected ($2)
Seat 6: harrydonkey (button) (small blind) folded before Flop


PokerStars Hand #147177270433:  Hold'em Limit ($3/$6 USD) - 2016/01/17 1:49:18 ET
Table 'Shedir II' 6-max Seat #5 is the button
Seat 5: grabaz ($266.58 in chips)
Seat 6: harrydonkey ($115.07 in chips)
grabaz: posts small blind $1
harrydonkey: posts big blind $3
*** HOLE CARDS ***
grabaz: raises $3 to $6
harrydonkey: calls $3
*** FLOP *** [Kh Qd 2c]
harrydonkey: checks
grabaz: bets $3
harrydonkey: calls $3
*** TURN *** [Kh Qd 2c] [6h]
harrydonkey: checks
grabaz: checks
*** RIVER *** [Kh Qd 2c 6h] [5h]
harrydonkey: checks
grabaz: bets $6
harrydonkey: calls $6
*** SHOW DOWN ***
grabaz: shows [5s 9s] (a pair of Fives)
harrydonkey: shows [2h 3d] (a pair of Deuces)
grabaz collected $29.50 from pot
*** SUMMARY ***
Total pot $30 | Rake $0.50
Board [Kh Qd 2c 6h 5h]
Seat 5: grabaz (button) (small blind) showed [5s 9s] and won ($29.50) with a pair of Fives
Seat 6: harrydonkey (big blind) showed [2h 3d] and lost with a pair of Deuces


PokerStars Hand #147177283938:  Hold'em Limit ($3/$6 USD) - 2016/01/17 1:50:04 ET
Table 'Shedir II' 6-max Seat #6 is the button
Seat 5: grabaz ($281.08 in chips)
Seat 6: harrydonkey ($100.07 in chips)
harrydonkey: posts small blind $1
grabaz: posts big blind $3
*** HOLE CARDS ***
harrydonkey: folds
Uncalled bet ($2) returned to grabaz
grabaz collected $2 from pot
grabaz: doesn't show hand
*** SUMMARY ***
Total pot $2 | Rake $0
Seat 5: grabaz (big blind) collected ($2)
Seat 6: harrydonkey (button) (small blind) folded before Flop


PokerStars Hand #147177285605:  Hold'em Limit ($3/$6 USD) - 2016/01/17 1:50:09 ET
Table 'Shedir II' 6-max Seat #5 is the button
Seat 5: grabaz ($282.08 in chips)
Seat 6: harrydonkey ($99.07 in chips)
grabaz: posts small blind $1
harrydonkey: posts big blind $3
*** HOLE CARDS ***
grabaz: raises $3 to $6
harrydonkey: folds
Uncalled bet ($3) returned to grabaz
grabaz collected $6 from pot
grabaz: doesn't show hand
*** SUMMARY ***
Total pot $6 | Rake $0
Seat 5: grabaz (button) (small blind) collected ($6)
Seat 6: harrydonkey (big blind) folded before Flop


PokerStars Hand #147177296609:  Hold'em Limit ($3/$6 USD) - 2016/01/17 1:50:46 ET
Table 'Shedir II' 6-max Seat #5 is the button
Seat 5: grabaz ($320.58 in chips)
Seat 6: harrydonkey ($60.07 in chips)
grabaz: posts small blind $1
harrydonkey: posts big blind $3
*** HOLE CARDS ***
grabaz: folds
Uncalled bet ($2) returned to harrydonkey
harrydonkey collected $2 from pot
*** SUMMARY ***
Total pot $2 | Rake $0
Seat 5: grabaz (button) (small blind) folded before Flop
Seat 6: harrydonkey (big blind) collected ($2)


PokerStars Hand #147177288374:  Hold'em Limit ($3/$6 USD) - 2016/01/17 1:50:19 ET
Table 'Shedir II' 6-max Seat #6 is the button
Seat 5: grabaz ($285.08 in chips)
Seat 6: harrydonkey ($96.07 in chips)
harrydonkey: posts small blind $1
grabaz: posts big blind $3
*** HOLE CARDS ***
harrydonkey: raises $3 to $6
grabaz: calls $3
*** FLOP *** [5c 8h 9h]
grabaz: checks
harrydonkey: bets $3
grabaz: raises $3 to $6
harrydonkey: calls $3
*** TURN *** [5c 8h 9h] [2c]
grabaz: bets $6
harrydonkey: calls $6
*** RIVER *** [5c 8h 9h 2c] [5d]
grabaz: bets $6
harrydonkey: raises $6 to $12
grabaz: raises $6 to $18
harrydonkey: calls $6
*** SHOW DOWN ***
grabaz: shows [6c 7s] (a straight, Five to Nine)
harrydonkey: shows [As 5h] (three of a kind, Fives)
grabaz collected $71.50 from pot
*** SUMMARY ***
Total pot $72 | Rake $0.50
Board [5c 8h 9h 2c 5d]
Seat 5: grabaz (big blind) showed [6c 7s] and won ($71.50) with a straight, Five to Nine
Seat 6: harrydonkey (button) (small blind) showed [As 5h] and lost with three of a kind, Fives


PokerStars Hand #147177298597:  Hold'em Limit ($3/$6 USD) - 2016/01/17 1:50:53 ET
Table 'Shedir II' 6-max Seat #6 is the button
Seat 5: grabaz ($319.58 in chips)
Seat 6: harrydonkey ($61.07 in chips)
harrydonkey: posts small blind $1
grabaz: posts big blind $3
*** HOLE CARDS ***
harrydonkey: raises $3 to $6
grabaz: raises $3 to $9
harrydonkey: raises $3 to $12
Betting is capped
grabaz: calls $3
*** FLOP *** [Qs 3c 8c]
grabaz: checks
harrydonkey: bets $3
grabaz: raises $3 to $6
harrydonkey: raises $3 to $9
grabaz: calls $3
*** TURN *** [Qs 3c 8c] [2h]
grabaz: checks
harrydonkey: bets $6
grabaz: calls $6
*** RIVER *** [Qs 3c 8c 2h] [Jd]
grabaz: checks
harrydonkey: checks
*** SHOW DOWN ***
grabaz: shows [Tc Ts] (a pair of Tens)
harrydonkey: shows [5d 5h] (a pair of Fives)
grabaz collected $53.50 from pot
*** SUMMARY ***
Total pot $54 | Rake $0.50
Board [Qs 3c 8c 2h Jd]
Seat 5: grabaz (big blind) showed [Tc Ts] and won ($53.50) with a pair of Tens
Seat 6: harrydonkey (button) (small blind) showed [5d 5h] and lost with a pair of Fives


PokerStars Hand #147177306341:  Hold'em Limit ($3/$6 USD) - 2016/01/17 1:51:20 ET
Table 'Shedir II' 6-max Seat #5 is the button
Seat 5: grabaz ($346.08 in chips)
Seat 6: harrydonkey ($34.07 in chips)
grabaz: posts small blind $1
harrydonkey: posts big blind $3
*** HOLE CARDS ***
grabaz: folds
Uncalled bet ($2) returned to harrydonkey
harrydonkey collected $2 from pot
*** SUMMARY ***
Total pot $2 | Rake $0
Seat 5: grabaz (button) (small blind) folded before Flop
Seat 6: harrydonkey (big blind) collected ($2)


PokerStars Hand #147177307809:  Hold'em Limit ($3/$6 USD) - 2016/01/17 1:51:25 ET
Table 'Shedir II' 6-max Seat #6 is the button
Seat 5: grabaz ($345.08 in chips)
Seat 6: harrydonkey ($35.07 in chips)
harrydonkey: posts small blind $1
grabaz: posts big blind $3
*** HOLE CARDS ***
harrydonkey: folds
Uncalled bet ($2) returned to grabaz
grabaz collected $2 from pot
grabaz: doesn't show hand
*** SUMMARY ***
Total pot $2 | Rake $0
Seat 5: grabaz (big blind) collected ($2)
Seat 6: harrydonkey (button) (small blind) folded before Flop


PokerStars Hand #147177309643:  Hold'em Limit ($3/$6 USD) - 2016/01/17 1:51:31 ET
Table 'Shedir II' 6-max Seat #5 is the button
Seat 5: grabaz ($346.08 in chips)
Seat 6: harrydonkey ($34.07 in chips)
grabaz: posts small blind $1
harrydonkey: posts big blind $3
*** HOLE CARDS ***
grabaz: raises $3 to $6
harrydonkey: raises $3 to $9
grabaz: calls $3
*** FLOP *** [As 7d 3c]
harrydonkey: bets $3
grabaz: calls $3
*** TURN *** [As 7d 3c] [Qs]
harrydonkey: bets $6
grabaz: folds
Uncalled bet ($6) returned to harrydonkey
harrydonkey collected $23.52 from pot
*** SUMMARY ***
Total pot $24 | Rake $0.48
Board [As 7d 3c Qs]
Seat 5: grabaz (button) (small blind) folded on the Turn
Seat 6: harrydonkey (big blind) collected ($23.52)


PokerStars Hand #147177335493:  Hold'em Limit ($3/$6 USD) - 2016/01/17 1:52:58 ET
Table 'Shedir II' 6-max Seat #6 is the button
Seat 5: grabaz ($330.84 in chips)
Seat 6: harrydonkey ($48.23 in chips)
harrydonkey: posts small blind $1
grabaz: posts big blind $3
*** HOLE CARDS ***
harrydonkey: folds
Uncalled bet ($2) returned to grabaz
grabaz collected $2 from pot
grabaz: doesn't show hand
*** SUMMARY ***
Total pot $2 | Rake $0
Seat 5: grabaz (big blind) collected ($2)
Seat 6: harrydonkey (button) (small blind) folded before Flop


PokerStars Hand #147177331555:  Hold'em Limit ($3/$6 USD) - 2016/01/17 1:52:44 ET
Table 'Shedir II' 6-max Seat #5 is the button
Seat 5: grabaz ($325.08 in chips)
Seat 6: harrydonkey ($54.23 in chips)
grabaz: posts small blind $1
harrydonkey: posts big blind $3
*** HOLE CARDS ***
grabaz: raises $3 to $6
harrydonkey: calls $3
*** FLOP *** [Ks Jh 8d]
harrydonkey: checks
grabaz: bets $3
harrydonkey: folds
Uncalled bet ($3) returned to grabaz
grabaz collected $11.76 from pot
grabaz: doesn't show hand
*** SUMMARY ***
Total pot $12 | Rake $0.24
Board [Ks Jh 8d]
Seat 5: grabaz (button) (small blind) collected ($11.76)
Seat 6: harrydonkey (big blind) folded on the Flop


PokerStars Hand #147177324399:  Hold'em Limit ($3/$6 USD) - 2016/01/17 1:52:20 ET
Table 'Shedir II' 6-max Seat #6 is the button
Seat 5: grabaz ($334.08 in chips)
Seat 6: harrydonkey ($45.59 in chips)
harrydonkey: posts small blind $1
grabaz: posts big blind $3
*** HOLE CARDS ***
harrydonkey: raises $3 to $6
grabaz: calls $3
*** FLOP *** [5d Qs 9s]
grabaz: checks
harrydonkey: bets $3
grabaz: calls $3
*** TURN *** [5d Qs 9s] [3h]
grabaz: checks
harrydonkey: checks
*** RIVER *** [5d Qs 9s 3h] [7s]
grabaz: checks
harrydonkey: checks
*** SHOW DOWN ***
grabaz: shows [Ah 2c] (high card Ace)
harrydonkey: shows [6c Ac] (high card Ace - Queen+Nine+Seven+Six kicker)
harrydonkey collected $17.64 from pot
*** SUMMARY ***
Total pot $18 | Rake $0.36
Board [5d Qs 9s 3h 7s]
Seat 5: grabaz (big blind) showed [Ah 2c] and lost with high card Ace
Seat 6: harrydonkey (button) (small blind) showed [6c Ac] and won ($17.64) with high card Ace


PokerStars Hand #147177337186:  Hold'em Limit ($3/$6 USD) - 2016/01/17 1:53:04 ET
Table 'Shedir II' 6-max Seat #5 is the button
Seat 5: grabaz ($331.84 in chips)
Seat 6: harrydonkey ($47.23 in chips)
grabaz: posts small blind $1
harrydonkey: posts big blind $3
*** HOLE CARDS ***
grabaz: raises $3 to $6
harrydonkey: raises $3 to $9
grabaz: calls $3
*** FLOP *** [Th 3d Ad]
harrydonkey: bets $3
grabaz: calls $3
*** TURN *** [Th 3d Ad] [Jh]
harrydonkey: bets $6
grabaz: calls $6
*** RIVER *** [Th 3d Ad Jh] [6d]
harrydonkey: bets $6
grabaz: folds
Uncalled bet ($6) returned to harrydonkey
harrydonkey collected $35.50 from pot
*** SUMMARY ***
Total pot $36 | Rake $0.50
Board [Th 3d Ad Jh 6d]
Seat 5: grabaz (button) (small blind) folded on the River
Seat 6: harrydonkey (big blind) collected ($35.50)


PokerStars Hand #147177362527:  Hold'em Limit ($3/$6 USD) - 2016/01/17 1:54:30 ET
Table 'Shedir II' 6-max Seat #5 is the button
Seat 5: grabaz ($319.60 in chips)
Seat 6: harrydonkey ($58.73 in chips)
grabaz: posts small blind $1
harrydonkey: posts big blind $3
*** HOLE CARDS ***
grabaz: raises $3 to $6
harrydonkey: calls $3
*** FLOP *** [4h Jc Tc]
harrydonkey: checks
grabaz: bets $3
harrydonkey: raises $3 to $6
grabaz: folds
Uncalled bet ($3) returned to harrydonkey
harrydonkey collected $17.64 from pot
*** SUMMARY ***
Total pot $18 | Rake $0.36
Board [4h Jc Tc]
Seat 5: grabaz (button) (small blind) folded on the Flop
Seat 6: harrydonkey (big blind) collected ($17.64)


PokerStars Hand #147177354023:  Hold'em Limit ($3/$6 USD) - 2016/01/17 1:54:01 ET
Table 'Shedir II' 6-max Seat #6 is the button
Seat 5: grabaz ($313.84 in chips)
Seat 6: harrydonkey ($64.73 in chips)
harrydonkey: posts small blind $1
grabaz: posts big blind $3
*** HOLE CARDS ***
harrydonkey: calls $2
grabaz: checks
*** FLOP *** [6d Th 9h]
grabaz: checks
harrydonkey: bets $3
grabaz: calls $3
*** TURN *** [6d Th 9h] [Qs]
grabaz: checks
harrydonkey: checks
*** RIVER *** [6d Th 9h Qs] [7h]
grabaz: checks
alpha2777 joins the table at seat #1
harrydonkey: checks
*** SHOW DOWN ***
grabaz: shows [4h 9d] (a pair of Nines)
harrydonkey: mucks hand
grabaz collected $11.76 from pot
*** SUMMARY ***
Total pot $12 | Rake $0.24
Board [6d Th 9h Qs 7h]
Seat 5: grabaz (big blind) showed [4h 9d] and won ($11.76) with a pair of Nines
Seat 6: harrydonkey (button) (small blind) mucked


PokerStars Hand #147185905281:  Hold'em Limit ($3/$6 USD) - 2016/01/17 7:04:27 ET
Table 'Shedir II' 6-max Seat #3 is the button
Seat 2: harrydonkey ($51.80 in chips)
Seat 3: SashaYuvelir ($72 in chips)
SashaYuvelir: posts small blind $1
72bestcard: is sitting out
72bestcard leaves the table
harrydonkey: posts big blind $3
*** HOLE CARDS ***
SashaYuvelir: folds
Uncalled bet ($2) returned to harrydonkey
harrydonkey collected $2 from pot
*** SUMMARY ***
Total pot $2 | Rake $0
Seat 2: harrydonkey (big blind) collected ($2)
Seat 3: SashaYuvelir (button) (small blind) folded before Flop


PokerStars Hand #147185924143:  Hold'em Limit ($3/$6 USD) - 2016/01/17 7:04:57 ET
Table 'Shedir II' 6-max Seat #2 is the button
Seat 2: harrydonkey ($49.55 in chips)
Seat 3: SashaYuvelir ($75 in chips)
harrydonkey: posts small blind $1
SashaYuvelir: posts big blind $3
*** HOLE CARDS ***
harrydonkey: calls $2
SashaYuvelir: checks
*** FLOP *** [Qh Qs 9s]
SashaYuvelir: checks
harrydonkey: bets $3
SashaYuvelir: folds
Uncalled bet ($3) returned to harrydonkey
harrydonkey collected $5.88 from pot
*** SUMMARY ***
Total pot $6 | Rake $0.12
Board [Qh Qs 9s]
Seat 2: harrydonkey (button) (small blind) collected ($5.88)
Seat 3: SashaYuvelir (big blind) folded on the Flop


PokerStars Hand #147185920236:  Hold'em Limit ($3/$6 USD) - 2016/01/17 7:04:51 ET
Table 'Shedir II' 6-max Seat #3 is the button
Seat 2: harrydonkey ($52.55 in chips)
Seat 3: SashaYuvelir ($72 in chips)
SashaYuvelir: posts small blind $1
harrydonkey: posts big blind $3
*** HOLE CARDS ***
SashaYuvelir: raises $3 to $6
harrydonkey: folds
Uncalled bet ($3) returned to SashaYuvelir
SashaYuvelir collected $6 from pot
SashaYuvelir: doesn't show hand
*** SUMMARY ***
Total pot $6 | Rake $0
Seat 2: harrydonkey (big blind) folded before Flop
Seat 3: SashaYuvelir (button) (small blind) collected ($6)


PokerStars Hand #147185908588:  Hold'em Limit ($3/$6 USD) - 2016/01/17 7:04:33 ET
Table 'Shedir II' 6-max Seat #2 is the button
Seat 2: harrydonkey ($52.80 in chips)
Seat 3: SashaYuvelir ($72 in chips)
harrydonkey: posts small blind $1
SashaYuvelir: posts big blind $3
*** HOLE CARDS ***
harrydonkey: raises $3 to $6
SashaYuvelir: raises $3 to $9
harrydonkey: raises $3 to $12
Betting is capped
SashaYuvelir: calls $3
*** FLOP *** [Jh 6h 5h]
SashaYuvelir: checks
harrydonkey: bets $3
SashaYuvelir: calls $3
*** TURN *** [Jh 6h 5h] [7d]
SashaYuvelir: checks
harrydonkey: checks
*** RIVER *** [Jh 6h 5h 7d] [Jc]
SashaYuvelir: checks
harrydonkey: checks
*** SHOW DOWN ***
SashaYuvelir: shows [Ac 9s] (a pair of Jacks)
harrydonkey: shows [9c Ad] (a pair of Jacks)
SashaYuvelir collected $14.75 from pot
harrydonkey collected $14.75 from pot
*** SUMMARY ***
Total pot $30 | Rake $0.50
Board [Jh 6h 5h 7d Jc]
Seat 2: harrydonkey (button) (small blind) showed [9c Ad] and won ($14.75) with a pair of Jacks
Seat 3: SashaYuvelir (big blind) showed [Ac 9s] and won ($14.75) with a pair of Jacks


