PokerStars Hand #155841946225:  Hold'em Limit ($3/$6 USD) - 2016/07/11 13:40:34 ET
Table 'Shedir II' 6-max Seat #4 is the button
Seat 3: lelala ($119.27 in chips)
Seat 4: AzureCaper ($72 in chips)
AzureCaper: posts small blind $1
lelala: posts big blind $3
*** HOLE CARDS ***
AzureCaper: raises $3 to $6
lelala: folds
Uncalled bet ($3) returned to AzureCaper
AzureCaper collected $6 from pot
AzureCaper: doesn't show hand
*** SUMMARY ***
Total pot $6 | Rake $0
Seat 3: lelala (big blind) folded before Flop
Seat 4: AzureCaper (button) (small blind) collected ($6)


PokerStars Hand #155841958469:  Hold'em Limit ($3/$6 USD) - 2016/07/11 13:40:51 ET
Table 'Shedir II' 6-max Seat #4 is the button
Seat 3: lelala ($115.27 in chips)
Seat 4: AzureCaper ($76 in chips)
AzureCaper: posts small blind $1
lelala: posts big blind $3
*** HOLE CARDS ***
AzureCaper: folds
Uncalled bet ($2) returned to lelala
lelala collected $2 from pot
*** SUMMARY ***
Total pot $2 | Rake $0
Seat 3: lelala (big blind) collected ($2)
Seat 4: AzureCaper (button) (small blind) folded before Flop


PokerStars Hand #155841954025:  Hold'em Limit ($3/$6 USD) - 2016/07/11 13:40:45 ET
Table 'Shedir II' 6-max Seat #3 is the button
Seat 3: lelala ($116.27 in chips)
Seat 4: AzureCaper ($75 in chips)
lelala: posts small blind $1
AzureCaper: posts big blind $3
*** HOLE CARDS ***
lelala: folds
Uncalled bet ($2) returned to AzureCaper
AzureCaper collected $2 from pot
AzureCaper: doesn't show hand
*** SUMMARY ***
Total pot $2 | Rake $0
Seat 3: lelala (button) (small blind) folded before Flop
Seat 4: AzureCaper (big blind) collected ($2)


PokerStars Hand #155841981077:  Hold'em Limit ($3/$6 USD) - 2016/07/11 13:41:22 ET
Table 'Shedir II' 6-max Seat #3 is the button
Seat 3: lelala ($116.27 in chips)
Seat 4: AzureCaper ($75 in chips)
lelala: posts small blind $1
AzureCaper: posts big blind $3
*** HOLE CARDS ***
lelala: raises $3 to $6
AzureCaper: calls $3
*** FLOP *** [Qh 2c Tc]
AzureCaper: checks
lelala: bets $3
AzureCaper: folds
Uncalled bet ($3) returned to lelala
lelala collected $11.76 from pot
*** SUMMARY ***
Total pot $12 | Rake $0.24
Board [Qh 2c Tc]
Seat 3: lelala (button) (small blind) collected ($11.76)
Seat 4: AzureCaper (big blind) folded on the Flop


PokerStars Hand #155841971661:  Hold'em Limit ($3/$6 USD) - 2016/07/11 13:41:09 ET
Table 'Shedir II' 6-max Seat #4 is the button
Seat 3: lelala ($115.27 in chips)
Seat 4: AzureCaper ($76 in chips)
AzureCaper: posts small blind $1
lelala: posts big blind $3
*** HOLE CARDS ***
AzureCaper: folds
Uncalled bet ($2) returned to lelala
lelala collected $2 from pot
*** SUMMARY ***
Total pot $2 | Rake $0
Seat 3: lelala (big blind) collected ($2)
Seat 4: AzureCaper (button) (small blind) folded before Flop


PokerStars Hand #155841968536:  Hold'em Limit ($3/$6 USD) - 2016/07/11 13:41:05 ET
Table 'Shedir II' 6-max Seat #3 is the button
Seat 3: lelala ($116.27 in chips)
Seat 4: AzureCaper ($75 in chips)
lelala: posts small blind $1
AzureCaper: posts big blind $3
*** HOLE CARDS ***
lelala: folds
Uncalled bet ($2) returned to AzureCaper
AzureCaper collected $2 from pot
AzureCaper: doesn't show hand
*** SUMMARY ***
Total pot $2 | Rake $0
Seat 3: lelala (button) (small blind) folded before Flop
Seat 4: AzureCaper (big blind) collected ($2)


PokerStars Hand #155841978273:  Hold'em Limit ($3/$6 USD) - 2016/07/11 13:41:18 ET
Table 'Shedir II' 6-max Seat #4 is the button
Seat 3: lelala ($115.27 in chips)
Seat 4: AzureCaper ($76 in chips)
AzureCaper: posts small blind $1
lelala: posts big blind $3
*** HOLE CARDS ***
AzureCaper: folds
Uncalled bet ($2) returned to lelala
lelala collected $2 from pot
*** SUMMARY ***
Total pot $2 | Rake $0
Seat 3: lelala (big blind) collected ($2)
Seat 4: AzureCaper (button) (small blind) folded before Flop


PokerStars Hand #155841974922:  Hold'em Limit ($3/$6 USD) - 2016/07/11 13:41:14 ET
Table 'Shedir II' 6-max Seat #3 is the button
Seat 3: lelala ($116.27 in chips)
Seat 4: AzureCaper ($75 in chips)
lelala: posts small blind $1
AzureCaper: posts big blind $3
*** HOLE CARDS ***
lelala: folds
Uncalled bet ($2) returned to AzureCaper
AzureCaper collected $2 from pot
AzureCaper: doesn't show hand
*** SUMMARY ***
Total pot $2 | Rake $0
Seat 3: lelala (button) (small blind) folded before Flop
Seat 4: AzureCaper (big blind) collected ($2)


PokerStars Hand #155841965335:  Hold'em Limit ($3/$6 USD) - 2016/07/11 13:41:00 ET
Table 'Shedir II' 6-max Seat #4 is the button
Seat 3: lelala ($115.27 in chips)
Seat 4: AzureCaper ($76 in chips)
AzureCaper: posts small blind $1
lelala: posts big blind $3
*** HOLE CARDS ***
AzureCaper: folds
Uncalled bet ($2) returned to lelala
lelala collected $2 from pot
*** SUMMARY ***
Total pot $2 | Rake $0
Seat 3: lelala (big blind) collected ($2)
Seat 4: AzureCaper (button) (small blind) folded before Flop


PokerStars Hand #155841961979:  Hold'em Limit ($3/$6 USD) - 2016/07/11 13:40:56 ET
Table 'Shedir II' 6-max Seat #3 is the button
Seat 3: lelala ($116.27 in chips)
Seat 4: AzureCaper ($75 in chips)
lelala: posts small blind $1
AzureCaper: posts big blind $3
*** HOLE CARDS ***
lelala: folds
Uncalled bet ($2) returned to AzureCaper
AzureCaper collected $2 from pot
AzureCaper: doesn't show hand
*** SUMMARY ***
Total pot $2 | Rake $0
Seat 3: lelala (button) (small blind) folded before Flop
Seat 4: AzureCaper (big blind) collected ($2)


PokerStars Hand #155842004118:  Hold'em Limit ($3/$6 USD) - 2016/07/11 13:41:55 ET
Table 'Shedir II' 6-max Seat #3 is the button
Seat 3: lelala ($98.03 in chips)
Seat 4: AzureCaper ($95.50 in chips)
lelala: posts small blind $1
AzureCaper: posts big blind $3
*** HOLE CARDS ***
lelala: raises $3 to $6
AzureCaper: calls $3
*** FLOP *** [9c 6s 5c]
AzureCaper: checks
lelala: bets $3
AzureCaper: raises $3 to $6
lelala: calls $3
*** TURN *** [9c 6s 5c] [7s]
AzureCaper: bets $6
lelala: calls $6
*** RIVER *** [9c 6s 5c 7s] [8s]
vestimokrec joins the table at seat #6
AzureCaper: checks
lelala: checks
*** SHOW DOWN ***
AzureCaper: shows [7c 4c] (a straight, Five to Nine)
lelala: shows [4h 5s] (a straight, Five to Nine)
AzureCaper collected $17.75 from pot
lelala collected $17.75 from pot
*** SUMMARY ***
Total pot $36 | Rake $0.50
Board [9c 6s 5c 7s 8s]
Seat 3: lelala (button) (small blind) showed [4h 5s] and won ($17.75) with a straight, Five to Nine
Seat 4: AzureCaper (big blind) showed [7c 4c] and won ($17.75) with a straight, Five to Nine


PokerStars Hand #155841988716:  Hold'em Limit ($3/$6 USD) - 2016/07/11 13:41:33 ET
Table 'Shedir II' 6-max Seat #4 is the button
Seat 3: lelala ($122.03 in chips)
Seat 4: AzureCaper ($72 in chips)
AzureCaper: posts small blind $1
lelala: posts big blind $3
*** HOLE CARDS ***
AzureCaper: raises $3 to $6
lelala: raises $3 to $9
AzureCaper: calls $3
*** FLOP *** [8d 9d 7s]
lelala: bets $3
AzureCaper: calls $3
*** TURN *** [8d 9d 7s] [Tc]
lelala: bets $6
AzureCaper: calls $6
*** RIVER *** [8d 9d 7s Tc] [7d]
lelala: checks
AzureCaper: bets $6
lelala: calls $6
*** SHOW DOWN ***
AzureCaper: shows [6c 7h] (a straight, Six to Ten)
hubschi joins the table at seat #5
lelala: mucks hand
AzureCaper collected $47.50 from pot
*** SUMMARY ***
Total pot $48 | Rake $0.50
Board [8d 9d 7s Tc 7d]
Seat 3: lelala (big blind) mucked
Seat 4: AzureCaper (button) (small blind) showed [6c 7h] and won ($47.50) with a straight, Six to Ten


PokerStars Hand #155842720815:  Hold'em Limit ($3/$6 USD) - 2016/07/11 13:59:17 ET
Table 'Shedir II' 6-max Seat #2 is the button
Seat 2: Wurst2000 ($138.86 in chips)
Seat 4: AzureCaper ($141.27 in chips)
Wurst2000: posts small blind $1
lelala leaves the table
AzureCaper: posts big blind $3
*** HOLE CARDS ***
Wurst2000: raises $3 to $6
AzureCaper: calls $3
*** FLOP *** [Ah 2c Ts]
AzureCaper: checks
Wurst2000: bets $3
AzureCaper: raises $3 to $6
Wurst2000: folds
Uncalled bet ($3) returned to AzureCaper
AzureCaper collected $17.64 from pot
AzureCaper: doesn't show hand
*** SUMMARY ***
Total pot $18 | Rake $0.36
Board [Ah 2c Ts]
Seat 2: Wurst2000 (button) (small blind) folded on the Flop
Seat 4: AzureCaper (big blind) collected ($17.64)


