PokerStars Hand #146660958207:  Hold'em Limit ($3/$6 USD) - 2016/01/07 22:40:34 ET
Table 'Sheratan II' 2-max Seat #2 is the button
Seat 1: Allegro75 ($104.14 in chips)
Seat 2: ontow ($47.64 in chips)
ontow: posts small blind $1
Allegro75: posts big blind $3
*** HOLE CARDS ***
ontow: raises $3 to $6
Allegro75: calls $3
*** FLOP *** [5h Qh 7c]
Allegro75: checks
ontow: bets $3
Allegro75: raises $3 to $6
ontow: raises $3 to $9
Allegro75: calls $3
*** TURN *** [5h Qh 7c] [4s]
Allegro75: checks
ontow: bets $6
Allegro75: calls $6
*** RIVER *** [5h Qh 7c 4s] [7d]
Allegro75: checks
ontow: bets $6
Allegro75: folds
Uncalled bet ($6) returned to ontow
ontow collected $41.50 from pot
ontow: doesn't show hand
*** SUMMARY ***
Total pot $42 | Rake $0.50
Board [5h Qh 7c 4s 7d]
Seat 1: Allegro75 (big blind) folded on the River
Seat 2: ontow (button) (small blind) collected ($41.50)


PokerStars Hand #146660986640:  Hold'em Limit ($3/$6 USD) - 2016/01/07 22:41:48 ET
Table 'Sheratan II' 2-max Seat #2 is the button
Seat 1: Allegro75 ($72 in chips)
Seat 2: ontow ($91.64 in chips)
ontow: posts small blind $1
Allegro75: posts big blind $3
*** HOLE CARDS ***
ontow: raises $3 to $6
Allegro75: calls $3
*** FLOP *** [5h 5c 8d]
Allegro75: checks
ontow: bets $3
Allegro75: calls $3
*** TURN *** [5h 5c 8d] [7s]
Allegro75: checks
ontow: checks
*** RIVER *** [5h 5c 8d 7s] [2h]
Allegro75: checks
ontow: checks
*** SHOW DOWN ***
Allegro75: shows [6c Kd] (a pair of Fives)
ontow: mucks hand
Allegro75 collected $17.64 from pot
*** SUMMARY ***
Total pot $18 | Rake $0.36
Board [5h 5c 8d 7s 2h]
Seat 1: Allegro75 (big blind) showed [6c Kd] and won ($17.64) with a pair of Fives
Seat 2: ontow (button) (small blind) mucked


PokerStars Hand #146660976794:  Hold'em Limit ($3/$6 USD) - 2016/01/07 22:41:23 ET
Table 'Sheratan II' 2-max Seat #2 is the button
Seat 1: Allegro75 ($72 in chips)
Seat 2: ontow ($91.64 in chips)
ontow: posts small blind $1
Allegro75: posts big blind $3
*** HOLE CARDS ***
ontow: folds
Uncalled bet ($2) returned to Allegro75
Allegro75 collected $2 from pot
Allegro75: doesn't show hand
*** SUMMARY ***
Total pot $2 | Rake $0
Seat 1: Allegro75 (big blind) collected ($2)
Seat 2: ontow (button) (small blind) folded before Flop


PokerStars Hand #146660969269:  Hold'em Limit ($3/$6 USD) - 2016/01/07 22:41:03 ET
Table 'Sheratan II' 2-max Seat #1 is the button
Seat 1: Allegro75 ($83.14 in chips)
Seat 2: ontow ($68.14 in chips)
Allegro75: posts small blind $1
ontow: posts big blind $3
*** HOLE CARDS ***
Allegro75: raises $3 to $6
ontow: raises $3 to $9
Allegro75: calls $3
*** FLOP *** [4h 6s 7s]
ontow: bets $3
Allegro75: calls $3
*** TURN *** [4h 6s 7s] [2s]
ontow: bets $6
Allegro75: calls $6
*** RIVER *** [4h 6s 7s 2s] [Jc]
ontow: bets $6
Allegro75: calls $6
*** SHOW DOWN ***
ontow: shows [Ad As] (a pair of Aces)
Allegro75: mucks hand
ontow collected $47.50 from pot
*** SUMMARY ***
Total pot $48 | Rake $0.50
Board [4h 6s 7s 2s Jc]
Seat 1: Allegro75 (button) (small blind) mucked
Seat 2: ontow (big blind) showed [Ad As] and won ($47.50) with a pair of Aces


PokerStars Hand #146660984443:  Hold'em Limit ($3/$6 USD) - 2016/01/07 22:41:42 ET
Table 'Sheratan II' 2-max Seat #1 is the button
Seat 1: Allegro75 ($73 in chips)
Seat 2: ontow ($90.64 in chips)
Allegro75: posts small blind $1
ontow: posts big blind $3
*** HOLE CARDS ***
Allegro75: folds
Uncalled bet ($2) returned to ontow
ontow collected $2 from pot
ontow: doesn't show hand
*** SUMMARY ***
Total pot $2 | Rake $0
Seat 1: Allegro75 (button) (small blind) folded before Flop
Seat 2: ontow (big blind) collected ($2)


PokerStars Hand #146660982694:  Hold'em Limit ($3/$6 USD) - 2016/01/07 22:41:38 ET
Table 'Sheratan II' 2-max Seat #2 is the button
Seat 1: Allegro75 ($72 in chips)
Seat 2: ontow ($91.64 in chips)
ontow: posts small blind $1
Allegro75: posts big blind $3
*** HOLE CARDS ***
ontow: folds
Uncalled bet ($2) returned to Allegro75
Allegro75 collected $2 from pot
Allegro75: doesn't show hand
*** SUMMARY ***
Total pot $2 | Rake $0
Seat 1: Allegro75 (big blind) collected ($2)
Seat 2: ontow (button) (small blind) folded before Flop


PokerStars Hand #146660978794:  Hold'em Limit ($3/$6 USD) - 2016/01/07 22:41:28 ET
Table 'Sheratan II' 2-max Seat #1 is the button
Seat 1: Allegro75 ($73 in chips)
Seat 2: ontow ($90.64 in chips)
Allegro75: posts small blind $1
ontow: posts big blind $3
*** HOLE CARDS ***
Allegro75: folds
Uncalled bet ($2) returned to ontow
ontow collected $2 from pot
ontow: doesn't show hand
*** SUMMARY ***
Total pot $2 | Rake $0
Seat 1: Allegro75 (button) (small blind) folded before Flop
Seat 2: ontow (big blind) collected ($2)


PokerStars Hand #146660997740:  Hold'em Limit ($3/$6 USD) - 2016/01/07 22:42:18 ET
Table 'Sheratan II' 2-max Seat #2 is the button
Seat 1: Allegro75 ($83.64 in chips)
Seat 2: ontow ($79.64 in chips)
ontow: posts small blind $1
Allegro75: posts big blind $3
*** HOLE CARDS ***
ontow: folds
Uncalled bet ($2) returned to Allegro75
Allegro75 collected $2 from pot
Allegro75: doesn't show hand
*** SUMMARY ***
Total pot $2 | Rake $0
Seat 1: Allegro75 (big blind) collected ($2)
Seat 2: ontow (button) (small blind) folded before Flop


PokerStars Hand #146661002262:  Hold'em Limit ($3/$6 USD) - 2016/01/07 22:42:30 ET
Table 'Sheratan II' 2-max Seat #2 is the button
Seat 1: Allegro75 ($87.64 in chips)
Seat 2: ontow ($75.64 in chips)
ontow: posts small blind $1
Allegro75: posts big blind $3
*** HOLE CARDS ***
ontow: folds
Uncalled bet ($2) returned to Allegro75
Allegro75 collected $2 from pot
Allegro75: doesn't show hand
*** SUMMARY ***
Total pot $2 | Rake $0
Seat 1: Allegro75 (big blind) collected ($2)
Seat 2: ontow (button) (small blind) folded before Flop


PokerStars Hand #146660999526:  Hold'em Limit ($3/$6 USD) - 2016/01/07 22:42:23 ET
Table 'Sheratan II' 2-max Seat #1 is the button
Seat 1: Allegro75 ($84.64 in chips)
Seat 2: ontow ($78.64 in chips)
Allegro75: posts small blind $1
ontow: posts big blind $3
*** HOLE CARDS ***
Allegro75: raises $3 to $6
ontow: folds
Uncalled bet ($3) returned to Allegro75
Allegro75 collected $6 from pot
Allegro75: doesn't show hand
*** SUMMARY ***
Total pot $6 | Rake $0
Seat 1: Allegro75 (button) (small blind) collected ($6)
Seat 2: ontow (big blind) folded before Flop


PokerStars Hand #146660993406:  Hold'em Limit ($3/$6 USD) - 2016/01/07 22:42:07 ET
Table 'Sheratan II' 2-max Seat #1 is the button
Seat 1: Allegro75 ($80.64 in chips)
Seat 2: ontow ($82.64 in chips)
Allegro75: posts small blind $1
ontow: posts big blind $3
*** HOLE CARDS ***
Allegro75: raises $3 to $6
ontow: folds
Uncalled bet ($3) returned to Allegro75
Allegro75 collected $6 from pot
Allegro75: doesn't show hand
*** SUMMARY ***
Total pot $6 | Rake $0
Seat 1: Allegro75 (button) (small blind) collected ($6)
Seat 2: ontow (big blind) folded before Flop


PokerStars Hand #146661003989:  Hold'em Limit ($3/$6 USD) - 2016/01/07 22:42:34 ET
Table 'Sheratan II' 2-max Seat #1 is the button
Seat 1: Allegro75 ($88.64 in chips)
Seat 2: ontow ($74.64 in chips)
Allegro75: posts small blind $1
ontow: posts big blind $3
*** HOLE CARDS ***
Allegro75: raises $3 to $6
ontow: calls $3
*** FLOP *** [Qh 4s 5c]
ontow: bets $3
Allegro75: calls $3
*** TURN *** [Qh 4s 5c] [Jc]
ontow: bets $6
Allegro75: calls $6
*** RIVER *** [Qh 4s 5c Jc] [Qc]
ontow: checks
Allegro75: bets $6
ontow: calls $6
*** SHOW DOWN ***
Allegro75: shows [6d 5d] (two pair, Queens and Fives)
ontow: shows [2s 5s] (two pair, Queens and Fives)
ontow collected $20.75 from pot
Allegro75 collected $20.75 from pot
*** SUMMARY ***
Total pot $42 | Rake $0.50
Board [Qh 4s 5c Jc Qc]
Seat 1: Allegro75 (button) (small blind) showed [6d 5d] and won ($20.75) with two pair, Queens and Fives
Seat 2: ontow (big blind) showed [2s 5s] and won ($20.75) with two pair, Queens and Fives


PokerStars Hand #146661012300:  Hold'em Limit ($3/$6 USD) - 2016/01/07 22:42:56 ET
Table 'Sheratan II' 2-max Seat #2 is the button
Seat 1: Allegro75 ($88.39 in chips)
Seat 2: ontow ($74.39 in chips)
ontow: posts small blind $1
Allegro75: posts big blind $3
*** HOLE CARDS ***
ontow: raises $3 to $6
Allegro75: folds
Uncalled bet ($3) returned to ontow
ontow collected $6 from pot
ontow: doesn't show hand
*** SUMMARY ***
Total pot $6 | Rake $0
Seat 1: Allegro75 (big blind) folded before Flop
Seat 2: ontow (button) (small blind) collected ($6)


PokerStars Hand #146661025925:  Hold'em Limit ($3/$6 USD) - 2016/01/07 22:43:31 ET
Table 'Sheratan II' 2-max Seat #2 is the button
Seat 1: Allegro75 ($94.03 in chips)
Seat 2: ontow ($68.39 in chips)
ontow: posts small blind $1
Allegro75: posts big blind $3
*** HOLE CARDS ***
ontow: folds
Uncalled bet ($2) returned to Allegro75
Allegro75 collected $2 from pot
Allegro75: doesn't show hand
*** SUMMARY ***
Total pot $2 | Rake $0
Seat 1: Allegro75 (big blind) collected ($2)
Seat 2: ontow (button) (small blind) folded before Flop


PokerStars Hand #146661019225:  Hold'em Limit ($3/$6 USD) - 2016/01/07 22:43:14 ET
Table 'Sheratan II' 2-max Seat #1 is the button
Seat 1: Allegro75 ($85.39 in chips)
Seat 2: ontow ($77.39 in chips)
Allegro75: posts small blind $1
ontow: posts big blind $3
*** HOLE CARDS ***
Allegro75: raises $3 to $6
ontow: calls $3
*** FLOP *** [5s 4d 6h]
ontow: checks
Allegro75: bets $3
ontow: calls $3
*** TURN *** [5s 4d 6h] [8d]
ontow: checks
Allegro75: bets $6
ontow: folds
Uncalled bet ($6) returned to Allegro75
Allegro75 collected $17.64 from pot
Allegro75: doesn't show hand
*** SUMMARY ***
Total pot $18 | Rake $0.36
Board [5s 4d 6h 8d]
Seat 1: Allegro75 (button) (small blind) collected ($17.64)
Seat 2: ontow (big blind) folded on the Turn


PokerStars Hand #146661027613:  Hold'em Limit ($3/$6 USD) - 2016/01/07 22:43:36 ET
Table 'Sheratan II' 2-max Seat #1 is the button
Seat 1: Allegro75 ($95.03 in chips)
Seat 2: ontow ($67.39 in chips)
Allegro75: posts small blind $1
ontow: posts big blind $3
*** HOLE CARDS ***
Allegro75: raises $3 to $6
ontow: calls $3
*** FLOP *** [8h 7c Jd]
ontow: bets $3
Allegro75: calls $3
*** TURN *** [8h 7c Jd] [5c]
ontow: bets $6
Allegro75: calls $6
*** RIVER *** [8h 7c Jd 5c] [9s]
ontow: bets $6
Allegro75: calls $6
*** SHOW DOWN ***
ontow: shows [Td 8d] (a straight, Seven to Jack)
Allegro75: mucks hand
ontow collected $41.50 from pot
*** SUMMARY ***
Total pot $42 | Rake $0.50
Board [8h 7c Jd 5c 9s]
Seat 1: Allegro75 (button) (small blind) mucked
Seat 2: ontow (big blind) showed [Td 8d] and won ($41.50) with a straight, Seven to Jack


PokerStars Hand #146661048697:  Hold'em Limit ($3/$6 USD) - 2016/01/07 22:44:31 ET
Table 'Sheratan II' 2-max Seat #2 is the button
Seat 1: Allegro75 ($72 in chips)
Seat 2: ontow ($99.39 in chips)
ontow: posts small blind $1
Allegro75: posts big blind $3
*** HOLE CARDS ***
ontow: raises $3 to $6
Allegro75: folds
Uncalled bet ($3) returned to ontow
ontow collected $6 from pot
ontow: doesn't show hand
*** SUMMARY ***
Total pot $6 | Rake $0
Seat 1: Allegro75 (big blind) folded before Flop
Seat 2: ontow (button) (small blind) collected ($6)


PokerStars Hand #146661042967:  Hold'em Limit ($3/$6 USD) - 2016/01/07 22:44:16 ET
Table 'Sheratan II' 2-max Seat #1 is the button
Seat 1: Allegro75 ($88.53 in chips)
Seat 2: ontow ($72.89 in chips)
Allegro75: posts small blind $1
ontow: posts big blind $3
*** HOLE CARDS ***
Allegro75: raises $3 to $6
ontow: calls $3
*** FLOP *** [3h Tc Kc]
ontow: checks
Allegro75: bets $3
ontow: calls $3
*** TURN *** [3h Tc Kc] [Jc]
ontow: checks
Allegro75: bets $6
ontow: raises $6 to $12
Allegro75: calls $6
*** RIVER *** [3h Tc Kc Jc] [Ah]
ontow: bets $6
Allegro75: calls $6
*** SHOW DOWN ***
ontow: shows [2c 7c] (a flush, King high)
Allegro75: mucks hand
ontow collected $53.50 from pot
*** SUMMARY ***
Total pot $54 | Rake $0.50
Board [3h Tc Kc Jc Ah]
Seat 1: Allegro75 (button) (small blind) mucked
Seat 2: ontow (big blind) showed [2c 7c] and won ($53.50) with a flush, King high


PokerStars Hand #146661057738:  Hold'em Limit ($3/$6 USD) - 2016/01/07 22:44:55 ET
Table 'Sheratan II' 2-max Seat #1 is the button
Seat 1: Allegro75 ($80.64 in chips)
Seat 2: ontow ($107.89 in chips)
Allegro75: posts small blind $1
ontow: posts big blind $3
*** HOLE CARDS ***
Allegro75: raises $3 to $6
ontow: raises $3 to $9
Allegro75: calls $3
*** FLOP *** [3c 5h Tc]
ontow: bets $3
Allegro75: raises $3 to $6
ontow: calls $3
*** TURN *** [3c 5h Tc] [6c]
ontow: checks
Allegro75: bets $6
ontow: folds
Uncalled bet ($6) returned to Allegro75
Allegro75 collected $29.50 from pot
Allegro75: doesn't show hand
*** SUMMARY ***
Total pot $30 | Rake $0.50
Board [3c 5h Tc 6c]
Seat 1: Allegro75 (button) (small blind) collected ($29.50)
Seat 2: ontow (big blind) folded on the Turn


PokerStars Hand #146661054516:  Hold'em Limit ($3/$6 USD) - 2016/01/07 22:44:46 ET
Table 'Sheratan II' 2-max Seat #2 is the button
Seat 1: Allegro75 ($72 in chips)
Seat 2: ontow ($116.89 in chips)
ontow: posts small blind $1
Allegro75: posts big blind $3
*** HOLE CARDS ***
ontow: raises $3 to $6
Allegro75: calls $3
*** FLOP *** [6d Jc Kh]
Allegro75: checks
ontow: bets $3
Allegro75: raises $3 to $6
ontow: folds
Uncalled bet ($3) returned to Allegro75
Allegro75 collected $17.64 from pot
Allegro75: doesn't show hand
*** SUMMARY ***
Total pot $18 | Rake $0.36
Board [6d Jc Kh]
Seat 1: Allegro75 (big blind) collected ($17.64)
Seat 2: ontow (button) (small blind) folded on the Flop


PokerStars Hand #146661050664:  Hold'em Limit ($3/$6 USD) - 2016/01/07 22:44:36 ET
Table 'Sheratan II' 2-max Seat #1 is the button
Seat 1: Allegro75 ($72 in chips)
Seat 2: ontow ($102.39 in chips)
Allegro75: posts small blind $1
ontow: posts big blind $3
*** HOLE CARDS ***
Allegro75: raises $3 to $6
ontow: raises $3 to $9
Allegro75: calls $3
*** FLOP *** [4d Ac 7s]
ontow: bets $3
Allegro75: raises $3 to $6
ontow: raises $3 to $9
Allegro75: folds
Uncalled bet ($3) returned to ontow
ontow collected $29.50 from pot
ontow: doesn't show hand
*** SUMMARY ***
Total pot $30 | Rake $0.50
Board [4d Ac 7s]
Seat 1: Allegro75 (button) (small blind) folded on the Flop
Seat 2: ontow (big blind) collected ($29.50)


PokerStars Hand #146661035030:  Hold'em Limit ($3/$6 USD) - 2016/01/07 22:43:56 ET
Table 'Sheratan II' 2-max Seat #2 is the button
Seat 1: Allegro75 ($74.03 in chips)
Seat 2: ontow ($87.89 in chips)
ontow: posts small blind $1
Allegro75: posts big blind $3
*** HOLE CARDS ***
ontow: raises $3 to $6
Allegro75: raises $3 to $9
ontow: raises $3 to $12
Betting is capped
Allegro75: calls $3
*** FLOP *** [9s 2c 4h]
Allegro75: checks
ontow: bets $3
Allegro75: calls $3
*** TURN *** [9s 2c 4h] [7d]
Allegro75: checks
ontow: checks
*** RIVER *** [9s 2c 4h 7d] [Ks]
Allegro75: bets $6
ontow: folds
Uncalled bet ($6) returned to Allegro75
Allegro75 collected $29.50 from pot
Allegro75: doesn't show hand
*** SUMMARY ***
Total pot $30 | Rake $0.50
Board [9s 2c 4h 7d Ks]
Seat 1: Allegro75 (big blind) collected ($29.50)
Seat 2: ontow (button) (small blind) folded on the River


PokerStars Hand #146661071678:  Hold'em Limit ($3/$6 USD) - 2016/01/07 22:45:32 ET
Table 'Sheratan II' 2-max Seat #1 is the button
Seat 1: Allegro75 ($72 in chips)
Seat 2: ontow ($121.39 in chips)
Allegro75: posts small blind $1
ontow: posts big blind $3
*** HOLE CARDS ***
Allegro75: raises $3 to $6
ontow: calls $3
*** FLOP *** [5c 3c 8h]
ontow: checks
Allegro75: bets $3
ontow: folds
Uncalled bet ($3) returned to Allegro75
Allegro75 collected $11.76 from pot
Allegro75: doesn't show hand
*** SUMMARY ***
Total pot $12 | Rake $0.24
Board [5c 3c 8h]
Seat 1: Allegro75 (button) (small blind) collected ($11.76)
Seat 2: ontow (big blind) folded on the Flop


PokerStars Hand #146661079375:  Hold'em Limit ($3/$6 USD) - 2016/01/07 22:45:52 ET
Table 'Sheratan II' 2-max Seat #1 is the button
Seat 1: Allegro75 ($78.76 in chips)
Seat 2: ontow ($114.39 in chips)
Allegro75: posts small blind $1
ontow: posts big blind $3
*** HOLE CARDS ***
Allegro75: raises $3 to $6
ontow: calls $3
*** FLOP *** [3s 8h 3c]
ontow: checks
Allegro75: bets $3
ontow: folds
Uncalled bet ($3) returned to Allegro75
Allegro75 collected $11.76 from pot
Allegro75: doesn't show hand
*** SUMMARY ***
Total pot $12 | Rake $0.24
Board [3s 8h 3c]
Seat 1: Allegro75 (button) (small blind) collected ($11.76)
Seat 2: ontow (big blind) folded on the Flop


PokerStars Hand #146661077627:  Hold'em Limit ($3/$6 USD) - 2016/01/07 22:45:47 ET
Table 'Sheratan II' 2-max Seat #2 is the button
Seat 1: Allegro75 ($77.76 in chips)
Seat 2: ontow ($115.39 in chips)
ontow: posts small blind $1
Allegro75: posts big blind $3
*** HOLE CARDS ***
ontow: folds
Uncalled bet ($2) returned to Allegro75
Allegro75 collected $2 from pot
Allegro75: doesn't show hand
*** SUMMARY ***
Total pot $2 | Rake $0
Seat 1: Allegro75 (big blind) collected ($2)
Seat 2: ontow (button) (small blind) folded before Flop


PokerStars Hand #146661064235:  Hold'em Limit ($3/$6 USD) - 2016/01/07 22:45:12 ET
Table 'Sheratan II' 2-max Seat #1 is the button
Seat 1: Allegro75 ($96.14 in chips)
Seat 2: ontow ($91.89 in chips)
Allegro75: posts small blind $1
ontow: posts big blind $3
*** HOLE CARDS ***
Allegro75: raises $3 to $6
ontow: folds
Uncalled bet ($3) returned to Allegro75
Allegro75 collected $6 from pot
Allegro75: doesn't show hand
*** SUMMARY ***
Total pot $6 | Rake $0
Seat 1: Allegro75 (button) (small blind) collected ($6)
Seat 2: ontow (big blind) folded before Flop


PokerStars Hand #146661062519:  Hold'em Limit ($3/$6 USD) - 2016/01/07 22:45:08 ET
Table 'Sheratan II' 2-max Seat #2 is the button
Seat 1: Allegro75 ($95.14 in chips)
Seat 2: ontow ($92.89 in chips)
ontow: posts small blind $1
Allegro75: posts big blind $3
*** HOLE CARDS ***
ontow: folds
Uncalled bet ($2) returned to Allegro75
Allegro75 collected $2 from pot
Allegro75: doesn't show hand
*** SUMMARY ***
Total pot $2 | Rake $0
Seat 1: Allegro75 (big blind) collected ($2)
Seat 2: ontow (button) (small blind) folded before Flop


PokerStars Hand #146661084270:  Hold'em Limit ($3/$6 USD) - 2016/01/07 22:46:04 ET
Table 'Sheratan II' 2-max Seat #1 is the button
Seat 1: Allegro75 ($85.52 in chips)
Seat 2: ontow ($107.39 in chips)
Allegro75: posts small blind $1
ontow: posts big blind $3
*** HOLE CARDS ***
Allegro75: raises $3 to $6
ontow: folds
Uncalled bet ($3) returned to Allegro75
Allegro75 collected $6 from pot
Allegro75: doesn't show hand
*** SUMMARY ***
Total pot $6 | Rake $0
Seat 1: Allegro75 (button) (small blind) collected ($6)
Seat 2: ontow (big blind) folded before Flop


PokerStars Hand #146661082561:  Hold'em Limit ($3/$6 USD) - 2016/01/07 22:46:00 ET
Table 'Sheratan II' 2-max Seat #2 is the button
Seat 1: Allegro75 ($84.52 in chips)
Seat 2: ontow ($108.39 in chips)
ontow: posts small blind $1
Allegro75: posts big blind $3
*** HOLE CARDS ***
ontow: folds
Uncalled bet ($2) returned to Allegro75
Allegro75 collected $2 from pot
Allegro75: doesn't show hand
*** SUMMARY ***
Total pot $2 | Rake $0
Seat 1: Allegro75 (big blind) collected ($2)
Seat 2: ontow (button) (small blind) folded before Flop


PokerStars Hand #146661096267:  Hold'em Limit ($3/$6 USD) - 2016/01/07 22:46:36 ET
Table 'Sheratan II' 2-max Seat #2 is the button
Seat 1: Allegro75 ($77.76 in chips)
Seat 2: ontow ($121.89 in chips)
ontow: posts small blind $1
Allegro75: posts big blind $3
*** HOLE CARDS ***
ontow: calls $2
Allegro75: checks
*** FLOP *** [2h 8c 4s]
Allegro75: bets $3
ontow: calls $3
*** TURN *** [2h 8c 4s] [9c]
Allegro75: bets $6
ontow: folds
Uncalled bet ($6) returned to Allegro75
Allegro75 collected $11.76 from pot
Allegro75: doesn't show hand
*** SUMMARY ***
Total pot $12 | Rake $0.24
Board [2h 8c 4s 9c]
Seat 1: Allegro75 (big blind) collected ($11.76)
Seat 2: ontow (button) (small blind) folded on the Turn


PokerStars Hand #146661100792:  Hold'em Limit ($3/$6 USD) - 2016/01/07 22:46:48 ET
Table 'Sheratan II' 2-max Seat #1 is the button
Seat 1: Allegro75 ($83.52 in chips)
Seat 2: ontow ($115.89 in chips)
Allegro75: posts small blind $1
ontow: posts big blind $3
*** HOLE CARDS ***
Allegro75: raises $3 to $6
ontow: folds
Uncalled bet ($3) returned to Allegro75
Allegro75 collected $6 from pot
Allegro75: doesn't show hand
*** SUMMARY ***
Total pot $6 | Rake $0
Seat 1: Allegro75 (button) (small blind) collected ($6)
Seat 2: ontow (big blind) folded before Flop


PokerStars Hand #146661102637:  Hold'em Limit ($3/$6 USD) - 2016/01/07 22:46:53 ET
Table 'Sheratan II' 2-max Seat #2 is the button
Seat 1: Allegro75 ($86.52 in chips)
Seat 2: ontow ($112.89 in chips)
ontow: posts small blind $1
Allegro75: posts big blind $3
*** HOLE CARDS ***
ontow: raises $3 to $6
Allegro75: raises $3 to $9
ontow: calls $3
*** FLOP *** [Qc 6s 8d]
Allegro75: bets $3
ontow: calls $3
*** TURN *** [Qc 6s 8d] [7d]
Allegro75: bets $6
ontow: raises $6 to $12
Allegro75: calls $6
*** RIVER *** [Qc 6s 8d 7d] [Qh]
Allegro75: checks
ontow: bets $6
Allegro75: calls $6
*** SHOW DOWN ***
ontow: shows [4h 5h] (a straight, Four to Eight)
Allegro75: mucks hand
ontow collected $59.50 from pot
*** SUMMARY ***
Total pot $60 | Rake $0.50
Board [Qc 6s 8d 7d Qh]
Seat 1: Allegro75 (big blind) mucked
Seat 2: ontow (button) (small blind) showed [4h 5h] and won ($59.50) with a straight, Four to Eight


PokerStars Hand #146661086096:  Hold'em Limit ($3/$6 USD) - 2016/01/07 22:46:09 ET
Table 'Sheratan II' 2-max Seat #2 is the button
Seat 1: Allegro75 ($88.52 in chips)
Seat 2: ontow ($104.39 in chips)
ontow: posts small blind $1
Allegro75: posts big blind $3
*** HOLE CARDS ***
ontow: raises $3 to $6
Allegro75: calls $3
*** FLOP *** [6s 4c Ac]
Allegro75: checks
ontow: bets $3
Allegro75: raises $3 to $6
ontow: calls $3
*** TURN *** [6s 4c Ac] [As]
Allegro75: bets $6
ontow: calls $6
*** RIVER *** [6s 4c Ac As] [7s]
Allegro75: bets $6
ontow: calls $6
*** SHOW DOWN ***
Allegro75: shows [Kd 4s] (two pair, Aces and Fours)
ontow: shows [Td 6d] (two pair, Aces and Sixes)
ontow collected $47.50 from pot
*** SUMMARY ***
Total pot $48 | Rake $0.50
Board [6s 4c Ac As 7s]
Seat 1: Allegro75 (big blind) showed [Kd 4s] and lost with two pair, Aces and Fours
Seat 2: ontow (button) (small blind) showed [Td 6d] and won ($47.50) with two pair, Aces and Sixes


PokerStars Hand #146661092458:  Hold'em Limit ($3/$6 USD) - 2016/01/07 22:46:26 ET
Table 'Sheratan II' 2-max Seat #1 is the button
Seat 1: Allegro75 ($72 in chips)
Seat 2: ontow ($127.89 in chips)
Allegro75: posts small blind $1
ontow: posts big blind $3
*** HOLE CARDS ***
Allegro75: raises $3 to $6
ontow: calls $3
*** FLOP *** [2c 9d 4h]
ontow: checks
Allegro75: bets $3
ontow: folds
Uncalled bet ($3) returned to Allegro75
Allegro75 collected $11.76 from pot
Allegro75: doesn't show hand
*** SUMMARY ***
Total pot $12 | Rake $0.24
Board [2c 9d 4h]
Seat 1: Allegro75 (button) (small blind) collected ($11.76)
Seat 2: ontow (big blind) folded on the Flop


PokerStars Hand #146661121366:  Hold'em Limit ($3/$6 USD) - 2016/01/07 22:47:29 ET
Table 'Sheratan II' 2-max Seat #1 is the button
Seat 1: Allegro75 ($76 in chips)
Seat 2: ontow ($138.39 in chips)
Allegro75: posts small blind $1
ontow: posts big blind $3
*** HOLE CARDS ***
Allegro75: raises $3 to $6
ontow: calls $3
*** FLOP *** [9c 5c 8h]
ontow: checks
Allegro75: bets $3
ontow: calls $3
*** TURN *** [9c 5c 8h] [3c]
ontow: checks
Allegro75: bets $6
ontow: folds
Uncalled bet ($6) returned to Allegro75
Allegro75 collected $17.64 from pot
Allegro75: doesn't show hand
*** SUMMARY ***
Total pot $18 | Rake $0.36
Board [9c 5c 8h 3c]
Seat 1: Allegro75 (button) (small blind) collected ($17.64)
Seat 2: ontow (big blind) folded on the Turn


PokerStars Hand #146661126171:  Hold'em Limit ($3/$6 USD) - 2016/01/07 22:47:41 ET
Table 'Sheratan II' 2-max Seat #2 is the button
Seat 1: Allegro75 ($84.64 in chips)
Seat 2: ontow ($129.39 in chips)
ontow: posts small blind $1
Allegro75: posts big blind $3
*** HOLE CARDS ***
ontow: raises $3 to $6
Allegro75: raises $3 to $9
ontow: calls $3
*** FLOP *** [9d 3c 8d]
Allegro75: bets $3
ontow: calls $3
*** TURN *** [9d 3c 8d] [3h]
Allegro75: checks
ontow: checks
*** RIVER *** [9d 3c 8d 3h] [5s]
Allegro75: checks
ontow: bets $6
Allegro75: calls $6
*** SHOW DOWN ***
ontow: shows [8h Jh] (two pair, Eights and Threes)
Allegro75: mucks hand
ontow collected $35.50 from pot
*** SUMMARY ***
Total pot $36 | Rake $0.50
Board [9d 3c 8d 3h 5s]
Seat 1: Allegro75 (big blind) mucked
Seat 2: ontow (button) (small blind) showed [8h Jh] and won ($35.50) with two pair, Eights and Threes


PokerStars Hand #146661134751:  Hold'em Limit ($3/$6 USD) - 2016/01/07 22:48:03 ET
Table 'Sheratan II' 2-max Seat #2 is the button
Seat 1: Allegro75 ($72 in chips)
Seat 2: ontow ($155.53 in chips)
ontow: posts small blind $1
Allegro75: posts big blind $3
*** HOLE CARDS ***
ontow: raises $3 to $6
Allegro75: folds
Uncalled bet ($3) returned to ontow
ontow collected $6 from pot
ontow: doesn't show hand
*** SUMMARY ***
Total pot $6 | Rake $0
Seat 1: Allegro75 (big blind) folded before Flop
Seat 2: ontow (button) (small blind) collected ($6)


PokerStars Hand #146661131666:  Hold'em Limit ($3/$6 USD) - 2016/01/07 22:47:55 ET
Table 'Sheratan II' 2-max Seat #1 is the button
Seat 1: Allegro75 ($72 in chips)
Seat 2: ontow ($146.89 in chips)
Allegro75: posts small blind $1
ontow: posts big blind $3
*** HOLE CARDS ***
Allegro75: raises $3 to $6
ontow: raises $3 to $9
Allegro75: calls $3
*** FLOP *** [3s Ac Jd]
ontow: bets $3
Allegro75: folds
Uncalled bet ($3) returned to ontow
ontow collected $17.64 from pot
ontow: doesn't show hand
*** SUMMARY ***
Total pot $18 | Rake $0.36
Board [3s Ac Jd]
Seat 1: Allegro75 (button) (small blind) folded on the Flop
Seat 2: ontow (big blind) collected ($17.64)


PokerStars Hand #146661112222:  Hold'em Limit ($3/$6 USD) - 2016/01/07 22:47:11 ET
Table 'Sheratan II' 2-max Seat #2 is the button
Seat 1: Allegro75 ($75 in chips)
Seat 2: ontow ($139.39 in chips)
ontow: posts small blind $1
Allegro75: posts big blind $3
*** HOLE CARDS ***
ontow: folds
Uncalled bet ($2) returned to Allegro75
Allegro75 collected $2 from pot
Allegro75: doesn't show hand
*** SUMMARY ***
Total pot $2 | Rake $0
Seat 1: Allegro75 (big blind) collected ($2)
Seat 2: ontow (button) (small blind) folded before Flop


PokerStars Hand #146661110517:  Hold'em Limit ($3/$6 USD) - 2016/01/07 22:47:07 ET
Table 'Sheratan II' 2-max Seat #1 is the button
Seat 1: Allegro75 ($72 in chips)
Seat 2: ontow ($142.39 in chips)
Allegro75: posts small blind $1
ontow: posts big blind $3
*** HOLE CARDS ***
Allegro75: raises $3 to $6
ontow: folds
Uncalled bet ($3) returned to Allegro75
Allegro75 collected $6 from pot
Allegro75: doesn't show hand
*** SUMMARY ***
Total pot $6 | Rake $0
Seat 1: Allegro75 (button) (small blind) collected ($6)
Seat 2: ontow (big blind) folded before Flop


PokerStars Hand #146661117339:  Hold'em Limit ($3/$6 USD) - 2016/01/07 22:47:21 ET
Table 'Sheratan II' 2-max Seat #2 is the button
Seat 1: Allegro75 ($79 in chips)
Seat 2: ontow ($135.39 in chips)
ontow: posts small blind $1
Allegro75: posts big blind $3
*** HOLE CARDS ***
ontow: raises $3 to $6
Allegro75: folds
Uncalled bet ($3) returned to ontow
ontow collected $6 from pot
ontow: doesn't show hand
*** SUMMARY ***
Total pot $6 | Rake $0
Seat 1: Allegro75 (big blind) folded before Flop
Seat 2: ontow (button) (small blind) collected ($6)


PokerStars Hand #146661115559:  Hold'em Limit ($3/$6 USD) - 2016/01/07 22:47:16 ET
Table 'Sheratan II' 2-max Seat #1 is the button
Seat 1: Allegro75 ($76 in chips)
Seat 2: ontow ($138.39 in chips)
Allegro75: posts small blind $1
ontow: posts big blind $3
*** HOLE CARDS ***
Allegro75: raises $3 to $6
ontow: folds
Uncalled bet ($3) returned to Allegro75
Allegro75 collected $6 from pot
Allegro75: doesn't show hand
*** SUMMARY ***
Total pot $6 | Rake $0
Seat 1: Allegro75 (button) (small blind) collected ($6)
Seat 2: ontow (big blind) folded before Flop


PokerStars Hand #146661150874:  Hold'em Limit ($3/$6 USD) - 2016/01/07 22:48:46 ET
Table 'Sheratan II' 2-max Seat #2 is the button
Seat 1: Allegro75 ($90.52 in chips)
Seat 2: ontow ($154.03 in chips)
ontow: posts small blind $1
Allegro75: posts big blind $3
*** HOLE CARDS ***
ontow: folds
Uncalled bet ($2) returned to Allegro75
Allegro75 collected $2 from pot
Allegro75: doesn't show hand
*** SUMMARY ***
Total pot $2 | Rake $0
Seat 1: Allegro75 (big blind) collected ($2)
Seat 2: ontow (button) (small blind) folded before Flop


PokerStars Hand #146661149163:  Hold'em Limit ($3/$6 USD) - 2016/01/07 22:48:41 ET
Table 'Sheratan II' 2-max Seat #1 is the button
Seat 1: Allegro75 ($87.52 in chips)
Seat 2: ontow ($157.03 in chips)
Allegro75: posts small blind $1
ontow: posts big blind $3
*** HOLE CARDS ***
Allegro75: raises $3 to $6
ontow: folds
Uncalled bet ($3) returned to Allegro75
Allegro75 collected $6 from pot
Allegro75: doesn't show hand
*** SUMMARY ***
Total pot $6 | Rake $0
Seat 1: Allegro75 (button) (small blind) collected ($6)
Seat 2: ontow (big blind) folded before Flop


PokerStars Hand #146661145181:  Hold'em Limit ($3/$6 USD) - 2016/01/07 22:48:31 ET
Table 'Sheratan II' 2-max Seat #2 is the button
Seat 1: Allegro75 ($76 in chips)
Seat 2: ontow ($169.03 in chips)
ontow: posts small blind $1
Allegro75: posts big blind $3
*** HOLE CARDS ***
ontow: raises $3 to $6
Allegro75: raises $3 to $9
ontow: calls $3
*** FLOP *** [Tc 2c 6d]
Allegro75: bets $3
ontow: calls $3
*** TURN *** [Tc 2c 6d] [As]
Allegro75: bets $6
ontow: folds
Uncalled bet ($6) returned to Allegro75
Allegro75 collected $23.52 from pot
Allegro75: doesn't show hand
*** SUMMARY ***
Total pot $24 | Rake $0.48
Board [Tc 2c 6d As]
Seat 1: Allegro75 (big blind) collected ($23.52)
Seat 2: ontow (button) (small blind) folded on the Turn


PokerStars Hand #146661143469:  Hold'em Limit ($3/$6 USD) - 2016/01/07 22:48:26 ET
Table 'Sheratan II' 2-max Seat #1 is the button
Seat 1: Allegro75 ($73 in chips)
Seat 2: ontow ($172.03 in chips)
Allegro75: posts small blind $1
ontow: posts big blind $3
*** HOLE CARDS ***
Allegro75: raises $3 to $6
ontow: folds
Uncalled bet ($3) returned to Allegro75
Allegro75 collected $6 from pot
Allegro75: doesn't show hand
*** SUMMARY ***
Total pot $6 | Rake $0
Seat 1: Allegro75 (button) (small blind) collected ($6)
Seat 2: ontow (big blind) folded before Flop


PokerStars Hand #146661141798:  Hold'em Limit ($3/$6 USD) - 2016/01/07 22:48:22 ET
Table 'Sheratan II' 2-max Seat #2 is the button
Seat 1: Allegro75 ($72 in chips)
Seat 2: ontow ($173.03 in chips)
ontow: posts small blind $1
Allegro75: posts big blind $3
*** HOLE CARDS ***
ontow: folds
Uncalled bet ($2) returned to Allegro75
Allegro75 collected $2 from pot
Allegro75: doesn't show hand
*** SUMMARY ***
Total pot $2 | Rake $0
Seat 1: Allegro75 (big blind) collected ($2)
Seat 2: ontow (button) (small blind) folded before Flop


PokerStars Hand #146661136719:  Hold'em Limit ($3/$6 USD) - 2016/01/07 22:48:08 ET
Table 'Sheratan II' 2-max Seat #1 is the button
Seat 1: Allegro75 ($72 in chips)
Seat 2: ontow ($158.53 in chips)
Allegro75: posts small blind $1
ontow: posts big blind $3
*** HOLE CARDS ***
Allegro75: raises $3 to $6
ontow: calls $3
*** FLOP *** [7h 8s 2h]
ontow: checks
Allegro75: bets $3
ontow: calls $3
*** TURN *** [7h 8s 2h] [8d]
ontow: checks
Allegro75: bets $6
ontow: calls $6
*** RIVER *** [7h 8s 2h 8d] [Jc]
ontow: checks
Allegro75: checks
*** SHOW DOWN ***
ontow: shows [Qd 7c] (two pair, Eights and Sevens)
Allegro75: mucks hand
ontow collected $29.50 from pot
*** SUMMARY ***
Total pot $30 | Rake $0.50
Board [7h 8s 2h 8d Jc]
Seat 1: Allegro75 (button) (small blind) mucked
Seat 2: ontow (big blind) showed [Qd 7c] and won ($29.50) with two pair, Eights and Sevens


PokerStars Hand #146661158377:  Hold'em Limit ($3/$6 USD) - 2016/01/07 22:49:06 ET
Table 'Sheratan II' 2-max Seat #2 is the button
Seat 1: Allegro75 ($115.02 in chips)
Seat 2: ontow ($129.03 in chips)
ontow: posts small blind $1
Allegro75: posts big blind $3
*** HOLE CARDS ***
ontow: folds
Uncalled bet ($2) returned to Allegro75
Allegro75 collected $2 from pot
Allegro75: doesn't show hand
*** SUMMARY ***
Total pot $2 | Rake $0
Seat 1: Allegro75 (big blind) collected ($2)
Seat 2: ontow (button) (small blind) folded before Flop


PokerStars Hand #146661152586:  Hold'em Limit ($3/$6 USD) - 2016/01/07 22:48:50 ET
Table 'Sheratan II' 2-max Seat #1 is the button
Seat 1: Allegro75 ($91.52 in chips)
Seat 2: ontow ($153.03 in chips)
Allegro75: posts small blind $1
ontow: posts big blind $3
*** HOLE CARDS ***
Allegro75: raises $3 to $6
ontow: calls $3
*** FLOP *** [5d 7c Kh]
ontow: bets $3
Allegro75: raises $3 to $6
ontow: calls $3
*** TURN *** [5d 7c Kh] [4c]
ontow: checks
Allegro75: checks
*** RIVER *** [5d 7c Kh 4c] [8d]
ontow: bets $6
Allegro75: raises $6 to $12
ontow: calls $6
*** SHOW DOWN ***
Allegro75: shows [6s 9s] (a straight, Five to Nine)
ontow: mucks hand
Allegro75 collected $47.50 from pot
*** SUMMARY ***
Total pot $48 | Rake $0.50
Board [5d 7c Kh 4c 8d]
Seat 1: Allegro75 (button) (small blind) showed [6s 9s] and won ($47.50) with a straight, Five to Nine
Seat 2: ontow (big blind) mucked


PokerStars Hand #146661169737:  Hold'em Limit ($3/$6 USD) - 2016/01/07 22:49:36 ET
Table 'Sheratan II' 2-max Seat #2 is the button
Seat 1: Allegro75 ($98.02 in chips)
Seat 2: ontow ($145.53 in chips)
ontow: posts small blind $1
Allegro75: posts big blind $3
*** HOLE CARDS ***
ontow: folds
Uncalled bet ($2) returned to Allegro75
Allegro75 collected $2 from pot
Allegro75: doesn't show hand
*** SUMMARY ***
Total pot $2 | Rake $0
Seat 1: Allegro75 (big blind) collected ($2)
Seat 2: ontow (button) (small blind) folded before Flop


PokerStars Hand #146661167962:  Hold'em Limit ($3/$6 USD) - 2016/01/07 22:49:31 ET
Table 'Sheratan II' 2-max Seat #1 is the button
Seat 1: Allegro75 ($95.02 in chips)
Seat 2: ontow ($148.53 in chips)
Allegro75: posts small blind $1
ontow: posts big blind $3
*** HOLE CARDS ***
Allegro75: raises $3 to $6
ontow: folds
Uncalled bet ($3) returned to Allegro75
Allegro75 collected $6 from pot
Allegro75: doesn't show hand
*** SUMMARY ***
Total pot $6 | Rake $0
Seat 1: Allegro75 (button) (small blind) collected ($6)
Seat 2: ontow (big blind) folded before Flop


PokerStars Hand #146661171559:  Hold'em Limit ($3/$6 USD) - 2016/01/07 22:49:41 ET
Table 'Sheratan II' 2-max Seat #1 is the button
Seat 1: Allegro75 ($99.02 in chips)
Seat 2: ontow ($144.53 in chips)
Allegro75: posts small blind $1
ontow: posts big blind $3
*** HOLE CARDS ***
Allegro75: raises $3 to $6
ontow: calls $3
*** FLOP *** [As 7d 7c]
ontow: checks
Allegro75: bets $3
ontow: folds
Uncalled bet ($3) returned to Allegro75
Allegro75 collected $11.76 from pot
Allegro75: doesn't show hand
*** SUMMARY ***
Total pot $12 | Rake $0.24
Board [As 7d 7c]
Seat 1: Allegro75 (button) (small blind) collected ($11.76)
Seat 2: ontow (big blind) folded on the Flop


PokerStars Hand #146661174699:  Hold'em Limit ($3/$6 USD) - 2016/01/07 22:49:49 ET
Table 'Sheratan II' 2-max Seat #2 is the button
Seat 1: Allegro75 ($104.78 in chips)
Seat 2: ontow ($138.53 in chips)
ontow: posts small blind $1
Allegro75: posts big blind $3
*** HOLE CARDS ***
ontow: raises $3 to $6
Allegro75: calls $3
*** FLOP *** [4s 5h Ac]
Allegro75: checks
ontow: bets $3
Allegro75: calls $3
*** TURN *** [4s 5h Ac] [Kd]
Allegro75: checks
ontow: bets $6
Allegro75: folds
Uncalled bet ($6) returned to ontow
ontow collected $17.64 from pot
ontow: doesn't show hand
*** SUMMARY ***
Total pot $18 | Rake $0.36
Board [4s 5h Ac Kd]
Seat 1: Allegro75 (big blind) folded on the Turn
Seat 2: ontow (button) (small blind) collected ($17.64)


PokerStars Hand #146661160029:  Hold'em Limit ($3/$6 USD) - 2016/01/07 22:49:10 ET
Table 'Sheratan II' 2-max Seat #1 is the button
Seat 1: Allegro75 ($116.02 in chips)
Seat 2: ontow ($128.03 in chips)
Allegro75: posts small blind $1
ontow: posts big blind $3
*** HOLE CARDS ***
Allegro75: raises $3 to $6
ontow: raises $3 to $9
Allegro75: calls $3
*** FLOP *** [Tc 6d Ks]
ontow: bets $3
Allegro75: calls $3
*** TURN *** [Tc 6d Ks] [7d]
ontow: bets $6
Allegro75: calls $6
*** RIVER *** [Tc 6d Ks 7d] [4s]
ontow: bets $6
Allegro75: folds
Uncalled bet ($6) returned to ontow
ontow collected $35.50 from pot
ontow: doesn't show hand
*** SUMMARY ***
Total pot $36 | Rake $0.50
Board [Tc 6d Ks 7d 4s]
Seat 1: Allegro75 (button) (small blind) folded on the River
Seat 2: ontow (big blind) collected ($35.50)


PokerStars Hand #146661195349:  Hold'em Limit ($3/$6 USD) - 2016/01/07 22:50:44 ET
Table 'Sheratan II' 2-max Seat #1 is the button
Seat 1: Allegro75 ($105.06 in chips)
Seat 2: ontow ($136.81 in chips)
Allegro75: posts small blind $1
ontow: posts big blind $3
*** HOLE CARDS ***
Allegro75: raises $3 to $6
ontow: folds
Uncalled bet ($3) returned to Allegro75
Allegro75 collected $6 from pot
Allegro75: doesn't show hand
*** SUMMARY ***
Total pot $6 | Rake $0
Seat 1: Allegro75 (button) (small blind) collected ($6)
Seat 2: ontow (big blind) folded before Flop


PokerStars Hand #146661193619:  Hold'em Limit ($3/$6 USD) - 2016/01/07 22:50:40 ET
Table 'Sheratan II' 2-max Seat #2 is the button
Seat 1: Allegro75 ($104.06 in chips)
Seat 2: ontow ($137.81 in chips)
ontow: posts small blind $1
Allegro75: posts big blind $3
*** HOLE CARDS ***
ontow: folds
Uncalled bet ($2) returned to Allegro75
Allegro75 collected $2 from pot
Allegro75: doesn't show hand
*** SUMMARY ***
Total pot $2 | Rake $0
Seat 1: Allegro75 (big blind) collected ($2)
Seat 2: ontow (button) (small blind) folded before Flop


PokerStars Hand #146661188959:  Hold'em Limit ($3/$6 USD) - 2016/01/07 22:50:28 ET
Table 'Sheratan II' 2-max Seat #1 is the button
Seat 1: Allegro75 ($95.42 in chips)
Seat 2: ontow ($146.81 in chips)
Allegro75: posts small blind $1
ontow: posts big blind $3
*** HOLE CARDS ***
Allegro75: raises $3 to $6
ontow: calls $3
*** FLOP *** [4d 2h 6c]
ontow: checks
Allegro75: bets $3
ontow: calls $3
*** TURN *** [4d 2h 6c] [Ks]
ontow: checks
Allegro75: bets $6
ontow: folds
Uncalled bet ($6) returned to Allegro75
Allegro75 collected $17.64 from pot
Allegro75: doesn't show hand
*** SUMMARY ***
Total pot $18 | Rake $0.36
Board [4d 2h 6c Ks]
Seat 1: Allegro75 (button) (small blind) collected ($17.64)
Seat 2: ontow (big blind) folded on the Turn


PokerStars Hand #146661178958:  Hold'em Limit ($3/$6 USD) - 2016/01/07 22:50:00 ET
Table 'Sheratan II' 2-max Seat #1 is the button
Seat 1: Allegro75 ($95.78 in chips)
Seat 2: ontow ($147.17 in chips)
Allegro75: posts small blind $1
ontow: posts big blind $3
*** HOLE CARDS ***
Allegro75: raises $3 to $6
ontow: calls $3
*** FLOP *** [9d 9c 6d]
ontow: checks
Allegro75: bets $3
ontow: calls $3
*** TURN *** [9d 9c 6d] [5d]
ontow: checks
Allegro75: checks
*** RIVER *** [9d 9c 6d 5d] [Jd]
ontow: checks
Allegro75: checks
*** SHOW DOWN ***
ontow: shows [9s 8c] (three of a kind, Nines)
Allegro75: mucks hand
ontow collected $17.64 from pot
*** SUMMARY ***
Total pot $18 | Rake $0.36
Board [9d 9c 6d 5d Jd]
Seat 1: Allegro75 (button) (small blind) mucked
Seat 2: ontow (big blind) showed [9s 8c] and won ($17.64) with three of a kind, Nines


PokerStars Hand #146661183586:  Hold'em Limit ($3/$6 USD) - 2016/01/07 22:50:13 ET
Table 'Sheratan II' 2-max Seat #2 is the button
Seat 1: Allegro75 ($86.78 in chips)
Seat 2: ontow ($155.81 in chips)
ontow: posts small blind $1
Allegro75: posts big blind $3
*** HOLE CARDS ***
ontow: raises $3 to $6
Allegro75: raises $3 to $9
ontow: calls $3
*** FLOP *** [4h As Tc]
Allegro75: bets $3
ontow: folds
Uncalled bet ($3) returned to Allegro75
Allegro75 collected $17.64 from pot
Allegro75: doesn't show hand
*** SUMMARY ***
Total pot $18 | Rake $0.36
Board [4h As Tc]
Seat 1: Allegro75 (big blind) collected ($17.64)
Seat 2: ontow (button) (small blind) folded on the Flop


PokerStars Hand #146661199060:  Hold'em Limit ($3/$6 USD) - 2016/01/07 22:50:54 ET
Table 'Sheratan II' 2-max Seat #1 is the button
Seat 1: Allegro75 ($109.06 in chips)
Seat 2: ontow ($132.81 in chips)
Allegro75: posts small blind $1
ontow: posts big blind $3
*** HOLE CARDS ***
Allegro75: raises $3 to $6
ontow: folds
Uncalled bet ($3) returned to Allegro75
Allegro75 collected $6 from pot
Allegro75: doesn't show hand
*** SUMMARY ***
Total pot $6 | Rake $0
Seat 1: Allegro75 (button) (small blind) collected ($6)
Seat 2: ontow (big blind) folded before Flop


PokerStars Hand #146661197094:  Hold'em Limit ($3/$6 USD) - 2016/01/07 22:50:49 ET
Table 'Sheratan II' 2-max Seat #2 is the button
Seat 1: Allegro75 ($108.06 in chips)
Seat 2: ontow ($133.81 in chips)
ontow: posts small blind $1
Allegro75: posts big blind $3
*** HOLE CARDS ***
ontow: folds
Uncalled bet ($2) returned to Allegro75
Allegro75 collected $2 from pot
Allegro75: doesn't show hand
*** SUMMARY ***
Total pot $2 | Rake $0
Seat 1: Allegro75 (big blind) collected ($2)
Seat 2: ontow (button) (small blind) folded before Flop


PokerStars Hand #146661215162:  Hold'em Limit ($3/$6 USD) - 2016/01/07 22:51:38 ET
Table 'Sheratan II' 2-max Seat #2 is the button
Seat 1: Allegro75 ($92.06 in chips)
Seat 2: ontow ($149.31 in chips)
ontow: posts small blind $1
Allegro75: posts big blind $3
*** HOLE CARDS ***
ontow: raises $3 to $6
Allegro75: folds
Uncalled bet ($3) returned to ontow
ontow collected $6 from pot
ontow: doesn't show hand
*** SUMMARY ***
Total pot $6 | Rake $0
Seat 1: Allegro75 (big blind) folded before Flop
Seat 2: ontow (button) (small blind) collected ($6)


PokerStars Hand #146661213336:  Hold'em Limit ($3/$6 USD) - 2016/01/07 22:51:33 ET
Table 'Sheratan II' 2-max Seat #1 is the button
Seat 1: Allegro75 ($89.06 in chips)
Seat 2: ontow ($152.31 in chips)
Allegro75: posts small blind $1
ontow: posts big blind $3
*** HOLE CARDS ***
Allegro75: raises $3 to $6
ontow: folds
Uncalled bet ($3) returned to Allegro75
Allegro75 collected $6 from pot
Allegro75: doesn't show hand
*** SUMMARY ***
Total pot $6 | Rake $0
Seat 1: Allegro75 (button) (small blind) collected ($6)
Seat 2: ontow (big blind) folded before Flop


PokerStars Hand #146661211638:  Hold'em Limit ($3/$6 USD) - 2016/01/07 22:51:28 ET
Table 'Sheratan II' 2-max Seat #2 is the button
Seat 1: Allegro75 ($88.06 in chips)
Seat 2: ontow ($153.31 in chips)
ontow: posts small blind $1
Allegro75: posts big blind $3
*** HOLE CARDS ***
ontow: folds
Uncalled bet ($2) returned to Allegro75
Allegro75 collected $2 from pot
Allegro75: doesn't show hand
*** SUMMARY ***
Total pot $2 | Rake $0
Seat 1: Allegro75 (big blind) collected ($2)
Seat 2: ontow (button) (small blind) folded before Flop


PokerStars Hand #146661200881:  Hold'em Limit ($3/$6 USD) - 2016/01/07 22:50:59 ET
Table 'Sheratan II' 2-max Seat #2 is the button
Seat 1: Allegro75 ($112.06 in chips)
Seat 2: ontow ($129.81 in chips)
ontow: posts small blind $1
Allegro75: posts big blind $3
*** HOLE CARDS ***
ontow: raises $3 to $6
Allegro75: raises $3 to $9
ontow: raises $3 to $12
Betting is capped
Allegro75: calls $3
*** FLOP *** [Ts 9h 8h]
Allegro75: checks
ontow: bets $3
Allegro75: calls $3
*** TURN *** [Ts 9h 8h] [8c]
Allegro75: checks
ontow: bets $6
Allegro75: calls $6
*** RIVER *** [Ts 9h 8h 8c] [3d]
Allegro75: checks
ontow: bets $6
Allegro75: calls $6
*** SHOW DOWN ***
ontow: shows [Ah 9c] (two pair, Nines and Eights)
Allegro75: mucks hand
ontow collected $53.50 from pot
*** SUMMARY ***
Total pot $54 | Rake $0.50
Board [Ts 9h 8h 8c 3d]
Seat 1: Allegro75 (big blind) mucked
Seat 2: ontow (button) (small blind) showed [Ah 9c] and won ($53.50) with two pair, Nines and Eights


PokerStars Hand #146661207198:  Hold'em Limit ($3/$6 USD) - 2016/01/07 22:51:16 ET
Table 'Sheratan II' 2-max Seat #1 is the button
Seat 1: Allegro75 ($85.06 in chips)
Seat 2: ontow ($156.31 in chips)
Allegro75: posts small blind $1
ontow: posts big blind $3
*** HOLE CARDS ***
Allegro75: raises $3 to $6
ontow: folds
Uncalled bet ($3) returned to Allegro75
Allegro75 collected $6 from pot
Allegro75: doesn't show hand
*** SUMMARY ***
Total pot $6 | Rake $0
Seat 1: Allegro75 (button) (small blind) collected ($6)
Seat 2: ontow (big blind) folded before Flop


PokerStars Hand #146661223393:  Hold'em Limit ($3/$6 USD) - 2016/01/07 22:52:00 ET
Table 'Sheratan II' 2-max Seat #2 is the button
Seat 1: Allegro75 ($84.06 in chips)
Seat 2: ontow ($156.95 in chips)
ontow: posts small blind $1
Allegro75: posts big blind $3
*** HOLE CARDS ***
ontow: folds
Uncalled bet ($2) returned to Allegro75
Allegro75 collected $2 from pot
Allegro75: doesn't show hand
*** SUMMARY ***
Total pot $2 | Rake $0
Seat 1: Allegro75 (big blind) collected ($2)
Seat 2: ontow (button) (small blind) folded before Flop


PokerStars Hand #146661221720:  Hold'em Limit ($3/$6 USD) - 2016/01/07 22:51:56 ET
Table 'Sheratan II' 2-max Seat #1 is the button
Seat 1: Allegro75 ($81.06 in chips)
Seat 2: ontow ($159.95 in chips)
Allegro75: posts small blind $1
ontow: posts big blind $3
*** HOLE CARDS ***
Allegro75: raises $3 to $6
ontow: folds
Uncalled bet ($3) returned to Allegro75
Allegro75 collected $6 from pot
Allegro75: doesn't show hand
*** SUMMARY ***
Total pot $6 | Rake $0
Seat 1: Allegro75 (button) (small blind) collected ($6)
Seat 2: ontow (big blind) folded before Flop


PokerStars Hand #146661219960:  Hold'em Limit ($3/$6 USD) - 2016/01/07 22:51:51 ET
Table 'Sheratan II' 2-max Seat #2 is the button
Seat 1: Allegro75 ($80.06 in chips)
Seat 2: ontow ($160.95 in chips)
ontow: posts small blind $1
Allegro75: posts big blind $3
*** HOLE CARDS ***
ontow: folds
Uncalled bet ($2) returned to Allegro75
Allegro75 collected $2 from pot
Allegro75: doesn't show hand
*** SUMMARY ***
Total pot $2 | Rake $0
Seat 1: Allegro75 (big blind) collected ($2)
Seat 2: ontow (button) (small blind) folded before Flop


PokerStars Hand #146661217037:  Hold'em Limit ($3/$6 USD) - 2016/01/07 22:51:43 ET
Table 'Sheratan II' 2-max Seat #1 is the button
Seat 1: Allegro75 ($89.06 in chips)
Seat 2: ontow ($152.31 in chips)
Allegro75: posts small blind $1
ontow: posts big blind $3
*** HOLE CARDS ***
Allegro75: raises $3 to $6
ontow: raises $3 to $9
Allegro75: calls $3
*** FLOP *** [6s Kc Ah]
ontow: bets $3
Allegro75: folds
Uncalled bet ($3) returned to ontow
ontow collected $17.64 from pot
ontow: doesn't show hand
*** SUMMARY ***
Total pot $18 | Rake $0.36
Board [6s Kc Ah]
Seat 1: Allegro75 (button) (small blind) folded on the Flop
Seat 2: ontow (big blind) collected ($17.64)


PokerStars Hand #146661231099:  Hold'em Limit ($3/$6 USD) - 2016/01/07 22:52:21 ET
Table 'Sheratan II' 2-max Seat #2 is the button
Seat 1: Allegro75 ($72 in chips)
Seat 2: ontow ($170.45 in chips)
ontow: posts small blind $1
Allegro75: posts big blind $3
*** HOLE CARDS ***
ontow: raises $3 to $6
Allegro75: calls $3
*** FLOP *** [2s Ac Qs]
Allegro75: checks
ontow: bets $3
Allegro75: folds
Uncalled bet ($3) returned to ontow
ontow collected $11.76 from pot
ontow: doesn't show hand
*** SUMMARY ***
Total pot $12 | Rake $0.24
Board [2s Ac Qs]
Seat 1: Allegro75 (big blind) folded on the Flop
Seat 2: ontow (button) (small blind) collected ($11.76)


PokerStars Hand #146661225878:  Hold'em Limit ($3/$6 USD) - 2016/01/07 22:52:07 ET
Table 'Sheratan II' 2-max Seat #1 is the button
Seat 1: Allegro75 ($85.06 in chips)
Seat 2: ontow ($155.95 in chips)
Allegro75: posts small blind $1
ontow: posts big blind $3
*** HOLE CARDS ***
Allegro75: raises $3 to $6
ontow: calls $3
*** FLOP *** [Th Qs Jd]
ontow: checks
Allegro75: bets $3
ontow: calls $3
*** TURN *** [Th Qs Jd] [5h]
ontow: checks
Allegro75: bets $6
ontow: calls $6
*** RIVER *** [Th Qs Jd 5h] [Jh]
ontow: checks
Allegro75: checks
*** SHOW DOWN ***
ontow: shows [9c Tc] (two pair, Jacks and Tens)
Allegro75: mucks hand
ontow collected $29.50 from pot
*** SUMMARY ***
Total pot $30 | Rake $0.50
Board [Th Qs Jd 5h Jh]
Seat 1: Allegro75 (button) (small blind) mucked
Seat 2: ontow (big blind) showed [9c Tc] and won ($29.50) with two pair, Jacks and Tens


PokerStars Hand #146661234038:  Hold'em Limit ($3/$6 USD) - 2016/01/07 22:52:29 ET
Table 'Sheratan II' 2-max Seat #1 is the button
Seat 1: Allegro75 ($72 in chips)
Seat 2: ontow ($176.21 in chips)
Allegro75: posts small blind $1
ontow: posts big blind $3
*** HOLE CARDS ***
Allegro75: raises $3 to $6
ontow: calls $3
*** FLOP *** [8c Ah Qc]
ontow: bets $3
Allegro75: raises $3 to $6
ontow: calls $3
*** TURN *** [8c Ah Qc] [Jc]
ontow: checks
Allegro75: bets $6
ontow: raises $6 to $12
Allegro75: calls $6
*** RIVER *** [8c Ah Qc Jc] [Ac]
ontow: bets $6
Allegro75: raises $6 to $12
ontow: calls $6
*** SHOW DOWN ***
Allegro75: shows [Ad Kc] (a flush, Ace high)
ontow: mucks hand
Allegro75 collected $71.50 from pot
*** SUMMARY ***
Total pot $72 | Rake $0.50
Board [8c Ah Qc Jc Ac]
Seat 1: Allegro75 (button) (small blind) showed [Ad Kc] and won ($71.50) with a flush, Ace high
Seat 2: ontow (big blind) mucked


PokerStars Hand #146661240238:  Hold'em Limit ($3/$6 USD) - 2016/01/07 22:52:46 ET
Table 'Sheratan II' 2-max Seat #2 is the button
Seat 1: Allegro75 ($107.50 in chips)
Seat 2: ontow ($140.21 in chips)
ontow: posts small blind $1
Allegro75: posts big blind $3
*** HOLE CARDS ***
ontow: folds
Uncalled bet ($2) returned to Allegro75
Allegro75 collected $2 from pot
Allegro75: doesn't show hand
*** SUMMARY ***
Total pot $2 | Rake $0
Seat 1: Allegro75 (big blind) collected ($2)
Seat 2: ontow (button) (small blind) folded before Flop


PokerStars Hand #146661241874:  Hold'em Limit ($3/$6 USD) - 2016/01/07 22:52:51 ET
Table 'Sheratan II' 2-max Seat #1 is the button
Seat 1: Allegro75 ($108.50 in chips)
Seat 2: ontow ($139.21 in chips)
Allegro75: posts small blind $1
ontow: posts big blind $3
*** HOLE CARDS ***
Allegro75: raises $3 to $6
ontow: folds
Uncalled bet ($3) returned to Allegro75
Allegro75 collected $6 from pot
Allegro75: doesn't show hand
*** SUMMARY ***
Total pot $6 | Rake $0
Seat 1: Allegro75 (button) (small blind) collected ($6)
Seat 2: ontow (big blind) folded before Flop


PokerStars Hand #146661253930:  Hold'em Limit ($3/$6 USD) - 2016/01/07 22:53:24 ET
Table 'Sheratan II' 2-max Seat #2 is the button
Seat 1: Allegro75 ($87.50 in chips)
Seat 2: ontow ($159.71 in chips)
ontow: posts small blind $1
Allegro75: posts big blind $3
*** HOLE CARDS ***
ontow: raises $3 to $6
Allegro75: calls $3
*** FLOP *** [Qd 3s 8h]
Allegro75: checks
ontow: bets $3
Allegro75: raises $3 to $6
ontow: calls $3
*** TURN *** [Qd 3s 8h] [Jc]
Allegro75: bets $6
ontow: calls $6
*** RIVER *** [Qd 3s 8h Jc] [8c]
Allegro75: bets $6
ontow: calls $6
*** SHOW DOWN ***
Allegro75: shows [8d 7c] (three of a kind, Eights)
ontow: mucks hand
Allegro75 collected $47.50 from pot
*** SUMMARY ***
Total pot $48 | Rake $0.50
Board [Qd 3s 8h Jc 8c]
Seat 1: Allegro75 (big blind) showed [8d 7c] and won ($47.50) with three of a kind, Eights
Seat 2: ontow (button) (small blind) mucked


PokerStars Hand #146661251951:  Hold'em Limit ($3/$6 USD) - 2016/01/07 22:53:18 ET
Table 'Sheratan II' 2-max Seat #1 is the button
Seat 1: Allegro75 ($84.50 in chips)
Seat 2: ontow ($162.71 in chips)
Allegro75: posts small blind $1
ontow: posts big blind $3
*** HOLE CARDS ***
Allegro75: raises $3 to $6
ontow: folds
Uncalled bet ($3) returned to Allegro75
Allegro75 collected $6 from pot
Allegro75: doesn't show hand
*** SUMMARY ***
Total pot $6 | Rake $0
Seat 1: Allegro75 (button) (small blind) collected ($6)
Seat 2: ontow (big blind) folded before Flop


PokerStars Hand #146661243646:  Hold'em Limit ($3/$6 USD) - 2016/01/07 22:52:55 ET
Table 'Sheratan II' 2-max Seat #2 is the button
Seat 1: Allegro75 ($111.50 in chips)
Seat 2: ontow ($136.21 in chips)
ontow: posts small blind $1
Allegro75: posts big blind $3
*** HOLE CARDS ***
ontow: raises $3 to $6
Allegro75: raises $3 to $9
ontow: calls $3
*** FLOP *** [Qh Td Kd]
Allegro75: bets $3
ontow: raises $3 to $6
Allegro75: calls $3
*** TURN *** [Qh Td Kd] [5h]
Allegro75: checks
ontow: bets $6
Allegro75: calls $6
*** RIVER *** [Qh Td Kd 5h] [Kc]
Allegro75: checks
ontow: bets $6
Allegro75: calls $6
*** SHOW DOWN ***
ontow: shows [Ts Qc] (two pair, Kings and Queens)
Allegro75: mucks hand
ontow collected $53.50 from pot
*** SUMMARY ***
Total pot $54 | Rake $0.50
Board [Qh Td Kd 5h Kc]
Seat 1: Allegro75 (big blind) mucked
Seat 2: ontow (button) (small blind) showed [Ts Qc] and won ($53.50) with two pair, Kings and Queens


PokerStars Hand #146661258450:  Hold'em Limit ($3/$6 USD) - 2016/01/07 22:53:36 ET
Table 'Sheratan II' 2-max Seat #1 is the button
Seat 1: Allegro75 ($111 in chips)
Seat 2: ontow ($135.71 in chips)
Allegro75: posts small blind $1
ontow: posts big blind $3
*** HOLE CARDS ***
Allegro75: raises $3 to $6
ontow: calls $3
*** FLOP *** [7h 2c 3h]
ontow: checks
Allegro75: bets $3
ontow: calls $3
*** TURN *** [7h 2c 3h] [5d]
ontow: checks
Allegro75: bets $6
ontow: folds
Uncalled bet ($6) returned to Allegro75
Allegro75 collected $17.64 from pot
Allegro75: doesn't show hand
*** SUMMARY ***
Total pot $18 | Rake $0.36
Board [7h 2c 3h 5d]
Seat 1: Allegro75 (button) (small blind) collected ($17.64)
Seat 2: ontow (big blind) folded on the Turn


PokerStars Hand #146661267675:  Hold'em Limit ($3/$6 USD) - 2016/01/07 22:54:01 ET
Table 'Sheratan II' 2-max Seat #2 is the button
Seat 1: Allegro75 ($119.64 in chips)
Seat 2: ontow ($126.71 in chips)
ontow: posts small blind $1
Allegro75: posts big blind $3
*** HOLE CARDS ***
ontow: raises $3 to $6
Allegro75: folds
Uncalled bet ($3) returned to ontow
ontow collected $6 from pot
ontow: doesn't show hand
*** SUMMARY ***
Total pot $6 | Rake $0
Seat 1: Allegro75 (big blind) folded before Flop
Seat 2: ontow (button) (small blind) collected ($6)


PokerStars Hand #146661266065:  Hold'em Limit ($3/$6 USD) - 2016/01/07 22:53:57 ET
Table 'Sheratan II' 2-max Seat #1 is the button
Seat 1: Allegro75 ($116.64 in chips)
Seat 2: ontow ($129.71 in chips)
Allegro75: posts small blind $1
ontow: posts big blind $3
*** HOLE CARDS ***
Allegro75: raises $3 to $6
ontow: folds
Uncalled bet ($3) returned to Allegro75
Allegro75 collected $6 from pot
Allegro75: doesn't show hand
*** SUMMARY ***
Total pot $6 | Rake $0
Seat 1: Allegro75 (button) (small blind) collected ($6)
Seat 2: ontow (big blind) folded before Flop


PokerStars Hand #146661263083:  Hold'em Limit ($3/$6 USD) - 2016/01/07 22:53:49 ET
Table 'Sheratan II' 2-max Seat #2 is the button
Seat 1: Allegro75 ($119.64 in chips)
Seat 2: ontow ($126.71 in chips)
ontow: posts small blind $1
Allegro75: posts big blind $3
*** HOLE CARDS ***
ontow: raises $3 to $6
Allegro75: folds
Uncalled bet ($3) returned to ontow
ontow collected $6 from pot
ontow: doesn't show hand
*** SUMMARY ***
Total pot $6 | Rake $0
Seat 1: Allegro75 (big blind) folded before Flop
Seat 2: ontow (button) (small blind) collected ($6)


PokerStars Hand #146661275823:  Hold'em Limit ($3/$6 USD) - 2016/01/07 22:54:24 ET
Table 'Sheratan II' 2-max Seat #2 is the button
Seat 1: Allegro75 ($119.64 in chips)
Seat 2: ontow ($126.71 in chips)
ontow: posts small blind $1
Allegro75: posts big blind $3
*** HOLE CARDS ***
ontow: raises $3 to $6
Allegro75: folds
Uncalled bet ($3) returned to ontow
ontow collected $6 from pot
ontow: doesn't show hand
*** SUMMARY ***
Total pot $6 | Rake $0
Seat 1: Allegro75 (big blind) folded before Flop
Seat 2: ontow (button) (small blind) collected ($6)


PokerStars Hand #146661274096:  Hold'em Limit ($3/$6 USD) - 2016/01/07 22:54:19 ET
Table 'Sheratan II' 2-max Seat #1 is the button
Seat 1: Allegro75 ($116.64 in chips)
Seat 2: ontow ($129.71 in chips)
Allegro75: posts small blind $1
ontow: posts big blind $3
*** HOLE CARDS ***
Allegro75: raises $3 to $6
ontow: folds
Uncalled bet ($3) returned to Allegro75
Allegro75 collected $6 from pot
Allegro75: doesn't show hand
*** SUMMARY ***
Total pot $6 | Rake $0
Seat 1: Allegro75 (button) (small blind) collected ($6)
Seat 2: ontow (big blind) folded before Flop


PokerStars Hand #146661270250:  Hold'em Limit ($3/$6 USD) - 2016/01/07 22:54:08 ET
Table 'Sheratan II' 2-max Seat #1 is the button
Seat 1: Allegro75 ($116.64 in chips)
Seat 2: ontow ($129.71 in chips)
Allegro75: posts small blind $1
ontow: posts big blind $3
*** HOLE CARDS ***
Allegro75: raises $3 to $6
ontow: folds
Uncalled bet ($3) returned to Allegro75
Allegro75 collected $6 from pot
Allegro75: doesn't show hand
*** SUMMARY ***
Total pot $6 | Rake $0
Seat 1: Allegro75 (button) (small blind) collected ($6)
Seat 2: ontow (big blind) folded before Flop


PokerStars Hand #146661272386:  Hold'em Limit ($3/$6 USD) - 2016/01/07 22:54:14 ET
Table 'Sheratan II' 2-max Seat #2 is the button
Seat 1: Allegro75 ($119.64 in chips)
Seat 2: ontow ($126.71 in chips)
ontow: posts small blind $1
Allegro75: posts big blind $3
*** HOLE CARDS ***
ontow: raises $3 to $6
Allegro75: folds
Uncalled bet ($3) returned to ontow
ontow collected $6 from pot
ontow: doesn't show hand
*** SUMMARY ***
Total pot $6 | Rake $0
Seat 1: Allegro75 (big blind) folded before Flop
Seat 2: ontow (button) (small blind) collected ($6)


PokerStars Hand #146661277523:  Hold'em Limit ($3/$6 USD) - 2016/01/07 22:54:28 ET
Table 'Sheratan II' 2-max Seat #1 is the button
Seat 1: Allegro75 ($116.64 in chips)
Seat 2: ontow ($129.71 in chips)
Allegro75: posts small blind $1
ontow: posts big blind $3
*** HOLE CARDS ***
Allegro75: raises $3 to $6
ontow: raises $3 to $9
Allegro75: calls $3
*** FLOP *** [7c 3c Kc]
ontow: bets $3
Allegro75: calls $3
*** TURN *** [7c 3c Kc] [4h]
ontow: bets $6
Allegro75: calls $6
*** RIVER *** [7c 3c Kc 4h] [Ad]
ontow: bets $6
Allegro75: raises $6 to $12
ontow: calls $6
*** SHOW DOWN ***
Allegro75: shows [3s Ac] (two pair, Aces and Threes)
ontow: mucks hand
Allegro75 collected $59.50 from pot
*** SUMMARY ***
Total pot $60 | Rake $0.50
Board [7c 3c Kc 4h Ad]
Seat 1: Allegro75 (button) (small blind) showed [3s Ac] and won ($59.50) with two pair, Aces and Threes
Seat 2: ontow (big blind) mucked


PokerStars Hand #146661283597:  Hold'em Limit ($3/$6 USD) - 2016/01/07 22:54:45 ET
Table 'Sheratan II' 2-max Seat #2 is the button
Seat 1: Allegro75 ($146.14 in chips)
Seat 2: ontow ($99.71 in chips)
ontow: posts small blind $1
Allegro75: posts big blind $3
*** HOLE CARDS ***
ontow: raises $3 to $6
Allegro75: raises $3 to $9
ontow: raises $3 to $12
Betting is capped
Allegro75: calls $3
*** FLOP *** [7d 7s 5s]
Allegro75: checks
ontow: bets $3
Allegro75: calls $3
*** TURN *** [7d 7s 5s] [6c]
Allegro75: checks
ontow: bets $6
Allegro75: raises $6 to $12
ontow: raises $6 to $18
Allegro75: calls $6
*** RIVER *** [7d 7s 5s 6c] [3h]
Allegro75: checks
ontow: bets $6
Allegro75: raises $6 to $12
ontow: calls $6
*** SHOW DOWN ***
Allegro75: shows [4d 4c] (a straight, Three to Seven)
ontow: mucks hand
Allegro75 collected $89.50 from pot
*** SUMMARY ***
Total pot $90 | Rake $0.50
Board [7d 7s 5s 6c 3h]
Seat 1: Allegro75 (big blind) showed [4d 4c] and won ($89.50) with a straight, Three to Seven
Seat 2: ontow (button) (small blind) mucked


PokerStars Hand #146661300360:  Hold'em Limit ($3/$6 USD) - 2016/01/07 22:55:34 ET
Table 'Sheratan II' 2-max Seat #2 is the button
Seat 1: Allegro75 ($184.64 in chips)
Seat 2: ontow ($60.47 in chips)
ontow: posts small blind $1
Allegro75: posts big blind $3
*** HOLE CARDS ***
ontow: folds
Uncalled bet ($2) returned to Allegro75
Allegro75 collected $2 from pot
Allegro75: doesn't show hand
*** SUMMARY ***
Total pot $2 | Rake $0
Seat 1: Allegro75 (big blind) collected ($2)
Seat 2: ontow (button) (small blind) folded before Flop


PokerStars Hand #146661295383:  Hold'em Limit ($3/$6 USD) - 2016/01/07 22:55:18 ET
Table 'Sheratan II' 2-max Seat #1 is the button
Seat 1: Allegro75 ($190.64 in chips)
Seat 2: ontow ($54.71 in chips)
Allegro75: posts small blind $1
ontow: posts big blind $3
*** HOLE CARDS ***
Allegro75: raises $3 to $6
ontow: calls $3
*** FLOP *** [5c 5s 9d]
ontow: bets $3
Allegro75: folds
Uncalled bet ($3) returned to ontow
ontow collected $11.76 from pot
ontow: doesn't show hand
*** SUMMARY ***
Total pot $12 | Rake $0.24
Board [5c 5s 9d]
Seat 1: Allegro75 (button) (small blind) folded on the Flop
Seat 2: ontow (big blind) collected ($11.76)


PokerStars Hand #146661301770:  Hold'em Limit ($3/$6 USD) - 2016/01/07 22:55:38 ET
Table 'Sheratan II' 2-max Seat #1 is the button
Seat 1: Allegro75 ($185.64 in chips)
Seat 2: ontow ($59.47 in chips)
Allegro75: posts small blind $1
ontow: posts big blind $3
*** HOLE CARDS ***
Allegro75: raises $3 to $6
ontow: calls $3
*** FLOP *** [2s Ac 8s]
ontow: bets $3
Allegro75: raises $3 to $6
ontow: folds
Uncalled bet ($3) returned to Allegro75
Allegro75 collected $17.64 from pot
Allegro75: doesn't show hand
*** SUMMARY ***
Total pot $18 | Rake $0.36
Board [2s Ac 8s]
Seat 1: Allegro75 (button) (small blind) collected ($17.64)
Seat 2: ontow (big blind) folded on the Flop


PokerStars Hand #146661304746:  Hold'em Limit ($3/$6 USD) - 2016/01/07 22:55:47 ET
Table 'Sheratan II' 2-max Seat #2 is the button
Seat 1: Allegro75 ($194.28 in chips)
Seat 2: ontow ($50.47 in chips)
ontow: posts small blind $1
Allegro75: posts big blind $3
*** HOLE CARDS ***
ontow: folds
Uncalled bet ($2) returned to Allegro75
Allegro75 collected $2 from pot
Allegro75: doesn't show hand
*** SUMMARY ***
Total pot $2 | Rake $0
Seat 1: Allegro75 (big blind) collected ($2)
Seat 2: ontow (button) (small blind) folded before Flop


PokerStars Hand #146661306199:  Hold'em Limit ($3/$6 USD) - 2016/01/07 22:55:52 ET
Table 'Sheratan II' 2-max Seat #1 is the button
Seat 1: Allegro75 ($195.28 in chips)
Seat 2: ontow ($49.47 in chips)
Allegro75: posts small blind $1
ontow: posts big blind $3
*** HOLE CARDS ***
Allegro75: raises $3 to $6
ontow: raises $3 to $9
Allegro75: raises $3 to $12
Betting is capped
ontow: calls $3
*** FLOP *** [6d Kh 5d]
ontow: bets $3
Allegro75: calls $3
*** TURN *** [6d Kh 5d] [Qs]
ontow: bets $6
Allegro75: calls $6
*** RIVER *** [6d Kh 5d Qs] [Th]
ontow: bets $6
Allegro75: raises $6 to $12
ontow: calls $6
*** SHOW DOWN ***
Allegro75: shows [Jc Ah] (a straight, Ten to Ace)
ontow: mucks hand
Allegro75 collected $65.50 from pot
*** SUMMARY ***
Total pot $66 | Rake $0.50
Board [6d Kh 5d Qs Th]
Seat 1: Allegro75 (button) (small blind) showed [Jc Ah] and won ($65.50) with a straight, Ten to Ace
Seat 2: ontow (big blind) mucked


