PokerStars Hand #144589818064:  Hold'em Limit ($3/$6 USD) - 2015/11/29 19:47:31 ET
Table 'Sheratan II' 2-max Seat #2 is the button
Seat 1: lomrazs ($49.50 in chips)
Seat 2: kibted ($68.71 in chips)
kibted: posts small blind $1
lomrazs: posts big blind $3
*** HOLE CARDS ***
kibted: raises $3 to $6
lomrazs: raises $3 to $9
kibted: raises $3 to $12
Betting is capped
lomrazs: calls $3
*** FLOP *** [6c 3c 2h]
lomrazs: bets $3
kibted: raises $3 to $6
lomrazs: calls $3
*** TURN *** [6c 3c 2h] [Tc]
lomrazs: checks
kibted: bets $6
lomrazs: calls $6
*** RIVER *** [6c 3c 2h Tc] [Kh]
lomrazs: checks
kibted: bets $6
lomrazs: folds
Uncalled bet ($6) returned to kibted
kibted collected $47.50 from pot
kibted: doesn't show hand
*** SUMMARY ***
Total pot $48 | Rake $0.50
Board [6c 3c 2h Tc Kh]
Seat 1: lomrazs (big blind) folded on the River
Seat 2: kibted (button) (small blind) collected ($47.50)


PokerStars Hand #144589849857:  Hold'em Limit ($3/$6 USD) - 2015/11/29 19:48:27 ET
Table 'Sheratan II' 2-max Seat #1 is the button
Seat 1: lomrazs ($25.50 in chips)
Seat 2: kibted ($92.21 in chips)
lomrazs: posts small blind $1
kibted: posts big blind $3
*** HOLE CARDS ***
lomrazs: raises $3 to $6
kibted: raises $3 to $9
lomrazs: raises $3 to $12
Betting is capped
kibted: calls $3
*** FLOP *** [2h 7d 5d]
kibted: bets $3
lomrazs: calls $3
*** TURN *** [2h 7d 5d] [Kd]
kibted: bets $6
lomrazs: folds
Uncalled bet ($6) returned to kibted
kibted collected $29.50 from pot
kibted: doesn't show hand
*** SUMMARY ***
Total pot $30 | Rake $0.50
Board [2h 7d 5d Kd]
Seat 1: lomrazs (button) (small blind) folded on the Turn
Seat 2: kibted (big blind) collected ($29.50)


PokerStars Hand #144589877863:  Hold'em Limit ($3/$6 USD) - 2015/11/29 19:49:16 ET
Table 'Sheratan II' 2-max Seat #1 is the button
Seat 1: adreloc ($49.50 in chips)
Seat 2: kibted ($116.79 in chips)
adreloc: posts small blind $1
kibted: posts big blind $3
*** HOLE CARDS ***
adreloc: raises $3 to $6
kibted: raises $3 to $9
adreloc: calls $3
*** FLOP *** [2c 4d 3d]
kibted: bets $3
adreloc: raises $3 to $6
kibted: calls $3
*** TURN *** [2c 4d 3d] [Td]
kibted: bets $6
adreloc: calls $6
*** RIVER *** [2c 4d 3d Td] [Qh]
kibted: bets $6
adreloc: folds
Uncalled bet ($6) returned to kibted
kibted collected $41.50 from pot
kibted: doesn't show hand
*** SUMMARY ***
Total pot $42 | Rake $0.50
Board [2c 4d 3d Td Qh]
Seat 1: adreloc (button) (small blind) folded on the River
Seat 2: kibted (big blind) collected ($41.50)


PokerStars Hand #144589859393:  Hold'em Limit ($3/$6 USD) - 2015/11/29 19:48:43 ET
Table 'Sheratan II' 2-max Seat #2 is the button
Seat 1: lomrazs ($10.50 in chips)
Seat 2: kibted ($106.71 in chips)
kibted: posts small blind $1
lomrazs: posts big blind $3
*** HOLE CARDS ***
kibted: raises $3 to $6
lomrazs: raises $3 to $9
kibted: raises $3 to $12
Betting is capped
lomrazs: calls $1.50 and is all-in
Uncalled bet ($1.50) returned to kibted
*** FLOP *** [Ac 7c Kc]
*** TURN *** [Ac 7c Kc] [Js]
*** RIVER *** [Ac 7c Kc Js] [Jc]
*** SHOW DOWN ***
lomrazs: shows [8s 4s] (a pair of Jacks)
kibted: shows [Ah 9c] (a flush, Ace high)
lomrazs leaves the table
kibted collected $20.58 from pot
*** SUMMARY ***
Total pot $21 | Rake $0.42
Board [Ac 7c Kc Js Jc]
Seat 1: lomrazs (big blind) showed [8s 4s] and lost with a pair of Jacks
Seat 2: kibted (button) (small blind) showed [Ah 9c] and won ($20.58) with a flush, Ace high


PokerStars Hand #144589904142:  Hold'em Limit ($3/$6 USD) - 2015/11/29 19:50:02 ET
Table 'Sheratan II' 2-max Seat #2 is the button
Seat 1: adreloc ($26.50 in chips)
Seat 2: kibted ($138.29 in chips)
kibted: posts small blind $1
adreloc: posts big blind $3
*** HOLE CARDS ***
kibted: raises $3 to $6
adreloc: raises $3 to $9
kibted: raises $3 to $12
Betting is capped
adreloc: calls $3
*** FLOP *** [9s Ts 7h]
adreloc: bets $3
kibted: raises $3 to $6
adreloc: calls $3
*** TURN *** [9s Ts 7h] [Kc]
adreloc: bets $6
kibted: calls $6
*** RIVER *** [9s Ts 7h Kc] [Ah]
adreloc: bets $2.50 and is all-in
kibted: calls $2.50
*** SHOW DOWN ***
adreloc: shows [6d 2d] (high card Ace)
kibted: shows [Ac Tc] (two pair, Aces and Tens)
adreloc leaves the table
kibted collected $52.50 from pot
kibted leaves the table
*** SUMMARY ***
Total pot $53 | Rake $0.50
Board [9s Ts 7h Kc Ah]
Seat 1: adreloc (big blind) showed [6d 2d] and lost with high card Ace
Seat 2: kibted (button) (small blind) showed [Ac Tc] and won ($52.50) with two pair, Aces and Tens


PokerStars Hand #144589895964:  Hold'em Limit ($3/$6 USD) - 2015/11/29 19:49:48 ET
Table 'Sheratan II' 2-max Seat #1 is the button
Seat 1: adreloc ($13.50 in chips)
Seat 2: kibted ($151.79 in chips)
adreloc: posts small blind $1
kibted: posts big blind $3
*** HOLE CARDS ***
adreloc: raises $3 to $6
kibted: raises $3 to $9
adreloc: calls $3
*** FLOP *** [2h 6h 2d]
kibted: bets $3
adreloc: calls $3
*** TURN *** [2h 6h 2d] [5d]
kibted: bets $6
adreloc: calls $1.50 and is all-in
Uncalled bet ($4.50) returned to kibted
*** RIVER *** [2h 6h 2d 5d] [As]
*** SHOW DOWN ***
kibted: shows [8c Jc] (a pair of Deuces)
adreloc: shows [5h Tc] (two pair, Fives and Deuces)
adreloc collected $26.50 from pot
*** SUMMARY ***
Total pot $27 | Rake $0.50
Board [2h 6h 2d 5d As]
Seat 1: adreloc (button) (small blind) showed [5h Tc] and won ($26.50) with two pair, Fives and Deuces
Seat 2: kibted (big blind) showed [8c Jc] and lost with a pair of Deuces


PokerStars Hand #144589889421:  Hold'em Limit ($3/$6 USD) - 2015/11/29 19:49:36 ET
Table 'Sheratan II' 2-max Seat #2 is the button
Seat 1: adreloc ($28.50 in chips)
Seat 2: kibted ($137.29 in chips)
kibted: posts small blind $1
adreloc: posts big blind $3
*** HOLE CARDS ***
kibted: raises $3 to $6
adreloc: raises $3 to $9
kibted: calls $3
*** FLOP *** [Jd Tc 3d]
adreloc: bets $3
kibted: raises $3 to $6
adreloc: calls $3
*** TURN *** [Jd Tc 3d] [5h]
adreloc: checks
kibted: bets $6
adreloc: folds
Uncalled bet ($6) returned to kibted
kibted collected $29.50 from pot
kibted: doesn't show hand
*** SUMMARY ***
Total pot $30 | Rake $0.50
Board [Jd Tc 3d 5h]
Seat 1: adreloc (big blind) folded on the Turn
Seat 2: kibted (button) (small blind) collected ($29.50)


