PokerStars Hand #176115410938:  Hold'em Limit ($3/$6 USD) - 2017/09/25 15:20:23 ET
Table 'Sheragul' 6-max Seat #4 is the button
Seat 3: Ag3r0n ($97.47 in chips)
Seat 4: Stingeling ($47.15 in chips)
Stingeling: posts small blind $1
Ag3r0n: posts big blind $3
*** HOLE CARDS ***
Stingeling: folds
Uncalled bet ($2) returned to Ag3r0n
Ag3r0n collected $2 from pot
Ag3r0n: doesn't show hand
*** SUMMARY ***
Total pot $2 | Rake $0
Seat 3: Ag3r0n (big blind) collected ($2)
Seat 4: Stingeling (button) (small blind) folded before Flop


PokerStars Hand #176115445948:  Hold'em Limit ($3/$6 USD) - 2017/09/25 15:21:02 ET
Table 'Sheragul' 6-max Seat #3 is the button
Seat 3: Ag3r0n ($95.47 in chips)
Seat 4: Stingeling ($48.91 in chips)
Ag3r0n: posts small blind $1
Stingeling: posts big blind $3
*** HOLE CARDS ***
Ag3r0n: raises $3 to $6
Stingeling: raises $3 to $9
Ag3r0n: calls $3
*** FLOP *** [Kh 7h Kc]
Stingeling: bets $3
Ag3r0n: folds
Uncalled bet ($3) returned to Stingeling
Stingeling collected $17.64 from pot
Stingeling: doesn't show hand
*** SUMMARY ***
Total pot $18 | Rake $0.36
Board [Kh 7h Kc]
Seat 3: Ag3r0n (button) (small blind) folded on the Flop
Seat 4: Stingeling (big blind) collected ($17.64)


PokerStars Hand #176115427999:  Hold'em Limit ($3/$6 USD) - 2017/09/25 15:20:42 ET
Table 'Sheragul' 6-max Seat #4 is the button
Seat 3: Ag3r0n ($101.47 in chips)
Seat 4: Stingeling ($43.15 in chips)
Stingeling: posts small blind $1
Ag3r0n: posts big blind $3
*** HOLE CARDS ***
Stingeling: raises $3 to $6
Ag3r0n: calls $3
*** FLOP *** [Jh 3s 2s]
Ag3r0n: checks
fleabaggs joins the table at seat #2
Stingeling: bets $3
Ag3r0n: folds
Uncalled bet ($3) returned to Stingeling
Stingeling collected $11.76 from pot
Stingeling: doesn't show hand
*** SUMMARY ***
Total pot $12 | Rake $0.24
Board [Jh 3s 2s]
Seat 3: Ag3r0n (big blind) folded on the Flop
Seat 4: Stingeling (button) (small blind) collected ($11.76)


PokerStars Hand #176115417275:  Hold'em Limit ($3/$6 USD) - 2017/09/25 15:20:30 ET
Table 'Sheragul' 6-max Seat #3 is the button
Seat 3: Ag3r0n ($98.47 in chips)
Seat 4: Stingeling ($46.15 in chips)
Ag3r0n: posts small blind $1
Stingeling: posts big blind $3
*** HOLE CARDS ***
Ag3r0n: raises $3 to $6
Stingeling: folds
Uncalled bet ($3) returned to Ag3r0n
Ag3r0n collected $6 from pot
Ag3r0n: doesn't show hand
*** SUMMARY ***
Total pot $6 | Rake $0
Seat 3: Ag3r0n (button) (small blind) collected ($6)
Seat 4: Stingeling (big blind) folded before Flop


PokerStars Hand #176116246942:  Hold'em Limit ($3/$6 USD) - 2017/09/25 15:36:03 ET
Table 'Sheragul' 6-max Seat #4 is the button
Seat 2: fleabaggs ($49.61 in chips)
Seat 4: Stingeling ($32.15 in chips)
Stingeling: posts small blind $1
vestimokrec: is sitting out
fleabaggs: posts big blind $3
*** HOLE CARDS ***
Stingeling: folds
Uncalled bet ($2) returned to fleabaggs
fleabaggs collected $2 from pot
fleabaggs: doesn't show hand
*** SUMMARY ***
Total pot $2 | Rake $0
Seat 2: fleabaggs (big blind) collected ($2)
Seat 4: Stingeling (button) (small blind) folded before Flop


PokerStars Hand #176116255505:  Hold'em Limit ($3/$6 USD) - 2017/09/25 15:36:13 ET
Table 'Sheragul' 6-max Seat #2 is the button
Seat 2: fleabaggs ($50.61 in chips)
Seat 4: Stingeling ($31.15 in chips)
fleabaggs: posts small blind $1
Stingeling: posts big blind $3
*** HOLE CARDS ***
fleabaggs: raises $3 to $6
Stingeling: folds
Uncalled bet ($3) returned to fleabaggs
fleabaggs collected $6 from pot
fleabaggs: doesn't show hand
*** SUMMARY ***
Total pot $6 | Rake $0
Seat 2: fleabaggs (button) (small blind) collected ($6)
Seat 4: Stingeling (big blind) folded before Flop


PokerStars Hand #176119168949:  Hold'em Limit ($3/$6 USD) - 2017/09/25 16:32:21 ET
Table 'Sheragul' 6-max Seat #1 is the button
Seat 1: Chessnok ($119.71 in chips)
Seat 4: Stingeling ($189.56 in chips)
Chessnok: posts small blind $1
Stingeling: posts big blind $3
*** HOLE CARDS ***
Chessnok: raises $3 to $6
Stingeling: folds
Uncalled bet ($3) returned to Chessnok
Chessnok collected $6 from pot
Chessnok: doesn't show hand
*** SUMMARY ***
Total pot $6 | Rake $0
Seat 1: Chessnok (button) (small blind) collected ($6)
Seat 4: Stingeling (big blind) folded before Flop


PokerStars Hand #176119182600:  Hold'em Limit ($3/$6 USD) - 2017/09/25 16:32:37 ET
Table 'Sheragul' 6-max Seat #1 is the button
Seat 1: Chessnok ($119.71 in chips)
Seat 4: Stingeling ($189.56 in chips)
Chessnok: posts small blind $1
Stingeling: posts big blind $3
*** HOLE CARDS ***
Chessnok: folds
Uncalled bet ($2) returned to Stingeling
Stingeling collected $2 from pot
Stingeling: doesn't show hand
*** SUMMARY ***
Total pot $2 | Rake $0
Seat 1: Chessnok (button) (small blind) folded before Flop
Seat 4: Stingeling (big blind) collected ($2)


PokerStars Hand #176119177002:  Hold'em Limit ($3/$6 USD) - 2017/09/25 16:32:31 ET
Table 'Sheragul' 6-max Seat #4 is the button
Seat 1: Chessnok ($122.71 in chips)
Seat 4: Stingeling ($186.56 in chips)
Stingeling: posts small blind $1
Chessnok: posts big blind $3
*** HOLE CARDS ***
Stingeling: raises $3 to $6
Chessnok: folds
Uncalled bet ($3) returned to Stingeling
Stingeling collected $6 from pot
Stingeling: doesn't show hand
*** SUMMARY ***
Total pot $6 | Rake $0
Seat 1: Chessnok (big blind) folded before Flop
Seat 4: Stingeling (button) (small blind) collected ($6)


PokerStars Hand #176119162466:  Hold'em Limit ($3/$6 USD) - 2017/09/25 16:32:14 ET
Table 'Sheragul' 6-max Seat #4 is the button
Seat 1: Chessnok ($118.71 in chips)
Seat 4: Stingeling ($190.56 in chips)
Stingeling: posts small blind $1
vestimokrec: is sitting out
Chessnok: posts big blind $3
*** HOLE CARDS ***
Stingeling: folds
Uncalled bet ($2) returned to Chessnok
Chessnok collected $2 from pot
Chessnok: doesn't show hand
*** SUMMARY ***
Total pot $2 | Rake $0
Seat 1: Chessnok (big blind) collected ($2)
Seat 4: Stingeling (button) (small blind) folded before Flop


PokerStars Hand #176119186730:  Hold'em Limit ($3/$6 USD) - 2017/09/25 16:32:42 ET
Table 'Sheragul' 6-max Seat #4 is the button
Seat 1: Chessnok ($118.71 in chips)
Seat 4: Stingeling ($190.56 in chips)
Stingeling: posts small blind $1
Chessnok: posts big blind $3
*** HOLE CARDS ***
Stingeling: raises $3 to $6
Chessnok: raises $3 to $9
Stingeling: raises $3 to $12
Betting is capped
Chessnok: calls $3
*** FLOP *** [Qd 5d 4d]
Chessnok: checks
Stingeling: bets $3
Chessnok: raises $3 to $6
Stingeling: raises $3 to $9
Chessnok: calls $3
*** TURN *** [Qd 5d 4d] [8d]
Chessnok: bets $6
Stingeling: raises $6 to $12
Chessnok: calls $6
*** RIVER *** [Qd 5d 4d 8d] [7d]
Chessnok: checks
Stingeling: checks
*** SHOW DOWN ***
Chessnok: shows [Th Td] (a flush, Queen high)
Stingeling: mucks hand
Chessnok collected $65.50 from pot
*** SUMMARY ***
Total pot $66 | Rake $0.50
Board [Qd 5d 4d 8d 7d]
Seat 1: Chessnok (big blind) showed [Th Td] and won ($65.50) with a flush, Queen high
Seat 4: Stingeling (button) (small blind) mucked


PokerStars Hand #176119225535:  Hold'em Limit ($3/$6 USD) - 2017/09/25 16:33:26 ET
Table 'Sheragul' 6-max Seat #1 is the button
Seat 1: Chessnok ($151.21 in chips)
Seat 4: Stingeling ($157.56 in chips)
Chessnok: posts small blind $1
Stingeling: posts big blind $3
*** HOLE CARDS ***
Chessnok: raises $3 to $6
Stingeling: folds
Uncalled bet ($3) returned to Chessnok
Chessnok collected $6 from pot
Chessnok: doesn't show hand
*** SUMMARY ***
Total pot $6 | Rake $0
Seat 1: Chessnok (button) (small blind) collected ($6)
Seat 4: Stingeling (big blind) folded before Flop


PokerStars Hand #176119240834:  Hold'em Limit ($3/$6 USD) - 2017/09/25 16:33:44 ET
Table 'Sheragul' 6-max Seat #1 is the button
Seat 1: Chessnok ($155.21 in chips)
Seat 4: Stingeling ($153.56 in chips)
Chessnok: posts small blind $1
Stingeling: posts big blind $3
*** HOLE CARDS ***
Chessnok: raises $3 to $6
Stingeling: folds
Uncalled bet ($3) returned to Chessnok
Chessnok collected $6 from pot
Chessnok: doesn't show hand
*** SUMMARY ***
Total pot $6 | Rake $0
Seat 1: Chessnok (button) (small blind) collected ($6)
Seat 4: Stingeling (big blind) folded before Flop


PokerStars Hand #176119236126:  Hold'em Limit ($3/$6 USD) - 2017/09/25 16:33:39 ET
Table 'Sheragul' 6-max Seat #4 is the button
Seat 1: Chessnok ($154.21 in chips)
Seat 4: Stingeling ($154.56 in chips)
Stingeling: posts small blind $1
Chessnok: posts big blind $3
*** HOLE CARDS ***
Stingeling: folds
Uncalled bet ($2) returned to Chessnok
Chessnok collected $2 from pot
Chessnok: doesn't show hand
*** SUMMARY ***
Total pot $2 | Rake $0
Seat 1: Chessnok (big blind) collected ($2)
Seat 4: Stingeling (button) (small blind) folded before Flop


PokerStars Hand #176119246349:  Hold'em Limit ($3/$6 USD) - 2017/09/25 16:33:50 ET
Table 'Sheragul' 6-max Seat #4 is the button
Seat 1: Chessnok ($158.21 in chips)
Seat 4: Stingeling ($150.56 in chips)
Stingeling: posts small blind $1
Chessnok: posts big blind $3
*** HOLE CARDS ***
Stingeling: folds
Uncalled bet ($2) returned to Chessnok
Chessnok collected $2 from pot
Chessnok: doesn't show hand
*** SUMMARY ***
Total pot $2 | Rake $0
Seat 1: Chessnok (big blind) collected ($2)
Seat 4: Stingeling (button) (small blind) folded before Flop


PokerStars Hand #176119258270:  Hold'em Limit ($3/$6 USD) - 2017/09/25 16:34:04 ET
Table 'Sheragul' 6-max Seat #4 is the button
Seat 1: Chessnok ($162.21 in chips)
Seat 4: Stingeling ($146.56 in chips)
Stingeling: posts small blind $1
Ag3r0n joins the table at seat #6
Chessnok: posts big blind $3
*** HOLE CARDS ***
Stingeling: raises $3 to $6
Chessnok: raises $3 to $9
Stingeling: calls $3
*** FLOP *** [2d 3h 8h]
Chessnok: bets $3
Stingeling: calls $3
*** TURN *** [2d 3h 8h] [Tc]
Chessnok: bets $6
Stingeling: calls $6
*** RIVER *** [2d 3h 8h Tc] [3s]
Chessnok: checks
Stingeling: bets $6
Chessnok: calls $6
*** SHOW DOWN ***
Stingeling: shows [5c 5d] (two pair, Fives and Threes)
Chessnok: mucks hand
Stingeling collected $47.50 from pot
*** SUMMARY ***
Total pot $48 | Rake $0.50
Board [2d 3h 8h Tc 3s]
Seat 1: Chessnok (big blind) mucked
Seat 4: Stingeling (button) (small blind) showed [5c 5d] and won ($47.50) with two pair, Fives and Threes


PokerStars Hand #176119251117:  Hold'em Limit ($3/$6 USD) - 2017/09/25 16:33:56 ET
Table 'Sheragul' 6-max Seat #1 is the button
Seat 1: Chessnok ($159.21 in chips)
Seat 4: Stingeling ($149.56 in chips)
Chessnok: posts small blind $1
Stingeling: posts big blind $3
*** HOLE CARDS ***
Chessnok: raises $3 to $6
Stingeling: folds
Uncalled bet ($3) returned to Chessnok
Chessnok collected $6 from pot
Chessnok: doesn't show hand
*** SUMMARY ***
Total pot $6 | Rake $0
Seat 1: Chessnok (button) (small blind) collected ($6)
Seat 4: Stingeling (big blind) folded before Flop


PokerStars Hand #176119289671:  Hold'em Limit ($3/$6 USD) - 2017/09/25 16:34:40 ET
Table 'Sheragul' 6-max Seat #1 is the button
Seat 1: Chessnok ($138.21 in chips)
Seat 4: Stingeling ($170.06 in chips)
Chessnok: posts small blind $1
Stingeling: posts big blind $3
*** HOLE CARDS ***
Chessnok: raises $3 to $6
Stingeling: folds
Uncalled bet ($3) returned to Chessnok
Chessnok collected $6 from pot
Chessnok: doesn't show hand
*** SUMMARY ***
Total pot $6 | Rake $0
Seat 1: Chessnok (button) (small blind) collected ($6)
Seat 4: Stingeling (big blind) folded before Flop


PokerStars Hand #176119841433:  Hold'em Limit ($3/$6 USD) - 2017/09/25 16:45:21 ET
Table 'Sheragul' 6-max Seat #6 is the button
Seat 2: sismos404 ($185.95 in chips)
Seat 6: Ag3r0n ($103.37 in chips)
Ag3r0n: posts small blind $1
Chessnok: is sitting out
sismos404: posts big blind $3
*** HOLE CARDS ***
Ag3r0n: folds
Uncalled bet ($2) returned to sismos404
sismos404 collected $2 from pot
Ag3r0n leaves the table
*** SUMMARY ***
Total pot $2 | Rake $0
Seat 2: sismos404 (big blind) collected ($2)
Seat 6: Ag3r0n (button) (small blind) folded before Flop


