PokerStars Hand #162028426862:  Hold'em Limit ($3/$6 USD) - 2016/11/27 4:47:22 ET
Table 'Sheratan' 6-max Seat #4 is the button
Seat 3: popeluha ($29 in chips)
Seat 4: MTails ($121 in chips)
MTails: posts small blind $1
popeluha: posts big blind $3
*** HOLE CARDS ***
MTails: raises $3 to $6
popeluha: calls $3
*** FLOP *** [8c Qc Ks]
popeluha: checks
MTails: bets $3
popeluha: folds
Uncalled bet ($3) returned to MTails
MTails collected $11.76 from pot
*** SUMMARY ***
Total pot $12 | Rake $0.24
Board [8c Qc Ks]
Seat 3: popeluha (big blind) folded on the Flop
Seat 4: MTails (button) (small blind) collected ($11.76)


PokerStars Hand #162028419574:  Hold'em Limit ($3/$6 USD) - 2016/11/27 4:47:04 ET
Table 'Sheratan' 6-max Seat #3 is the button
Seat 3: popeluha ($30 in chips)
Seat 4: MTails ($120 in chips)
popeluha: posts small blind $1
MTails: posts big blind $3
*** HOLE CARDS ***
popeluha: folds
Uncalled bet ($2) returned to MTails
MTails collected $2 from pot
*** SUMMARY ***
Total pot $2 | Rake $0
Seat 3: popeluha (button) (small blind) folded before Flop
Seat 4: MTails (big blind) collected ($2)


PokerStars Hand #162028431674:  Hold'em Limit ($3/$6 USD) - 2016/11/27 4:47:33 ET
Table 'Sheratan' 6-max Seat #3 is the button
Seat 3: popeluha ($23 in chips)
Seat 4: MTails ($126.76 in chips)
popeluha: posts small blind $1
MTails: posts big blind $3
*** HOLE CARDS ***
popeluha: raises $3 to $6
MTails: raises $3 to $9
popeluha: calls $3
*** FLOP *** [Ts Kh Js]
MTails: bets $3
popeluha: calls $3
*** TURN *** [Ts Kh Js] [5s]
MTails: bets $6
popeluha: raises $5 to $11 and is all-in
MTails: calls $5
*** RIVER *** [Ts Kh Js 5s] [Jh]
*** SHOW DOWN ***
MTails: shows [Jd Jc] (four of a kind, Jacks)
popeluha: shows [Ks Qd] (two pair, Kings and Jacks)
MTails collected $45.50 from pot
*** SUMMARY ***
Total pot $46 | Rake $0.50
Board [Ts Kh Js 5s Jh]
Seat 3: popeluha (button) (small blind) showed [Ks Qd] and lost with two pair, Kings and Jacks
Seat 4: MTails (big blind) showed [Jd Jc] and won ($45.50) with four of a kind, Jacks


PokerStars Hand #162028458604:  Hold'em Limit ($3/$6 USD) - 2016/11/27 4:48:35 ET
Table 'Sheratan' 6-max Seat #4 is the button
Seat 3: popeluha ($9 in chips)
Seat 4: MTails ($169.52 in chips)
MTails: posts small blind $1
popeluha: posts big blind $3
*** HOLE CARDS ***
MTails: raises $3 to $6
popeluha: calls $3
*** FLOP *** [3h 9d Ad]
popeluha: bets $3 and is all-in
MTails: calls $3
*** TURN *** [3h 9d Ad] [6c]
*** RIVER *** [3h 9d Ad 6c] [6d]
*** SHOW DOWN ***
popeluha: shows [Tc 3d] (two pair, Sixes and Threes)
MTails: shows [9c Jh] (two pair, Nines and Sixes)
MTails collected $17.64 from pot
*** SUMMARY ***
Total pot $18 | Rake $0.36
Board [3h 9d Ad 6c 6d]
Seat 3: popeluha (big blind) showed [Tc 3d] and lost with two pair, Sixes and Threes
Seat 4: MTails (button) (small blind) showed [9c Jh] and won ($17.64) with two pair, Nines and Sixes


PokerStars Hand #162028446104:  Hold'em Limit ($3/$6 USD) - 2016/11/27 4:48:07 ET
Table 'Sheratan' 6-max Seat #4 is the button
Seat 3: popeluha ($30 in chips)
Seat 4: MTails ($149.26 in chips)
MTails: posts small blind $1
popeluha: posts big blind $3
*** HOLE CARDS ***
MTails: raises $3 to $6
popeluha: calls $3
*** FLOP *** [3c 2s 4h]
popeluha: checks
MTails: bets $3
popeluha: calls $3
*** TURN *** [3c 2s 4h] [3d]
popeluha: checks
MTails: bets $6
popeluha: calls $6
*** RIVER *** [3c 2s 4h 3d] [8d]
popeluha: checks
MTails: bets $6
popeluha: folds
Uncalled bet ($6) returned to MTails
MTails collected $29.50 from pot
*** SUMMARY ***
Total pot $30 | Rake $0.50
Board [3c 2s 4h 3d 8d]
Seat 3: popeluha (big blind) folded on the River
Seat 4: MTails (button) (small blind) collected ($29.50)


PokerStars Hand #162028454266:  Hold'em Limit ($3/$6 USD) - 2016/11/27 4:48:25 ET
Table 'Sheratan' 6-max Seat #3 is the button
Seat 3: popeluha ($15 in chips)
Seat 4: MTails ($163.76 in chips)
popeluha: posts small blind $1
MTails: posts big blind $3
*** HOLE CARDS ***
popeluha: calls $2
MTails: raises $3 to $6
popeluha: calls $3
*** FLOP *** [Js 7s 7c]
MTails: bets $3
popeluha: folds
Uncalled bet ($3) returned to MTails
MTails collected $11.76 from pot
MTails: doesn't show hand
*** SUMMARY ***
Total pot $12 | Rake $0.24
Board [Js 7s 7c]
Seat 3: popeluha (button) (small blind) folded on the Flop
Seat 4: MTails (big blind) collected ($11.76)


PokerStars Hand #162028489075:  Hold'em Limit ($3/$6 USD) - 2016/11/27 4:49:46 ET
Table 'Sheratan' 6-max Seat #3 is the button
Seat 3: popeluha ($39.50 in chips)
Seat 4: MTails ($177.66 in chips)
popeluha: posts small blind $1
MTails: posts big blind $3
*** HOLE CARDS ***
cola26licht joins the table at seat #1
popeluha: folds
Uncalled bet ($2) returned to MTails
MTails collected $2 from pot
*** SUMMARY ***
Total pot $2 | Rake $0
Seat 3: popeluha (button) (small blind) folded before Flop
Seat 4: MTails (big blind) collected ($2)


PokerStars Hand #162028480824:  Hold'em Limit ($3/$6 USD) - 2016/11/27 4:49:27 ET
Table 'Sheratan' 6-max Seat #4 is the button
Seat 3: popeluha ($60.50 in chips)
Seat 4: MTails ($157.16 in chips)
MTails: posts small blind $1
popeluha: posts big blind $3
*** HOLE CARDS ***
MTails: raises $3 to $6
popeluha: calls $3
*** FLOP *** [2c 4s Th]
popeluha: checks
MTails: bets $3
popeluha: calls $3
*** TURN *** [2c 4s Th] [7s]
popeluha: checks
MTails: bets $6
popeluha: calls $6
*** RIVER *** [2c 4s Th 7s] [Ts]
popeluha: checks
MTails: bets $6
popeluha: calls $6
*** SHOW DOWN ***
MTails: shows [7c 3d] (two pair, Tens and Sevens)
popeluha: mucks hand
MTails collected $41.50 from pot
*** SUMMARY ***
Total pot $42 | Rake $0.50
Board [2c 4s Th 7s Ts]
Seat 3: popeluha (big blind) mucked
Seat 4: MTails (button) (small blind) showed [7c 3d] and won ($41.50) with two pair, Tens and Sevens


PokerStars Hand #162028471686:  Hold'em Limit ($3/$6 USD) - 2016/11/27 4:49:06 ET
Table 'Sheratan' 6-max Seat #3 is the button
Seat 3: popeluha ($40 in chips)
Seat 4: MTails ($178.16 in chips)
popeluha: posts small blind $1
MTails: posts big blind $3
*** HOLE CARDS ***
popeluha: raises $3 to $6
MTails: calls $3
*** FLOP *** [Ks 8c 2h]
MTails: checks
popeluha: bets $3
MTails: calls $3
*** TURN *** [Ks 8c 2h] [3h]
MTails: checks
popeluha: bets $6
MTails: calls $6
*** RIVER *** [Ks 8c 2h 3h] [Th]
MTails: checks
popeluha: bets $6
MTails: calls $6
*** SHOW DOWN ***
popeluha: shows [Kc 5h] (a pair of Kings)
MTails: mucks hand
popeluha collected $41.50 from pot
*** SUMMARY ***
Total pot $42 | Rake $0.50
Board [Ks 8c 2h 3h Th]
Seat 3: popeluha (button) (small blind) showed [Kc 5h] and won ($41.50) with a pair of Kings
Seat 4: MTails (big blind) mucked


PokerStars Hand #162028523288:  Hold'em Limit ($3/$6 USD) - 2016/11/27 4:51:06 ET
Table 'Sheratan' 6-max Seat #1 is the button
Seat 1: cola26licht ($141.77 in chips)
Seat 3: popeluha ($21.50 in chips)
cola26licht: posts small blind $1
popeluha: posts big blind $3
*** HOLE CARDS ***
cola26licht: raises $3 to $6
popeluha: calls $3
*** FLOP *** [As 7s 7d]
popeluha: checks
cola26licht: bets $3
popeluha: folds
Uncalled bet ($3) returned to cola26licht
cola26licht collected $11.76 from pot
cola26licht: doesn't show hand
*** SUMMARY ***
Total pot $12 | Rake $0.24
Board [As 7s 7d]
Seat 1: cola26licht (button) (small blind) collected ($11.76)
Seat 3: popeluha (big blind) folded on the Flop


PokerStars Hand #162028531847:  Hold'em Limit ($3/$6 USD) - 2016/11/27 4:51:25 ET
Table 'Sheratan' 6-max Seat #1 is the button
Seat 1: cola26licht ($141.53 in chips)
Seat 3: popeluha ($21.26 in chips)
cola26licht: posts small blind $1
popeluha: posts big blind $3
*** HOLE CARDS ***
cola26licht: raises $3 to $6
popeluha: calls $3
*** FLOP *** [Tc 6h 4c]
popeluha: checks
cola26licht: checks
*** TURN *** [Tc 6h 4c] [2s]
popeluha: bets $6
cola26licht: folds
Uncalled bet ($6) returned to popeluha
popeluha collected $11.76 from pot
*** SUMMARY ***
Total pot $12 | Rake $0.24
Board [Tc 6h 4c 2s]
Seat 1: cola26licht (button) (small blind) folded on the Turn
Seat 3: popeluha (big blind) collected ($11.76)


PokerStars Hand #162028536568:  Hold'em Limit ($3/$6 USD) - 2016/11/27 4:51:36 ET
Table 'Sheratan' 6-max Seat #3 is the button
Seat 1: cola26licht ($135.53 in chips)
Seat 3: popeluha ($27.02 in chips)
popeluha: posts small blind $1
cola26licht: posts big blind $3
*** HOLE CARDS ***
popeluha: calls $2
cola26licht: checks
*** FLOP *** [Jd 7s 7h]
cola26licht: checks
popeluha: checks
*** TURN *** [Jd 7s 7h] [7c]
cola26licht: checks
popeluha: bets $6
cola26licht: folds
Uncalled bet ($6) returned to popeluha
popeluha collected $5.88 from pot
popeluha: doesn't show hand
*** SUMMARY ***
Total pot $6 | Rake $0.12
Board [Jd 7s 7h 7c]
Seat 1: cola26licht (big blind) folded on the Turn
Seat 3: popeluha (button) (small blind) collected ($5.88)


PokerStars Hand #162028527413:  Hold'em Limit ($3/$6 USD) - 2016/11/27 4:51:15 ET
Table 'Sheratan' 6-max Seat #3 is the button
Seat 1: cola26licht ($147.53 in chips)
Seat 3: popeluha ($15.50 in chips)
popeluha: posts small blind $1
cola26licht: posts big blind $3
*** HOLE CARDS ***
popeluha: raises $3 to $6
cola26licht: calls $3
*** FLOP *** [Kh Jd 6d]
ice0034 joins the table at seat #4
cola26licht: checks
popeluha: bets $3
cola26licht: folds
Uncalled bet ($3) returned to popeluha
popeluha collected $11.76 from pot
*** SUMMARY ***
Total pot $12 | Rake $0.24
Board [Kh Jd 6d]
Seat 1: cola26licht (big blind) folded on the Flop
Seat 3: popeluha (button) (small blind) collected ($11.76)


PokerStars Hand #162028561836:  Hold'em Limit ($3/$6 USD) - 2016/11/27 4:52:35 ET
Table 'Sheratan' 6-max Seat #1 is the button
Seat 1: cola26licht ($140.13 in chips)
Seat 3: popeluha ($21.32 in chips)
cola26licht: posts small blind $1
popeluha: posts big blind $3
*** HOLE CARDS ***
cola26licht: raises $3 to $6
popeluha: calls $3
*** FLOP *** [4h 3h Kh]
popeluha: checks
cola26licht: bets $3
popeluha: calls $3
*** TURN *** [4h 3h Kh] [Kc]
popeluha: checks
cola26licht: bets $6
popeluha: calls $6
*** RIVER *** [4h 3h Kh Kc] [7d]
popeluha: checks
cola26licht: bets $6
popeluha: calls $6
*** SHOW DOWN ***
cola26licht: shows [Qh Qc] (two pair, Kings and Queens)
popeluha: mucks hand
cola26licht collected $41.50 from pot
*** SUMMARY ***
Total pot $42 | Rake $0.50
Board [4h 3h Kh Kc 7d]
Seat 1: cola26licht (button) (small blind) showed [Qh Qc] and won ($41.50) with two pair, Kings and Queens
Seat 3: popeluha (big blind) mucked


PokerStars Hand #162028542448:  Hold'em Limit ($3/$6 USD) - 2016/11/27 4:51:50 ET
Table 'Sheratan' 6-max Seat #1 is the button
Seat 1: cola26licht ($132.53 in chips)
Seat 3: popeluha ($29.90 in chips)
cola26licht: posts small blind $1
popeluha: posts big blind $3
*** HOLE CARDS ***
cola26licht: raises $3 to $6
popeluha: calls $3
*** FLOP *** [Jh Ad 8d]
popeluha: checks
cola26licht: bets $3
popeluha: calls $3
*** TURN *** [Jh Ad 8d] [3s]
popeluha: checks
cola26licht: checks
*** RIVER *** [Jh Ad 8d 3s] [5d]
popeluha: bets $6
cola26licht: raises $6 to $12
popeluha: calls $6
*** SHOW DOWN ***
cola26licht: shows [Td 9d] (a flush, Ace high)
popeluha: mucks hand
cola26licht collected $41.50 from pot
*** SUMMARY ***
Total pot $42 | Rake $0.50
Board [Jh Ad 8d 3s 5d]
Seat 1: cola26licht (button) (small blind) showed [Td 9d] and won ($41.50) with a flush, Ace high
Seat 3: popeluha (big blind) mucked


PokerStars Hand #162028557471:  Hold'em Limit ($3/$6 USD) - 2016/11/27 4:52:25 ET
Table 'Sheratan' 6-max Seat #3 is the button
Seat 1: cola26licht ($143.13 in chips)
Seat 3: popeluha ($18.44 in chips)
popeluha: posts small blind $1
cola26licht: posts big blind $3
*** HOLE CARDS ***
popeluha: calls $2
cola26licht: checks
*** FLOP *** [6h 2c 9c]
cola26licht: checks
popeluha: bets $3
cola26licht: folds
Uncalled bet ($3) returned to popeluha
popeluha collected $5.88 from pot
*** SUMMARY ***
Total pot $6 | Rake $0.12
Board [6h 2c 9c]
Seat 1: cola26licht (big blind) folded on the Flop
Seat 3: popeluha (button) (small blind) collected ($5.88)


PokerStars Hand #162028549135:  Hold'em Limit ($3/$6 USD) - 2016/11/27 4:52:06 ET
Table 'Sheratan' 6-max Seat #3 is the button
Seat 1: cola26licht ($153.03 in chips)
Seat 3: popeluha ($8.90 in chips)
popeluha: posts small blind $1
cola26licht: posts big blind $3
*** HOLE CARDS ***
popeluha: raises $3 to $6
cola26licht: calls $3
*** FLOP *** [3c Js 6s]
cola26licht: checks
popeluha: bets $2.90 and is all-in
cola26licht: calls $2.90
*** TURN *** [3c Js 6s] [Ts]
*** RIVER *** [3c Js 6s Ts] [Td]
*** SHOW DOWN ***
cola26licht: shows [5c 6h] (two pair, Tens and Sixes)
popeluha: shows [Tc Kd] (three of a kind, Tens)
popeluha collected $17.44 from pot
*** SUMMARY ***
Total pot $17.80 | Rake $0.36
Board [3c Js 6s Ts Td]
Seat 1: cola26licht (big blind) showed [5c 6h] and lost with two pair, Tens and Sixes
Seat 3: popeluha (button) (small blind) showed [Tc Kd] and won ($17.44) with three of a kind, Tens


