PokerStars Hand #149657752455:  Hold'em Limit ($3/$6 USD) - 2016/03/01 6:01:20 ET
Table 'Sheragul II' 6-max Seat #3 is the button
Seat 1: VolkovDmitri ($120 in chips)
Seat 3: ogK2 ($152.02 in chips)
ogK2: posts small blind $1
VolkovDmitri: posts big blind $3
*** HOLE CARDS ***
ogK2: folds
Uncalled bet ($2) returned to VolkovDmitri
VolkovDmitri collected $2 from pot
VolkovDmitri: doesn't show hand
*** SUMMARY ***
Total pot $2 | Rake $0
Seat 1: VolkovDmitri (big blind) collected ($2)
Seat 3: ogK2 (button) (small blind) folded before Flop


PokerStars Hand #149657735221:  Hold'em Limit ($3/$6 USD) - 2016/03/01 6:00:42 ET
Table 'Sheragul II' 6-max Seat #1 is the button
Seat 1: VolkovDmitri ($120 in chips)
Seat 3: ogK2 ($128.52 in chips)
VolkovDmitri: posts small blind $1
ogK2: posts big blind $3
*** HOLE CARDS ***
VolkovDmitri: raises $3 to $6
ogK2: calls $3
*** FLOP *** [4d 7d Kc]
ogK2: checks
VolkovDmitri: bets $3
ogK2: raises $3 to $6
VolkovDmitri: calls $3
*** TURN *** [4d 7d Kc] [7s]
ogK2: bets $6
VolkovDmitri: calls $6
*** RIVER *** [4d 7d Kc 7s] [Ts]
ogK2: bets $6
VolkovDmitri: calls $6
*** SHOW DOWN ***
ogK2: shows [5s 5d] (two pair, Sevens and Fives)
VolkovDmitri: mucks hand
ogK2 collected $47.50 from pot
*** SUMMARY ***
Total pot $48 | Rake $0.50
Board [4d 7d Kc 7s Ts]
Seat 1: VolkovDmitri (button) (small blind) mucked
Seat 3: ogK2 (big blind) showed [5s 5d] and won ($47.50) with two pair, Sevens and Fives


PokerStars Hand #149657724807:  Hold'em Limit ($3/$6 USD) - 2016/03/01 6:00:18 ET
Table 'Sheragul II' 6-max Seat #3 is the button
Seat 1: VolkovDmitri ($123 in chips)
Seat 3: ogK2 ($117 in chips)
ogK2: posts small blind $1
VolkovDmitri: posts big blind $3
*** HOLE CARDS ***
ogK2: raises $3 to $6
VolkovDmitri: calls $3
*** FLOP *** [9c 4c 6s]
VolkovDmitri: checks
ogK2: checks
*** TURN *** [9c 4c 6s] [5d]
VolkovDmitri: bets $6
ogK2: calls $6
*** RIVER *** [9c 4c 6s 5d] [As]
VolkovDmitri: checks
ogK2: checks
*** SHOW DOWN ***
VolkovDmitri: shows [Kd 3d] (high card Ace)
ogK2: shows [8h Kc] (high card Ace - King+Nine+Eight kicker)
ogK2 collected $23.52 from pot
*** SUMMARY ***
Total pot $24 | Rake $0.48
Board [9c 4c 6s 5d As]
Seat 1: VolkovDmitri (big blind) showed [Kd 3d] and lost with high card Ace
Seat 3: ogK2 (button) (small blind) showed [8h Kc] and won ($23.52) with high card Ace


PokerStars Hand #149657771525:  Hold'em Limit ($3/$6 USD) - 2016/03/01 6:02:00 ET
Table 'Sheragul II' 6-max Seat #3 is the button
Seat 1: VolkovDmitri ($120 in chips)
Seat 3: ogK2 ($159.66 in chips)
ogK2: posts small blind $1
VolkovDmitri: posts big blind $3
*** HOLE CARDS ***
ogK2: folds
Uncalled bet ($2) returned to VolkovDmitri
VolkovDmitri collected $2 from pot
VolkovDmitri: doesn't show hand
*** SUMMARY ***
Total pot $2 | Rake $0
Seat 1: VolkovDmitri (big blind) collected ($2)
Seat 3: ogK2 (button) (small blind) folded before Flop


PokerStars Hand #149657754692:  Hold'em Limit ($3/$6 USD) - 2016/03/01 6:01:25 ET
Table 'Sheragul II' 6-max Seat #1 is the button
Seat 1: VolkovDmitri ($121 in chips)
Seat 3: ogK2 ($151.02 in chips)
VolkovDmitri: posts small blind $1
ogK2: posts big blind $3
*** HOLE CARDS ***
degal76 joins the table at seat #2
VolkovDmitri: raises $3 to $6
ogK2: raises $3 to $9
VolkovDmitri: calls $3
*** FLOP *** [7d 2d Ks]
ogK2: bets $3
VolkovDmitri: folds
Uncalled bet ($3) returned to ogK2
ogK2 collected $17.64 from pot
ogK2: doesn't show hand
*** SUMMARY ***
Total pot $18 | Rake $0.36
Board [7d 2d Ks]
Seat 1: VolkovDmitri (button) (small blind) folded on the Flop
Seat 3: ogK2 (big blind) collected ($17.64)


PokerStars Hand #149658134998:  Hold'em Limit ($3/$6 USD) - 2016/03/01 6:14:30 ET
Table 'Sheragul II' 6-max Seat #1 is the button
Seat 1: VolkovDmitri ($180.28 in chips)
Seat 3: ogK2 ($140.70 in chips)
VolkovDmitri: posts small blind $1
ogK2: posts big blind $3
*** HOLE CARDS ***
degal76 leaves the table
VolkovDmitri: raises $3 to $6
ogK2: folds
Uncalled bet ($3) returned to VolkovDmitri
VolkovDmitri collected $6 from pot
VolkovDmitri: doesn't show hand
*** SUMMARY ***
Total pot $6 | Rake $0
Seat 1: VolkovDmitri (button) (small blind) collected ($6)
Seat 3: ogK2 (big blind) folded before Flop


PokerStars Hand #149658144070:  Hold'em Limit ($3/$6 USD) - 2016/03/01 6:14:48 ET
Table 'Sheragul II' 6-max Seat #3 is the button
Seat 1: VolkovDmitri ($187.28 in chips)
Seat 3: ogK2 ($133.70 in chips)
ogK2: posts small blind $1
VolkovDmitri: posts big blind $3
*** HOLE CARDS ***
ogK2: raises $3 to $6
VolkovDmitri: calls $3
*** FLOP *** [Qd 8c 5d]
VolkovDmitri: checks
ogK2: bets $3
VolkovDmitri: raises $3 to $6
ogK2: raises $3 to $9
VolkovDmitri: calls $3
*** TURN *** [Qd 8c 5d] [2d]
VolkovDmitri: bets $6
ogK2: raises $6 to $12
VolkovDmitri: calls $6
*** RIVER *** [Qd 8c 5d 2d] [3c]
VolkovDmitri: bets $6
ogK2: folds
Uncalled bet ($6) returned to VolkovDmitri
VolkovDmitri collected $53.50 from pot
VolkovDmitri: doesn't show hand
*** SUMMARY ***
Total pot $54 | Rake $0.50
Board [Qd 8c 5d 2d 3c]
Seat 1: VolkovDmitri (big blind) collected ($53.50)
Seat 3: ogK2 (button) (small blind) folded on the River


PokerStars Hand #149658164295:  Hold'em Limit ($3/$6 USD) - 2016/03/01 6:15:29 ET
Table 'Sheragul II' 6-max Seat #1 is the button
Seat 1: VolkovDmitri ($213.78 in chips)
Seat 3: ogK2 ($106.70 in chips)
VolkovDmitri: posts small blind $1
ogK2: posts big blind $3
*** HOLE CARDS ***
VolkovDmitri: raises $3 to $6
ogK2: calls $3
*** FLOP *** [3c 8d 9c]
ogK2: checks
VolkovDmitri: bets $3
ogK2: folds
Uncalled bet ($3) returned to VolkovDmitri
VolkovDmitri collected $11.76 from pot
VolkovDmitri: doesn't show hand
*** SUMMARY ***
Total pot $12 | Rake $0.24
Board [3c 8d 9c]
Seat 1: VolkovDmitri (button) (small blind) collected ($11.76)
Seat 3: ogK2 (big blind) folded on the Flop


PokerStars Hand #149658141122:  Hold'em Limit ($3/$6 USD) - 2016/03/01 6:14:42 ET
Table 'Sheragul II' 6-max Seat #1 is the button
Seat 1: VolkovDmitri ($184.28 in chips)
Seat 3: ogK2 ($136.70 in chips)
VolkovDmitri: posts small blind $1
ogK2: posts big blind $3
*** HOLE CARDS ***
VolkovDmitri: raises $3 to $6
ogK2: folds
Uncalled bet ($3) returned to VolkovDmitri
VolkovDmitri collected $6 from pot
VolkovDmitri: doesn't show hand
*** SUMMARY ***
Total pot $6 | Rake $0
Seat 1: VolkovDmitri (button) (small blind) collected ($6)
Seat 3: ogK2 (big blind) folded before Flop


PokerStars Hand #149658138514:  Hold'em Limit ($3/$6 USD) - 2016/03/01 6:14:37 ET
Table 'Sheragul II' 6-max Seat #3 is the button
Seat 1: VolkovDmitri ($183.28 in chips)
Seat 3: ogK2 ($137.70 in chips)
ogK2: posts small blind $1
VolkovDmitri: posts big blind $3
*** HOLE CARDS ***
ogK2: folds
Uncalled bet ($2) returned to VolkovDmitri
VolkovDmitri collected $2 from pot
VolkovDmitri: doesn't show hand
*** SUMMARY ***
Total pot $2 | Rake $0
Seat 1: VolkovDmitri (big blind) collected ($2)
Seat 3: ogK2 (button) (small blind) folded before Flop


PokerStars Hand #149658170791:  Hold'em Limit ($3/$6 USD) - 2016/03/01 6:15:43 ET
Table 'Sheragul II' 6-max Seat #3 is the button
Seat 1: VolkovDmitri ($219.54 in chips)
Seat 3: ogK2 ($100.70 in chips)
ogK2: posts small blind $1
VolkovDmitri: posts big blind $3
*** HOLE CARDS ***
ogK2: raises $3 to $6
VolkovDmitri: calls $3
*** FLOP *** [8d Qd Ts]
VolkovDmitri: checks
ogK2: bets $3
VolkovDmitri: folds
Uncalled bet ($3) returned to ogK2
ogK2 collected $11.76 from pot
ogK2: doesn't show hand
*** SUMMARY ***
Total pot $12 | Rake $0.24
Board [8d Qd Ts]
Seat 1: VolkovDmitri (big blind) folded on the Flop
Seat 3: ogK2 (button) (small blind) collected ($11.76)


PokerStars Hand #149658182712:  Hold'em Limit ($3/$6 USD) - 2016/03/01 6:16:07 ET
Table 'Sheragul II' 6-max Seat #1 is the button
Seat 1: VolkovDmitri ($213.54 in chips)
Seat 3: ogK2 ($106.46 in chips)
VolkovDmitri: posts small blind $1
ogK2: posts big blind $3
*** HOLE CARDS ***
VolkovDmitri: raises $3 to $6
ogK2: calls $3
*** FLOP *** [Qs 5c 5d]
ogK2: checks
VolkovDmitri: bets $3
ogK2: folds
Uncalled bet ($3) returned to VolkovDmitri
VolkovDmitri collected $11.76 from pot
VolkovDmitri: doesn't show hand
*** SUMMARY ***
Total pot $12 | Rake $0.24
Board [Qs 5c 5d]
Seat 1: VolkovDmitri (button) (small blind) collected ($11.76)
Seat 3: ogK2 (big blind) folded on the Flop


PokerStars Hand #149658190674:  Hold'em Limit ($3/$6 USD) - 2016/03/01 6:16:23 ET
Table 'Sheragul II' 6-max Seat #3 is the button
Seat 1: VolkovDmitri ($219.30 in chips)
Seat 3: ogK2 ($100.46 in chips)
ogK2: posts small blind $1
VolkovDmitri: posts big blind $3
*** HOLE CARDS ***
SmellyToes4u joins the table at seat #4
ogK2: folds
Uncalled bet ($2) returned to VolkovDmitri
VolkovDmitri collected $2 from pot
VolkovDmitri: doesn't show hand
*** SUMMARY ***
Total pot $2 | Rake $0
Seat 1: VolkovDmitri (big blind) collected ($2)
Seat 3: ogK2 (button) (small blind) folded before Flop


PokerStars Hand #149658200408:  Hold'em Limit ($3/$6 USD) - 2016/03/01 6:16:43 ET
Table 'Sheragul II' 6-max Seat #3 is the button
Seat 3: ogK2 ($96.46 in chips)
Seat 4: SmellyToes4u ($56 in chips)
ogK2: posts small blind $1
SmellyToes4u: posts big blind $3
*** HOLE CARDS ***
ogK2: raises $3 to $6
VolkovDmitri leaves the table
SmellyToes4u: calls $3
*** FLOP *** [Qh 6d Kc]
SmellyToes4u: checks
ogK2: bets $3
SmellyToes4u: calls $3
*** TURN *** [Qh 6d Kc] [2s]
SmellyToes4u: checks
ogK2: checks
*** RIVER *** [Qh 6d Kc 2s] [4d]
SmellyToes4u: bets $6
ogK2: folds
Uncalled bet ($6) returned to SmellyToes4u
SmellyToes4u collected $17.64 from pot
SmellyToes4u: doesn't show hand
*** SUMMARY ***
Total pot $18 | Rake $0.36
Board [Qh 6d Kc 2s 4d]
Seat 3: ogK2 (button) (small blind) folded on the River
Seat 4: SmellyToes4u (big blind) collected ($17.64)


PokerStars Hand #149658218259:  Hold'em Limit ($3/$6 USD) - 2016/03/01 6:17:19 ET
Table 'Sheragul II' 6-max Seat #3 is the button
Seat 3: ogK2 ($72.46 in chips)
Seat 4: SmellyToes4u ($79.14 in chips)
ogK2: posts small blind $1
SmellyToes4u: posts big blind $3
*** HOLE CARDS ***
ogK2: raises $3 to $6
SmellyToes4u: folds
Uncalled bet ($3) returned to ogK2
ogK2 collected $6 from pot
ogK2: doesn't show hand
*** SUMMARY ***
Total pot $6 | Rake $0
Seat 3: ogK2 (button) (small blind) collected ($6)
Seat 4: SmellyToes4u (big blind) folded before Flop


PokerStars Hand #149658209541:  Hold'em Limit ($3/$6 USD) - 2016/03/01 6:17:01 ET
Table 'Sheragul II' 6-max Seat #4 is the button
Seat 3: ogK2 ($87.46 in chips)
Seat 4: SmellyToes4u ($64.64 in chips)
SmellyToes4u: posts small blind $1
ogK2: posts big blind $3
*** HOLE CARDS ***
SmellyToes4u: raises $3 to $6
ogK2: calls $3
*** FLOP *** [6c Ad 6h]
ogK2: checks
SmellyToes4u: bets $3
ogK2: calls $3
*** TURN *** [6c Ad 6h] [Kc]
ogK2: checks
SmellyToes4u: checks
*** RIVER *** [6c Ad 6h Kc] [9c]
ogK2: bets $6
SmellyToes4u: calls $6
*** SHOW DOWN ***
ogK2: shows [Qh 8s] (a pair of Sixes)
SmellyToes4u: shows [Jc 9d] (two pair, Nines and Sixes)
SmellyToes4u collected $29.50 from pot
*** SUMMARY ***
Total pot $30 | Rake $0.50
Board [6c Ad 6h Kc 9c]
Seat 3: ogK2 (big blind) showed [Qh 8s] and lost with a pair of Sixes
Seat 4: SmellyToes4u (button) (small blind) showed [Jc 9d] and won ($29.50) with two pair, Nines and Sixes


PokerStars Hand #149658225083:  Hold'em Limit ($3/$6 USD) - 2016/03/01 6:17:33 ET
Table 'Sheragul II' 6-max Seat #3 is the button
Seat 3: ogK2 ($72.46 in chips)
Seat 4: SmellyToes4u ($79.14 in chips)
ogK2: posts small blind $1
SmellyToes4u: posts big blind $3
*** HOLE CARDS ***
ogK2: raises $3 to $6
SmellyToes4u: folds
Uncalled bet ($3) returned to ogK2
ogK2 collected $6 from pot
ogK2: doesn't show hand
*** SUMMARY ***
Total pot $6 | Rake $0
Seat 3: ogK2 (button) (small blind) collected ($6)
Seat 4: SmellyToes4u (big blind) folded before Flop


PokerStars Hand #149658221336:  Hold'em Limit ($3/$6 USD) - 2016/03/01 6:17:26 ET
Table 'Sheragul II' 6-max Seat #4 is the button
Seat 3: ogK2 ($75.46 in chips)
Seat 4: SmellyToes4u ($76.14 in chips)
SmellyToes4u: posts small blind $1
ogK2: posts big blind $3
*** HOLE CARDS ***
SmellyToes4u: raises $3 to $6
ogK2: folds
Uncalled bet ($3) returned to SmellyToes4u
SmellyToes4u collected $6 from pot
SmellyToes4u: doesn't show hand
*** SUMMARY ***
Total pot $6 | Rake $0
Seat 3: ogK2 (big blind) folded before Flop
Seat 4: SmellyToes4u (button) (small blind) collected ($6)


PokerStars Hand #149658197843:  Hold'em Limit ($3/$6 USD) - 2016/03/01 6:16:38 ET
Table 'Sheragul II' 6-max Seat #1 is the button
Seat 1: VolkovDmitri ($220.30 in chips)
Seat 3: ogK2 ($99.46 in chips)
VolkovDmitri: posts small blind $1
ogK2: posts big blind $3
*** HOLE CARDS ***
VolkovDmitri: raises $3 to $6
ogK2: folds
Uncalled bet ($3) returned to VolkovDmitri
VolkovDmitri collected $6 from pot
VolkovDmitri: doesn't show hand
*** SUMMARY ***
Total pot $6 | Rake $0
Seat 1: VolkovDmitri (button) (small blind) collected ($6)
Seat 3: ogK2 (big blind) folded before Flop


PokerStars Hand #149658228040:  Hold'em Limit ($3/$6 USD) - 2016/03/01 6:17:40 ET
Table 'Sheragul II' 6-max Seat #4 is the button
Seat 3: ogK2 ($75.46 in chips)
Seat 4: SmellyToes4u ($76.14 in chips)
SmellyToes4u: posts small blind $1
ogK2: posts big blind $3
*** HOLE CARDS ***
SmellyToes4u: raises $3 to $6
ogK2: raises $3 to $9
SmellyToes4u: calls $3
*** FLOP *** [7d Th Jc]
ogK2: bets $3
SmellyToes4u: calls $3
*** TURN *** [7d Th Jc] [Ad]
ogK2: bets $6
SmellyToes4u: calls $6
*** RIVER *** [7d Th Jc Ad] [2s]
ogK2: bets $6
SmellyToes4u: calls $6
*** SHOW DOWN ***
ogK2: shows [2h Ah] (two pair, Aces and Deuces)
SmellyToes4u: mucks hand
ogK2 collected $47.50 from pot
*** SUMMARY ***
Total pot $48 | Rake $0.50
Board [7d Th Jc Ad 2s]
Seat 3: ogK2 (big blind) showed [2h Ah] and won ($47.50) with two pair, Aces and Deuces
Seat 4: SmellyToes4u (button) (small blind) mucked


PokerStars Hand #149658235866:  Hold'em Limit ($3/$6 USD) - 2016/03/01 6:17:55 ET
Table 'Sheragul II' 6-max Seat #3 is the button
Seat 3: ogK2 ($98.96 in chips)
Seat 4: SmellyToes4u ($56 in chips)
ogK2: posts small blind $1
SmellyToes4u: posts big blind $3
*** HOLE CARDS ***
ogK2: raises $3 to $6
SmellyToes4u: raises $3 to $9
ogK2: calls $3
*** FLOP *** [4c As 4h]
SmellyToes4u: bets $3
ogK2: raises $3 to $6
SmellyToes4u: raises $3 to $9
ogK2: folds
Uncalled bet ($3) returned to SmellyToes4u
SmellyToes4u collected $29.50 from pot
SmellyToes4u: doesn't show hand
*** SUMMARY ***
Total pot $30 | Rake $0.50
Board [4c As 4h]
Seat 3: ogK2 (button) (small blind) folded on the Flop
Seat 4: SmellyToes4u (big blind) collected ($29.50)


PokerStars Hand #149658244545:  Hold'em Limit ($3/$6 USD) - 2016/03/01 6:18:13 ET
Table 'Sheragul II' 6-max Seat #3 is the button
Seat 3: ogK2 ($84.96 in chips)
Seat 4: SmellyToes4u ($69.50 in chips)
ogK2: posts small blind $1
SmellyToes4u: posts big blind $3
*** HOLE CARDS ***
ogK2: folds
Uncalled bet ($2) returned to SmellyToes4u
SmellyToes4u collected $2 from pot
SmellyToes4u: doesn't show hand
*** SUMMARY ***
Total pot $2 | Rake $0
Seat 3: ogK2 (button) (small blind) folded before Flop
Seat 4: SmellyToes4u (big blind) collected ($2)


PokerStars Hand #149658242334:  Hold'em Limit ($3/$6 USD) - 2016/03/01 6:18:08 ET
Table 'Sheragul II' 6-max Seat #4 is the button
Seat 3: ogK2 ($83.96 in chips)
Seat 4: SmellyToes4u ($70.50 in chips)
SmellyToes4u: posts small blind $1
ogK2: posts big blind $3
*** HOLE CARDS ***
SmellyToes4u: folds
Uncalled bet ($2) returned to ogK2
ogK2 collected $2 from pot
ogK2: doesn't show hand
*** SUMMARY ***
Total pot $2 | Rake $0
Seat 3: ogK2 (big blind) collected ($2)
Seat 4: SmellyToes4u (button) (small blind) folded before Flop


PokerStars Hand #149658246874:  Hold'em Limit ($3/$6 USD) - 2016/03/01 6:18:18 ET
Table 'Sheragul II' 6-max Seat #4 is the button
Seat 3: ogK2 ($83.96 in chips)
Seat 4: SmellyToes4u ($70.50 in chips)
SmellyToes4u: posts small blind $1
ogK2: posts big blind $3
*** HOLE CARDS ***
SmellyToes4u: raises $3 to $6
ogK2: raises $3 to $9
SmellyToes4u: calls $3
*** FLOP *** [3h 4d 3s]
ogK2: bets $3
SmellyToes4u: calls $3
*** TURN *** [3h 4d 3s] [Qs]
ogK2: bets $6
SmellyToes4u: calls $6
*** RIVER *** [3h 4d 3s Qs] [9s]
ogK2: checks
SmellyToes4u: bets $6
ogK2: calls $6
*** SHOW DOWN ***
SmellyToes4u: shows [2d 2h] (two pair, Threes and Deuces)
ogK2: mucks hand
SmellyToes4u collected $47.50 from pot
*** SUMMARY ***
Total pot $48 | Rake $0.50
Board [3h 4d 3s Qs 9s]
Seat 3: ogK2 (big blind) mucked
Seat 4: SmellyToes4u (button) (small blind) showed [2d 2h] and won ($47.50) with two pair, Threes and Deuces


PokerStars Hand #149658255829:  Hold'em Limit ($3/$6 USD) - 2016/03/01 6:18:36 ET
Table 'Sheragul II' 6-max Seat #3 is the button
Seat 3: ogK2 ($59.96 in chips)
Seat 4: SmellyToes4u ($94 in chips)
ogK2: posts small blind $1
SmellyToes4u: posts big blind $3
*** HOLE CARDS ***
ogK2: raises $3 to $6
SmellyToes4u: calls $3
*** FLOP *** [Jd 3c 4h]
SmellyToes4u: checks
ogK2: bets $3
SmellyToes4u: calls $3
*** TURN *** [Jd 3c 4h] [Ah]
SmellyToes4u: checks
ogK2: bets $6
SmellyToes4u: raises $6 to $12
ogK2: calls $6
*** RIVER *** [Jd 3c 4h Ah] [Kc]
SmellyToes4u: bets $6
ogK2: calls $6
*** SHOW DOWN ***
SmellyToes4u: shows [Ac 6h] (a pair of Aces)
ogK2: mucks hand
SmellyToes4u collected $53.50 from pot
*** SUMMARY ***
Total pot $54 | Rake $0.50
Board [Jd 3c 4h Ah Kc]
Seat 3: ogK2 (button) (small blind) mucked
Seat 4: SmellyToes4u (big blind) showed [Ac 6h] and won ($53.50) with a pair of Aces


PokerStars Hand #149658266067:  Hold'em Limit ($3/$6 USD) - 2016/03/01 6:18:56 ET
Table 'Sheragul II' 6-max Seat #4 is the button
Seat 3: ogK2 ($32.96 in chips)
Seat 4: SmellyToes4u ($120.50 in chips)
SmellyToes4u: posts small blind $1
ogK2: posts big blind $3
*** HOLE CARDS ***
SmellyToes4u: raises $3 to $6
ogK2: raises $3 to $9
SmellyToes4u: calls $3
*** FLOP *** [Ks 5c 8c]
ogK2: bets $3
SmellyToes4u: calls $3
*** TURN *** [Ks 5c 8c] [Jh]
ogK2: bets $6
SmellyToes4u: calls $6
*** RIVER *** [Ks 5c 8c Jh] [6c]
ogK2: bets $6
SmellyToes4u: raises $6 to $12
ogK2: calls $6
*** SHOW DOWN ***
SmellyToes4u: shows [8s 6d] (two pair, Eights and Sixes)
ogK2: mucks hand
SmellyToes4u collected $59.50 from pot
*** SUMMARY ***
Total pot $60 | Rake $0.50
Board [Ks 5c 8c Jh 6c]
Seat 3: ogK2 (big blind) mucked
Seat 4: SmellyToes4u (button) (small blind) showed [8s 6d] and won ($59.50) with two pair, Eights and Sixes


