PokerStars Hand #170810639402:  Hold'em Limit ($3/$6 USD) - 2017/05/23 11:10:03 ET
Table 'Sheragul' 10-max Seat #4 is the button
Seat 4: xxJonasxx420 ($46.38 in chips)
Seat 5: vestimokrec ($103 in chips)
xxJonasxx420: posts small blind $1
vestimokrec: posts big blind $3
*** HOLE CARDS ***
xxJonasxx420: folds
Uncalled bet ($2) returned to vestimokrec
vestimokrec collected $2 from pot
vestimokrec: doesn't show hand
*** SUMMARY ***
Total pot $2 | Rake $0
Seat 4: xxJonasxx420 (button) (small blind) folded before Flop
Seat 5: vestimokrec (big blind) collected ($2)


PokerStars Hand #170810626037:  Hold'em Limit ($3/$6 USD) - 2017/05/23 11:09:40 ET
Table 'Sheragul' 10-max Seat #5 is the button
Seat 4: xxJonasxx420 ($25.88 in chips)
Seat 5: vestimokrec ($124 in chips)
vestimokrec: posts small blind $1
xxJonasxx420: posts big blind $3
*** HOLE CARDS ***
vestimokrec: raises $3 to $6
xxJonasxx420: calls $3
*** FLOP *** [4d 7d 3c]
xxJonasxx420: bets $3
vestimokrec: calls $3
*** TURN *** [4d 7d 3c] [8d]
xxJonasxx420: bets $6
vestimokrec: calls $6
*** RIVER *** [4d 7d 3c 8d] [8c]
xxJonasxx420: bets $6
vestimokrec: calls $6
*** SHOW DOWN ***
xxJonasxx420: shows [4s 6s] (two pair, Eights and Fours)
vestimokrec: mucks hand
xxJonasxx420 collected $41.50 from pot
*** SUMMARY ***
Total pot $42 | Rake $0.50
Board [4d 7d 3c 8d 8c]
Seat 4: xxJonasxx420 (big blind) showed [4s 6s] and won ($41.50) with two pair, Eights and Fours
Seat 5: vestimokrec (button) (small blind) mucked


PokerStars Hand #170810618934:  Hold'em Limit ($3/$6 USD) - 2017/05/23 11:09:27 ET
Table 'Sheragul' 10-max Seat #4 is the button
Seat 4: xxJonasxx420 ($23 in chips)
Seat 5: vestimokrec ($127 in chips)
xxJonasxx420: posts small blind $1
vestimokrec: posts big blind $3
*** HOLE CARDS ***
xxJonasxx420: calls $2
vestimokrec: checks
*** FLOP *** [3h 4s Jh]
vestimokrec: checks
xxJonasxx420: bets $3
vestimokrec: folds
Uncalled bet ($3) returned to xxJonasxx420
xxJonasxx420 collected $5.88 from pot
xxJonasxx420: doesn't show hand
*** SUMMARY ***
Total pot $6 | Rake $0.12
Board [3h 4s Jh]
Seat 4: xxJonasxx420 (button) (small blind) collected ($5.88)
Seat 5: vestimokrec (big blind) folded on the Flop


PokerStars Hand #170810643343:  Hold'em Limit ($3/$6 USD) - 2017/05/23 11:10:09 ET
Table 'Sheragul' 10-max Seat #5 is the button
Seat 4: xxJonasxx420 ($45.38 in chips)
Seat 5: vestimokrec ($104 in chips)
vestimokrec: posts small blind $1
xxJonasxx420: posts big blind $3
*** HOLE CARDS ***
vestimokrec: raises $3 to $6
xxJonasxx420: folds
Uncalled bet ($3) returned to vestimokrec
vestimokrec collected $6 from pot
vestimokrec: doesn't show hand
*** SUMMARY ***
Total pot $6 | Rake $0
Seat 4: xxJonasxx420 (big blind) folded before Flop
Seat 5: vestimokrec (button) (small blind) collected ($6)


PokerStars Hand #170810647757:  Hold'em Limit ($3/$6 USD) - 2017/05/23 11:10:17 ET
Table 'Sheragul' 10-max Seat #4 is the button
Seat 4: xxJonasxx420 ($42.38 in chips)
Seat 5: vestimokrec ($107 in chips)
xxJonasxx420: posts small blind $1
vestimokrec: posts big blind $3
*** HOLE CARDS ***
xxJonasxx420: folds
Uncalled bet ($2) returned to vestimokrec
xxJonasxx420 leaves the table
vestimokrec collected $2 from pot
vestimokrec: doesn't show hand
*** SUMMARY ***
Total pot $2 | Rake $0
Seat 4: xxJonasxx420 (button) (small blind) folded before Flop
Seat 5: vestimokrec (big blind) collected ($2)


PokerStars Hand #170822137969:  Hold'em Limit ($3/$6 USD) - 2017/05/23 15:35:23 ET
Table 'Sheragul' 10-max Seat #1 is the button
Seat 1: vestimokrec ($105 in chips)
Seat 9: GoliafUa ($135.07 in chips)
vestimokrec: posts small blind $1
GoliafUa: posts big blind $3
*** HOLE CARDS ***
vestimokrec: raises $3 to $6
GoliafUa: folds
Uncalled bet ($3) returned to vestimokrec
vestimokrec collected $6 from pot
vestimokrec: doesn't show hand
*** SUMMARY ***
Total pot $6 | Rake $0
Seat 1: vestimokrec (button) (small blind) collected ($6)
Seat 9: GoliafUa (big blind) folded before Flop


