PokerStars Hand #167026359587:  Hold'em Limit ($3/$6 USD) - 2017/03/02 19:22:18 ET
Table 'Sheratan' 6-max Seat #3 is the button
Seat 3: GlamDragon ($121 in chips)
Seat 6: grabaz ($217.06 in chips)
GlamDragon: posts small blind $1
grabaz: posts big blind $3
*** HOLE CARDS ***
GlamDragon: raises $3 to $6
grabaz: calls $3
*** FLOP *** [6d 2c 6c]
grabaz: checks
GlamDragon: bets $3
grabaz: raises $3 to $6
GlamDragon: folds
Uncalled bet ($3) returned to grabaz
grabaz collected $17.64 from pot
grabaz: doesn't show hand
*** SUMMARY ***
Total pot $18 | Rake $0.36
Board [6d 2c 6c]
Seat 3: GlamDragon (button) (small blind) folded on the Flop
Seat 6: grabaz (big blind) collected ($17.64)


PokerStars Hand #167026356571:  Hold'em Limit ($3/$6 USD) - 2017/03/02 19:22:13 ET
Table 'Sheratan' 6-max Seat #6 is the button
Seat 3: GlamDragon ($120 in chips)
Seat 6: grabaz ($218.06 in chips)
grabaz: posts small blind $1
GlamDragon: posts big blind $3
*** HOLE CARDS ***
grabaz: folds
Uncalled bet ($2) returned to GlamDragon
GlamDragon collected $2 from pot
*** SUMMARY ***
Total pot $2 | Rake $0
Seat 3: GlamDragon (big blind) collected ($2)
Seat 6: grabaz (button) (small blind) folded before Flop


