PokerStars Hand #171780111147:  Hold'em Limit ($3/$6 USD) - 2017/06/14 17:02:27 ET
Table 'Shura' 6-max Seat #3 is the button
Seat 3: dient´s ($30 in chips)
Seat 4: belik555 ($90 in chips)
dient´s: posts small blind $1
belik555: posts big blind $3
*** HOLE CARDS ***
dient´s: calls $2
belik555: checks
*** FLOP *** [3h Ts 8s]
belik555: checks
dient´s: bets $3
belik555: folds
Uncalled bet ($3) returned to dient´s
dient´s collected $5.88 from pot
*** SUMMARY ***
Total pot $6 | Rake $0.12
Board [3h Ts 8s]
Seat 3: dient´s (button) (small blind) collected ($5.88)
Seat 4: belik555 (big blind) folded on the Flop


PokerStars Hand #171780172888:  Hold'em Limit ($3/$6 USD) - 2017/06/14 17:03:45 ET
Table 'Shura' 6-max Seat #4 is the button
Seat 3: dient´s ($47.38 in chips)
Seat 4: belik555 ($90 in chips)
belik555: posts small blind $1
dient´s: posts big blind $3
*** HOLE CARDS ***
belik555: raises $3 to $6
dient´s: folds
Uncalled bet ($3) returned to belik555
belik555 collected $6 from pot
belik555: doesn't show hand
*** SUMMARY ***
Total pot $6 | Rake $0
Seat 3: dient´s (big blind) folded before Flop
Seat 4: belik555 (button) (small blind) collected ($6)


PokerStars Hand #171780150342:  Hold'em Limit ($3/$6 USD) - 2017/06/14 17:03:17 ET
Table 'Shura' 6-max Seat #3 is the button
Seat 3: dient´s ($26.88 in chips)
Seat 4: belik555 ($95.76 in chips)
dient´s: posts small blind $1
belik555: posts big blind $3
*** HOLE CARDS ***
dient´s: calls $2
belik555: raises $3 to $6
dient´s: calls $3
*** FLOP *** [As 8s 6d]
belik555: bets $3
dient´s: calls $3
*** TURN *** [As 8s 6d] [3d]
belik555: bets $6
dient´s: calls $6
*** RIVER *** [As 8s 6d 3d] [7d]
belik555: bets $6
dient´s: calls $6
*** SHOW DOWN ***
belik555: shows [Kc Kh] (a pair of Kings)
dient´s: shows [6s 7s] (two pair, Sevens and Sixes)
dient´s collected $41.50 from pot
*** SUMMARY ***
Total pot $42 | Rake $0.50
Board [As 8s 6d 3d 7d]
Seat 3: dient´s (button) (small blind) showed [6s 7s] and won ($41.50) with two pair, Sevens and Sixes
Seat 4: belik555 (big blind) showed [Kc Kh] and lost with a pair of Kings


PokerStars Hand #171780130637:  Hold'em Limit ($3/$6 USD) - 2017/06/14 17:02:51 ET
Table 'Shura' 6-max Seat #4 is the button
Seat 3: dient´s ($32.88 in chips)
Seat 4: belik555 ($90 in chips)
belik555: posts small blind $1
dient´s: posts big blind $3
*** HOLE CARDS ***
belik555: raises $3 to $6
dient´s: calls $3
*** FLOP *** [Kd Qh 3h]
dient´s: checks
belik555: bets $3
dient´s: folds
Uncalled bet ($3) returned to belik555
belik555 collected $11.76 from pot
belik555: doesn't show hand
*** SUMMARY ***
Total pot $12 | Rake $0.24
Board [Kd Qh 3h]
Seat 3: dient´s (big blind) folded on the Flop
Seat 4: belik555 (button) (small blind) collected ($11.76)


PokerStars Hand #171780183469:  Hold'em Limit ($3/$6 USD) - 2017/06/14 17:03:59 ET
Table 'Shura' 6-max Seat #3 is the button
Seat 3: dient´s ($44.38 in chips)
Seat 4: belik555 ($93 in chips)
dient´s: posts small blind $1
belik555: posts big blind $3
*** HOLE CARDS ***
dient´s: folds
Uncalled bet ($2) returned to belik555
belik555 collected $2 from pot
masterblstr8 joins the table at seat #5
belik555: doesn't show hand
*** SUMMARY ***
Total pot $2 | Rake $0
Seat 3: dient´s (button) (small blind) folded before Flop
Seat 4: belik555 (big blind) collected ($2)


PokerStars Hand #171782276165:  Hold'em Limit ($3/$6 USD) - 2017/06/14 17:48:43 ET
Table 'Shura' 6-max Seat #1 is the button
Seat 1: RaisemyNut$ ($191.40 in chips)
Seat 6: scorpio04 ($150 in chips)
RaisemyNut$: posts small blind $1
belik555: is sitting out
masterblstr8: is sitting out
scorpio04: posts big blind $3
*** HOLE CARDS ***
RaisemyNut$: raises $3 to $6
belik555 leaves the table
scorpio04: raises $3 to $9
RaisemyNut$: calls $3
*** FLOP *** [9s 7d 2h]
scorpio04: bets $3
RaisemyNut$: calls $3
*** TURN *** [9s 7d 2h] [9d]
scorpio04: bets $6
RaisemyNut$: raises $6 to $12
scorpio04: folds
Uncalled bet ($6) returned to RaisemyNut$
RaisemyNut$ collected $35.50 from pot
RaisemyNut$: doesn't show hand
*** SUMMARY ***
Total pot $36 | Rake $0.50
Board [9s 7d 2h 9d]
Seat 1: RaisemyNut$ (button) (small blind) collected ($35.50)
Seat 6: scorpio04 (big blind) folded on the Turn


PokerStars Hand #171782298375:  Hold'em Limit ($3/$6 USD) - 2017/06/14 17:49:13 ET
Table 'Shura' 6-max Seat #6 is the button
Seat 1: RaisemyNut$ ($208.90 in chips)
Seat 6: scorpio04 ($150 in chips)
scorpio04: posts small blind $1
RaisemyNut$: posts big blind $3
*** HOLE CARDS ***
scorpio04: raises $3 to $6
RaisemyNut$: calls $3
*** FLOP *** [As 3s 6c]
RaisemyNut$: checks
scorpio04: bets $3
RaisemyNut$: raises $3 to $6
scorpio04: calls $3
*** TURN *** [As 3s 6c] [4h]
RaisemyNut$: bets $6
scorpio04: folds
Uncalled bet ($6) returned to RaisemyNut$
RaisemyNut$ collected $23.52 from pot
RaisemyNut$: doesn't show hand
*** SUMMARY ***
Total pot $24 | Rake $0.48
Board [As 3s 6c 4h]
Seat 1: RaisemyNut$ (big blind) collected ($23.52)
Seat 6: scorpio04 (button) (small blind) folded on the Turn


