PokerStars Hand #147453631087:  Hold'em Limit ($3/$6 USD) - 2016/01/21 19:14:19 ET
Table 'Shura' 2-max Seat #2 is the button
Seat 1: energyplayer ($41.20 in chips)
Seat 2: elifnur2008 ($120 in chips)
elifnur2008: posts small blind $1
energyplayer: posts big blind $3
*** HOLE CARDS ***
elifnur2008: raises $3 to $6
energyplayer: folds
Uncalled bet ($3) returned to elifnur2008
elifnur2008 collected $6 from pot
elifnur2008: doesn't show hand
*** SUMMARY ***
Total pot $6 | Rake $0
Seat 1: energyplayer (big blind) folded before Flop
Seat 2: elifnur2008 (button) (small blind) collected ($6)


PokerStars Hand #147453626985:  Hold'em Limit ($3/$6 USD) - 2016/01/21 19:14:13 ET
Table 'Shura' 2-max Seat #1 is the button
Seat 1: energyplayer ($38.20 in chips)
Seat 2: elifnur2008 ($123 in chips)
energyplayer: posts small blind $1
elifnur2008: posts big blind $3
*** HOLE CARDS ***
energyplayer: raises $3 to $6
elifnur2008: folds
Uncalled bet ($3) returned to energyplayer
energyplayer collected $6 from pot
energyplayer: doesn't show hand
*** SUMMARY ***
Total pot $6 | Rake $0
Seat 1: energyplayer (button) (small blind) collected ($6)
Seat 2: elifnur2008 (big blind) folded before Flop


PokerStars Hand #147453669337:  Hold'em Limit ($3/$6 USD) - 2016/01/21 19:15:14 ET
Table 'Shura' 2-max Seat #2 is the button
Seat 1: energyplayer ($20.95 in chips)
Seat 2: elifnur2008 ($139.25 in chips)
elifnur2008: posts small blind $1
energyplayer: posts big blind $3
*** HOLE CARDS ***
elifnur2008: raises $3 to $6
energyplayer: raises $3 to $9
elifnur2008: calls $3
*** FLOP *** [Qs 8c Ts]
energyplayer: bets $3
elifnur2008: calls $3
*** TURN *** [Qs 8c Ts] [3d]
energyplayer: bets $6
elifnur2008: folds
Uncalled bet ($6) returned to energyplayer
energyplayer collected $23.52 from pot
energyplayer: doesn't show hand
*** SUMMARY ***
Total pot $24 | Rake $0.48
Board [Qs 8c Ts 3d]
Seat 1: energyplayer (big blind) collected ($23.52)
Seat 2: elifnur2008 (button) (small blind) folded on the Turn


PokerStars Hand #147453654787:  Hold'em Limit ($3/$6 USD) - 2016/01/21 19:14:53 ET
Table 'Shura' 2-max Seat #1 is the button
Seat 1: energyplayer ($38.95 in chips)
Seat 2: elifnur2008 ($121.75 in chips)
energyplayer: posts small blind $1
elifnur2008: posts big blind $3
*** HOLE CARDS ***
energyplayer: raises $3 to $6
elifnur2008: raises $3 to $9
energyplayer: calls $3
*** FLOP *** [7d 5h Ad]
elifnur2008: bets $3
energyplayer: calls $3
*** TURN *** [7d 5h Ad] [Kh]
elifnur2008: bets $6
energyplayer: calls $6
*** RIVER *** [7d 5h Ad Kh] [Kd]
elifnur2008: bets $6
energyplayer: folds
Uncalled bet ($6) returned to elifnur2008
elifnur2008 collected $35.50 from pot
elifnur2008: doesn't show hand
*** SUMMARY ***
Total pot $36 | Rake $0.50
Board [7d 5h Ad Kh Kd]
Seat 1: energyplayer (button) (small blind) folded on the River
Seat 2: elifnur2008 (big blind) collected ($35.50)


PokerStars Hand #147453650085:  Hold'em Limit ($3/$6 USD) - 2016/01/21 19:14:46 ET
Table 'Shura' 2-max Seat #2 is the button
Seat 1: energyplayer ($37.95 in chips)
Seat 2: elifnur2008 ($122.75 in chips)
elifnur2008: posts small blind $1
energyplayer: posts big blind $3
*** HOLE CARDS ***
elifnur2008: folds
Uncalled bet ($2) returned to energyplayer
energyplayer collected $2 from pot
energyplayer: doesn't show hand
*** SUMMARY ***
Total pot $2 | Rake $0
Seat 1: energyplayer (big blind) collected ($2)
Seat 2: elifnur2008 (button) (small blind) folded before Flop


PokerStars Hand #147453635462:  Hold'em Limit ($3/$6 USD) - 2016/01/21 19:14:25 ET
Table 'Shura' 2-max Seat #1 is the button
Seat 1: energyplayer ($38.20 in chips)
Seat 2: elifnur2008 ($123 in chips)
energyplayer: posts small blind $1
elifnur2008: posts big blind $3
*** HOLE CARDS ***
energyplayer: raises $3 to $6
elifnur2008: raises $3 to $9
energyplayer: calls $3
*** FLOP *** [4h 8s 6s]
elifnur2008: bets $3
energyplayer: calls $3
*** TURN *** [4h 8s 6s] [5c]
elifnur2008: checks
energyplayer: checks
*** RIVER *** [4h 8s 6s 5c] [7h]
elifnur2008: checks
energyplayer: bets $6
elifnur2008: calls $6
*** SHOW DOWN ***
energyplayer: shows [8c Th] (a straight, Four to Eight)
elifnur2008: shows [Jd Ad] (a straight, Four to Eight)
elifnur2008 collected $17.75 from pot
energyplayer collected $17.75 from pot
*** SUMMARY ***
Total pot $36 | Rake $0.50
Board [4h 8s 6s 5c 7h]
Seat 1: energyplayer (button) (small blind) showed [8c Th] and won ($17.75) with a straight, Four to Eight
Seat 2: elifnur2008 (big blind) showed [Jd Ad] and won ($17.75) with a straight, Four to Eight


PokerStars Hand #147453690960:  Hold'em Limit ($3/$6 USD) - 2016/01/21 19:15:44 ET
Table 'Shura' 2-max Seat #1 is the button
Seat 1: energyplayer ($28.47 in chips)
Seat 2: elifnur2008 ($131.25 in chips)
energyplayer: posts small blind $1
elifnur2008: posts big blind $3
*** HOLE CARDS ***
energyplayer: raises $3 to $6
elifnur2008: calls $3
*** FLOP *** [Qh Th 2d]
elifnur2008: checks
energyplayer: bets $3
elifnur2008: calls $3
*** TURN *** [Qh Th 2d] [6c]
elifnur2008: checks
energyplayer: bets $6
elifnur2008: raises $6 to $12
energyplayer: raises $6 to $18
elifnur2008: raises $6 to $24
Betting is capped
energyplayer: calls $1.47 and is all-in
Uncalled bet ($4.53) returned to elifnur2008
*** RIVER *** [Qh Th 2d 6c] [3d]
*** SHOW DOWN ***
elifnur2008: shows [6s Td] (two pair, Tens and Sixes)
energyplayer: shows [2h 7c] (a pair of Deuces)
elifnur2008 collected $56.44 from pot
*** SUMMARY ***
Total pot $56.94 | Rake $0.50
Board [Qh Th 2d 6c 3d]
Seat 1: energyplayer (button) (small blind) showed [2h 7c] and lost with a pair of Deuces
Seat 2: elifnur2008 (big blind) showed [6s Td] and won ($56.44) with two pair, Tens and Sixes


PokerStars Hand #147453686645:  Hold'em Limit ($3/$6 USD) - 2016/01/21 19:15:38 ET
Table 'Shura' 2-max Seat #2 is the button
Seat 1: energyplayer ($31.47 in chips)
Seat 2: elifnur2008 ($128.25 in chips)
elifnur2008: posts small blind $1
energyplayer: posts big blind $3
*** HOLE CARDS ***
elifnur2008: raises $3 to $6
energyplayer: folds
Uncalled bet ($3) returned to elifnur2008
elifnur2008 collected $6 from pot
elifnur2008: doesn't show hand
*** SUMMARY ***
Total pot $6 | Rake $0
Seat 1: energyplayer (big blind) folded before Flop
Seat 2: elifnur2008 (button) (small blind) collected ($6)


PokerStars Hand #147453681466:  Hold'em Limit ($3/$6 USD) - 2016/01/21 19:15:31 ET
Table 'Shura' 2-max Seat #1 is the button
Seat 1: energyplayer ($32.47 in chips)
Seat 2: elifnur2008 ($127.25 in chips)
energyplayer: posts small blind $1
elifnur2008: posts big blind $3
*** HOLE CARDS ***
energyplayer: folds
Uncalled bet ($2) returned to elifnur2008
elifnur2008 collected $2 from pot
elifnur2008: doesn't show hand
*** SUMMARY ***
Total pot $2 | Rake $0
Seat 1: energyplayer (button) (small blind) folded before Flop
Seat 2: elifnur2008 (big blind) collected ($2)


