PokerStars Hand #163767778748:  Hold'em Limit ($3/$6 USD) - 2016/12/30 10:03:36 ET
Table 'Shura' 6-max Seat #4 is the button
Seat 3: habari786 ($59 in chips)
Seat 4: AzureCaper ($73 in chips)
AzureCaper: posts small blind $1
habari786: posts big blind $3
*** HOLE CARDS ***
AzureCaper: folds
Uncalled bet ($2) returned to habari786
habari786 collected $2 from pot
habari786: doesn't show hand
*** SUMMARY ***
Total pot $2 | Rake $0
Seat 3: habari786 (big blind) collected ($2)
Seat 4: AzureCaper (button) (small blind) folded before Flop


PokerStars Hand #163767811661:  Hold'em Limit ($3/$6 USD) - 2016/12/30 10:04:22 ET
Table 'Shura' 6-max Seat #4 is the button
Seat 3: habari786 ($56 in chips)
Seat 4: AzureCaper ($75.76 in chips)
AzureCaper: posts small blind $1
habari786: posts big blind $3
*** HOLE CARDS ***
AzureCaper: folds
Uncalled bet ($2) returned to habari786
habari786 collected $2 from pot
habari786: doesn't show hand
*** SUMMARY ***
Total pot $2 | Rake $0
Seat 3: habari786 (big blind) collected ($2)
Seat 4: AzureCaper (button) (small blind) folded before Flop


PokerStars Hand #163767803830:  Hold'em Limit ($3/$6 USD) - 2016/12/30 10:04:11 ET
Table 'Shura' 6-max Seat #3 is the button
Seat 3: habari786 ($53 in chips)
Seat 4: AzureCaper ($78.76 in chips)
habari786: posts small blind $1
AzureCaper: posts big blind $3
*** HOLE CARDS ***
habari786: raises $3 to $6
AzureCaper: folds
Uncalled bet ($3) returned to habari786
habari786 collected $6 from pot
habari786: doesn't show hand
*** SUMMARY ***
Total pot $6 | Rake $0
Seat 3: habari786 (button) (small blind) collected ($6)
Seat 4: AzureCaper (big blind) folded before Flop


PokerStars Hand #163767786934:  Hold'em Limit ($3/$6 USD) - 2016/12/30 10:03:47 ET
Table 'Shura' 6-max Seat #4 is the button
Seat 3: habari786 ($59 in chips)
Seat 4: AzureCaper ($73 in chips)
AzureCaper: posts small blind $1
habari786: posts big blind $3
*** HOLE CARDS ***
AzureCaper: raises $3 to $6
habari786: calls $3
*** FLOP *** [9h Qd Qh]
habari786: checks
AzureCaper: bets $3
habari786: folds
Uncalled bet ($3) returned to AzureCaper
AzureCaper collected $11.76 from pot
AzureCaper: doesn't show hand
*** SUMMARY ***
Total pot $12 | Rake $0.24
Board [9h Qd Qh]
Seat 3: habari786 (big blind) folded on the Flop
Seat 4: AzureCaper (button) (small blind) collected ($11.76)


PokerStars Hand #163767783066:  Hold'em Limit ($3/$6 USD) - 2016/12/30 10:03:42 ET
Table 'Shura' 6-max Seat #3 is the button
Seat 3: habari786 ($60 in chips)
Seat 4: AzureCaper ($72 in chips)
habari786: posts small blind $1
AzureCaper: posts big blind $3
*** HOLE CARDS ***
habari786: folds
Uncalled bet ($2) returned to AzureCaper
AzureCaper collected $2 from pot
*** SUMMARY ***
Total pot $2 | Rake $0
Seat 3: habari786 (button) (small blind) folded before Flop
Seat 4: AzureCaper (big blind) collected ($2)


PokerStars Hand #163767854314:  Hold'em Limit ($3/$6 USD) - 2016/12/30 10:05:21 ET
Table 'Shura' 6-max Seat #4 is the button
Seat 3: habari786 ($23 in chips)
Seat 4: AzureCaper ($107.90 in chips)
AzureCaper: posts small blind $1
habari786: posts big blind $3
*** HOLE CARDS ***
AzureCaper: folds
Uncalled bet ($2) returned to habari786
habari786 collected $2 from pot
habari786: doesn't show hand
*** SUMMARY ***
Total pot $2 | Rake $0
Seat 3: habari786 (big blind) collected ($2)
Seat 4: AzureCaper (button) (small blind) folded before Flop


PokerStars Hand #163767850459:  Hold'em Limit ($3/$6 USD) - 2016/12/30 10:05:16 ET
Table 'Shura' 6-max Seat #3 is the button
Seat 3: habari786 ($24 in chips)
Seat 4: AzureCaper ($106.90 in chips)
habari786: posts small blind $1
AzureCaper: posts big blind $3
*** HOLE CARDS ***
habari786: folds
Uncalled bet ($2) returned to AzureCaper
AzureCaper collected $2 from pot
AzureCaper: doesn't show hand
*** SUMMARY ***
Total pot $2 | Rake $0
Seat 3: habari786 (button) (small blind) folded before Flop
Seat 4: AzureCaper (big blind) collected ($2)


PokerStars Hand #163767830740:  Hold'em Limit ($3/$6 USD) - 2016/12/30 10:04:48 ET
Table 'Shura' 6-max Seat #4 is the button
Seat 3: habari786 ($48 in chips)
Seat 4: AzureCaper ($83.40 in chips)
AzureCaper: posts small blind $1
habari786: posts big blind $3
*** HOLE CARDS ***
AzureCaper: raises $3 to $6
habari786: raises $3 to $9
AzureCaper: calls $3
*** FLOP *** [3s 2c 6s]
habari786: bets $3
AzureCaper: calls $3
*** TURN *** [3s 2c 6s] [9d]
habari786: bets $6
AzureCaper: calls $6
*** RIVER *** [3s 2c 6s 9d] [9s]
habari786: bets $6
AzureCaper: calls $6
*** SHOW DOWN ***
habari786: shows [Ah Tc] (a pair of Nines)
AzureCaper: shows [4c 4h] (two pair, Nines and Fours)
AzureCaper collected $47.50 from pot
*** SUMMARY ***
Total pot $48 | Rake $0.50
Board [3s 2c 6s 9d 9s]
Seat 3: habari786 (big blind) showed [Ah Tc] and lost with a pair of Nines
Seat 4: AzureCaper (button) (small blind) showed [4c 4h] and won ($47.50) with two pair, Nines and Fours


PokerStars Hand #163767819771:  Hold'em Limit ($3/$6 USD) - 2016/12/30 10:04:33 ET
Table 'Shura' 6-max Seat #3 is the button
Seat 3: habari786 ($57 in chips)
Seat 4: AzureCaper ($74.76 in chips)
habari786: posts small blind $1
AzureCaper: posts big blind $3
*** HOLE CARDS ***
habari786: raises $3 to $6
AzureCaper: calls $3
*** FLOP *** [Qd 4d 9s]
AzureCaper: checks
habari786: bets $3
AzureCaper: raises $3 to $6
habari786: folds
Uncalled bet ($3) returned to AzureCaper
AzureCaper collected $17.64 from pot
AzureCaper: doesn't show hand
*** SUMMARY ***
Total pot $18 | Rake $0.36
Board [Qd 4d 9s]
Seat 3: habari786 (button) (small blind) folded on the Flop
Seat 4: AzureCaper (big blind) collected ($17.64)


PokerStars Hand #163767859014:  Hold'em Limit ($3/$6 USD) - 2016/12/30 10:05:28 ET
Table 'Shura' 6-max Seat #3 is the button
Seat 3: habari786 ($24 in chips)
Seat 4: AzureCaper ($106.90 in chips)
habari786: posts small blind $1
SONCKG joins the table at seat #5
AzureCaper: posts big blind $3
*** HOLE CARDS ***
habari786: raises $3 to $6
AzureCaper: calls $3
*** FLOP *** [4s 3s 5d]
AzureCaper: checks
habari786: checks
*** TURN *** [4s 3s 5d] [5s]
AzureCaper: checks
habari786: checks
*** RIVER *** [4s 3s 5d 5s] [4d]
AzureCaper: bets $6
habari786: calls $6
*** SHOW DOWN ***
AzureCaper: shows [Ks 6s] (a flush, King high)
habari786: mucks hand
AzureCaper collected $23.52 from pot
*** SUMMARY ***
Total pot $24 | Rake $0.48
Board [4s 3s 5d 5s 4d]
Seat 3: habari786 (button) (small blind) mucked
Seat 4: AzureCaper (big blind) showed [Ks 6s] and won ($23.52) with a flush, King high


PokerStars Hand #163770986344:  Hold'em Limit ($3/$6 USD) - 2016/12/30 11:15:52 ET
Table 'Shura' 6-max Seat #2 is the button
Seat 2: fsreibnitz ($134.87 in chips)
Seat 6: karambakilla ($231.63 in chips)
fsreibnitz: posts small blind $1
karambakilla: posts big blind $3
*** HOLE CARDS ***
fsreibnitz: raises $3 to $6
karambakilla: calls $3
*** FLOP *** [2h Ah 8d]
karambakilla: checks
fsreibnitz: bets $3
karambakilla: raises $3 to $6
fsreibnitz: calls $3
*** TURN *** [2h Ah 8d] [5d]
karambakilla: bets $6
fsreibnitz: folds
Uncalled bet ($6) returned to karambakilla
karambakilla collected $23.52 from pot
karambakilla: doesn't show hand
*** SUMMARY ***
Total pot $24 | Rake $0.48
Board [2h Ah 8d 5d]
Seat 2: fsreibnitz (button) (small blind) folded on the Turn
Seat 6: karambakilla (big blind) collected ($23.52)


PokerStars Hand #163771003909:  Hold'em Limit ($3/$6 USD) - 2016/12/30 11:16:14 ET
Table 'Shura' 6-max Seat #6 is the button
Seat 2: fsreibnitz ($122.87 in chips)
Seat 6: karambakilla ($243.15 in chips)
karambakilla: posts small blind $1
fsreibnitz: posts big blind $3
*** HOLE CARDS ***
karambakilla: raises $3 to $6
fsreibnitz: calls $3
*** FLOP *** [7d 3d 2d]
fsreibnitz: checks
karambakilla: bets $3
fsreibnitz: calls $3
*** TURN *** [7d 3d 2d] [Qc]
fsreibnitz: checks
karambakilla: checks
*** RIVER *** [7d 3d 2d Qc] [9s]
fsreibnitz: bets $6
karambakilla: folds
Uncalled bet ($6) returned to fsreibnitz
fsreibnitz collected $17.64 from pot
*** SUMMARY ***
Total pot $18 | Rake $0.36
Board [7d 3d 2d Qc 9s]
Seat 2: fsreibnitz (big blind) collected ($17.64)
Seat 6: karambakilla (button) (small blind) folded on the River


PokerStars Hand #163771100770:  Hold'em Limit ($3/$6 USD) - 2016/12/30 11:18:19 ET
Table 'Shura' 6-max Seat #6 is the button
Seat 2: fsreibnitz ($172.77 in chips)
Seat 6: karambakilla ($207.15 in chips)
karambakilla: posts small blind $1
fsreibnitz: posts big blind $3
*** HOLE CARDS ***
karambakilla: folds
Uncalled bet ($2) returned to fsreibnitz
fsreibnitz collected $2 from pot
fsreibnitz: doesn't show hand
Zuzia-Stars leaves the table
*** SUMMARY ***
Total pot $2 | Rake $0
Seat 2: fsreibnitz (big blind) collected ($2)
Seat 6: karambakilla (button) (small blind) folded before Flop


PokerStars Hand #163771105150:  Hold'em Limit ($3/$6 USD) - 2016/12/30 11:18:25 ET
Table 'Shura' 6-max Seat #2 is the button
Seat 2: fsreibnitz ($173.77 in chips)
Seat 6: karambakilla ($206.15 in chips)
fsreibnitz: posts small blind $1
karambakilla: posts big blind $3
*** HOLE CARDS ***
fsreibnitz: folds
Uncalled bet ($2) returned to karambakilla
karambakilla collected $2 from pot
karambakilla: doesn't show hand
*** SUMMARY ***
Total pot $2 | Rake $0
Seat 2: fsreibnitz (button) (small blind) folded before Flop
Seat 6: karambakilla (big blind) collected ($2)


PokerStars Hand #163772267547:  Hold'em Limit ($3/$6 USD) - 2016/12/30 11:43:08 ET
Table 'Shura' 6-max Seat #3 is the button
Seat 3: RICVASCO777 ($119 in chips)
Seat 4: AzureCaper ($73.88 in chips)
RICVASCO777: posts small blind $1
AzureCaper: posts big blind $3
*** HOLE CARDS ***
RICVASCO777: folds
Uncalled bet ($2) returned to AzureCaper
AzureCaper collected $2 from pot
AzureCaper: doesn't show hand
*** SUMMARY ***
Total pot $2 | Rake $0
Seat 3: RICVASCO777 (button) (small blind) folded before Flop
Seat 4: AzureCaper (big blind) collected ($2)


PokerStars Hand #163772261602:  Hold'em Limit ($3/$6 USD) - 2016/12/30 11:43:01 ET
Table 'Shura' 6-max Seat #4 is the button
Seat 3: RICVASCO777 ($118 in chips)
Seat 4: AzureCaper ($74.88 in chips)
AzureCaper: posts small blind $1
RICVASCO777: posts big blind $3
*** HOLE CARDS ***
AzureCaper: folds
Uncalled bet ($2) returned to RICVASCO777
RICVASCO777 collected $2 from pot
*** SUMMARY ***
Total pot $2 | Rake $0
Seat 3: RICVASCO777 (big blind) collected ($2)
Seat 4: AzureCaper (button) (small blind) folded before Flop


PokerStars Hand #163772252696:  Hold'em Limit ($3/$6 USD) - 2016/12/30 11:42:49 ET
Table 'Shura' 6-max Seat #3 is the button
Seat 3: RICVASCO777 ($121 in chips)
Seat 4: AzureCaper ($72 in chips)
RICVASCO777: posts small blind $1
AzureCaper: posts big blind $3
*** HOLE CARDS ***
RICVASCO777: calls $2
AzureCaper: checks
*** FLOP *** [Kd 8c 2c]
AzureCaper: bets $3
RICVASCO777: folds
Uncalled bet ($3) returned to AzureCaper
AzureCaper collected $5.88 from pot
AzureCaper: doesn't show hand
*** SUMMARY ***
Total pot $6 | Rake $0.12
Board [Kd 8c 2c]
Seat 3: RICVASCO777 (button) (small blind) folded on the Flop
Seat 4: AzureCaper (big blind) collected ($5.88)


PokerStars Hand #163772248353:  Hold'em Limit ($3/$6 USD) - 2016/12/30 11:42:44 ET
Table 'Shura' 6-max Seat #4 is the button
Seat 3: RICVASCO777 ($120 in chips)
Seat 4: AzureCaper ($73 in chips)
AzureCaper: posts small blind $1
RICVASCO777: posts big blind $3
*** HOLE CARDS ***
AzureCaper: folds
Uncalled bet ($2) returned to RICVASCO777
RICVASCO777 collected $2 from pot
*** SUMMARY ***
Total pot $2 | Rake $0
Seat 3: RICVASCO777 (big blind) collected ($2)
Seat 4: AzureCaper (button) (small blind) folded before Flop


PokerStars Hand #163772243951:  Hold'em Limit ($3/$6 USD) - 2016/12/30 11:42:38 ET
Table 'Shura' 6-max Seat #3 is the button
Seat 3: RICVASCO777 ($121 in chips)
Seat 4: AzureCaper ($72 in chips)
RICVASCO777: posts small blind $1
AzureCaper: posts big blind $3
*** HOLE CARDS ***
RICVASCO777: folds
Uncalled bet ($2) returned to AzureCaper
AzureCaper collected $2 from pot
AzureCaper: doesn't show hand
*** SUMMARY ***
Total pot $2 | Rake $0
Seat 3: RICVASCO777 (button) (small blind) folded before Flop
Seat 4: AzureCaper (big blind) collected ($2)


PokerStars Hand #163772238602:  Hold'em Limit ($3/$6 USD) - 2016/12/30 11:42:32 ET
Table 'Shura' 6-max Seat #4 is the button
Seat 3: RICVASCO777 ($120 in chips)
Seat 4: AzureCaper ($72 in chips)
AzureCaper: posts small blind $1
RICVASCO777: posts big blind $3
*** HOLE CARDS ***
AzureCaper: folds
Uncalled bet ($2) returned to RICVASCO777
RICVASCO777 collected $2 from pot
*** SUMMARY ***
Total pot $2 | Rake $0
Seat 3: RICVASCO777 (big blind) collected ($2)
Seat 4: AzureCaper (button) (small blind) folded before Flop


PokerStars Hand #163772294381:  Hold'em Limit ($3/$6 USD) - 2016/12/30 11:43:42 ET
Table 'Shura' 6-max Seat #3 is the button
Seat 3: RICVASCO777 ($97 in chips)
Seat 4: AzureCaper ($95.38 in chips)
RICVASCO777: posts small blind $1
AzureCaper: posts big blind $3
*** HOLE CARDS ***
RICVASCO777: raises $3 to $6
AzureCaper: folds
Uncalled bet ($3) returned to RICVASCO777
RICVASCO777 collected $6 from pot
*** SUMMARY ***
Total pot $6 | Rake $0
Seat 3: RICVASCO777 (button) (small blind) collected ($6)
Seat 4: AzureCaper (big blind) folded before Flop


PokerStars Hand #163772271719:  Hold'em Limit ($3/$6 USD) - 2016/12/30 11:43:14 ET
Table 'Shura' 6-max Seat #4 is the button
Seat 3: RICVASCO777 ($118 in chips)
Seat 4: AzureCaper ($74.88 in chips)
AzureCaper: posts small blind $1
RICVASCO777: posts big blind $3
*** HOLE CARDS ***
AzureCaper: raises $3 to $6
RICVASCO777: raises $3 to $9
AzureCaper: raises $3 to $12
Betting is capped
RICVASCO777: calls $3
*** FLOP *** [Js As Ah]
karambakilla joins the table at seat #5
RICVASCO777: checks
AzureCaper: bets $3
RICVASCO777: calls $3
*** TURN *** [Js As Ah] [6h]
RICVASCO777: checks
AzureCaper: bets $6
RICVASCO777: calls $6
*** RIVER *** [Js As Ah 6h] [5s]
RICVASCO777: checks
AzureCaper: bets $6
cbarnes joins the table at seat #6
RICVASCO777: folds
Uncalled bet ($6) returned to AzureCaper
AzureCaper collected $41.50 from pot
AzureCaper: doesn't show hand
*** SUMMARY ***
Total pot $42 | Rake $0.50
Board [Js As Ah 6h 5s]
Seat 3: RICVASCO777 (big blind) folded on the River
Seat 4: AzureCaper (button) (small blind) collected ($41.50)


PokerStars Hand #163776706183:  Hold'em Limit ($3/$6 USD) - 2016/12/30 13:11:56 ET
Table 'Shura' 6-max Seat #2 is the button
Seat 2: craaa ($99.76 in chips)
Seat 6: habari786 ($75 in chips)
craaa: posts small blind $1
habari786: posts big blind $3
*** HOLE CARDS ***
craaa: raises $3 to $6
habari786: folds
Uncalled bet ($3) returned to craaa
craaa collected $6 from pot
*** SUMMARY ***
Total pot $6 | Rake $0
Seat 2: craaa (button) (small blind) collected ($6)
Seat 6: habari786 (big blind) folded before Flop


PokerStars Hand #163776701921:  Hold'em Limit ($3/$6 USD) - 2016/12/30 13:11:52 ET
Table 'Shura' 6-max Seat #6 is the button
Seat 2: craaa ($98.76 in chips)
Seat 6: habari786 ($76 in chips)
habari786: posts small blind $1
craaa: posts big blind $3
*** HOLE CARDS ***
habari786: folds
Uncalled bet ($2) returned to craaa
craaa collected $2 from pot
craaa: doesn't show hand
*** SUMMARY ***
Total pot $2 | Rake $0
Seat 2: craaa (big blind) collected ($2)
Seat 6: habari786 (button) (small blind) folded before Flop


PokerStars Hand #163776696314:  Hold'em Limit ($3/$6 USD) - 2016/12/30 13:11:45 ET
Table 'Shura' 6-max Seat #2 is the button
Seat 2: craaa ($95.76 in chips)
Seat 6: habari786 ($79 in chips)
craaa: posts small blind $1
habari786: posts big blind $3
*** HOLE CARDS ***
craaa: raises $3 to $6
habari786: folds
Uncalled bet ($3) returned to craaa
craaa collected $6 from pot
craaa: doesn't show hand
*** SUMMARY ***
Total pot $6 | Rake $0
Seat 2: craaa (button) (small blind) collected ($6)
Seat 6: habari786 (big blind) folded before Flop


PokerStars Hand #163776684013:  Hold'em Limit ($3/$6 USD) - 2016/12/30 13:11:32 ET
Table 'Shura' 6-max Seat #6 is the button
Seat 2: craaa ($101.76 in chips)
Seat 6: habari786 ($73.24 in chips)
habari786: posts small blind $1
craaa: posts big blind $3
*** HOLE CARDS ***
habari786: raises $3 to $6
craaa: calls $3
*** FLOP *** [5d 2d 3s]
craaa: checks
habari786: bets $3
craaa: folds
Uncalled bet ($3) returned to habari786
habari786 collected $11.76 from pot
habari786: doesn't show hand
*** SUMMARY ***
Total pot $12 | Rake $0.24
Board [5d 2d 3s]
Seat 2: craaa (big blind) folded on the Flop
Seat 6: habari786 (button) (small blind) collected ($11.76)


PokerStars Hand #163776764166:  Hold'em Limit ($3/$6 USD) - 2016/12/30 13:13:02 ET
Table 'Shura' 6-max Seat #6 is the button
Seat 2: craaa ($111.52 in chips)
Seat 6: habari786 ($63 in chips)
habari786: posts small blind $1
craaa: posts big blind $3
*** HOLE CARDS ***
habari786: raises $3 to $6
craaa: calls $3
*** FLOP *** [6c 8h Th]
craaa: checks
habari786: bets $3
craaa: folds
Uncalled bet ($3) returned to habari786
habari786 collected $11.76 from pot
habari786: doesn't show hand
*** SUMMARY ***
Total pot $12 | Rake $0.24
Board [6c 8h Th]
Seat 2: craaa (big blind) folded on the Flop
Seat 6: habari786 (button) (small blind) collected ($11.76)


PokerStars Hand #163776750080:  Hold'em Limit ($3/$6 USD) - 2016/12/30 13:12:46 ET
Table 'Shura' 6-max Seat #2 is the button
Seat 2: craaa ($108.52 in chips)
Seat 6: habari786 ($66 in chips)
craaa: posts small blind $1
habari786: posts big blind $3
*** HOLE CARDS ***
craaa: raises $3 to $6
habari786: folds
Uncalled bet ($3) returned to craaa
craaa collected $6 from pot
craaa: doesn't show hand
*** SUMMARY ***
Total pot $6 | Rake $0
Seat 2: craaa (button) (small blind) collected ($6)
Seat 6: habari786 (big blind) folded before Flop


PokerStars Hand #163776718113:  Hold'em Limit ($3/$6 USD) - 2016/12/30 13:12:10 ET
Table 'Shura' 6-max Seat #6 is the button
Seat 2: craaa ($102.76 in chips)
Seat 6: habari786 ($72 in chips)
habari786: posts small blind $1
craaa: posts big blind $3
*** HOLE CARDS ***
habari786: raises $3 to $6
craaa: calls $3
*** FLOP *** [8s Qd 2c]
craaa: checks
habari786: checks
*** TURN *** [8s Qd 2c] [5c]
craaa: bets $6
habari786: folds
Uncalled bet ($6) returned to craaa
craaa collected $11.76 from pot
craaa: doesn't show hand
*** SUMMARY ***
Total pot $12 | Rake $0.24
Board [8s Qd 2c 5c]
Seat 2: craaa (big blind) collected ($11.76)
Seat 6: habari786 (button) (small blind) folded on the Turn


PokerStars Hand #163776790438:  Hold'em Limit ($3/$6 USD) - 2016/12/30 13:13:31 ET
Table 'Shura' 6-max Seat #6 is the button
Seat 2: craaa ($108.52 in chips)
Seat 6: habari786 ($65.76 in chips)
habari786: posts small blind $1
craaa: posts big blind $3
*** HOLE CARDS ***
habari786: raises $3 to $6
craaa: calls $3
*** FLOP *** [7c Jc Ad]
craaa: checks
habari786: bets $3
craaa: raises $3 to $6
habari786: calls $3
*** TURN *** [7c Jc Ad] [7s]
craaa: bets $6
habari786: calls $6
*** RIVER *** [7c Jc Ad 7s] [9h]
craaa: bets $6
habari786: calls $6
*** SHOW DOWN ***
craaa: shows [Tc Ah] (two pair, Aces and Sevens)
habari786: mucks hand
craaa collected $47.50 from pot
*** SUMMARY ***
Total pot $48 | Rake $0.50
Board [7c Jc Ad 7s 9h]
Seat 2: craaa (big blind) showed [Tc Ah] and won ($47.50) with two pair, Aces and Sevens
Seat 6: habari786 (button) (small blind) mucked


PokerStars Hand #163776785372:  Hold'em Limit ($3/$6 USD) - 2016/12/30 13:13:26 ET
Table 'Shura' 6-max Seat #2 is the button
Seat 2: craaa ($105.52 in chips)
Seat 6: habari786 ($68.76 in chips)
craaa: posts small blind $1
habari786: posts big blind $3
*** HOLE CARDS ***
craaa: raises $3 to $6
habari786: folds
Uncalled bet ($3) returned to craaa
craaa collected $6 from pot
craaa: doesn't show hand
*** SUMMARY ***
Total pot $6 | Rake $0
Seat 2: craaa (button) (small blind) collected ($6)
Seat 6: habari786 (big blind) folded before Flop


PokerStars Hand #163776818406:  Hold'em Limit ($3/$6 USD) - 2016/12/30 13:14:02 ET
Table 'Shura' 6-max Seat #2 is the button
Seat 2: craaa ($132.02 in chips)
Seat 6: habari786 ($41.76 in chips)
craaa: posts small blind $1
habari786: posts big blind $3
*** HOLE CARDS ***
craaa: raises $3 to $6
habari786: raises $3 to $9
craaa: calls $3
*** FLOP *** [4h 5s Td]
habari786: bets $3
craaa: calls $3
*** TURN *** [4h 5s Td] [9c]
habari786: bets $6
craaa: calls $6
*** RIVER *** [4h 5s Td 9c] [2d]
habari786: bets $6
craaa: calls $6
*** SHOW DOWN ***
habari786: shows [8d 6d] (high card Ten)
craaa: shows [7h Ad] (high card Ace)
craaa collected $47.50 from pot
*** SUMMARY ***
Total pot $48 | Rake $0.50
Board [4h 5s Td 9c 2d]
Seat 2: craaa (button) (small blind) showed [7h Ad] and won ($47.50) with high card Ace
Seat 6: habari786 (big blind) showed [8d 6d] and lost with high card Ten


