PokerStars Hand #148464271941:  Hold'em Limit ($3/$6 USD) - 2016/02/08 15:04:35 ET
Table 'Siarnaq' 6-max Seat #2 is the button
Seat 2: killerfurbel ($259.15 in chips)
Seat 5: AzureCaper ($86.92 in chips)
Paulllchen will be allowed to play after the button
killerfurbel: posts small blind $1
Zubasa07: is sitting out
AzureCaper: posts big blind $3
*** HOLE CARDS ***
killerfurbel: raises $3 to $6
AzureCaper: raises $3 to $9
killerfurbel: calls $3
*** FLOP *** [4h Js Jh]
AzureCaper: bets $3
killerfurbel: calls $3
*** TURN *** [4h Js Jh] [4d]
Zubasa07 leaves the table
AzureCaper: checks
killerfurbel: bets $6
AzureCaper: calls $6
*** RIVER *** [4h Js Jh 4d] [3c]
AzureCaper: checks
killerfurbel: checks
*** SHOW DOWN ***
AzureCaper: shows [Ac Qc] (two pair, Jacks and Fours)
killerfurbel: shows [Ah 2s] (two pair, Jacks and Fours)
AzureCaper collected $17.75 from pot
killerfurbel collected $17.75 from pot
*** SUMMARY ***
Total pot $36 | Rake $0.50
Board [4h Js Jh 4d 3c]
Seat 2: killerfurbel (button) (small blind) showed [Ah 2s] and won ($17.75) with two pair, Jacks and Fours
Seat 5: AzureCaper (big blind) showed [Ac Qc] and won ($17.75) with two pair, Jacks and Fours


PokerStars Hand #148465765483:  Hold'em Limit ($3/$6 USD) - 2016/02/08 15:26:52 ET
Table 'Siarnaq' 6-max Seat #3 is the button
Seat 3: partyalex92 ($98 in chips)
Seat 4: AzureCaper ($93.50 in chips)
partyalex92: posts small blind $1
AzureCaper: posts big blind $3
*** HOLE CARDS ***
partyalex92: calls $2
AzureCaper: checks
*** FLOP *** [3c 9h Ts]
AzureCaper: checks
partyalex92: checks
*** TURN *** [3c 9h Ts] [Kd]
Zubasa07 joins the table at seat #5
AzureCaper: checks
partyalex92: bets $6
AzureCaper: folds
Uncalled bet ($6) returned to partyalex92
partyalex92 collected $5.88 from pot
*** SUMMARY ***
Total pot $6 | Rake $0.12
Board [3c 9h Ts Kd]
Seat 3: partyalex92 (button) (small blind) collected ($5.88)
Seat 4: AzureCaper (big blind) folded on the Turn


PokerStars Hand #148465743530:  Hold'em Limit ($3/$6 USD) - 2016/02/08 15:26:33 ET
Table 'Siarnaq' 6-max Seat #4 is the button
Seat 3: partyalex92 ($119 in chips)
Seat 4: AzureCaper ($73 in chips)
AzureCaper: posts small blind $1
partyalex92: posts big blind $3
*** HOLE CARDS ***
AzureCaper: raises $3 to $6
partyalex92: calls $3
*** FLOP *** [9c Qc 6d]
partyalex92: bets $3
AzureCaper: calls $3
*** TURN *** [9c Qc 6d] [6h]
partyalex92: bets $6
AzureCaper: calls $6
*** RIVER *** [9c Qc 6d 6h] [Qd]
partyalex92: checks
AzureCaper: bets $6
partyalex92: calls $6
*** SHOW DOWN ***
AzureCaper: shows [3h Qh] (a full house, Queens full of Sixes)
partyalex92: mucks hand
AzureCaper collected $41.50 from pot
*** SUMMARY ***
Total pot $42 | Rake $0.50
Board [9c Qc 6d 6h Qd]
Seat 3: partyalex92 (big blind) mucked
Seat 4: AzureCaper (button) (small blind) showed [3h Qh] and won ($41.50) with a full house, Queens full of Sixes


PokerStars Hand #148466009220:  Hold'em Limit ($3/$6 USD) - 2016/02/08 15:30:33 ET
Table 'Siarnaq' 6-max Seat #6 is the button
Seat 1: ValeryRon ($84 in chips)
Seat 6: HAOYUN88888 ($97.42 in chips)
HAOYUN88888: posts small blind $1
ValeryRon: posts big blind $3
*** HOLE CARDS ***
HAOYUN88888: folds
Uncalled bet ($2) returned to ValeryRon
ValeryRon collected $2 from pot
*** SUMMARY ***
Total pot $2 | Rake $0
Seat 1: ValeryRon (big blind) collected ($2)
Seat 6: HAOYUN88888 (button) (small blind) folded before Flop


PokerStars Hand #148465983572:  Hold'em Limit ($3/$6 USD) - 2016/02/08 15:30:09 ET
Table 'Siarnaq' 6-max Seat #1 is the button
Seat 1: ValeryRon ($108 in chips)
Seat 6: HAOYUN88888 ($73.92 in chips)
ValeryRon: posts small blind $1
Zubasa07: is sitting out
HAOYUN88888: posts big blind $3
*** HOLE CARDS ***
ValeryRon: raises $3 to $6
HAOYUN88888: calls $3
*** FLOP *** [Jc 5d Th]
Zubasa07 leaves the table
HAOYUN88888: checks
ValeryRon: bets $3
HAOYUN88888: raises $3 to $6
ValeryRon: calls $3
*** TURN *** [Jc 5d Th] [6s]
HAOYUN88888: bets $6
ValeryRon: calls $6
*** RIVER *** [Jc 5d Th 6s] [4s]
iisafari joins the table at seat #3
HAOYUN88888: bets $6
ValeryRon: calls $6
*** SHOW DOWN ***
HAOYUN88888: shows [Js 8c] (a pair of Jacks)
ValeryRon: mucks hand
HAOYUN88888 collected $47.50 from pot
*** SUMMARY ***
Total pot $48 | Rake $0.50
Board [Jc 5d Th 6s 4s]
Seat 1: ValeryRon (button) (small blind) mucked
Seat 6: HAOYUN88888 (big blind) showed [Js 8c] and won ($47.50) with a pair of Jacks


