PokerStars Hand #148480443813:  Hold'em Limit ($3/$6 USD) - 2016/02/08 20:00:41 ET
Table 'Siarnaq' 6-max Seat #4 is the button
Seat 1: TinaTurner72 ($197.83 in chips)
Seat 4: kismespit ($178.77 in chips)
kismespit: posts small blind $1
TinaTurner72: posts big blind $3
*** HOLE CARDS ***
kismespit: folds
Uncalled bet ($2) returned to TinaTurner72
TinaTurner72 collected $2 from pot
TinaTurner72: doesn't show hand
*** SUMMARY ***
Total pot $2 | Rake $0
Seat 1: TinaTurner72 (big blind) collected ($2)
Seat 4: kismespit (button) (small blind) folded before Flop


PokerStars Hand #148480440421:  Hold'em Limit ($3/$6 USD) - 2016/02/08 20:00:34 ET
Table 'Siarnaq' 6-max Seat #1 is the button
Seat 1: TinaTurner72 ($194.83 in chips)
Seat 4: kismespit ($181.77 in chips)
TinaTurner72: posts small blind $1
ToDaFelt: is sitting out
kismespit: posts big blind $3
*** HOLE CARDS ***
ToDaFelt leaves the table
TinaTurner72: raises $3 to $6
kismespit: folds
Uncalled bet ($3) returned to TinaTurner72
TinaTurner72 collected $6 from pot
TinaTurner72: doesn't show hand
*** SUMMARY ***
Total pot $6 | Rake $0
Seat 1: TinaTurner72 (button) (small blind) collected ($6)
Seat 4: kismespit (big blind) folded before Flop


PokerStars Hand #148480479397:  Hold'em Limit ($3/$6 USD) - 2016/02/08 20:01:47 ET
Table 'Siarnaq' 6-max Seat #1 is the button
Seat 1: TinaTurner72 ($182.59 in chips)
Seat 4: kismespit ($193.27 in chips)
TinaTurner72: posts small blind $1
kismespit: posts big blind $3
*** HOLE CARDS ***
TinaTurner72: raises $3 to $6
kismespit: calls $3
*** FLOP *** [5c Kd 8c]
kismespit: checks
TinaTurner72: bets $3
kismespit: raises $3 to $6
TinaTurner72: calls $3
*** TURN *** [5c Kd 8c] [7c]
kismespit: checks
TinaTurner72: checks
*** RIVER *** [5c Kd 8c 7c] [3h]
kismespit: checks
TinaTurner72: checks
*** SHOW DOWN ***
kismespit: shows [4s Ad] (high card Ace)
TinaTurner72: mucks hand
kismespit collected $23.52 from pot
*** SUMMARY ***
Total pot $24 | Rake $0.48
Board [5c Kd 8c 7c 3h]
Seat 1: TinaTurner72 (button) (small blind) mucked
Seat 4: kismespit (big blind) showed [4s Ad] and won ($23.52) with high card Ace


PokerStars Hand #148480476844:  Hold'em Limit ($3/$6 USD) - 2016/02/08 20:01:42 ET
Table 'Siarnaq' 6-max Seat #4 is the button
Seat 1: TinaTurner72 ($181.59 in chips)
Seat 4: kismespit ($194.27 in chips)
kismespit: posts small blind $1
TinaTurner72: posts big blind $3
*** HOLE CARDS ***
kismespit: folds
Uncalled bet ($2) returned to TinaTurner72
TinaTurner72 collected $2 from pot
TinaTurner72: doesn't show hand
*** SUMMARY ***
Total pot $2 | Rake $0
Seat 1: TinaTurner72 (big blind) collected ($2)
Seat 4: kismespit (button) (small blind) folded before Flop


PokerStars Hand #148480469310:  Hold'em Limit ($3/$6 USD) - 2016/02/08 20:01:28 ET
Table 'Siarnaq' 6-max Seat #1 is the button
Seat 1: TinaTurner72 ($175.83 in chips)
Seat 4: kismespit ($200.27 in chips)
TinaTurner72: posts small blind $1
kismespit: posts big blind $3
*** HOLE CARDS ***
TinaTurner72: raises $3 to $6
kismespit: calls $3
*** FLOP *** [Qc 7s 4h]
kismespit: checks
TinaTurner72: bets $3
kismespit: folds
Uncalled bet ($3) returned to TinaTurner72
TinaTurner72 collected $11.76 from pot
TinaTurner72: doesn't show hand
*** SUMMARY ***
Total pot $12 | Rake $0.24
Board [Qc 7s 4h]
Seat 1: TinaTurner72 (button) (small blind) collected ($11.76)
Seat 4: kismespit (big blind) folded on the Flop


PokerStars Hand #148480467090:  Hold'em Limit ($3/$6 USD) - 2016/02/08 20:01:24 ET
Table 'Siarnaq' 6-max Seat #4 is the button
Seat 1: TinaTurner72 ($174.83 in chips)
Seat 4: kismespit ($201.27 in chips)
kismespit: posts small blind $1
TinaTurner72: posts big blind $3
*** HOLE CARDS ***
kismespit: folds
Uncalled bet ($2) returned to TinaTurner72
TinaTurner72 collected $2 from pot
TinaTurner72: doesn't show hand
*** SUMMARY ***
Total pot $2 | Rake $0
Seat 1: TinaTurner72 (big blind) collected ($2)
Seat 4: kismespit (button) (small blind) folded before Flop


PokerStars Hand #148480446951:  Hold'em Limit ($3/$6 USD) - 2016/02/08 20:00:47 ET
Table 'Siarnaq' 6-max Seat #1 is the button
Seat 1: TinaTurner72 ($198.83 in chips)
Seat 4: kismespit ($177.77 in chips)
TinaTurner72: posts small blind $1
kismespit: posts big blind $3
*** HOLE CARDS ***
TinaTurner72: raises $3 to $6
kismespit: raises $3 to $9
TinaTurner72: calls $3
*** FLOP *** [8s Th 8h]
kismespit: bets $3
TinaTurner72: calls $3
*** TURN *** [8s Th 8h] [7s]
kismespit: bets $6
TinaTurner72: calls $6
*** RIVER *** [8s Th 8h 7s] [2d]
kismespit: bets $6
TinaTurner72: calls $6
*** SHOW DOWN ***
kismespit: shows [9d 9s] (two pair, Nines and Eights)
TinaTurner72: mucks hand
kismespit collected $47.50 from pot
*** SUMMARY ***
Total pot $48 | Rake $0.50
Board [8s Th 8h 7s 2d]
Seat 1: TinaTurner72 (button) (small blind) mucked
Seat 4: kismespit (big blind) showed [9d 9s] and won ($47.50) with two pair, Nines and Eights


PokerStars Hand #148480505745:  Hold'em Limit ($3/$6 USD) - 2016/02/08 20:02:33 ET
Table 'Siarnaq' 6-max Seat #1 is the button
Seat 1: TinaTurner72 ($182.11 in chips)
Seat 4: kismespit ($192.79 in chips)
TinaTurner72: posts small blind $1
kismespit: posts big blind $3
*** HOLE CARDS ***
TinaTurner72: folds
Uncalled bet ($2) returned to kismespit
kismespit collected $2 from pot
kismespit: doesn't show hand
*** SUMMARY ***
Total pot $2 | Rake $0
Seat 1: TinaTurner72 (button) (small blind) folded before Flop
Seat 4: kismespit (big blind) collected ($2)


PokerStars Hand #148480491443:  Hold'em Limit ($3/$6 USD) - 2016/02/08 20:02:08 ET
Table 'Siarnaq' 6-max Seat #4 is the button
Seat 1: TinaTurner72 ($170.59 in chips)
Seat 4: kismespit ($204.79 in chips)
kismespit: posts small blind $1
TinaTurner72: posts big blind $3
*** HOLE CARDS ***
kismespit: raises $3 to $6
TinaTurner72: raises $3 to $9
kismespit: calls $3
*** FLOP *** [7c Kc 8c]
TinaTurner72: bets $3
kismespit: calls $3
*** TURN *** [7c Kc 8c] [Qs]
TinaTurner72: checks
kismespit: checks
*** RIVER *** [7c Kc 8c Qs] [Td]
TinaTurner72: checks
kismespit: checks
*** SHOW DOWN ***
TinaTurner72: shows [9h Ah] (high card Ace)
kismespit: mucks hand
TinaTurner72 collected $23.52 from pot
*** SUMMARY ***
Total pot $24 | Rake $0.48
Board [7c Kc 8c Qs Td]
Seat 1: TinaTurner72 (big blind) showed [9h Ah] and won ($23.52) with high card Ace
Seat 4: kismespit (button) (small blind) mucked


PokerStars Hand #148480520554:  Hold'em Limit ($3/$6 USD) - 2016/02/08 20:02:59 ET
Table 'Siarnaq' 6-max Seat #4 is the button
Seat 1: TinaTurner72 ($189.87 in chips)
Seat 4: kismespit ($184.79 in chips)
kismespit: posts small blind $1
TinaTurner72: posts big blind $3
*** HOLE CARDS ***
kismespit: raises $3 to $6
TinaTurner72: calls $3
*** FLOP *** [Kh 4d Jc]
TinaTurner72: checks
kismespit: bets $3
TinaTurner72: folds
Uncalled bet ($3) returned to kismespit
kismespit collected $11.76 from pot
*** SUMMARY ***
Total pot $12 | Rake $0.24
Board [Kh 4d Jc]
Seat 1: TinaTurner72 (big blind) folded on the Flop
Seat 4: kismespit (button) (small blind) collected ($11.76)


PokerStars Hand #148480509461:  Hold'em Limit ($3/$6 USD) - 2016/02/08 20:02:40 ET
Table 'Siarnaq' 6-max Seat #4 is the button
Seat 1: TinaTurner72 ($181.11 in chips)
Seat 4: kismespit ($193.79 in chips)
kismespit: posts small blind $1
TinaTurner72: posts big blind $3
*** HOLE CARDS ***
kismespit: raises $3 to $6
TinaTurner72: calls $3
*** FLOP *** [Js 4c Qd]
TinaTurner72: checks
kismespit: checks
*** TURN *** [Js 4c Qd] [6s]
love_mmm leaves the table
TinaTurner72: checks
kismespit: checks
*** RIVER *** [Js 4c Qd 6s] [2h]
TinaTurner72: bets $6
kismespit: folds
Uncalled bet ($6) returned to TinaTurner72
TinaTurner72 collected $11.76 from pot
TinaTurner72: doesn't show hand
*** SUMMARY ***
Total pot $12 | Rake $0.24
Board [Js 4c Qd 6s 2h]
Seat 1: TinaTurner72 (big blind) collected ($11.76)
Seat 4: kismespit (button) (small blind) folded on the River


PokerStars Hand #148480551473:  Hold'em Limit ($3/$6 USD) - 2016/02/08 20:03:53 ET
Table 'Siarnaq' 6-max Seat #1 is the button
Seat 1: TinaTurner72 ($211.37 in chips)
Seat 4: kismespit ($162.55 in chips)
TinaTurner72: posts small blind $1
kismespit: posts big blind $3
*** HOLE CARDS ***
TinaTurner72: raises $3 to $6
kismespit: calls $3
*** FLOP *** [Qh 7c 8h]
kismespit: checks
TinaTurner72: checks
*** TURN *** [Qh 7c 8h] [3d]
kismespit: bets $6
TinaTurner72: calls $6
*** RIVER *** [Qh 7c 8h 3d] [Th]
kismespit: bets $6
TinaTurner72: folds
Uncalled bet ($6) returned to kismespit
kismespit collected $23.52 from pot
*** SUMMARY ***
Total pot $24 | Rake $0.48
Board [Qh 7c 8h 3d Th]
Seat 1: TinaTurner72 (button) (small blind) folded on the River
Seat 4: kismespit (big blind) collected ($23.52)


PokerStars Hand #148480548975:  Hold'em Limit ($3/$6 USD) - 2016/02/08 20:03:49 ET
Table 'Siarnaq' 6-max Seat #4 is the button
Seat 1: TinaTurner72 ($210.37 in chips)
Seat 4: kismespit ($163.55 in chips)
kismespit: posts small blind $1
TinaTurner72: posts big blind $3
*** HOLE CARDS ***
kismespit: folds
Uncalled bet ($2) returned to TinaTurner72
TinaTurner72 collected $2 from pot
TinaTurner72: doesn't show hand
*** SUMMARY ***
Total pot $2 | Rake $0
Seat 1: TinaTurner72 (big blind) collected ($2)
Seat 4: kismespit (button) (small blind) folded before Flop


PokerStars Hand #148480527700:  Hold'em Limit ($3/$6 USD) - 2016/02/08 20:03:12 ET
Table 'Siarnaq' 6-max Seat #1 is the button
Seat 1: TinaTurner72 ($183.87 in chips)
Seat 4: kismespit ($190.55 in chips)
TinaTurner72: posts small blind $1
kismespit: posts big blind $3
*** HOLE CARDS ***
TinaTurner72: raises $3 to $6
kismespit: calls $3
*** FLOP *** [4h 7s 7c]
kismespit: checks
TinaTurner72: bets $3
kismespit: raises $3 to $6
TinaTurner72: raises $3 to $9
kismespit: calls $3
*** TURN *** [4h 7s 7c] [8h]
kismespit: checks
TinaTurner72: bets $6
kismespit: calls $6
*** RIVER *** [4h 7s 7c 8h] [Js]
kismespit: checks
TinaTurner72: bets $6
kismespit: calls $6
*** SHOW DOWN ***
TinaTurner72: shows [7d 8c] (a full house, Sevens full of Eights)
kismespit: mucks hand
TinaTurner72 collected $53.50 from pot
*** SUMMARY ***
Total pot $54 | Rake $0.50
Board [4h 7s 7c 8h Js]
Seat 1: TinaTurner72 (button) (small blind) showed [7d 8c] and won ($53.50) with a full house, Sevens full of Eights
Seat 4: kismespit (big blind) mucked


PokerStars Hand #148480593409:  Hold'em Limit ($3/$6 USD) - 2016/02/08 20:05:05 ET
Table 'Siarnaq' 6-max Seat #4 is the button
Seat 1: TinaTurner72 ($196.13 in chips)
Seat 4: kismespit ($176.59 in chips)
kismespit: posts small blind $1
TinaTurner72: posts big blind $3
*** HOLE CARDS ***
kismespit: raises $3 to $6
TinaTurner72: calls $3
*** FLOP *** [4h Ad 9c]
TinaTurner72: checks
kismespit: bets $3
TinaTurner72: folds
Uncalled bet ($3) returned to kismespit
kismespit collected $11.76 from pot
*** SUMMARY ***
Total pot $12 | Rake $0.24
Board [4h Ad 9c]
Seat 1: TinaTurner72 (big blind) folded on the Flop
Seat 4: kismespit (button) (small blind) collected ($11.76)


PokerStars Hand #148480584782:  Hold'em Limit ($3/$6 USD) - 2016/02/08 20:04:50 ET
Table 'Siarnaq' 6-max Seat #1 is the button
Seat 1: TinaTurner72 ($190.37 in chips)
Seat 4: kismespit ($182.59 in chips)
TinaTurner72: posts small blind $1
kismespit: posts big blind $3
*** HOLE CARDS ***
TinaTurner72: raises $3 to $6
kismespit: calls $3
*** FLOP *** [7d 9s 5d]
kismespit: checks
TinaTurner72: bets $3
kismespit: folds
Uncalled bet ($3) returned to TinaTurner72
TinaTurner72 collected $11.76 from pot
TinaTurner72: doesn't show hand
*** SUMMARY ***
Total pot $12 | Rake $0.24
Board [7d 9s 5d]
Seat 1: TinaTurner72 (button) (small blind) collected ($11.76)
Seat 4: kismespit (big blind) folded on the Flop


PokerStars Hand #148480577625:  Hold'em Limit ($3/$6 USD) - 2016/02/08 20:04:38 ET
Table 'Siarnaq' 6-max Seat #4 is the button
Seat 1: TinaTurner72 ($196.37 in chips)
Seat 4: kismespit ($176.83 in chips)
kismespit: posts small blind $1
TinaTurner72: posts big blind $3
*** HOLE CARDS ***
kismespit: raises $3 to $6
TinaTurner72: calls $3
*** FLOP *** [Tc Ks Kd]
TinaTurner72: checks
kismespit: bets $3
TinaTurner72: folds
Uncalled bet ($3) returned to kismespit
kismespit collected $11.76 from pot
*** SUMMARY ***
Total pot $12 | Rake $0.24
Board [Tc Ks Kd]
Seat 1: TinaTurner72 (big blind) folded on the Flop
Seat 4: kismespit (button) (small blind) collected ($11.76)


PokerStars Hand #148480564333:  Hold'em Limit ($3/$6 USD) - 2016/02/08 20:04:15 ET
Table 'Siarnaq' 6-max Seat #4 is the button
Seat 1: TinaTurner72 ($199.37 in chips)
Seat 4: kismespit ($174.07 in chips)
kismespit: posts small blind $1
TinaTurner72: posts big blind $3
*** HOLE CARDS ***
kismespit: raises $3 to $6
TinaTurner72: calls $3
*** FLOP *** [5d Kc 8d]
TinaTurner72: checks
kismespit: checks
*** TURN *** [5d Kc 8d] [3h]
TinaTurner72: checks
kismespit: checks
*** RIVER *** [5d Kc 8d 3h] [Qc]
TinaTurner72: checks
kismespit: checks
*** SHOW DOWN ***
TinaTurner72: shows [7h 4c] (high card King)
kismespit: shows [Tc Jh] (high card King - Queen+Jack kicker)
kismespit collected $11.76 from pot
*** SUMMARY ***
Total pot $12 | Rake $0.24
Board [5d Kc 8d 3h Qc]
Seat 1: TinaTurner72 (big blind) showed [7h 4c] and lost with high card King
Seat 4: kismespit (button) (small blind) showed [Tc Jh] and won ($11.76) with high card King


PokerStars Hand #148480615670:  Hold'em Limit ($3/$6 USD) - 2016/02/08 20:05:44 ET
Table 'Siarnaq' 6-max Seat #4 is the button
Seat 1: TinaTurner72 ($202.77 in chips)
Seat 4: kismespit ($169.35 in chips)
kismespit: posts small blind $1
TinaTurner72: posts big blind $3
*** HOLE CARDS ***
kismespit: folds
Uncalled bet ($2) returned to TinaTurner72
TinaTurner72 collected $2 from pot
TinaTurner72: doesn't show hand
*** SUMMARY ***
Total pot $2 | Rake $0
Seat 1: TinaTurner72 (big blind) collected ($2)
Seat 4: kismespit (button) (small blind) folded before Flop


PokerStars Hand #148480603940:  Hold'em Limit ($3/$6 USD) - 2016/02/08 20:05:23 ET
Table 'Siarnaq' 6-max Seat #4 is the button
Seat 1: TinaTurner72 ($193.13 in chips)
Seat 4: kismespit ($179.35 in chips)
kismespit: posts small blind $1
TinaTurner72: posts big blind $3
*** HOLE CARDS ***
kismespit: folds
Uncalled bet ($2) returned to TinaTurner72
TinaTurner72 collected $2 from pot
TinaTurner72: doesn't show hand
*** SUMMARY ***
Total pot $2 | Rake $0
Seat 1: TinaTurner72 (big blind) collected ($2)
Seat 4: kismespit (button) (small blind) folded before Flop


PokerStars Hand #148480600427:  Hold'em Limit ($3/$6 USD) - 2016/02/08 20:05:17 ET
Table 'Siarnaq' 6-max Seat #1 is the button
Seat 1: TinaTurner72 ($190.13 in chips)
Seat 4: kismespit ($182.35 in chips)
TinaTurner72: posts small blind $1
kismespit: posts big blind $3
*** HOLE CARDS ***
TinaTurner72: raises $3 to $6
kismespit: folds
Uncalled bet ($3) returned to TinaTurner72
TinaTurner72 collected $6 from pot
TinaTurner72: doesn't show hand
*** SUMMARY ***
Total pot $6 | Rake $0
Seat 1: TinaTurner72 (button) (small blind) collected ($6)
Seat 4: kismespit (big blind) folded before Flop


PokerStars Hand #148480606432:  Hold'em Limit ($3/$6 USD) - 2016/02/08 20:05:28 ET
Table 'Siarnaq' 6-max Seat #1 is the button
Seat 1: TinaTurner72 ($194.13 in chips)
Seat 4: kismespit ($178.35 in chips)
TinaTurner72: posts small blind $1
kismespit: posts big blind $3
*** HOLE CARDS ***
TinaTurner72: raises $3 to $6
kismespit: calls $3
*** FLOP *** [Jc 7c 7d]
kismespit: checks
TinaTurner72: bets $3
kismespit: calls $3
*** TURN *** [Jc 7c 7d] [Ah]
kismespit: checks
TinaTurner72: bets $6
kismespit: folds
Uncalled bet ($6) returned to TinaTurner72
TinaTurner72 collected $17.64 from pot
TinaTurner72: doesn't show hand
*** SUMMARY ***
Total pot $18 | Rake $0.36
Board [Jc 7c 7d Ah]
Seat 1: TinaTurner72 (button) (small blind) collected ($17.64)
Seat 4: kismespit (big blind) folded on the Turn


PokerStars Hand #148480637617:  Hold'em Limit ($3/$6 USD) - 2016/02/08 20:06:22 ET
Table 'Siarnaq' 6-max Seat #4 is the button
Seat 1: TinaTurner72 ($230.27 in chips)
Seat 4: kismespit ($141.35 in chips)
kismespit: posts small blind $1
TinaTurner72: posts big blind $3
*** HOLE CARDS ***
kismespit: folds
Uncalled bet ($2) returned to TinaTurner72
TinaTurner72 collected $2 from pot
TinaTurner72: doesn't show hand
*** SUMMARY ***
Total pot $2 | Rake $0
Seat 1: TinaTurner72 (big blind) collected ($2)
Seat 4: kismespit (button) (small blind) folded before Flop


PokerStars Hand #148480619830:  Hold'em Limit ($3/$6 USD) - 2016/02/08 20:05:51 ET
Table 'Siarnaq' 6-max Seat #1 is the button
Seat 1: TinaTurner72 ($203.77 in chips)
Seat 4: kismespit ($168.35 in chips)
TinaTurner72: posts small blind $1
kismespit: posts big blind $3
*** HOLE CARDS ***
TinaTurner72: raises $3 to $6
kismespit: raises $3 to $9
TinaTurner72: raises $3 to $12
Betting is capped
kismespit: calls $3
*** FLOP *** [Tc Qh Qc]
kismespit: bets $3
TinaTurner72: calls $3
*** TURN *** [Tc Qh Qc] [3c]
kismespit: bets $6
TinaTurner72: calls $6
*** RIVER *** [Tc Qh Qc 3c] [Kh]
kismespit: bets $6
TinaTurner72: calls $6
*** SHOW DOWN ***
kismespit: shows [Th Jh] (two pair, Queens and Tens)
TinaTurner72: shows [Ks Ad] (two pair, Kings and Queens)
TinaTurner72 collected $53.50 from pot
*** SUMMARY ***
Total pot $54 | Rake $0.50
Board [Tc Qh Qc 3c Kh]
Seat 1: TinaTurner72 (button) (small blind) showed [Ks Ad] and won ($53.50) with two pair, Kings and Queens
Seat 4: kismespit (big blind) showed [Th Jh] and lost with two pair, Queens and Tens


PokerStars Hand #148480640014:  Hold'em Limit ($3/$6 USD) - 2016/02/08 20:06:26 ET
Table 'Siarnaq' 6-max Seat #1 is the button
Seat 1: TinaTurner72 ($231.27 in chips)
Seat 4: kismespit ($140.35 in chips)
TinaTurner72: posts small blind $1
kismespit: posts big blind $3
*** HOLE CARDS ***
TinaTurner72: folds
Uncalled bet ($2) returned to kismespit
mo-chicky joins the table at seat #6
kismespit collected $2 from pot
*** SUMMARY ***
Total pot $2 | Rake $0
Seat 1: TinaTurner72 (button) (small blind) folded before Flop
Seat 4: kismespit (big blind) collected ($2)


PokerStars Hand #148480690333:  Hold'em Limit ($3/$6 USD) - 2016/02/08 20:07:54 ET
Table 'Siarnaq' 6-max Seat #1 is the button
Seat 1: TinaTurner72 ($191.27 in chips)
Seat 4: kismespit ($149.85 in chips)
TinaTurner72: posts small blind $1
kismespit: posts big blind $3
*** HOLE CARDS ***
TinaTurner72: folds
Uncalled bet ($2) returned to kismespit
kismespit collected $2 from pot
*** SUMMARY ***
Total pot $2 | Rake $0
Seat 1: TinaTurner72 (button) (small blind) folded before Flop
Seat 4: kismespit (big blind) collected ($2)


PokerStars Hand #148480674904:  Hold'em Limit ($3/$6 USD) - 2016/02/08 20:07:27 ET
Table 'Siarnaq' 6-max Seat #4 is the button
Seat 1: TinaTurner72 ($212.27 in chips)
Seat 4: kismespit ($129.35 in chips)
kismespit: posts small blind $1
TinaTurner72: posts big blind $3
*** HOLE CARDS ***
kismespit: raises $3 to $6
TinaTurner72: calls $3
*** FLOP *** [4c Tc 7d]
TinaTurner72: checks
kismespit: bets $3
TinaTurner72: calls $3
*** TURN *** [4c Tc 7d] [4d]
TinaTurner72: checks
kismespit: bets $6
TinaTurner72: calls $6
*** RIVER *** [4c Tc 7d 4d] [7h]
TinaTurner72: checks
kismespit: bets $6
TinaTurner72: calls $6
*** SHOW DOWN ***
kismespit: shows [Ks Ts] (two pair, Tens and Sevens)
TinaTurner72: mucks hand
kismespit collected $41.50 from pot
*** SUMMARY ***
Total pot $42 | Rake $0.50
Board [4c Tc 7d 4d 7h]
Seat 1: TinaTurner72 (big blind) mucked
Seat 4: kismespit (button) (small blind) showed [Ks Ts] and won ($41.50) with two pair, Tens and Sevens


PokerStars Hand #148480723178:  Hold'em Limit ($3/$6 USD) - 2016/02/08 20:08:52 ET
Table 'Siarnaq' 6-max Seat #4 is the button
Seat 1: TinaTurner72 ($142.27 in chips)
Seat 4: kismespit ($197.87 in chips)
kismespit: posts small blind $1
TinaTurner72: posts big blind $3
*** HOLE CARDS ***
kismespit: folds
Uncalled bet ($2) returned to TinaTurner72
TinaTurner72 collected $2 from pot
TinaTurner72: doesn't show hand
*** SUMMARY ***
Total pot $2 | Rake $0
Seat 1: TinaTurner72 (big blind) collected ($2)
Seat 4: kismespit (button) (small blind) folded before Flop


PokerStars Hand #148480709471:  Hold'em Limit ($3/$6 USD) - 2016/02/08 20:08:27 ET
Table 'Siarnaq' 6-max Seat #1 is the button
Seat 1: TinaTurner72 ($154.27 in chips)
Seat 4: kismespit ($186.35 in chips)
TinaTurner72: posts small blind $1
kismespit: posts big blind $3
*** HOLE CARDS ***
TinaTurner72: raises $3 to $6
kismespit: calls $3
*** FLOP *** [3s Td 5c]
kismespit: checks
TinaTurner72: checks
*** TURN *** [3s Td 5c] [4d]
kismespit: bets $6
TinaTurner72: calls $6
*** RIVER *** [3s Td 5c 4d] [6c]
kismespit: bets $6
TinaTurner72: folds
Uncalled bet ($6) returned to kismespit
kismespit collected $23.52 from pot
*** SUMMARY ***
Total pot $24 | Rake $0.48
Board [3s Td 5c 4d 6c]
Seat 1: TinaTurner72 (button) (small blind) folded on the River
Seat 4: kismespit (big blind) collected ($23.52)


PokerStars Hand #148480695088:  Hold'em Limit ($3/$6 USD) - 2016/02/08 20:08:02 ET
Table 'Siarnaq' 6-max Seat #4 is the button
Seat 1: TinaTurner72 ($190.27 in chips)
Seat 4: kismespit ($150.85 in chips)
kismespit: posts small blind $1
TinaTurner72: posts big blind $3
*** HOLE CARDS ***
mo-chicky leaves the table
kismespit: raises $3 to $6
TinaTurner72: raises $3 to $9
kismespit: calls $3
*** FLOP *** [7h 3h 6s]
TinaTurner72: bets $3
kismespit: calls $3
*** TURN *** [7h 3h 6s] [8s]
TinaTurner72: bets $6
kismespit: raises $6 to $12
TinaTurner72: calls $6
*** RIVER *** [7h 3h 6s 8s] [2h]
TinaTurner72: checks
kismespit: bets $6
TinaTurner72: raises $6 to $12
kismespit: calls $6
*** SHOW DOWN ***
TinaTurner72: shows [Qd Qc] (a pair of Queens)
kismespit: shows [9c Th] (a straight, Six to Ten)
kismespit collected $71.50 from pot
*** SUMMARY ***
Total pot $72 | Rake $0.50
Board [7h 3h 6s 8s 2h]
Seat 1: TinaTurner72 (big blind) showed [Qd Qc] and lost with a pair of Queens
Seat 4: kismespit (button) (small blind) showed [9c Th] and won ($71.50) with a straight, Six to Ten


PokerStars Hand #148480725927:  Hold'em Limit ($3/$6 USD) - 2016/02/08 20:08:56 ET
Table 'Siarnaq' 6-max Seat #1 is the button
Seat 1: TinaTurner72 ($143.27 in chips)
Seat 4: kismespit ($196.87 in chips)
TinaTurner72: posts small blind $1
kismespit: posts big blind $3
*** HOLE CARDS ***
TinaTurner72: raises $3 to $6
kismespit: calls $3
*** FLOP *** [Kh 5h Th]
kismespit: checks
TinaTurner72: bets $3
kismespit: calls $3
*** TURN *** [Kh 5h Th] [Kc]
kismespit: checks
TinaTurner72: bets $6
kismespit: calls $6
*** RIVER *** [Kh 5h Th Kc] [4s]
kismespit: bets $6
TinaTurner72: raises $6 to $12
kismespit: calls $6
*** SHOW DOWN ***
TinaTurner72: shows [4h 2h] (a flush, King high)
kismespit: mucks hand
TinaTurner72 collected $53.50 from pot
*** SUMMARY ***
Total pot $54 | Rake $0.50
Board [Kh 5h Th Kc 4s]
Seat 1: TinaTurner72 (button) (small blind) showed [4h 2h] and won ($53.50) with a flush, King high
Seat 4: kismespit (big blind) mucked


PokerStars Hand #148480742313:  Hold'em Limit ($3/$6 USD) - 2016/02/08 20:09:25 ET
Table 'Siarnaq' 6-max Seat #4 is the button
Seat 1: TinaTurner72 ($169.77 in chips)
Seat 4: kismespit ($169.87 in chips)
kismespit: posts small blind $1
TinaTurner72: posts big blind $3
*** HOLE CARDS ***
kismespit: raises $3 to $6
TinaTurner72: folds
Uncalled bet ($3) returned to kismespit
kismespit collected $6 from pot
*** SUMMARY ***
Total pot $6 | Rake $0
Seat 1: TinaTurner72 (big blind) folded before Flop
Seat 4: kismespit (button) (small blind) collected ($6)


PokerStars Hand #148480759496:  Hold'em Limit ($3/$6 USD) - 2016/02/08 20:09:55 ET
Table 'Siarnaq' 6-max Seat #1 is the button
Seat 1: TinaTurner72 ($173.53 in chips)
Seat 4: kismespit ($165.87 in chips)
TinaTurner72: posts small blind $1
kismespit: posts big blind $3
*** HOLE CARDS ***
TinaTurner72: folds
Uncalled bet ($2) returned to kismespit
kismespit collected $2 from pot
*** SUMMARY ***
Total pot $2 | Rake $0
Seat 1: TinaTurner72 (button) (small blind) folded before Flop
Seat 4: kismespit (big blind) collected ($2)


PokerStars Hand #148480756054:  Hold'em Limit ($3/$6 USD) - 2016/02/08 20:09:49 ET
Table 'Siarnaq' 6-max Seat #4 is the button
Seat 1: TinaTurner72 ($172.53 in chips)
Seat 4: kismespit ($166.87 in chips)
kismespit: posts small blind $1
TinaTurner72: posts big blind $3
*** HOLE CARDS ***
kismespit: folds
Uncalled bet ($2) returned to TinaTurner72
TinaTurner72 collected $2 from pot
TinaTurner72: doesn't show hand
*** SUMMARY ***
Total pot $2 | Rake $0
Seat 1: TinaTurner72 (big blind) collected ($2)
Seat 4: kismespit (button) (small blind) folded before Flop


PokerStars Hand #148480746589:  Hold'em Limit ($3/$6 USD) - 2016/02/08 20:09:33 ET
Table 'Siarnaq' 6-max Seat #1 is the button
Seat 1: TinaTurner72 ($166.77 in chips)
Seat 4: kismespit ($172.87 in chips)
TinaTurner72: posts small blind $1
kismespit: posts big blind $3
*** HOLE CARDS ***
TinaTurner72: raises $3 to $6
kismespit: calls $3
*** FLOP *** [8c 7c 7d]
kismespit: checks
TinaTurner72: checks
*** TURN *** [8c 7c 7d] [Jd]
kismespit: checks
TinaTurner72: bets $6
kismespit: folds
Uncalled bet ($6) returned to TinaTurner72
TinaTurner72 collected $11.76 from pot
TinaTurner72: doesn't show hand
*** SUMMARY ***
Total pot $12 | Rake $0.24
Board [8c 7c 7d Jd]
Seat 1: TinaTurner72 (button) (small blind) collected ($11.76)
Seat 4: kismespit (big blind) folded on the Turn


PokerStars Hand #148480792197:  Hold'em Limit ($3/$6 USD) - 2016/02/08 20:10:54 ET
Table 'Siarnaq' 6-max Seat #4 is the button
Seat 1: TinaTurner72 ($184.03 in chips)
Seat 4: kismespit ($154.63 in chips)
kismespit: posts small blind $1
TinaTurner72: posts big blind $3
*** HOLE CARDS ***
kismespit: folds
Uncalled bet ($2) returned to TinaTurner72
TinaTurner72 collected $2 from pot
TinaTurner72: doesn't show hand
*** SUMMARY ***
Total pot $2 | Rake $0
Seat 1: TinaTurner72 (big blind) collected ($2)
Seat 4: kismespit (button) (small blind) folded before Flop


PokerStars Hand #148480782612:  Hold'em Limit ($3/$6 USD) - 2016/02/08 20:10:37 ET
Table 'Siarnaq' 6-max Seat #1 is the button
Seat 1: TinaTurner72 ($190.03 in chips)
Seat 4: kismespit ($148.87 in chips)
TinaTurner72: posts small blind $1
kismespit: posts big blind $3
*** HOLE CARDS ***
TinaTurner72: raises $3 to $6
kismespit: calls $3
*** FLOP *** [4s 5c 8d]
kismespit: checks
TinaTurner72: checks
*** TURN *** [4s 5c 8d] [Ts]
kismespit: bets $6
TinaTurner72: folds
Uncalled bet ($6) returned to kismespit
kismespit collected $11.76 from pot
*** SUMMARY ***
Total pot $12 | Rake $0.24
Board [4s 5c 8d Ts]
Seat 1: TinaTurner72 (button) (small blind) folded on the Turn
Seat 4: kismespit (big blind) collected ($11.76)


PokerStars Hand #148480778162:  Hold'em Limit ($3/$6 USD) - 2016/02/08 20:10:29 ET
Table 'Siarnaq' 6-max Seat #4 is the button
Seat 1: TinaTurner72 ($193.03 in chips)
Seat 4: kismespit ($145.87 in chips)
kismespit: posts small blind $1
TinaTurner72: posts big blind $3
*** HOLE CARDS ***
kismespit: raises $3 to $6
TinaTurner72: folds
Uncalled bet ($3) returned to kismespit
kismespit collected $6 from pot
kismespit: doesn't show hand
*** SUMMARY ***
Total pot $6 | Rake $0
Seat 1: TinaTurner72 (big blind) folded before Flop
Seat 4: kismespit (button) (small blind) collected ($6)


PokerStars Hand #148480775318:  Hold'em Limit ($3/$6 USD) - 2016/02/08 20:10:24 ET
Table 'Siarnaq' 6-max Seat #1 is the button
Seat 1: TinaTurner72 ($190.03 in chips)
Seat 4: kismespit ($148.87 in chips)
TinaTurner72: posts small blind $1
kismespit: posts big blind $3
*** HOLE CARDS ***
TinaTurner72: raises $3 to $6
kismespit: folds
Uncalled bet ($3) returned to TinaTurner72
TinaTurner72 collected $6 from pot
TinaTurner72: doesn't show hand
*** SUMMARY ***
Total pot $6 | Rake $0
Seat 1: TinaTurner72 (button) (small blind) collected ($6)
Seat 4: kismespit (big blind) folded before Flop


PokerStars Hand #148480762091:  Hold'em Limit ($3/$6 USD) - 2016/02/08 20:10:00 ET
Table 'Siarnaq' 6-max Seat #4 is the button
Seat 1: TinaTurner72 ($172.53 in chips)
Seat 4: kismespit ($166.87 in chips)
kismespit: posts small blind $1
TinaTurner72: posts big blind $3
*** HOLE CARDS ***
kismespit: raises $3 to $6
TinaTurner72: raises $3 to $9
kismespit: calls $3
*** FLOP *** [Kc Tc 5d]
TinaTurner72: bets $3
kismespit: calls $3
*** TURN *** [Kc Tc 5d] [4s]
TinaTurner72: bets $6
kismespit: calls $6
*** RIVER *** [Kc Tc 5d 4s] [Jc]
TinaTurner72: checks
kismespit: checks
*** SHOW DOWN ***
TinaTurner72: shows [8s 8h] (a pair of Eights)
kismespit: mucks hand
TinaTurner72 collected $35.50 from pot
*** SUMMARY ***
Total pot $36 | Rake $0.50
Board [Kc Tc 5d 4s Jc]
Seat 1: TinaTurner72 (big blind) showed [8s 8h] and won ($35.50) with a pair of Eights
Seat 4: kismespit (button) (small blind) mucked


PokerStars Hand #148480817397:  Hold'em Limit ($3/$6 USD) - 2016/02/08 20:11:40 ET
Table 'Siarnaq' 6-max Seat #4 is the button
Seat 1: TinaTurner72 ($173.03 in chips)
Seat 4: kismespit ($165.15 in chips)
kismespit: posts small blind $1
TinaTurner72: posts big blind $3
*** HOLE CARDS ***
kismespit: raises $3 to $6
TinaTurner72: calls $3
*** FLOP *** [7s 5d 5c]
TinaTurner72: checks
kismespit: checks
*** TURN *** [7s 5d 5c] [2d]
TinaTurner72: bets $6
kismespit: folds
Uncalled bet ($6) returned to TinaTurner72
TinaTurner72 collected $11.76 from pot
TinaTurner72: doesn't show hand
*** SUMMARY ***
Total pot $12 | Rake $0.24
Board [7s 5d 5c 2d]
Seat 1: TinaTurner72 (big blind) collected ($11.76)
Seat 4: kismespit (button) (small blind) folded on the Turn


PokerStars Hand #148480795418:  Hold'em Limit ($3/$6 USD) - 2016/02/08 20:11:00 ET
Table 'Siarnaq' 6-max Seat #1 is the button
Seat 1: TinaTurner72 ($185.03 in chips)
Seat 4: kismespit ($153.63 in chips)
TinaTurner72: posts small blind $1
kismespit: posts big blind $3
*** HOLE CARDS ***
TinaTurner72: raises $3 to $6
kismespit: calls $3
*** FLOP *** [6s 3h 8d]
kismespit: checks
TinaTurner72: checks
*** TURN *** [6s 3h 8d] [Tc]
kismespit: bets $6
TinaTurner72: calls $6
*** RIVER *** [6s 3h 8d Tc] [3s]
kismespit: bets $6
TinaTurner72: folds
Uncalled bet ($6) returned to kismespit
kismespit collected $23.52 from pot
*** SUMMARY ***
Total pot $24 | Rake $0.48
Board [6s 3h 8d Tc 3s]
Seat 1: TinaTurner72 (button) (small blind) folded on the River
Seat 4: kismespit (big blind) collected ($23.52)


PokerStars Hand #148480828965:  Hold'em Limit ($3/$6 USD) - 2016/02/08 20:12:00 ET
Table 'Siarnaq' 6-max Seat #1 is the button
Seat 1: TinaTurner72 ($178.79 in chips)
Seat 4: kismespit ($159.15 in chips)
TinaTurner72: posts small blind $1
kismespit: posts big blind $3
*** HOLE CARDS ***
TinaTurner72: raises $3 to $6
kismespit: calls $3
*** FLOP *** [7h 2d 5d]
kismespit: bets $3
TinaTurner72: folds
Uncalled bet ($3) returned to kismespit
kismespit collected $11.76 from pot
kismespit: doesn't show hand
*** SUMMARY ***
Total pot $12 | Rake $0.24
Board [7h 2d 5d]
Seat 1: TinaTurner72 (button) (small blind) folded on the Flop
Seat 4: kismespit (big blind) collected ($11.76)


PokerStars Hand #148480865008:  Hold'em Limit ($3/$6 USD) - 2016/02/08 20:13:05 ET
Table 'Siarnaq' 6-max Seat #4 is the button
Seat 1: TinaTurner72 ($152.79 in chips)
Seat 4: kismespit ($184.41 in chips)
kismespit: posts small blind $1
TinaTurner72: posts big blind $3
*** HOLE CARDS ***
kismespit: folds
Uncalled bet ($2) returned to TinaTurner72
TinaTurner72 collected $2 from pot
TinaTurner72: doesn't show hand
*** SUMMARY ***
Total pot $2 | Rake $0
Seat 1: TinaTurner72 (big blind) collected ($2)
Seat 4: kismespit (button) (small blind) folded before Flop


PokerStars Hand #148480843164:  Hold'em Limit ($3/$6 USD) - 2016/02/08 20:12:26 ET
Table 'Siarnaq' 6-max Seat #1 is the button
Seat 1: TinaTurner72 ($173.79 in chips)
Seat 4: kismespit ($163.91 in chips)
TinaTurner72: posts small blind $1
kismespit: posts big blind $3
*** HOLE CARDS ***
TinaTurner72: raises $3 to $6
kismespit: calls $3
*** FLOP *** [Qc 6c Ah]
kismespit: bets $3
TinaTurner72: calls $3
*** TURN *** [Qc 6c Ah] [Ad]
kismespit: bets $6
TinaTurner72: calls $6
*** RIVER *** [Qc 6c Ah Ad] [5c]
kismespit: bets $6
TinaTurner72: calls $6
*** SHOW DOWN ***
kismespit: shows [As 5s] (a full house, Aces full of Fives)
TinaTurner72: mucks hand
kismespit collected $41.50 from pot
*** SUMMARY ***
Total pot $42 | Rake $0.50
Board [Qc 6c Ah Ad 5c]
Seat 1: TinaTurner72 (button) (small blind) mucked
Seat 4: kismespit (big blind) showed [As 5s] and won ($41.50) with a full house, Aces full of Fives


PokerStars Hand #148480840733:  Hold'em Limit ($3/$6 USD) - 2016/02/08 20:12:22 ET
Table 'Siarnaq' 6-max Seat #4 is the button
Seat 1: TinaTurner72 ($172.79 in chips)
Seat 4: kismespit ($164.91 in chips)
kismespit: posts small blind $1
TinaTurner72: posts big blind $3
*** HOLE CARDS ***
kismespit: folds
Uncalled bet ($2) returned to TinaTurner72
TinaTurner72 collected $2 from pot
TinaTurner72: doesn't show hand
*** SUMMARY ***
Total pot $2 | Rake $0
Seat 1: TinaTurner72 (big blind) collected ($2)
Seat 4: kismespit (button) (small blind) folded before Flop


PokerStars Hand #148480869192:  Hold'em Limit ($3/$6 USD) - 2016/02/08 20:13:12 ET
Table 'Siarnaq' 6-max Seat #1 is the button
Seat 1: TinaTurner72 ($153.79 in chips)
Seat 4: kismespit ($183.41 in chips)
TinaTurner72: posts small blind $1
kismespit: posts big blind $3
*** HOLE CARDS ***
TinaTurner72: raises $3 to $6
kismespit: folds
Uncalled bet ($3) returned to TinaTurner72
TinaTurner72 collected $6 from pot
TinaTurner72: doesn't show hand
*** SUMMARY ***
Total pot $6 | Rake $0
Seat 1: TinaTurner72 (button) (small blind) collected ($6)
Seat 4: kismespit (big blind) folded before Flop


PokerStars Hand #148480885797:  Hold'em Limit ($3/$6 USD) - 2016/02/08 20:13:42 ET
Table 'Siarnaq' 6-max Seat #4 is the button
Seat 1: TinaTurner72 ($148.79 in chips)
Seat 4: kismespit ($188.05 in chips)
kismespit: posts small blind $1
TinaTurner72: posts big blind $3
*** HOLE CARDS ***
kismespit: folds
Uncalled bet ($2) returned to TinaTurner72
TinaTurner72 collected $2 from pot
TinaTurner72: doesn't show hand
*** SUMMARY ***
Total pot $2 | Rake $0
Seat 1: TinaTurner72 (big blind) collected ($2)
Seat 4: kismespit (button) (small blind) folded before Flop


PokerStars Hand #148480876478:  Hold'em Limit ($3/$6 USD) - 2016/02/08 20:13:25 ET
Table 'Siarnaq' 6-max Seat #1 is the button
Seat 1: TinaTurner72 ($157.79 in chips)
Seat 4: kismespit ($179.41 in chips)
TinaTurner72: posts small blind $1
kismespit: posts big blind $3
*** HOLE CARDS ***
TinaTurner72: raises $3 to $6
kismespit: raises $3 to $9
TinaTurner72: calls $3
*** FLOP *** [Qd 2h 6d]
kismespit: bets $3
TinaTurner72: folds
Uncalled bet ($3) returned to kismespit
kismespit collected $17.64 from pot
*** SUMMARY ***
Total pot $18 | Rake $0.36
Board [Qd 2h 6d]
Seat 1: TinaTurner72 (button) (small blind) folded on the Flop
Seat 4: kismespit (big blind) collected ($17.64)


PokerStars Hand #148480872164:  Hold'em Limit ($3/$6 USD) - 2016/02/08 20:13:18 ET
Table 'Siarnaq' 6-max Seat #4 is the button
Seat 1: TinaTurner72 ($156.79 in chips)
Seat 4: kismespit ($180.41 in chips)
kismespit: posts small blind $1
TinaTurner72: posts big blind $3
*** HOLE CARDS ***
kismespit: folds
Uncalled bet ($2) returned to TinaTurner72
TinaTurner72 collected $2 from pot
TinaTurner72: doesn't show hand
*** SUMMARY ***
Total pot $2 | Rake $0
Seat 1: TinaTurner72 (big blind) collected ($2)
Seat 4: kismespit (button) (small blind) folded before Flop


PokerStars Hand #148480919657:  Hold'em Limit ($3/$6 USD) - 2016/02/08 20:14:43 ET
Table 'Siarnaq' 6-max Seat #4 is the button
Seat 1: TinaTurner72 ($168.29 in chips)
Seat 4: kismespit ($168.05 in chips)
kismespit: posts small blind $1
TinaTurner72: posts big blind $3
*** HOLE CARDS ***
kismespit: raises $3 to $6
TinaTurner72: calls $3
*** FLOP *** [7c 6d Td]
TinaTurner72: checks
kismespit: bets $3
TinaTurner72: raises $3 to $6
kismespit: calls $3
*** TURN *** [7c 6d Td] [5h]
TinaTurner72: bets $6
kismespit: calls $6
*** RIVER *** [7c 6d Td 5h] [Ks]
TinaTurner72: bets $6
kismespit: folds
Uncalled bet ($6) returned to TinaTurner72
TinaTurner72 collected $35.50 from pot
TinaTurner72: doesn't show hand
*** SUMMARY ***
Total pot $36 | Rake $0.50
Board [7c 6d Td 5h Ks]
Seat 1: TinaTurner72 (big blind) collected ($35.50)
Seat 4: kismespit (button) (small blind) folded on the River


PokerStars Hand #148480888399:  Hold'em Limit ($3/$6 USD) - 2016/02/08 20:13:47 ET
Table 'Siarnaq' 6-max Seat #1 is the button
Seat 1: TinaTurner72 ($149.79 in chips)
Seat 4: kismespit ($187.05 in chips)
TinaTurner72: posts small blind $1
kismespit: posts big blind $3
*** HOLE CARDS ***
TinaTurner72: raises $3 to $6
kismespit: calls $3
*** FLOP *** [2d 3s 5c]
kismespit: checks
TinaTurner72: bets $3
kismespit: calls $3
*** TURN *** [2d 3s 5c] [Th]
kismespit: checks
TinaTurner72: checks
*** RIVER *** [2d 3s 5c Th] [6d]
kismespit: bets $6
TinaTurner72: calls $6
*** SHOW DOWN ***
kismespit: shows [7d Qd] (high card Queen)
TinaTurner72: shows [6c Kh] (a pair of Sixes)
TinaTurner72 collected $29.50 from pot
*** SUMMARY ***
Total pot $30 | Rake $0.50
Board [2d 3s 5c Th 6d]
Seat 1: TinaTurner72 (button) (small blind) showed [6c Kh] and won ($29.50) with a pair of Sixes
Seat 4: kismespit (big blind) showed [7d Qd] and lost with high card Queen


PokerStars Hand #148480911375:  Hold'em Limit ($3/$6 USD) - 2016/02/08 20:14:29 ET
Table 'Siarnaq' 6-max Seat #4 is the button
Seat 1: TinaTurner72 ($164.29 in chips)
Seat 4: kismespit ($172.05 in chips)
kismespit: posts small blind $1
TinaTurner72: posts big blind $3
*** HOLE CARDS ***
kismespit: folds
Uncalled bet ($2) returned to TinaTurner72
TinaTurner72 collected $2 from pot
TinaTurner72: doesn't show hand
*** SUMMARY ***
Total pot $2 | Rake $0
Seat 1: TinaTurner72 (big blind) collected ($2)
Seat 4: kismespit (button) (small blind) folded before Flop


PokerStars Hand #148480915823:  Hold'em Limit ($3/$6 USD) - 2016/02/08 20:14:37 ET
Table 'Siarnaq' 6-max Seat #1 is the button
Seat 1: TinaTurner72 ($165.29 in chips)
Seat 4: kismespit ($171.05 in chips)
TinaTurner72: posts small blind $1
kismespit: posts big blind $3
*** HOLE CARDS ***
TinaTurner72: raises $3 to $6
kismespit: folds
Uncalled bet ($3) returned to TinaTurner72
TinaTurner72 collected $6 from pot
TinaTurner72: doesn't show hand
*** SUMMARY ***
Total pot $6 | Rake $0
Seat 1: TinaTurner72 (button) (small blind) collected ($6)
Seat 4: kismespit (big blind) folded before Flop


PokerStars Hand #148480934458:  Hold'em Limit ($3/$6 USD) - 2016/02/08 20:15:10 ET
Table 'Siarnaq' 6-max Seat #1 is the button
Seat 1: TinaTurner72 ($185.79 in chips)
Seat 4: kismespit ($150.05 in chips)
TinaTurner72: posts small blind $1
kismespit: posts big blind $3
*** HOLE CARDS ***
TinaTurner72: folds
Uncalled bet ($2) returned to kismespit
kismespit collected $2 from pot
*** SUMMARY ***
Total pot $2 | Rake $0
Seat 1: TinaTurner72 (button) (small blind) folded before Flop
Seat 4: kismespit (big blind) collected ($2)


PokerStars Hand #148480936977:  Hold'em Limit ($3/$6 USD) - 2016/02/08 20:15:14 ET
Table 'Siarnaq' 6-max Seat #4 is the button
Seat 1: TinaTurner72 ($184.79 in chips)
Seat 4: kismespit ($151.05 in chips)
kismespit: posts small blind $1
TinaTurner72: posts big blind $3
*** HOLE CARDS ***
kismespit: raises $3 to $6
TinaTurner72: calls $3
*** FLOP *** [As 4c Ac]
TinaTurner72: checks
kismespit: bets $3
TinaTurner72: calls $3
*** TURN *** [As 4c Ac] [6c]
TinaTurner72: checks
kismespit: checks
*** RIVER *** [As 4c Ac 6c] [Kh]
TinaTurner72: checks
kismespit: checks
*** SHOW DOWN ***
TinaTurner72: shows [9d Qs] (a pair of Aces)
kismespit: mucks hand
TinaTurner72 collected $17.64 from pot
*** SUMMARY ***
Total pot $18 | Rake $0.36
Board [As 4c Ac 6c Kh]
Seat 1: TinaTurner72 (big blind) showed [9d Qs] and won ($17.64) with a pair of Aces
Seat 4: kismespit (button) (small blind) mucked


PokerStars Hand #148480957283:  Hold'em Limit ($3/$6 USD) - 2016/02/08 20:15:51 ET
Table 'Siarnaq' 6-max Seat #1 is the button
Seat 1: TinaTurner72 ($193.43 in chips)
Seat 4: kismespit ($142.05 in chips)
TinaTurner72: posts small blind $1
kismespit: posts big blind $3
*** HOLE CARDS ***
TinaTurner72: folds
Uncalled bet ($2) returned to kismespit
kismespit collected $2 from pot
kismespit: doesn't show hand
*** SUMMARY ***
Total pot $2 | Rake $0
Seat 1: TinaTurner72 (button) (small blind) folded before Flop
Seat 4: kismespit (big blind) collected ($2)


PokerStars Hand #148480960040:  Hold'em Limit ($3/$6 USD) - 2016/02/08 20:15:56 ET
Table 'Siarnaq' 6-max Seat #4 is the button
Seat 1: TinaTurner72 ($192.43 in chips)
Seat 4: kismespit ($143.05 in chips)
kismespit: posts small blind $1
TinaTurner72: posts big blind $3
*** HOLE CARDS ***
kismespit: raises $3 to $6
TinaTurner72: calls $3
*** FLOP *** [As 2s 6d]
TinaTurner72: checks
kismespit: bets $3
TinaTurner72: folds
Uncalled bet ($3) returned to kismespit
kismespit collected $11.76 from pot
*** SUMMARY ***
Total pot $12 | Rake $0.24
Board [As 2s 6d]
Seat 1: TinaTurner72 (big blind) folded on the Flop
Seat 4: kismespit (button) (small blind) collected ($11.76)


PokerStars Hand #148480972697:  Hold'em Limit ($3/$6 USD) - 2016/02/08 20:16:19 ET
Table 'Siarnaq' 6-max Seat #1 is the button
Seat 1: TinaTurner72 ($186.43 in chips)
Seat 4: kismespit ($148.81 in chips)
TinaTurner72: posts small blind $1
kismespit: posts big blind $3
*** HOLE CARDS ***
TinaTurner72: raises $3 to $6
kismespit: calls $3
*** FLOP *** [9c 2c 7h]
kismespit: checks
TinaTurner72: bets $3
kismespit: calls $3
*** TURN *** [9c 2c 7h] [2s]
kismespit: checks
TinaTurner72: bets $6
kismespit: folds
Uncalled bet ($6) returned to TinaTurner72
TinaTurner72 collected $17.64 from pot
TinaTurner72: doesn't show hand
*** SUMMARY ***
Total pot $18 | Rake $0.36
Board [9c 2c 7h 2s]
Seat 1: TinaTurner72 (button) (small blind) collected ($17.64)
Seat 4: kismespit (big blind) folded on the Turn


PokerStars Hand #148480991565:  Hold'em Limit ($3/$6 USD) - 2016/02/08 20:16:53 ET
Table 'Siarnaq' 6-max Seat #4 is the button
Seat 1: TinaTurner72 ($195.07 in chips)
Seat 4: kismespit ($139.81 in chips)
kismespit: posts small blind $1
TinaTurner72: posts big blind $3
*** HOLE CARDS ***
kismespit: raises $3 to $6
TinaTurner72: calls $3
*** FLOP *** [8c 4d Qs]
TinaTurner72: checks
kismespit: bets $3
TinaTurner72: folds
Uncalled bet ($3) returned to kismespit
kismespit collected $11.76 from pot
*** SUMMARY ***
Total pot $12 | Rake $0.24
Board [8c 4d Qs]
Seat 1: TinaTurner72 (big blind) folded on the Flop
Seat 4: kismespit (button) (small blind) collected ($11.76)


PokerStars Hand #148481019289:  Hold'em Limit ($3/$6 USD) - 2016/02/08 20:17:43 ET
Table 'Siarnaq' 6-max Seat #4 is the button
Seat 1: TinaTurner72 ($224.57 in chips)
Seat 4: kismespit ($109.57 in chips)
kismespit: posts small blind $1
TinaTurner72: posts big blind $3
*** HOLE CARDS ***
kismespit: raises $3 to $6
TinaTurner72: calls $3
*** FLOP *** [6d 4s 2s]
TinaTurner72: checks
kismespit: checks
*** TURN *** [6d 4s 2s] [Qh]
TinaTurner72: checks
kismespit: bets $6
TinaTurner72: calls $6
*** RIVER *** [6d 4s 2s Qh] [5h]
TinaTurner72: checks
kismespit: checks
*** SHOW DOWN ***
TinaTurner72: shows [2c Ac] (a pair of Deuces)
kismespit: mucks hand
TinaTurner72 collected $23.52 from pot
*** SUMMARY ***
Total pot $24 | Rake $0.48
Board [6d 4s 2s Qh 5h]
Seat 1: TinaTurner72 (big blind) showed [2c Ac] and won ($23.52) with a pair of Deuces
Seat 4: kismespit (button) (small blind) mucked


PokerStars Hand #148481002389:  Hold'em Limit ($3/$6 USD) - 2016/02/08 20:17:12 ET
Table 'Siarnaq' 6-max Seat #1 is the button
Seat 1: TinaTurner72 ($189.07 in chips)
Seat 4: kismespit ($145.57 in chips)
TinaTurner72: posts small blind $1
kismespit: posts big blind $3
*** HOLE CARDS ***
TinaTurner72: raises $3 to $6
kismespit: raises $3 to $9
TinaTurner72: calls $3
*** FLOP *** [Th 7s Qh]
kismespit: bets $3
TinaTurner72: calls $3
*** TURN *** [Th 7s Qh] [2d]
kismespit: bets $6
TinaTurner72: raises $6 to $12
kismespit: raises $6 to $18
TinaTurner72: calls $6
*** RIVER *** [Th 7s Qh 2d] [5h]
kismespit: bets $6
TinaTurner72: calls $6
*** SHOW DOWN ***
kismespit: shows [Js 9s] (high card Queen)
TinaTurner72: shows [Qc 3c] (a pair of Queens)
TinaTurner72 collected $71.50 from pot
*** SUMMARY ***
Total pot $72 | Rake $0.50
Board [Th 7s Qh 2d 5h]
Seat 1: TinaTurner72 (button) (small blind) showed [Qc 3c] and won ($71.50) with a pair of Queens
Seat 4: kismespit (big blind) showed [Js 9s] and lost with high card Queen


PokerStars Hand #148481059723:  Hold'em Limit ($3/$6 USD) - 2016/02/08 20:18:56 ET
Table 'Siarnaq' 6-max Seat #4 is the button
Seat 1: TinaTurner72 ($215.09 in chips)
Seat 4: kismespit ($118.07 in chips)
kismespit: posts small blind $1
TinaTurner72: posts big blind $3
*** HOLE CARDS ***
kismespit: folds
Uncalled bet ($2) returned to TinaTurner72
TinaTurner72 collected $2 from pot
TinaTurner72: doesn't show hand
*** SUMMARY ***
Total pot $2 | Rake $0
Seat 1: TinaTurner72 (big blind) collected ($2)
Seat 4: kismespit (button) (small blind) folded before Flop


PokerStars Hand #148481035445:  Hold'em Limit ($3/$6 USD) - 2016/02/08 20:18:12 ET
Table 'Siarnaq' 6-max Seat #1 is the button
Seat 1: TinaTurner72 ($236.09 in chips)
Seat 4: kismespit ($97.57 in chips)
TinaTurner72: posts small blind $1
kismespit: posts big blind $3
*** HOLE CARDS ***
TinaTurner72: raises $3 to $6
kismespit: raises $3 to $9
TinaTurner72: raises $3 to $12
Betting is capped
kismespit: calls $3
*** FLOP *** [9h Jd 3s]
kismespit: checks
TinaTurner72: bets $3
kismespit: calls $3
*** TURN *** [9h Jd 3s] [3d]
kismespit: checks
TinaTurner72: bets $6
kismespit: calls $6
*** RIVER *** [9h Jd 3s 3d] [Qh]
kismespit: checks
TinaTurner72: checks
*** SHOW DOWN ***
kismespit: shows [Ks Ad] (a pair of Threes)
TinaTurner72: mucks hand
kismespit collected $41.50 from pot
*** SUMMARY ***
Total pot $42 | Rake $0.50
Board [9h Jd 3s 3d Qh]
Seat 1: TinaTurner72 (button) (small blind) mucked
Seat 4: kismespit (big blind) showed [Ks Ad] and won ($41.50) with a pair of Threes


PokerStars Hand #148481066305:  Hold'em Limit ($3/$6 USD) - 2016/02/08 20:19:08 ET
Table 'Siarnaq' 6-max Seat #1 is the button
Seat 1: TinaTurner72 ($216.09 in chips)
Seat 4: kismespit ($117.07 in chips)
TinaTurner72: posts small blind $1
kismespit: posts big blind $3
*** HOLE CARDS ***
TinaTurner72: folds
Uncalled bet ($2) returned to kismespit
kismespit collected $2 from pot
*** SUMMARY ***
Total pot $2 | Rake $0
Seat 1: TinaTurner72 (button) (small blind) folded before Flop
Seat 4: kismespit (big blind) collected ($2)


PokerStars Hand #148481094059:  Hold'em Limit ($3/$6 USD) - 2016/02/08 20:19:59 ET
Table 'Siarnaq' 6-max Seat #4 is the button
Seat 1: TinaTurner72 ($206.09 in chips)
Seat 4: kismespit ($126.59 in chips)
kismespit: posts small blind $1
TinaTurner72: posts big blind $3
*** HOLE CARDS ***
kismespit: folds
Uncalled bet ($2) returned to TinaTurner72
TinaTurner72 collected $2 from pot
TinaTurner72: doesn't show hand
*** SUMMARY ***
Total pot $2 | Rake $0
Seat 1: TinaTurner72 (big blind) collected ($2)
Seat 4: kismespit (button) (small blind) folded before Flop


PokerStars Hand #148481089012:  Hold'em Limit ($3/$6 USD) - 2016/02/08 20:19:50 ET
Table 'Siarnaq' 6-max Seat #1 is the button
Seat 1: TinaTurner72 ($203.09 in chips)
Seat 4: kismespit ($129.59 in chips)
TinaTurner72: posts small blind $1
kismespit: posts big blind $3
*** HOLE CARDS ***
TinaTurner72: raises $3 to $6
kismespit: folds
Uncalled bet ($3) returned to TinaTurner72
TinaTurner72 collected $6 from pot
TinaTurner72: doesn't show hand
*** SUMMARY ***
Total pot $6 | Rake $0
Seat 1: TinaTurner72 (button) (small blind) collected ($6)
Seat 4: kismespit (big blind) folded before Flop


PokerStars Hand #148481070041:  Hold'em Limit ($3/$6 USD) - 2016/02/08 20:19:15 ET
Table 'Siarnaq' 6-max Seat #4 is the button
Seat 1: TinaTurner72 ($215.09 in chips)
Seat 4: kismespit ($118.07 in chips)
kismespit: posts small blind $1
TinaTurner72: posts big blind $3
*** HOLE CARDS ***
kismespit: raises $3 to $6
TinaTurner72: calls $3
*** FLOP *** [5d 8s Td]
TinaTurner72: checks
kismespit: bets $3
TinaTurner72: raises $3 to $6
kismespit: calls $3
*** TURN *** [5d 8s Td] [8c]
TinaTurner72: checks
kismespit: checks
*** RIVER *** [5d 8s Td 8c] [Ac]
TinaTurner72: checks
kismespit: bets $6
TinaTurner72: folds
Uncalled bet ($6) returned to kismespit
kismespit collected $23.52 from pot
*** SUMMARY ***
Total pot $24 | Rake $0.48
Board [5d 8s Td 8c Ac]
Seat 1: TinaTurner72 (big blind) folded on the River
Seat 4: kismespit (button) (small blind) collected ($23.52)


PokerStars Hand #148481102883:  Hold'em Limit ($3/$6 USD) - 2016/02/08 20:20:15 ET
Table 'Siarnaq' 6-max Seat #4 is the button
Seat 1: TinaTurner72 ($212.85 in chips)
Seat 4: kismespit ($119.59 in chips)
kismespit: posts small blind $1
TinaTurner72: posts big blind $3
*** HOLE CARDS ***
kismespit: folds
Uncalled bet ($2) returned to TinaTurner72
TinaTurner72 collected $2 from pot
TinaTurner72: doesn't show hand
*** SUMMARY ***
Total pot $2 | Rake $0
Seat 1: TinaTurner72 (big blind) collected ($2)
Seat 4: kismespit (button) (small blind) folded before Flop


PokerStars Hand #148481096512:  Hold'em Limit ($3/$6 USD) - 2016/02/08 20:20:03 ET
Table 'Siarnaq' 6-max Seat #1 is the button
Seat 1: TinaTurner72 ($207.09 in chips)
Seat 4: kismespit ($125.59 in chips)
TinaTurner72: posts small blind $1
kismespit: posts big blind $3
*** HOLE CARDS ***
TinaTurner72: raises $3 to $6
kismespit: calls $3
*** FLOP *** [2d 2c 8c]
kismespit: checks
TinaTurner72: bets $3
kismespit: folds
Uncalled bet ($3) returned to TinaTurner72
TinaTurner72 collected $11.76 from pot
TinaTurner72: doesn't show hand
*** SUMMARY ***
Total pot $12 | Rake $0.24
Board [2d 2c 8c]
Seat 1: TinaTurner72 (button) (small blind) collected ($11.76)
Seat 4: kismespit (big blind) folded on the Flop


PokerStars Hand #148481105170:  Hold'em Limit ($3/$6 USD) - 2016/02/08 20:20:19 ET
Table 'Siarnaq' 6-max Seat #1 is the button
Seat 1: TinaTurner72 ($213.85 in chips)
Seat 4: kismespit ($118.59 in chips)
TinaTurner72: posts small blind $1
kismespit: posts big blind $3
*** HOLE CARDS ***
TinaTurner72: raises $3 to $6
kismespit: raises $3 to $9
TinaTurner72: calls $3
*** FLOP *** [3s 7h 3h]
kismespit: bets $3
TinaTurner72: calls $3
*** TURN *** [3s 7h 3h] [Ts]
kismespit: bets $6
TinaTurner72: folds
Uncalled bet ($6) returned to kismespit
kismespit collected $23.52 from pot
kismespit: doesn't show hand
*** SUMMARY ***
Total pot $24 | Rake $0.48
Board [3s 7h 3h Ts]
Seat 1: TinaTurner72 (button) (small blind) folded on the Turn
Seat 4: kismespit (big blind) collected ($23.52)


PokerStars Hand #148481161819:  Hold'em Limit ($3/$6 USD) - 2016/02/08 20:22:05 ET
Table 'Siarnaq' 6-max Seat #4 is the button
Seat 1: TinaTurner72 ($195.61 in chips)
Seat 4: kismespit ($135.63 in chips)
kismespit: posts small blind $1
TinaTurner72: posts big blind $3
*** HOLE CARDS ***
kismespit: folds
Uncalled bet ($2) returned to TinaTurner72
TinaTurner72 collected $2 from pot
TinaTurner72: doesn't show hand
*** SUMMARY ***
Total pot $2 | Rake $0
Seat 1: TinaTurner72 (big blind) collected ($2)
Seat 4: kismespit (button) (small blind) folded before Flop


PokerStars Hand #148481157768:  Hold'em Limit ($3/$6 USD) - 2016/02/08 20:21:58 ET
Table 'Siarnaq' 6-max Seat #1 is the button
Seat 1: TinaTurner72 ($192.61 in chips)
Seat 4: kismespit ($138.63 in chips)
TinaTurner72: posts small blind $1
kismespit: posts big blind $3
*** HOLE CARDS ***
TinaTurner72: raises $3 to $6
kismespit: folds
Uncalled bet ($3) returned to TinaTurner72
TinaTurner72 collected $6 from pot
TinaTurner72: doesn't show hand
*** SUMMARY ***
Total pot $6 | Rake $0
Seat 1: TinaTurner72 (button) (small blind) collected ($6)
Seat 4: kismespit (big blind) folded before Flop


PokerStars Hand #148481149661:  Hold'em Limit ($3/$6 USD) - 2016/02/08 20:21:43 ET
Table 'Siarnaq' 6-max Seat #4 is the button
Seat 1: TinaTurner72 ($195.61 in chips)
Seat 4: kismespit ($135.63 in chips)
kismespit: posts small blind $1
TinaTurner72: posts big blind $3
*** HOLE CARDS ***
kismespit: raises $3 to $6
TinaTurner72: folds
Uncalled bet ($3) returned to kismespit
kismespit collected $6 from pot
*** SUMMARY ***
Total pot $6 | Rake $0
Seat 1: TinaTurner72 (big blind) folded before Flop
Seat 4: kismespit (button) (small blind) collected ($6)


PokerStars Hand #148481138291:  Hold'em Limit ($3/$6 USD) - 2016/02/08 20:21:22 ET
Table 'Siarnaq' 6-max Seat #1 is the button
Seat 1: TinaTurner72 ($189.85 in chips)
Seat 4: kismespit ($141.63 in chips)
TinaTurner72: posts small blind $1
kismespit: posts big blind $3
*** HOLE CARDS ***
TinaTurner72: raises $3 to $6
kismespit: calls $3
*** FLOP *** [9h Qs Qh]
kismespit: checks
TinaTurner72: bets $3
kismespit: folds
Uncalled bet ($3) returned to TinaTurner72
TinaTurner72 collected $11.76 from pot
TinaTurner72: doesn't show hand
*** SUMMARY ***
Total pot $12 | Rake $0.24
Board [9h Qs Qh]
Seat 1: TinaTurner72 (button) (small blind) collected ($11.76)
Seat 4: kismespit (big blind) folded on the Flop


PokerStars Hand #148481125803:  Hold'em Limit ($3/$6 USD) - 2016/02/08 20:20:58 ET
Table 'Siarnaq' 6-max Seat #4 is the button
Seat 1: TinaTurner72 ($201.85 in chips)
Seat 4: kismespit ($130.11 in chips)
kismespit: posts small blind $1
TinaTurner72: posts big blind $3
*** HOLE CARDS ***
kismespit: raises $3 to $6
TinaTurner72: calls $3
*** FLOP *** [8s 9h 8h]
TinaTurner72: checks
kismespit: checks
*** TURN *** [8s 9h 8h] [Qs]
TinaTurner72: bets $6
kismespit: calls $6
*** RIVER *** [8s 9h 8h Qs] [Jd]
TinaTurner72: checks
kismespit: checks
*** SHOW DOWN ***
TinaTurner72: shows [9d Kc] (two pair, Nines and Eights)
kismespit: shows [Qh As] (two pair, Queens and Eights)
kismespit collected $23.52 from pot
*** SUMMARY ***
Total pot $24 | Rake $0.48
Board [8s 9h 8h Qs Jd]
Seat 1: TinaTurner72 (big blind) showed [9d Kc] and lost with two pair, Nines and Eights
Seat 4: kismespit (button) (small blind) showed [Qh As] and won ($23.52) with two pair, Queens and Eights


PokerStars Hand #148481177930:  Hold'em Limit ($3/$6 USD) - 2016/02/08 20:22:36 ET
Table 'Siarnaq' 6-max Seat #4 is the button
Seat 1: TinaTurner72 ($192.61 in chips)
Seat 4: kismespit ($138.39 in chips)
kismespit: posts small blind $1
TinaTurner72: posts big blind $3
*** HOLE CARDS ***
kismespit: folds
Uncalled bet ($2) returned to TinaTurner72
TinaTurner72 collected $2 from pot
TinaTurner72: doesn't show hand
*** SUMMARY ***
Total pot $2 | Rake $0
Seat 1: TinaTurner72 (big blind) collected ($2)
Seat 4: kismespit (button) (small blind) folded before Flop


PokerStars Hand #148481175174:  Hold'em Limit ($3/$6 USD) - 2016/02/08 20:22:31 ET
Table 'Siarnaq' 6-max Seat #1 is the button
Seat 1: TinaTurner72 ($193.61 in chips)
Seat 4: kismespit ($137.39 in chips)
TinaTurner72: posts small blind $1
kismespit: posts big blind $3
*** HOLE CARDS ***
TinaTurner72: folds
Uncalled bet ($2) returned to kismespit
kismespit collected $2 from pot
*** SUMMARY ***
Total pot $2 | Rake $0
Seat 1: TinaTurner72 (button) (small blind) folded before Flop
Seat 4: kismespit (big blind) collected ($2)


PokerStars Hand #148481168437:  Hold'em Limit ($3/$6 USD) - 2016/02/08 20:22:18 ET
Table 'Siarnaq' 6-max Seat #4 is the button
Seat 1: TinaTurner72 ($199.61 in chips)
Seat 4: kismespit ($131.63 in chips)
kismespit: posts small blind $1
TinaTurner72: posts big blind $3
*** HOLE CARDS ***
kismespit: raises $3 to $6
TinaTurner72: calls $3
*** FLOP *** [Ah 5d 4s]
TinaTurner72: checks
kismespit: bets $3
TinaTurner72: folds
Uncalled bet ($3) returned to kismespit
kismespit collected $11.76 from pot
*** SUMMARY ***
Total pot $12 | Rake $0.24
Board [Ah 5d 4s]
Seat 1: TinaTurner72 (big blind) folded on the Flop
Seat 4: kismespit (button) (small blind) collected ($11.76)


PokerStars Hand #148481184670:  Hold'em Limit ($3/$6 USD) - 2016/02/08 20:22:49 ET
Table 'Siarnaq' 6-max Seat #1 is the button
Seat 1: TinaTurner72 ($193.61 in chips)
Seat 4: kismespit ($137.39 in chips)
TinaTurner72: posts small blind $1
kismespit: posts big blind $3
*** HOLE CARDS ***
TinaTurner72: raises $3 to $6
kismespit: folds
Uncalled bet ($3) returned to TinaTurner72
TinaTurner72 collected $6 from pot
TinaTurner72: doesn't show hand
*** SUMMARY ***
Total pot $6 | Rake $0
Seat 1: TinaTurner72 (button) (small blind) collected ($6)
Seat 4: kismespit (big blind) folded before Flop


PokerStars Hand #148481190924:  Hold'em Limit ($3/$6 USD) - 2016/02/08 20:23:01 ET
Table 'Siarnaq' 6-max Seat #4 is the button
Seat 1: TinaTurner72 ($196.61 in chips)
Seat 4: kismespit ($134.39 in chips)
kismespit: posts small blind $1
TinaTurner72: posts big blind $3
*** HOLE CARDS ***
kismespit: raises $3 to $6
TinaTurner72: folds
Uncalled bet ($3) returned to kismespit
kismespit collected $6 from pot
*** SUMMARY ***
Total pot $6 | Rake $0
Seat 1: TinaTurner72 (big blind) folded before Flop
Seat 4: kismespit (button) (small blind) collected ($6)


PokerStars Hand #148481164417:  Hold'em Limit ($3/$6 USD) - 2016/02/08 20:22:10 ET
Table 'Siarnaq' 6-max Seat #1 is the button
Seat 1: TinaTurner72 ($196.61 in chips)
Seat 4: kismespit ($134.63 in chips)
TinaTurner72: posts small blind $1
kismespit: posts big blind $3
*** HOLE CARDS ***
TinaTurner72: raises $3 to $6
kismespit: folds
Uncalled bet ($3) returned to TinaTurner72
TinaTurner72 collected $6 from pot
TinaTurner72: doesn't show hand
*** SUMMARY ***
Total pot $6 | Rake $0
Seat 1: TinaTurner72 (button) (small blind) collected ($6)
Seat 4: kismespit (big blind) folded before Flop


PokerStars Hand #148481210775:  Hold'em Limit ($3/$6 USD) - 2016/02/08 20:23:38 ET
Table 'Siarnaq' 6-max Seat #4 is the button
Seat 1: TinaTurner72 ($178.61 in chips)
Seat 4: kismespit ($151.89 in chips)
kismespit: posts small blind $1
TinaTurner72: posts big blind $3
*** HOLE CARDS ***
kismespit: folds
Uncalled bet ($2) returned to TinaTurner72
TinaTurner72 collected $2 from pot
TinaTurner72: doesn't show hand
*** SUMMARY ***
Total pot $2 | Rake $0
Seat 1: TinaTurner72 (big blind) collected ($2)
Seat 4: kismespit (button) (small blind) folded before Flop


PokerStars Hand #148481195961:  Hold'em Limit ($3/$6 USD) - 2016/02/08 20:23:10 ET
Table 'Siarnaq' 6-max Seat #1 is the button
Seat 1: TinaTurner72 ($193.61 in chips)
Seat 4: kismespit ($137.39 in chips)
TinaTurner72: posts small blind $1
kismespit: posts big blind $3
*** HOLE CARDS ***
TinaTurner72: raises $3 to $6
kismespit: calls $3
*** FLOP *** [Kh 2s 6h]
kismespit: checks
TinaTurner72: bets $3
kismespit: calls $3
*** TURN *** [Kh 2s 6h] [2c]
kismespit: checks
TinaTurner72: checks
*** RIVER *** [Kh 2s 6h 2c] [5s]
kismespit: bets $6
TinaTurner72: calls $6
*** SHOW DOWN ***
kismespit: shows [7d Ks] (two pair, Kings and Deuces)
TinaTurner72: mucks hand
kismespit collected $29.50 from pot
*** SUMMARY ***
Total pot $30 | Rake $0.50
Board [Kh 2s 6h 2c 5s]
Seat 1: TinaTurner72 (button) (small blind) mucked
Seat 4: kismespit (big blind) showed [7d Ks] and won ($29.50) with two pair, Kings and Deuces


PokerStars Hand #148481213431:  Hold'em Limit ($3/$6 USD) - 2016/02/08 20:23:43 ET
Table 'Siarnaq' 6-max Seat #1 is the button
Seat 1: TinaTurner72 ($179.61 in chips)
Seat 4: kismespit ($150.89 in chips)
TinaTurner72: posts small blind $1
kismespit: posts big blind $3
*** HOLE CARDS ***
TinaTurner72: raises $3 to $6
kismespit: folds
Uncalled bet ($3) returned to TinaTurner72
TinaTurner72 collected $6 from pot
TinaTurner72: doesn't show hand
*** SUMMARY ***
Total pot $6 | Rake $0
Seat 1: TinaTurner72 (button) (small blind) collected ($6)
Seat 4: kismespit (big blind) folded before Flop


PokerStars Hand #148481216283:  Hold'em Limit ($3/$6 USD) - 2016/02/08 20:23:48 ET
Table 'Siarnaq' 6-max Seat #4 is the button
Seat 1: TinaTurner72 ($182.61 in chips)
Seat 4: kismespit ($147.89 in chips)
kismespit: posts small blind $1
TinaTurner72: posts big blind $3
*** HOLE CARDS ***
kismespit: raises $3 to $6
TinaTurner72: calls $3
*** FLOP *** [Ad 2s Jh]
TinaTurner72: checks
kismespit: bets $3
TinaTurner72: raises $3 to $6
kismespit: calls $3
*** TURN *** [Ad 2s Jh] [6c]
MaSnaQ9 joins the table at seat #3
TinaTurner72: checks
kismespit: bets $6
TinaTurner72: folds
Uncalled bet ($6) returned to kismespit
kismespit collected $23.52 from pot
*** SUMMARY ***
Total pot $24 | Rake $0.48
Board [Ad 2s Jh 6c]
Seat 1: TinaTurner72 (big blind) folded on the Turn
Seat 4: kismespit (button) (small blind) collected ($23.52)


PokerStars Hand #148481735564:  Hold'em Limit ($3/$6 USD) - 2016/02/08 20:40:40 ET
Table 'Siarnaq' 6-max Seat #1 is the button
Seat 1: TinaTurner72 ($52.81 in chips)
Seat 3: MaSnaQ9 ($394.22 in chips)
TinaTurner72: posts small blind $1
MaSnaQ9: posts big blind $3
*** HOLE CARDS ***
TinaTurner72: folds
Uncalled bet ($2) returned to MaSnaQ9
MaSnaQ9 collected $2 from pot
MaSnaQ9: doesn't show hand
*** SUMMARY ***
Total pot $2 | Rake $0
Seat 1: TinaTurner72 (button) (small blind) folded before Flop
Seat 3: MaSnaQ9 (big blind) collected ($2)


PokerStars Hand #148481733448:  Hold'em Limit ($3/$6 USD) - 2016/02/08 20:40:35 ET
Table 'Siarnaq' 6-max Seat #3 is the button
Seat 1: TinaTurner72 ($51.81 in chips)
Seat 3: MaSnaQ9 ($395.22 in chips)
MaSnaQ9: posts small blind $1
TinaTurner72: posts big blind $3
*** HOLE CARDS ***
MaSnaQ9: folds
Uncalled bet ($2) returned to TinaTurner72
TinaTurner72 collected $2 from pot
TinaTurner72: doesn't show hand
*** SUMMARY ***
Total pot $2 | Rake $0
Seat 1: TinaTurner72 (big blind) collected ($2)
Seat 3: MaSnaQ9 (button) (small blind) folded before Flop


PokerStars Hand #148481737685:  Hold'em Limit ($3/$6 USD) - 2016/02/08 20:40:44 ET
Table 'Siarnaq' 6-max Seat #3 is the button
Seat 1: TinaTurner72 ($51.81 in chips)
Seat 3: MaSnaQ9 ($395.22 in chips)
MaSnaQ9: posts small blind $1
TinaTurner72: posts big blind $3
*** HOLE CARDS ***
MaSnaQ9: raises $3 to $6
TinaTurner72: calls $3
*** FLOP *** [5d 7c 5h]
TinaTurner72: checks
MaSnaQ9: bets $3
TinaTurner72: raises $3 to $6
MaSnaQ9: calls $3
*** TURN *** [5d 7c 5h] [Jh]
TinaTurner72: bets $6
MaSnaQ9: folds
Uncalled bet ($6) returned to TinaTurner72
TinaTurner72 collected $23.52 from pot
TinaTurner72: doesn't show hand
*** SUMMARY ***
Total pot $24 | Rake $0.48
Board [5d 7c 5h Jh]
Seat 1: TinaTurner72 (big blind) collected ($23.52)
Seat 3: MaSnaQ9 (button) (small blind) folded on the Turn


PokerStars Hand #148481765422:  Hold'em Limit ($3/$6 USD) - 2016/02/08 20:41:40 ET
Table 'Siarnaq' 6-max Seat #1 is the button
Seat 1: TinaTurner72 ($63.33 in chips)
Seat 3: MaSnaQ9 ($383.22 in chips)
TinaTurner72: posts small blind $1
MaSnaQ9: posts big blind $3
*** HOLE CARDS ***
TinaTurner72: raises $3 to $6
MaSnaQ9: calls $3
*** FLOP *** [Qs Qd Ts]
MaSnaQ9: checks
TinaTurner72: bets $3
MaSnaQ9: calls $3
*** TURN *** [Qs Qd Ts] [Ks]
MaSnaQ9: checks
TinaTurner72: bets $6
MaSnaQ9: calls $6
*** RIVER *** [Qs Qd Ts Ks] [6h]
MaSnaQ9: checks
TinaTurner72: checks
*** SHOW DOWN ***
MaSnaQ9: shows [Ad 5d] (a pair of Queens)
TinaTurner72: shows [4h Td] (two pair, Queens and Tens)
TinaTurner72 collected $29.50 from pot
*** SUMMARY ***
Total pot $30 | Rake $0.50
Board [Qs Qd Ts Ks 6h]
Seat 1: TinaTurner72 (button) (small blind) showed [4h Td] and won ($29.50) with two pair, Queens and Tens
Seat 3: MaSnaQ9 (big blind) showed [Ad 5d] and lost with a pair of Queens


PokerStars Hand #148481761692:  Hold'em Limit ($3/$6 USD) - 2016/02/08 20:41:32 ET
Table 'Siarnaq' 6-max Seat #3 is the button
Seat 1: TinaTurner72 ($66.33 in chips)
Seat 3: MaSnaQ9 ($380.22 in chips)
MaSnaQ9: posts small blind $1
TinaTurner72: posts big blind $3
*** HOLE CARDS ***
MaSnaQ9: raises $3 to $6
TinaTurner72: folds
Uncalled bet ($3) returned to MaSnaQ9
MaSnaQ9 collected $6 from pot
MaSnaQ9: doesn't show hand
*** SUMMARY ***
Total pot $6 | Rake $0
Seat 1: TinaTurner72 (big blind) folded before Flop
Seat 3: MaSnaQ9 (button) (small blind) collected ($6)


PokerStars Hand #148481754085:  Hold'em Limit ($3/$6 USD) - 2016/02/08 20:41:17 ET
Table 'Siarnaq' 6-max Seat #1 is the button
Seat 1: TinaTurner72 ($63.33 in chips)
Seat 3: MaSnaQ9 ($383.22 in chips)
TinaTurner72: posts small blind $1
MaSnaQ9: posts big blind $3
*** HOLE CARDS ***
TinaTurner72: raises $3 to $6
MaSnaQ9: folds
Uncalled bet ($3) returned to TinaTurner72
TinaTurner72 collected $6 from pot
TinaTurner72: doesn't show hand
*** SUMMARY ***
Total pot $6 | Rake $0
Seat 1: TinaTurner72 (button) (small blind) collected ($6)
Seat 3: MaSnaQ9 (big blind) folded before Flop


PokerStars Hand #148481798556:  Hold'em Limit ($3/$6 USD) - 2016/02/08 20:42:47 ET
Table 'Siarnaq' 6-max Seat #3 is the button
Seat 1: TinaTurner72 ($74.83 in chips)
Seat 3: MaSnaQ9 ($370.98 in chips)
MaSnaQ9: posts small blind $1
TinaTurner72: posts big blind $3
*** HOLE CARDS ***
MaSnaQ9: calls $2
TinaTurner72: checks
*** FLOP *** [4d Tc 5c]
TinaTurner72: checks
MaSnaQ9: checks
*** TURN *** [4d Tc 5c] [Kc]
TinaTurner72: bets $6
MaSnaQ9: folds
Uncalled bet ($6) returned to TinaTurner72
TinaTurner72 collected $5.88 from pot
TinaTurner72: doesn't show hand
*** SUMMARY ***
Total pot $6 | Rake $0.12
Board [4d Tc 5c Kc]
Seat 1: TinaTurner72 (big blind) collected ($5.88)
Seat 3: MaSnaQ9 (button) (small blind) folded on the Turn


PokerStars Hand #148481790624:  Hold'em Limit ($3/$6 USD) - 2016/02/08 20:42:30 ET
Table 'Siarnaq' 6-max Seat #1 is the button
Seat 1: TinaTurner72 ($71.83 in chips)
Seat 3: MaSnaQ9 ($373.98 in chips)
TinaTurner72: posts small blind $1
MaSnaQ9: posts big blind $3
*** HOLE CARDS ***
TinaTurner72: raises $3 to $6
MaSnaQ9: folds
Uncalled bet ($3) returned to TinaTurner72
TinaTurner72 collected $6 from pot
TinaTurner72: doesn't show hand
*** SUMMARY ***
Total pot $6 | Rake $0
Seat 1: TinaTurner72 (button) (small blind) collected ($6)
Seat 3: MaSnaQ9 (big blind) folded before Flop


PokerStars Hand #148481785876:  Hold'em Limit ($3/$6 USD) - 2016/02/08 20:42:21 ET
Table 'Siarnaq' 6-max Seat #3 is the button
Seat 1: TinaTurner72 ($77.83 in chips)
Seat 3: MaSnaQ9 ($368.22 in chips)
MaSnaQ9: posts small blind $1
TinaTurner72: posts big blind $3
*** HOLE CARDS ***
MaSnaQ9: raises $3 to $6
TinaTurner72: calls $3
*** FLOP *** [Js 2d 5s]
TinaTurner72: checks
MaSnaQ9: bets $3
TinaTurner72: folds
Uncalled bet ($3) returned to MaSnaQ9
MaSnaQ9 collected $11.76 from pot
MaSnaQ9: doesn't show hand
*** SUMMARY ***
Total pot $12 | Rake $0.24
Board [Js 2d 5s]
Seat 1: TinaTurner72 (big blind) folded on the Flop
Seat 3: MaSnaQ9 (button) (small blind) collected ($11.76)


PokerStars Hand #148481810920:  Hold'em Limit ($3/$6 USD) - 2016/02/08 20:43:12 ET
Table 'Siarnaq' 6-max Seat #1 is the button
Seat 1: TinaTurner72 ($77.71 in chips)
Seat 3: MaSnaQ9 ($367.98 in chips)
TinaTurner72: posts small blind $1
MaSnaQ9: posts big blind $3
*** HOLE CARDS ***
TinaTurner72: folds
Uncalled bet ($2) returned to MaSnaQ9
MaSnaQ9 collected $2 from pot
MaSnaQ9: doesn't show hand
*** SUMMARY ***
Total pot $2 | Rake $0
Seat 1: TinaTurner72 (button) (small blind) folded before Flop
Seat 3: MaSnaQ9 (big blind) collected ($2)


PokerStars Hand #148481837159:  Hold'em Limit ($3/$6 USD) - 2016/02/08 20:44:05 ET
Table 'Siarnaq' 6-max Seat #1 is the button
Seat 1: TinaTurner72 ($64.71 in chips)
Seat 3: MaSnaQ9 ($380.50 in chips)
TinaTurner72: posts small blind $1
MaSnaQ9: posts big blind $3
*** HOLE CARDS ***
TinaTurner72: raises $3 to $6
MaSnaQ9: folds
Uncalled bet ($3) returned to TinaTurner72
TinaTurner72 collected $6 from pot
TinaTurner72: doesn't show hand
*** SUMMARY ***
Total pot $6 | Rake $0
Seat 1: TinaTurner72 (button) (small blind) collected ($6)
Seat 3: MaSnaQ9 (big blind) folded before Flop


PokerStars Hand #148481813612:  Hold'em Limit ($3/$6 USD) - 2016/02/08 20:43:17 ET
Table 'Siarnaq' 6-max Seat #3 is the button
Seat 1: TinaTurner72 ($76.71 in chips)
Seat 3: MaSnaQ9 ($368.98 in chips)
MaSnaQ9: posts small blind $1
TinaTurner72: posts big blind $3
*** HOLE CARDS ***
MaSnaQ9: raises $3 to $6
TinaTurner72: calls $3
*** FLOP *** [5c 8s 3c]
TinaTurner72: checks
MaSnaQ9: checks
*** TURN *** [5c 8s 3c] [2c]
TinaTurner72: bets $6
MaSnaQ9: calls $6
*** RIVER *** [5c 8s 3c 2c] [4d]
TinaTurner72: checks
MaSnaQ9: bets $6
TinaTurner72: folds
Uncalled bet ($6) returned to MaSnaQ9
MaSnaQ9 collected $23.52 from pot
MaSnaQ9: doesn't show hand
*** SUMMARY ***
Total pot $24 | Rake $0.48
Board [5c 8s 3c 2c 4d]
Seat 1: TinaTurner72 (big blind) folded on the River
Seat 3: MaSnaQ9 (button) (small blind) collected ($23.52)


PokerStars Hand #148481863094:  Hold'em Limit ($3/$6 USD) - 2016/02/08 20:44:57 ET
Table 'Siarnaq' 6-max Seat #3 is the button
Seat 1: TinaTurner72 ($70.47 in chips)
Seat 3: MaSnaQ9 ($374.38 in chips)
MaSnaQ9: posts small blind $1
TinaTurner72: posts big blind $3
*** HOLE CARDS ***
MaSnaQ9: folds
Uncalled bet ($2) returned to TinaTurner72
TinaTurner72 collected $2 from pot
TinaTurner72: doesn't show hand
*** SUMMARY ***
Total pot $2 | Rake $0
Seat 1: TinaTurner72 (big blind) collected ($2)
Seat 3: MaSnaQ9 (button) (small blind) folded before Flop


PokerStars Hand #148481841247:  Hold'em Limit ($3/$6 USD) - 2016/02/08 20:44:13 ET
Table 'Siarnaq' 6-max Seat #3 is the button
Seat 1: TinaTurner72 ($67.71 in chips)
Seat 3: MaSnaQ9 ($377.50 in chips)
MaSnaQ9: posts small blind $1
TinaTurner72: posts big blind $3
*** HOLE CARDS ***
MaSnaQ9: calls $2
TinaTurner72: checks
*** FLOP *** [Qc 9s 8h]
TinaTurner72: checks
MaSnaQ9: bets $3
TinaTurner72: folds
Uncalled bet ($3) returned to MaSnaQ9
MaSnaQ9 collected $5.88 from pot
MaSnaQ9: doesn't show hand
*** SUMMARY ***
Total pot $6 | Rake $0.12
Board [Qc 9s 8h]
Seat 1: TinaTurner72 (big blind) folded on the Flop
Seat 3: MaSnaQ9 (button) (small blind) collected ($5.88)


PokerStars Hand #148481850925:  Hold'em Limit ($3/$6 USD) - 2016/02/08 20:44:32 ET
Table 'Siarnaq' 6-max Seat #1 is the button
Seat 1: TinaTurner72 ($64.71 in chips)
Seat 3: MaSnaQ9 ($380.38 in chips)
TinaTurner72: posts small blind $1
MaSnaQ9: posts big blind $3
*** HOLE CARDS ***
TinaTurner72: raises $3 to $6
MaSnaQ9: calls $3
*** FLOP *** [Qh Ad 7s]
MaSnaQ9: checks
TinaTurner72: bets $3
MaSnaQ9: folds
Uncalled bet ($3) returned to TinaTurner72
TinaTurner72 collected $11.76 from pot
TinaTurner72: doesn't show hand
*** SUMMARY ***
Total pot $12 | Rake $0.24
Board [Qh Ad 7s]
Seat 1: TinaTurner72 (button) (small blind) collected ($11.76)
Seat 3: MaSnaQ9 (big blind) folded on the Flop


PokerStars Hand #148481867091:  Hold'em Limit ($3/$6 USD) - 2016/02/08 20:45:05 ET
Table 'Siarnaq' 6-max Seat #1 is the button
Seat 1: TinaTurner72 ($71.47 in chips)
Seat 3: MaSnaQ9 ($373.38 in chips)
TinaTurner72: posts small blind $1
MaSnaQ9: posts big blind $3
*** HOLE CARDS ***
TinaTurner72: raises $3 to $6
MaSnaQ9: calls $3
*** FLOP *** [5d 7d Qs]
MaSnaQ9: checks
TinaTurner72: bets $3
MaSnaQ9: calls $3
*** TURN *** [5d 7d Qs] [Kc]
MaSnaQ9: checks
TinaTurner72: checks
*** RIVER *** [5d 7d Qs Kc] [Jh]
MaSnaQ9: checks
TinaTurner72: bets $6
MaSnaQ9: folds
Uncalled bet ($6) returned to TinaTurner72
TinaTurner72 collected $17.64 from pot
TinaTurner72: doesn't show hand
*** SUMMARY ***
Total pot $18 | Rake $0.36
Board [5d 7d Qs Kc Jh]
Seat 1: TinaTurner72 (button) (small blind) collected ($17.64)
Seat 3: MaSnaQ9 (big blind) folded on the River


PokerStars Hand #148481893579:  Hold'em Limit ($3/$6 USD) - 2016/02/08 20:45:59 ET
Table 'Siarnaq' 6-max Seat #3 is the button
Seat 1: TinaTurner72 ($80.11 in chips)
Seat 3: MaSnaQ9 ($364.38 in chips)
MaSnaQ9: posts small blind $1
TinaTurner72: posts big blind $3
*** HOLE CARDS ***
MaSnaQ9: calls $2
TinaTurner72: checks
*** FLOP *** [Ad 9h 9s]
TinaTurner72: checks
MaSnaQ9: checks
*** TURN *** [Ad 9h 9s] [Qh]
TinaTurner72: checks
MaSnaQ9: checks
*** RIVER *** [Ad 9h 9s Qh] [3d]
TinaTurner72: checks
MaSnaQ9: checks
*** SHOW DOWN ***
TinaTurner72: shows [4c Jd] (a pair of Nines)
MaSnaQ9: shows [Js 7s] (a pair of Nines)
TinaTurner72 collected $2.94 from pot
MaSnaQ9 collected $2.94 from pot
*** SUMMARY ***
Total pot $6 | Rake $0.12
Board [Ad 9h 9s Qh 3d]
Seat 1: TinaTurner72 (big blind) showed [4c Jd] and won ($2.94) with a pair of Nines
Seat 3: MaSnaQ9 (button) (small blind) showed [Js 7s] and won ($2.94) with a pair of Nines


PokerStars Hand #148481926722:  Hold'em Limit ($3/$6 USD) - 2016/02/08 20:47:07 ET
Table 'Siarnaq' 6-max Seat #1 is the button
Seat 1: TinaTurner72 ($72.05 in chips)
Seat 3: MaSnaQ9 ($371.96 in chips)
TinaTurner72: posts small blind $1
MaSnaQ9: posts big blind $3
*** HOLE CARDS ***
TinaTurner72: raises $3 to $6
MaSnaQ9: calls $3
*** FLOP *** [3s Ts 8s]
MaSnaQ9: checks
TinaTurner72: bets $3
MaSnaQ9: folds
Uncalled bet ($3) returned to TinaTurner72
TinaTurner72 collected $11.76 from pot
TinaTurner72: doesn't show hand
*** SUMMARY ***
Total pot $12 | Rake $0.24
Board [3s Ts 8s]
Seat 1: TinaTurner72 (button) (small blind) collected ($11.76)
Seat 3: MaSnaQ9 (big blind) folded on the Flop


PokerStars Hand #148481907358:  Hold'em Limit ($3/$6 USD) - 2016/02/08 20:46:27 ET
Table 'Siarnaq' 6-max Seat #1 is the button
Seat 1: TinaTurner72 ($80.05 in chips)
Seat 3: MaSnaQ9 ($364.32 in chips)
TinaTurner72: posts small blind $1
MaSnaQ9: posts big blind $3
*** HOLE CARDS ***
TinaTurner72: raises $3 to $6
MaSnaQ9: raises $3 to $9
TinaTurner72: calls $3
*** FLOP *** [2h 5d 4d]
MaSnaQ9: checks
TinaTurner72: checks
*** TURN *** [2h 5d 4d] [9s]
MaSnaQ9: checks
TinaTurner72: checks
*** RIVER *** [2h 5d 4d 9s] [6c]
MaSnaQ9: bets $6
TinaTurner72: folds
Uncalled bet ($6) returned to MaSnaQ9
MaSnaQ9 collected $17.64 from pot
MaSnaQ9: doesn't show hand
*** SUMMARY ***
Total pot $18 | Rake $0.36
Board [2h 5d 4d 9s 6c]
Seat 1: TinaTurner72 (button) (small blind) folded on the River
Seat 3: MaSnaQ9 (big blind) collected ($17.64)


PokerStars Hand #148481921681:  Hold'em Limit ($3/$6 USD) - 2016/02/08 20:46:57 ET
Table 'Siarnaq' 6-max Seat #3 is the button
Seat 1: TinaTurner72 ($71.05 in chips)
Seat 3: MaSnaQ9 ($372.96 in chips)
MaSnaQ9: posts small blind $1
TinaTurner72: posts big blind $3
*** HOLE CARDS ***
MaSnaQ9: folds
Uncalled bet ($2) returned to TinaTurner72
TinaTurner72 collected $2 from pot
TinaTurner72: doesn't show hand
*** SUMMARY ***
Total pot $2 | Rake $0
Seat 1: TinaTurner72 (big blind) collected ($2)
Seat 3: MaSnaQ9 (button) (small blind) folded before Flop


PokerStars Hand #148481952909:  Hold'em Limit ($3/$6 USD) - 2016/02/08 20:48:00 ET
Table 'Siarnaq' 6-max Seat #1 is the button
Seat 1: TinaTurner72 ($68.81 in chips)
Seat 3: MaSnaQ9 ($374.48 in chips)
TinaTurner72: posts small blind $1
MaSnaQ9: posts big blind $3
*** HOLE CARDS ***
TinaTurner72: raises $3 to $6
MaSnaQ9: folds
Uncalled bet ($3) returned to TinaTurner72
TinaTurner72 collected $6 from pot
TinaTurner72: doesn't show hand
*** SUMMARY ***
Total pot $6 | Rake $0
Seat 1: TinaTurner72 (button) (small blind) collected ($6)
Seat 3: MaSnaQ9 (big blind) folded before Flop


PokerStars Hand #148481945656:  Hold'em Limit ($3/$6 USD) - 2016/02/08 20:47:46 ET
Table 'Siarnaq' 6-max Seat #3 is the button
Seat 1: TinaTurner72 ($74.81 in chips)
Seat 3: MaSnaQ9 ($368.72 in chips)
MaSnaQ9: posts small blind $1
TinaTurner72: posts big blind $3
*** HOLE CARDS ***
MaSnaQ9: raises $3 to $6
TinaTurner72: calls $3
*** FLOP *** [5c 8c Th]
TinaTurner72: checks
MaSnaQ9: bets $3
TinaTurner72: folds
Uncalled bet ($3) returned to MaSnaQ9
MaSnaQ9 collected $11.76 from pot
MaSnaQ9: doesn't show hand
*** SUMMARY ***
Total pot $12 | Rake $0.24
Board [5c 8c Th]
Seat 1: TinaTurner72 (big blind) folded on the Flop
Seat 3: MaSnaQ9 (button) (small blind) collected ($11.76)


PokerStars Hand #148481940790:  Hold'em Limit ($3/$6 USD) - 2016/02/08 20:47:36 ET
Table 'Siarnaq' 6-max Seat #1 is the button
Seat 1: TinaTurner72 ($71.81 in chips)
Seat 3: MaSnaQ9 ($371.72 in chips)
TinaTurner72: posts small blind $1
MaSnaQ9: posts big blind $3
*** HOLE CARDS ***
TinaTurner72: raises $3 to $6
MaSnaQ9: folds
Uncalled bet ($3) returned to TinaTurner72
TinaTurner72 collected $6 from pot
TinaTurner72: doesn't show hand
*** SUMMARY ***
Total pot $6 | Rake $0
Seat 1: TinaTurner72 (button) (small blind) collected ($6)
Seat 3: MaSnaQ9 (big blind) folded before Flop


PokerStars Hand #148481932715:  Hold'em Limit ($3/$6 USD) - 2016/02/08 20:47:19 ET
Table 'Siarnaq' 6-max Seat #3 is the button
Seat 1: TinaTurner72 ($77.81 in chips)
Seat 3: MaSnaQ9 ($365.96 in chips)
MaSnaQ9: posts small blind $1
TinaTurner72: posts big blind $3
*** HOLE CARDS ***
MaSnaQ9: raises $3 to $6
TinaTurner72: calls $3
*** FLOP *** [Ac 3d 5c]
TinaTurner72: checks
MaSnaQ9: bets $3
TinaTurner72: folds
Uncalled bet ($3) returned to MaSnaQ9
MaSnaQ9 collected $11.76 from pot
MaSnaQ9: doesn't show hand
*** SUMMARY ***
Total pot $12 | Rake $0.24
Board [Ac 3d 5c]
Seat 1: TinaTurner72 (big blind) folded on the Flop
Seat 3: MaSnaQ9 (button) (small blind) collected ($11.76)


PokerStars Hand #148481957961:  Hold'em Limit ($3/$6 USD) - 2016/02/08 20:48:11 ET
Table 'Siarnaq' 6-max Seat #3 is the button
Seat 1: TinaTurner72 ($71.81 in chips)
Seat 3: MaSnaQ9 ($371.48 in chips)
MaSnaQ9: posts small blind $1
TinaTurner72: posts big blind $3
*** HOLE CARDS ***
MaSnaQ9: folds
Uncalled bet ($2) returned to TinaTurner72
TinaTurner72 collected $2 from pot
TinaTurner72: doesn't show hand
*** SUMMARY ***
Total pot $2 | Rake $0
Seat 1: TinaTurner72 (big blind) collected ($2)
Seat 3: MaSnaQ9 (button) (small blind) folded before Flop


PokerStars Hand #148481960555:  Hold'em Limit ($3/$6 USD) - 2016/02/08 20:48:16 ET
Table 'Siarnaq' 6-max Seat #1 is the button
Seat 1: TinaTurner72 ($72.81 in chips)
Seat 3: MaSnaQ9 ($370.48 in chips)
TinaTurner72: posts small blind $1
MaSnaQ9: posts big blind $3
*** HOLE CARDS ***
TinaTurner72: raises $3 to $6
MaSnaQ9: folds
Uncalled bet ($3) returned to TinaTurner72
TinaTurner72 collected $6 from pot
TinaTurner72: doesn't show hand
*** SUMMARY ***
Total pot $6 | Rake $0
Seat 1: TinaTurner72 (button) (small blind) collected ($6)
Seat 3: MaSnaQ9 (big blind) folded before Flop


PokerStars Hand #148481964557:  Hold'em Limit ($3/$6 USD) - 2016/02/08 20:48:24 ET
Table 'Siarnaq' 6-max Seat #3 is the button
Seat 1: TinaTurner72 ($75.81 in chips)
Seat 3: MaSnaQ9 ($367.48 in chips)
MaSnaQ9: posts small blind $1
TinaTurner72: posts big blind $3
*** HOLE CARDS ***
MaSnaQ9: raises $3 to $6
TinaTurner72: calls $3
*** FLOP *** [9c 5s Ah]
TinaTurner72: checks
MaSnaQ9: bets $3
TinaTurner72: folds
Uncalled bet ($3) returned to MaSnaQ9
MaSnaQ9 collected $11.76 from pot
MaSnaQ9: doesn't show hand
*** SUMMARY ***
Total pot $12 | Rake $0.24
Board [9c 5s Ah]
Seat 1: TinaTurner72 (big blind) folded on the Flop
Seat 3: MaSnaQ9 (button) (small blind) collected ($11.76)


PokerStars Hand #148481976135:  Hold'em Limit ($3/$6 USD) - 2016/02/08 20:48:48 ET
Table 'Siarnaq' 6-max Seat #3 is the button
Seat 1: TinaTurner72 ($68.81 in chips)
Seat 3: MaSnaQ9 ($374.24 in chips)
MaSnaQ9: posts small blind $1
TinaTurner72: posts big blind $3
*** HOLE CARDS ***
MaSnaQ9: folds
Uncalled bet ($2) returned to TinaTurner72
TinaTurner72 collected $2 from pot
TinaTurner72: doesn't show hand
*** SUMMARY ***
Total pot $2 | Rake $0
Seat 1: TinaTurner72 (big blind) collected ($2)
Seat 3: MaSnaQ9 (button) (small blind) folded before Flop


PokerStars Hand #148481973220:  Hold'em Limit ($3/$6 USD) - 2016/02/08 20:48:42 ET
Table 'Siarnaq' 6-max Seat #1 is the button
Seat 1: TinaTurner72 ($69.81 in chips)
Seat 3: MaSnaQ9 ($373.24 in chips)
TinaTurner72: posts small blind $1
MaSnaQ9: posts big blind $3
*** HOLE CARDS ***
TinaTurner72: folds
Uncalled bet ($2) returned to MaSnaQ9
MaSnaQ9 collected $2 from pot
MaSnaQ9: doesn't show hand
*** SUMMARY ***
Total pot $2 | Rake $0
Seat 1: TinaTurner72 (button) (small blind) folded before Flop
Seat 3: MaSnaQ9 (big blind) collected ($2)


PokerStars Hand #148481998574:  Hold'em Limit ($3/$6 USD) - 2016/02/08 20:49:34 ET
Table 'Siarnaq' 6-max Seat #3 is the button
Seat 1: TinaTurner72 ($78.45 in chips)
Seat 3: MaSnaQ9 ($364.24 in chips)
MaSnaQ9: posts small blind $1
TinaTurner72: posts big blind $3
*** HOLE CARDS ***
MaSnaQ9: folds
Uncalled bet ($2) returned to TinaTurner72
TinaTurner72 collected $2 from pot
TinaTurner72: doesn't show hand
*** SUMMARY ***
Total pot $2 | Rake $0
Seat 1: TinaTurner72 (big blind) collected ($2)
Seat 3: MaSnaQ9 (button) (small blind) folded before Flop


PokerStars Hand #148481978495:  Hold'em Limit ($3/$6 USD) - 2016/02/08 20:48:53 ET
Table 'Siarnaq' 6-max Seat #1 is the button
Seat 1: TinaTurner72 ($69.81 in chips)
Seat 3: MaSnaQ9 ($373.24 in chips)
TinaTurner72: posts small blind $1
MaSnaQ9: posts big blind $3
*** HOLE CARDS ***
TinaTurner72: raises $3 to $6
MaSnaQ9: calls $3
*** FLOP *** [Tc As Ks]
MaSnaQ9: checks
TinaTurner72: bets $3
MaSnaQ9: calls $3
*** TURN *** [Tc As Ks] [8s]
MaSnaQ9: checks
TinaTurner72: checks
*** RIVER *** [Tc As Ks 8s] [9s]
MaSnaQ9: checks
TinaTurner72: checks
*** SHOW DOWN ***
MaSnaQ9: shows [6c Jc] (high card Ace)
TinaTurner72: shows [9d Qh] (a pair of Nines)
TinaTurner72 collected $17.64 from pot
*** SUMMARY ***
Total pot $18 | Rake $0.36
Board [Tc As Ks 8s 9s]
Seat 1: TinaTurner72 (button) (small blind) showed [9d Qh] and won ($17.64) with a pair of Nines
Seat 3: MaSnaQ9 (big blind) showed [6c Jc] and lost with high card Ace


PokerStars Hand #148482000611:  Hold'em Limit ($3/$6 USD) - 2016/02/08 20:49:38 ET
Table 'Siarnaq' 6-max Seat #1 is the button
Seat 1: TinaTurner72 ($79.45 in chips)
Seat 3: MaSnaQ9 ($363.24 in chips)
TinaTurner72: posts small blind $1
MaSnaQ9: posts big blind $3
*** HOLE CARDS ***
TinaTurner72: raises $3 to $6
MaSnaQ9: folds
Uncalled bet ($3) returned to TinaTurner72
TinaTurner72 collected $6 from pot
TinaTurner72: doesn't show hand
*** SUMMARY ***
Total pot $6 | Rake $0
Seat 1: TinaTurner72 (button) (small blind) collected ($6)
Seat 3: MaSnaQ9 (big blind) folded before Flop


PokerStars Hand #148482022918:  Hold'em Limit ($3/$6 USD) - 2016/02/08 20:50:25 ET
Table 'Siarnaq' 6-max Seat #1 is the button
Seat 1: TinaTurner72 ($79.45 in chips)
Seat 3: MaSnaQ9 ($363.12 in chips)
TinaTurner72: posts small blind $1
MaSnaQ9: posts big blind $3
*** HOLE CARDS ***
TinaTurner72: folds
Uncalled bet ($2) returned to MaSnaQ9
MaSnaQ9 collected $2 from pot
MaSnaQ9: doesn't show hand
*** SUMMARY ***
Total pot $2 | Rake $0
Seat 1: TinaTurner72 (button) (small blind) folded before Flop
Seat 3: MaSnaQ9 (big blind) collected ($2)


PokerStars Hand #148482004406:  Hold'em Limit ($3/$6 USD) - 2016/02/08 20:49:46 ET
Table 'Siarnaq' 6-max Seat #3 is the button
Seat 1: TinaTurner72 ($82.45 in chips)
Seat 3: MaSnaQ9 ($360.24 in chips)
MaSnaQ9: posts small blind $1
TinaTurner72: posts big blind $3
*** HOLE CARDS ***
MaSnaQ9: calls $2
TinaTurner72: checks
*** FLOP *** [Ks Kh Ah]
TinaTurner72: checks
MaSnaQ9: bets $3
TinaTurner72: folds
Uncalled bet ($3) returned to MaSnaQ9
MaSnaQ9 collected $5.88 from pot
MaSnaQ9: doesn't show hand
*** SUMMARY ***
Total pot $6 | Rake $0.12
Board [Ks Kh Ah]
Seat 1: TinaTurner72 (big blind) folded on the Flop
Seat 3: MaSnaQ9 (button) (small blind) collected ($5.88)


PokerStars Hand #148482041433:  Hold'em Limit ($3/$6 USD) - 2016/02/08 20:51:03 ET
Table 'Siarnaq' 6-max Seat #1 is the button
Seat 1: TinaTurner72 ($72.45 in chips)
Seat 3: MaSnaQ9 ($369.88 in chips)
TinaTurner72: posts small blind $1
MaSnaQ9: posts big blind $3
*** HOLE CARDS ***
TinaTurner72: folds
Uncalled bet ($2) returned to MaSnaQ9
MaSnaQ9 collected $2 from pot
MaSnaQ9: doesn't show hand
*** SUMMARY ***
Total pot $2 | Rake $0
Seat 1: TinaTurner72 (button) (small blind) folded before Flop
Seat 3: MaSnaQ9 (big blind) collected ($2)


PokerStars Hand #148482025188:  Hold'em Limit ($3/$6 USD) - 2016/02/08 20:50:29 ET
Table 'Siarnaq' 6-max Seat #3 is the button
Seat 1: TinaTurner72 ($78.45 in chips)
Seat 3: MaSnaQ9 ($364.12 in chips)
MaSnaQ9: posts small blind $1
TinaTurner72: posts big blind $3
*** HOLE CARDS ***
MaSnaQ9: raises $3 to $6
TinaTurner72: calls $3
*** FLOP *** [4d 6s 8d]
TinaTurner72: checks
MaSnaQ9: checks
*** TURN *** [4d 6s 8d] [Ac]
TinaTurner72: checks
MaSnaQ9: checks
*** RIVER *** [4d 6s 8d Ac] [Ks]
TinaTurner72: checks
MaSnaQ9: bets $6
TinaTurner72: folds
Uncalled bet ($6) returned to MaSnaQ9
MaSnaQ9 collected $11.76 from pot
MaSnaQ9: doesn't show hand
*** SUMMARY ***
Total pot $12 | Rake $0.24
Board [4d 6s 8d Ac Ks]
Seat 1: TinaTurner72 (big blind) folded on the River
Seat 3: MaSnaQ9 (button) (small blind) collected ($11.76)


PokerStars Hand #148482067281:  Hold'em Limit ($3/$6 USD) - 2016/02/08 20:51:57 ET
Table 'Siarnaq' 6-max Seat #3 is the button
Seat 1: TinaTurner72 ($74.97 in chips)
Seat 3: MaSnaQ9 ($366.64 in chips)
MaSnaQ9: posts small blind $1
TinaTurner72: posts big blind $3
*** HOLE CARDS ***
MaSnaQ9: raises $3 to $6
TinaTurner72: calls $3
*** FLOP *** [Qs Th 5c]
TinaTurner72: checks
MaSnaQ9: bets $3
TinaTurner72: raises $3 to $6
MaSnaQ9: folds
Uncalled bet ($3) returned to TinaTurner72
TinaTurner72 collected $17.64 from pot
TinaTurner72: doesn't show hand
*** SUMMARY ***
Total pot $18 | Rake $0.36
Board [Qs Th 5c]
Seat 1: TinaTurner72 (big blind) collected ($17.64)
Seat 3: MaSnaQ9 (button) (small blind) folded on the Flop


PokerStars Hand #148482061540:  Hold'em Limit ($3/$6 USD) - 2016/02/08 20:51:45 ET
Table 'Siarnaq' 6-max Seat #1 is the button
Seat 1: TinaTurner72 ($75.97 in chips)
Seat 3: MaSnaQ9 ($365.64 in chips)
TinaTurner72: posts small blind $1
MaSnaQ9: posts big blind $3
*** HOLE CARDS ***
TinaTurner72: folds
Uncalled bet ($2) returned to MaSnaQ9
MaSnaQ9 collected $2 from pot
MaSnaQ9: doesn't show hand
*** SUMMARY ***
Total pot $2 | Rake $0
Seat 1: TinaTurner72 (button) (small blind) folded before Flop
Seat 3: MaSnaQ9 (big blind) collected ($2)


PokerStars Hand #148482054608:  Hold'em Limit ($3/$6 USD) - 2016/02/08 20:51:31 ET
Table 'Siarnaq' 6-max Seat #3 is the button
Seat 1: TinaTurner72 ($64.45 in chips)
Seat 3: MaSnaQ9 ($377.64 in chips)
MaSnaQ9: posts small blind $1
TinaTurner72: posts big blind $3
*** HOLE CARDS ***
MaSnaQ9: raises $3 to $6
TinaTurner72: raises $3 to $9
MaSnaQ9: calls $3
*** FLOP *** [9d 2s Js]
TinaTurner72: bets $3
MaSnaQ9: calls $3
*** TURN *** [9d 2s Js] [Kd]
TinaTurner72: bets $6
MaSnaQ9: folds
Uncalled bet ($6) returned to TinaTurner72
TinaTurner72 collected $23.52 from pot
TinaTurner72: doesn't show hand
*** SUMMARY ***
Total pot $24 | Rake $0.48
Board [9d 2s Js Kd]
Seat 1: TinaTurner72 (big blind) collected ($23.52)
Seat 3: MaSnaQ9 (button) (small blind) folded on the Turn


PokerStars Hand #148482052395:  Hold'em Limit ($3/$6 USD) - 2016/02/08 20:51:26 ET
Table 'Siarnaq' 6-max Seat #1 is the button
Seat 1: TinaTurner72 ($65.45 in chips)
Seat 3: MaSnaQ9 ($376.64 in chips)
TinaTurner72: posts small blind $1
MaSnaQ9: posts big blind $3
*** HOLE CARDS ***
TinaTurner72: folds
Uncalled bet ($2) returned to MaSnaQ9
MaSnaQ9 collected $2 from pot
MaSnaQ9: doesn't show hand
*** SUMMARY ***
Total pot $2 | Rake $0
Seat 1: TinaTurner72 (button) (small blind) folded before Flop
Seat 3: MaSnaQ9 (big blind) collected ($2)


PokerStars Hand #148482043923:  Hold'em Limit ($3/$6 USD) - 2016/02/08 20:51:08 ET
Table 'Siarnaq' 6-max Seat #3 is the button
Seat 1: TinaTurner72 ($71.45 in chips)
Seat 3: MaSnaQ9 ($370.88 in chips)
MaSnaQ9: posts small blind $1
TinaTurner72: posts big blind $3
*** HOLE CARDS ***
MaSnaQ9: raises $3 to $6
TinaTurner72: calls $3
*** FLOP *** [Kd As Th]
TinaTurner72: checks
MaSnaQ9: bets $3
TinaTurner72: folds
Uncalled bet ($3) returned to MaSnaQ9
MaSnaQ9 collected $11.76 from pot
MaSnaQ9: doesn't show hand
*** SUMMARY ***
Total pot $12 | Rake $0.24
Board [Kd As Th]
Seat 1: TinaTurner72 (big blind) folded on the Flop
Seat 3: MaSnaQ9 (button) (small blind) collected ($11.76)


PokerStars Hand #148482074374:  Hold'em Limit ($3/$6 USD) - 2016/02/08 20:52:13 ET
Table 'Siarnaq' 6-max Seat #1 is the button
Seat 1: TinaTurner72 ($83.61 in chips)
Seat 3: MaSnaQ9 ($357.64 in chips)
TinaTurner72: posts small blind $1
MaSnaQ9: posts big blind $3
*** HOLE CARDS ***
TinaTurner72: raises $3 to $6
MaSnaQ9: calls $3
*** FLOP *** [Ah 3s 6d]
MaSnaQ9: checks
TinaTurner72: bets $3
MaSnaQ9: calls $3
*** TURN *** [Ah 3s 6d] [7c]
MaSnaQ9: checks
TinaTurner72: bets $6
MaSnaQ9: calls $6
*** RIVER *** [Ah 3s 6d 7c] [4h]
MaSnaQ9: checks
TinaTurner72: checks
*** SHOW DOWN ***
MaSnaQ9: shows [Js 6h] (a pair of Sixes)
TinaTurner72: shows [7s Kh] (a pair of Sevens)
TinaTurner72 collected $29.50 from pot
*** SUMMARY ***
Total pot $30 | Rake $0.50
Board [Ah 3s 6d 7c 4h]
Seat 1: TinaTurner72 (button) (small blind) showed [7s Kh] and won ($29.50) with a pair of Sevens
Seat 3: MaSnaQ9 (big blind) showed [Js 6h] and lost with a pair of Sixes


PokerStars Hand #148482094920:  Hold'em Limit ($3/$6 USD) - 2016/02/08 20:52:56 ET
Table 'Siarnaq' 6-max Seat #3 is the button
Seat 1: TinaTurner72 ($98.11 in chips)
Seat 3: MaSnaQ9 ($342.64 in chips)
MaSnaQ9: posts small blind $1
TinaTurner72: posts big blind $3
*** HOLE CARDS ***
MaSnaQ9: raises $3 to $6
TinaTurner72: calls $3
*** FLOP *** [Jh 9s Qh]
TinaTurner72: checks
MaSnaQ9: bets $3
TinaTurner72: raises $3 to $6
MaSnaQ9: folds
Uncalled bet ($3) returned to TinaTurner72
TinaTurner72 collected $17.64 from pot
TinaTurner72: doesn't show hand
*** SUMMARY ***
Total pot $18 | Rake $0.36
Board [Jh 9s Qh]
Seat 1: TinaTurner72 (big blind) collected ($17.64)
Seat 3: MaSnaQ9 (button) (small blind) folded on the Flop


PokerStars Hand #148482112408:  Hold'em Limit ($3/$6 USD) - 2016/02/08 20:53:33 ET
Table 'Siarnaq' 6-max Seat #3 is the button
Seat 1: TinaTurner72 ($97.75 in chips)
Seat 3: MaSnaQ9 ($342.28 in chips)
MaSnaQ9: posts small blind $1
TinaTurner72: posts big blind $3
*** HOLE CARDS ***
MaSnaQ9: raises $3 to $6
TinaTurner72: calls $3
*** FLOP *** [Tc Jc Th]
TinaTurner72: checks
MaSnaQ9: bets $3
TinaTurner72: calls $3
*** TURN *** [Tc Jc Th] [Jh]
TinaTurner72: checks
MaSnaQ9: bets $6
TinaTurner72: calls $6
*** RIVER *** [Tc Jc Th Jh] [7s]
TinaTurner72: checks
MaSnaQ9: bets $6
TinaTurner72: calls $6
*** SHOW DOWN ***
MaSnaQ9: shows [Ac 4c] (two pair, Jacks and Tens)
TinaTurner72: mucks hand
MaSnaQ9 collected $41.50 from pot
*** SUMMARY ***
Total pot $42 | Rake $0.50
Board [Tc Jc Th Jh 7s]
Seat 1: TinaTurner72 (big blind) mucked
Seat 3: MaSnaQ9 (button) (small blind) showed [Ac 4c] and won ($41.50) with two pair, Jacks and Tens


PokerStars Hand #148482100260:  Hold'em Limit ($3/$6 USD) - 2016/02/08 20:53:08 ET
Table 'Siarnaq' 6-max Seat #1 is the button
Seat 1: TinaTurner72 ($106.75 in chips)
Seat 3: MaSnaQ9 ($333.64 in chips)
TinaTurner72: posts small blind $1
MaSnaQ9: posts big blind $3
*** HOLE CARDS ***
TinaTurner72: raises $3 to $6
MaSnaQ9: calls $3
*** FLOP *** [3h Qc 9h]
MaSnaQ9: checks
TinaTurner72: bets $3
MaSnaQ9: calls $3
*** TURN *** [3h Qc 9h] [Td]
MaSnaQ9: checks
TinaTurner72: checks
*** RIVER *** [3h Qc 9h Td] [8s]
MaSnaQ9: bets $6
TinaTurner72: folds
Uncalled bet ($6) returned to MaSnaQ9
MaSnaQ9 collected $17.64 from pot
MaSnaQ9: doesn't show hand
*** SUMMARY ***
Total pot $18 | Rake $0.36
Board [3h Qc 9h Td 8s]
Seat 1: TinaTurner72 (button) (small blind) folded on the River
Seat 3: MaSnaQ9 (big blind) collected ($17.64)


PokerStars Hand #148482154258:  Hold'em Limit ($3/$6 USD) - 2016/02/08 20:55:02 ET
Table 'Siarnaq' 6-max Seat #1 is the button
Seat 1: TinaTurner72 ($85.25 in chips)
Seat 3: MaSnaQ9 ($353.54 in chips)
TinaTurner72: posts small blind $1
MaSnaQ9: posts big blind $3
*** HOLE CARDS ***
TinaTurner72: raises $3 to $6
MaSnaQ9: calls $3
*** FLOP *** [6h 4h 6s]
MaSnaQ9: checks
TinaTurner72: bets $3
MaSnaQ9: folds
Uncalled bet ($3) returned to TinaTurner72
TinaTurner72 collected $11.76 from pot
TinaTurner72: doesn't show hand
*** SUMMARY ***
Total pot $12 | Rake $0.24
Board [6h 4h 6s]
Seat 1: TinaTurner72 (button) (small blind) collected ($11.76)
Seat 3: MaSnaQ9 (big blind) folded on the Flop


PokerStars Hand #148482129704:  Hold'em Limit ($3/$6 USD) - 2016/02/08 20:54:10 ET
Table 'Siarnaq' 6-max Seat #1 is the button
Seat 1: TinaTurner72 ($76.75 in chips)
Seat 3: MaSnaQ9 ($362.78 in chips)
TinaTurner72: posts small blind $1
MaSnaQ9: posts big blind $3
*** HOLE CARDS ***
TinaTurner72: raises $3 to $6
MaSnaQ9: calls $3
*** FLOP *** [Js Th 5h]
MaSnaQ9: checks
TinaTurner72: bets $3
MaSnaQ9: calls $3
*** TURN *** [Js Th 5h] [Ts]
MaSnaQ9: checks
TinaTurner72: bets $6
MaSnaQ9: calls $6
*** RIVER *** [Js Th 5h Ts] [Ac]
MaSnaQ9: checks
TinaTurner72: checks
*** SHOW DOWN ***
MaSnaQ9: shows [3h 3c] (two pair, Tens and Threes)
TinaTurner72: shows [Jd Kd] (two pair, Jacks and Tens)
TinaTurner72 collected $29.50 from pot
*** SUMMARY ***
Total pot $30 | Rake $0.50
Board [Js Th 5h Ts Ac]
Seat 1: TinaTurner72 (button) (small blind) showed [Jd Kd] and won ($29.50) with two pair, Jacks and Tens
Seat 3: MaSnaQ9 (big blind) showed [3h 3c] and lost with two pair, Tens and Threes


PokerStars Hand #148482145874:  Hold'em Limit ($3/$6 USD) - 2016/02/08 20:54:44 ET
Table 'Siarnaq' 6-max Seat #3 is the button
Seat 1: TinaTurner72 ($91.25 in chips)
Seat 3: MaSnaQ9 ($347.78 in chips)
MaSnaQ9: posts small blind $1
TinaTurner72: posts big blind $3
*** HOLE CARDS ***
MaSnaQ9: raises $3 to $6
TinaTurner72: calls $3
*** FLOP *** [Kh 7s Qh]
TinaTurner72: checks
MaSnaQ9: bets $3
TinaTurner72: folds
Uncalled bet ($3) returned to MaSnaQ9
MaSnaQ9 collected $11.76 from pot
MaSnaQ9: doesn't show hand
*** SUMMARY ***
Total pot $12 | Rake $0.24
Board [Kh 7s Qh]
Seat 1: TinaTurner72 (big blind) folded on the Flop
Seat 3: MaSnaQ9 (button) (small blind) collected ($11.76)


PokerStars Hand #148482167855:  Hold'em Limit ($3/$6 USD) - 2016/02/08 20:55:35 ET
Table 'Siarnaq' 6-max Seat #1 is the button
Seat 1: TinaTurner72 ($108.51 in chips)
Seat 3: MaSnaQ9 ($329.54 in chips)
TinaTurner72: posts small blind $1
MaSnaQ9: posts big blind $3
*** HOLE CARDS ***
TinaTurner72: raises $3 to $6
MaSnaQ9: calls $3
*** FLOP *** [8d Qh 7h]
MaSnaQ9: checks
TinaTurner72: bets $3
MaSnaQ9: calls $3
*** TURN *** [8d Qh 7h] [Td]
MaSnaQ9: checks
TinaTurner72: checks
*** RIVER *** [8d Qh 7h Td] [Qd]
MaSnaQ9: checks
TinaTurner72: checks
*** SHOW DOWN ***
MaSnaQ9: shows [9c Kd] (a pair of Queens)
TinaTurner72: shows [9h Ad] (a pair of Queens - Ace kicker)
TinaTurner72 collected $17.64 from pot
*** SUMMARY ***
Total pot $18 | Rake $0.36
Board [8d Qh 7h Td Qd]
Seat 1: TinaTurner72 (button) (small blind) showed [9h Ad] and won ($17.64) with a pair of Queens
Seat 3: MaSnaQ9 (big blind) showed [9c Kd] and lost with a pair of Queens


PokerStars Hand #148482178515:  Hold'em Limit ($3/$6 USD) - 2016/02/08 20:56:02 ET
Table 'Siarnaq' 6-max Seat #3 is the button
Seat 1: TinaTurner72 ($117.15 in chips)
Seat 3: MaSnaQ9 ($320.54 in chips)
MaSnaQ9: posts small blind $1
TinaTurner72: posts big blind $3
*** HOLE CARDS ***
MaSnaQ9: raises $3 to $6
TinaTurner72: calls $3
*** FLOP *** [Jd Ad Js]
TinaTurner72: checks
MaSnaQ9: bets $3
TinaTurner72: folds
Uncalled bet ($3) returned to MaSnaQ9
MaSnaQ9 collected $11.76 from pot
MaSnaQ9: doesn't show hand
*** SUMMARY ***
Total pot $12 | Rake $0.24
Board [Jd Ad Js]
Seat 1: TinaTurner72 (big blind) folded on the Flop
Seat 3: MaSnaQ9 (button) (small blind) collected ($11.76)


PokerStars Hand #148482160720:  Hold'em Limit ($3/$6 USD) - 2016/02/08 20:55:18 ET
Table 'Siarnaq' 6-max Seat #3 is the button
Seat 1: TinaTurner72 ($91.01 in chips)
Seat 3: MaSnaQ9 ($347.54 in chips)
MaSnaQ9: posts small blind $1
TinaTurner72: posts big blind $3
*** HOLE CARDS ***
MaSnaQ9: raises $3 to $6
TinaTurner72: calls $3
*** FLOP *** [4d 9d 8d]
TinaTurner72: checks
MaSnaQ9: checks
*** TURN *** [4d 9d 8d] [8c]
TinaTurner72: bets $6
MaSnaQ9: calls $6
*** RIVER *** [4d 9d 8d 8c] [2c]
TinaTurner72: bets $6
MaSnaQ9: calls $6
*** SHOW DOWN ***
TinaTurner72: shows [8s 4c] (a full house, Eights full of Fours)
MaSnaQ9: mucks hand
TinaTurner72 collected $35.50 from pot
*** SUMMARY ***
Total pot $36 | Rake $0.50
Board [4d 9d 8d 8c 2c]
Seat 1: TinaTurner72 (big blind) showed [8s 4c] and won ($35.50) with a full house, Eights full of Fours
Seat 3: MaSnaQ9 (button) (small blind) mucked


PokerStars Hand #148482185254:  Hold'em Limit ($3/$6 USD) - 2016/02/08 20:56:19 ET
Table 'Siarnaq' 6-max Seat #1 is the button
Seat 1: TinaTurner72 ($111.15 in chips)
Seat 3: MaSnaQ9 ($326.30 in chips)
TinaTurner72: posts small blind $1
MaSnaQ9: posts big blind $3
*** HOLE CARDS ***
TinaTurner72: raises $3 to $6
MaSnaQ9: calls $3
*** FLOP *** [4h Kh 3s]
MaSnaQ9: checks
TinaTurner72: bets $3
MaSnaQ9: folds
Uncalled bet ($3) returned to TinaTurner72
TinaTurner72 collected $11.76 from pot
TinaTurner72: doesn't show hand
*** SUMMARY ***
Total pot $12 | Rake $0.24
Board [4h Kh 3s]
Seat 1: TinaTurner72 (button) (small blind) collected ($11.76)
Seat 3: MaSnaQ9 (big blind) folded on the Flop


PokerStars Hand #148482190802:  Hold'em Limit ($3/$6 USD) - 2016/02/08 20:56:32 ET
Table 'Siarnaq' 6-max Seat #3 is the button
Seat 1: TinaTurner72 ($116.91 in chips)
Seat 3: MaSnaQ9 ($320.30 in chips)
MaSnaQ9: posts small blind $1
TinaTurner72: posts big blind $3
*** HOLE CARDS ***
MaSnaQ9: raises $3 to $6
TinaTurner72: calls $3
*** FLOP *** [9d 7h 2s]
TinaTurner72: checks
MaSnaQ9: bets $3
TinaTurner72: folds
Uncalled bet ($3) returned to MaSnaQ9
MaSnaQ9 collected $11.76 from pot
MaSnaQ9: doesn't show hand
*** SUMMARY ***
Total pot $12 | Rake $0.24
Board [9d 7h 2s]
Seat 1: TinaTurner72 (big blind) folded on the Flop
Seat 3: MaSnaQ9 (button) (small blind) collected ($11.76)


PokerStars Hand #148482215993:  Hold'em Limit ($3/$6 USD) - 2016/02/08 20:57:36 ET
Table 'Siarnaq' 6-max Seat #1 is the button
Seat 1: TinaTurner72 ($107.91 in chips)
Seat 3: MaSnaQ9 ($328.82 in chips)
TinaTurner72: posts small blind $1
MaSnaQ9: posts big blind $3
*** HOLE CARDS ***
TinaTurner72: folds
Uncalled bet ($2) returned to MaSnaQ9
MaSnaQ9 collected $2 from pot
MaSnaQ9: doesn't show hand
*** SUMMARY ***
Total pot $2 | Rake $0
Seat 1: TinaTurner72 (button) (small blind) folded before Flop
Seat 3: MaSnaQ9 (big blind) collected ($2)


PokerStars Hand #148482210103:  Hold'em Limit ($3/$6 USD) - 2016/02/08 20:57:21 ET
Table 'Siarnaq' 6-max Seat #3 is the button
Seat 1: TinaTurner72 ($113.91 in chips)
Seat 3: MaSnaQ9 ($323.06 in chips)
MaSnaQ9: posts small blind $1
TinaTurner72: posts big blind $3
*** HOLE CARDS ***
MaSnaQ9: raises $3 to $6
TinaTurner72: calls $3
*** FLOP *** [Jd 7c 2d]
TinaTurner72: checks
MaSnaQ9: bets $3
TinaTurner72: folds
Uncalled bet ($3) returned to MaSnaQ9
MaSnaQ9 collected $11.76 from pot
MaSnaQ9: doesn't show hand
*** SUMMARY ***
Total pot $12 | Rake $0.24
Board [Jd 7c 2d]
Seat 1: TinaTurner72 (big blind) folded on the Flop
Seat 3: MaSnaQ9 (button) (small blind) collected ($11.76)


PokerStars Hand #148482219104:  Hold'em Limit ($3/$6 USD) - 2016/02/08 20:57:44 ET
Table 'Siarnaq' 6-max Seat #3 is the button
Seat 1: TinaTurner72 ($106.91 in chips)
Seat 3: MaSnaQ9 ($329.82 in chips)
MaSnaQ9: posts small blind $1
TinaTurner72: posts big blind $3
*** HOLE CARDS ***
MaSnaQ9: raises $3 to $6
TinaTurner72: raises $3 to $9
MaSnaQ9: calls $3
*** FLOP *** [4h 3s Qh]
TinaTurner72: bets $3
MaSnaQ9: calls $3
*** TURN *** [4h 3s Qh] [6d]
TinaTurner72: bets $6
MaSnaQ9: calls $6
*** RIVER *** [4h 3s Qh 6d] [4d]
TinaTurner72: bets $6
MaSnaQ9: calls $6
*** SHOW DOWN ***
TinaTurner72: shows [Kh Kd] (two pair, Kings and Fours)
MaSnaQ9: mucks hand
TinaTurner72 collected $47.50 from pot
*** SUMMARY ***
Total pot $48 | Rake $0.50
Board [4h 3s Qh 6d 4d]
Seat 1: TinaTurner72 (big blind) showed [Kh Kd] and won ($47.50) with two pair, Kings and Fours
Seat 3: MaSnaQ9 (button) (small blind) mucked


PokerStars Hand #148482206281:  Hold'em Limit ($3/$6 USD) - 2016/02/08 20:57:12 ET
Table 'Siarnaq' 6-max Seat #1 is the button
Seat 1: TinaTurner72 ($110.91 in chips)
Seat 3: MaSnaQ9 ($326.06 in chips)
TinaTurner72: posts small blind $1
MaSnaQ9: posts big blind $3
*** HOLE CARDS ***
TinaTurner72: raises $3 to $6
MaSnaQ9: folds
Uncalled bet ($3) returned to TinaTurner72
TinaTurner72 collected $6 from pot
TinaTurner72: doesn't show hand
*** SUMMARY ***
Total pot $6 | Rake $0
Seat 1: TinaTurner72 (button) (small blind) collected ($6)
Seat 3: MaSnaQ9 (big blind) folded before Flop


PokerStars Hand #148482233353:  Hold'em Limit ($3/$6 USD) - 2016/02/08 20:58:11 ET
Table 'Siarnaq' 6-max Seat #1 is the button
Seat 1: TinaTurner72 ($130.41 in chips)
Seat 3: MaSnaQ9 ($305.82 in chips)
TinaTurner72: posts small blind $1
MaSnaQ9: posts big blind $3
*** HOLE CARDS ***
TinaTurner72: raises $3 to $6
MaSnaQ9: calls $3
*** FLOP *** [9s Tc 2s]
MaSnaQ9: checks
TinaTurner72: bets $3
MaSnaQ9: calls $3
*** TURN *** [9s Tc 2s] [2c]
MaSnaQ9: checks
TinaTurner72: bets $6
MaSnaQ9: raises $6 to $12
TinaTurner72: calls $6
*** RIVER *** [9s Tc 2s 2c] [Ks]
MaSnaQ9: bets $6
TinaTurner72: calls $6
*** SHOW DOWN ***
MaSnaQ9: shows [4h 2h] (three of a kind, Deuces)
TinaTurner72: mucks hand
MaSnaQ9 collected $53.50 from pot
*** SUMMARY ***
Total pot $54 | Rake $0.50
Board [9s Tc 2s 2c Ks]
Seat 1: TinaTurner72 (button) (small blind) mucked
Seat 3: MaSnaQ9 (big blind) showed [4h 2h] and won ($53.50) with three of a kind, Deuces


PokerStars Hand #148482282249:  Hold'em Limit ($3/$6 USD) - 2016/02/08 21:00:05 ET
Table 'Siarnaq' 6-max Seat #1 is the button
Seat 1: TinaTurner72 ($80.41 in chips)
Seat 3: MaSnaQ9 ($354.58 in chips)
TinaTurner72: posts small blind $1
MaSnaQ9: posts big blind $3
*** HOLE CARDS ***
TinaTurner72: raises $3 to $6
MaSnaQ9: calls $3
*** FLOP *** [8s Ad 7c]
MaSnaQ9: checks
TinaTurner72: bets $3
MaSnaQ9: folds
Uncalled bet ($3) returned to TinaTurner72
TinaTurner72 collected $11.76 from pot
TinaTurner72: doesn't show hand
*** SUMMARY ***
Total pot $12 | Rake $0.24
Board [8s Ad 7c]
Seat 1: TinaTurner72 (button) (small blind) collected ($11.76)
Seat 3: MaSnaQ9 (big blind) folded on the Flop


PokerStars Hand #148482280263:  Hold'em Limit ($3/$6 USD) - 2016/02/08 21:00:00 ET
Table 'Siarnaq' 6-max Seat #3 is the button
Seat 1: TinaTurner72 ($79.41 in chips)
Seat 3: MaSnaQ9 ($355.58 in chips)
MaSnaQ9: posts small blind $1
TinaTurner72: posts big blind $3
*** HOLE CARDS ***
MaSnaQ9: folds
Uncalled bet ($2) returned to TinaTurner72
TinaTurner72 collected $2 from pot
TinaTurner72: doesn't show hand
*** SUMMARY ***
Total pot $2 | Rake $0
Seat 1: TinaTurner72 (big blind) collected ($2)
Seat 3: MaSnaQ9 (button) (small blind) folded before Flop


PokerStars Hand #148482267405:  Hold'em Limit ($3/$6 USD) - 2016/02/08 20:59:28 ET
Table 'Siarnaq' 6-max Seat #1 is the button
Seat 1: TinaTurner72 ($85.41 in chips)
Seat 3: MaSnaQ9 ($349.82 in chips)
TinaTurner72: posts small blind $1
MaSnaQ9: posts big blind $3
*** HOLE CARDS ***
TinaTurner72: raises $3 to $6
MaSnaQ9: calls $3
*** FLOP *** [2h Ts 9h]
MaSnaQ9: checks
TinaTurner72: checks
*** TURN *** [2h Ts 9h] [8s]
MaSnaQ9: bets $6
TinaTurner72: folds
Uncalled bet ($6) returned to MaSnaQ9
MaSnaQ9 collected $11.76 from pot
MaSnaQ9: doesn't show hand
*** SUMMARY ***
Total pot $12 | Rake $0.24
Board [2h Ts 9h 8s]
Seat 1: TinaTurner72 (button) (small blind) folded on the Turn
Seat 3: MaSnaQ9 (big blind) collected ($11.76)


PokerStars Hand #148482253264:  Hold'em Limit ($3/$6 USD) - 2016/02/08 20:58:53 ET
Table 'Siarnaq' 6-max Seat #3 is the button
Seat 1: TinaTurner72 ($103.41 in chips)
Seat 3: MaSnaQ9 ($332.32 in chips)
MaSnaQ9: posts small blind $1
TinaTurner72: posts big blind $3
*** HOLE CARDS ***
MaSnaQ9: raises $3 to $6
TinaTurner72: raises $3 to $9
MaSnaQ9: calls $3
*** FLOP *** [8s 9h Ah]
TinaTurner72: bets $3
MaSnaQ9: calls $3
*** TURN *** [8s 9h Ah] [2s]
TinaTurner72: bets $6
MaSnaQ9: calls $6
*** RIVER *** [8s 9h Ah 2s] [8d]
TinaTurner72: checks
MaSnaQ9: checks
*** SHOW DOWN ***
TinaTurner72: shows [Qc Kc] (a pair of Eights)
MaSnaQ9: shows [9d 6h] (two pair, Nines and Eights)
MaSnaQ9 collected $35.50 from pot
*** SUMMARY ***
Total pot $36 | Rake $0.50
Board [8s 9h Ah 2s 8d]
Seat 1: TinaTurner72 (big blind) showed [Qc Kc] and lost with a pair of Eights
Seat 3: MaSnaQ9 (button) (small blind) showed [9d 6h] and won ($35.50) with two pair, Nines and Eights


PokerStars Hand #148482297833:  Hold'em Limit ($3/$6 USD) - 2016/02/08 21:00:41 ET
Table 'Siarnaq' 6-max Seat #1 is the button
Seat 1: TinaTurner72 ($85.92 in chips)
Seat 3: MaSnaQ9 ($348.33 in chips)
TinaTurner72: posts small blind $1
MaSnaQ9: posts big blind $3
*** HOLE CARDS ***
TinaTurner72: raises $3 to $6
MaSnaQ9: folds
Uncalled bet ($3) returned to TinaTurner72
TinaTurner72 collected $6 from pot
TinaTurner72: doesn't show hand
*** SUMMARY ***
Total pot $6 | Rake $0
Seat 1: TinaTurner72 (button) (small blind) collected ($6)
Seat 3: MaSnaQ9 (big blind) folded before Flop


PokerStars Hand #148482289826:  Hold'em Limit ($3/$6 USD) - 2016/02/08 21:00:23 ET
Table 'Siarnaq' 6-max Seat #3 is the button
Seat 1: TinaTurner72 ($86.17 in chips)
Seat 3: MaSnaQ9 ($348.58 in chips)
MaSnaQ9: posts small blind $1
TinaTurner72: posts big blind $3
*** HOLE CARDS ***
MaSnaQ9: raises $3 to $6
TinaTurner72: calls $3
*** FLOP *** [8c 5d 2c]
TinaTurner72: checks
MaSnaQ9: checks
*** TURN *** [8c 5d 2c] [Jd]
TinaTurner72: bets $6
MaSnaQ9: raises $6 to $12
TinaTurner72: calls $6
*** RIVER *** [8c 5d 2c Jd] [8s]
TinaTurner72: checks
MaSnaQ9: bets $6
TinaTurner72: calls $6
*** SHOW DOWN ***
MaSnaQ9: shows [Js 7d] (two pair, Jacks and Eights)
TinaTurner72: shows [7h Jc] (two pair, Jacks and Eights)
TinaTurner72 collected $23.75 from pot
MaSnaQ9 collected $23.75 from pot
*** SUMMARY ***
Total pot $48 | Rake $0.50
Board [8c 5d 2c Jd 8s]
Seat 1: TinaTurner72 (big blind) showed [7h Jc] and won ($23.75) with two pair, Jacks and Eights
Seat 3: MaSnaQ9 (button) (small blind) showed [Js 7d] and won ($23.75) with two pair, Jacks and Eights


