PokerStars Hand #155059732932:  Hold'em Limit ($3/$6 USD) - 2016/06/22 10:39:15 ET
Table 'Sibylla II' 6-max Seat #4 is the button
Seat 4: mareshkin ($79.54 in chips)
Seat 5: LolDnkaments ($72 in chips)
mareshkin: posts small blind $1
LolDnkaments: posts big blind $3
*** HOLE CARDS ***
mareshkin: folds
Uncalled bet ($2) returned to LolDnkaments
LolDnkaments collected $2 from pot
LolDnkaments: doesn't show hand
*** SUMMARY ***
Total pot $2 | Rake $0
Seat 4: mareshkin (button) (small blind) folded before Flop
Seat 5: LolDnkaments (big blind) collected ($2)


PokerStars Hand #155059720974:  Hold'em Limit ($3/$6 USD) - 2016/06/22 10:38:53 ET
Table 'Sibylla II' 6-max Seat #5 is the button
Seat 4: mareshkin ($59.04 in chips)
Seat 5: LolDnkaments ($72 in chips)
LolDnkaments: posts small blind $1
Necromadx: is sitting out
mareshkin: posts big blind $3
*** HOLE CARDS ***
LolDnkaments: raises $3 to $6
Necromadx leaves the table
mareshkin: calls $3
*** FLOP *** [2c Qs 4s]
mareshkin: bets $3
LolDnkaments: calls $3
*** TURN *** [2c Qs 4s] [Td]
mareshkin: bets $6
LolDnkaments: calls $6
*** RIVER *** [2c Qs 4s Td] [Jd]
mareshkin: bets $6
LolDnkaments: calls $6
*** SHOW DOWN ***
mareshkin: shows [Qd Jc] (two pair, Queens and Jacks)
LolDnkaments: mucks hand
mareshkin collected $41.50 from pot
*** SUMMARY ***
Total pot $42 | Rake $0.50
Board [2c Qs 4s Td Jd]
Seat 4: mareshkin (big blind) showed [Qd Jc] and won ($41.50) with two pair, Queens and Jacks
Seat 5: LolDnkaments (button) (small blind) mucked


PokerStars Hand #155059744241:  Hold'em Limit ($3/$6 USD) - 2016/06/22 10:39:35 ET
Table 'Sibylla II' 6-max Seat #4 is the button
Seat 4: mareshkin ($99.04 in chips)
Seat 5: LolDnkaments ($72 in chips)
mareshkin: posts small blind $1
LolDnkaments: posts big blind $3
*** HOLE CARDS ***
mareshkin: folds
Uncalled bet ($2) returned to LolDnkaments
LolDnkaments collected $2 from pot
LolDnkaments: doesn't show hand
*** SUMMARY ***
Total pot $2 | Rake $0
Seat 4: mareshkin (button) (small blind) folded before Flop
Seat 5: LolDnkaments (big blind) collected ($2)


PokerStars Hand #155059735376:  Hold'em Limit ($3/$6 USD) - 2016/06/22 10:39:19 ET
Table 'Sibylla II' 6-max Seat #5 is the button
Seat 4: mareshkin ($78.54 in chips)
Seat 5: LolDnkaments ($73 in chips)
LolDnkaments: posts small blind $1
mareshkin: posts big blind $3
*** HOLE CARDS ***
LolDnkaments: raises $3 to $6
mareshkin: calls $3
*** FLOP *** [3s 9h Qc]
mareshkin: bets $3
LolDnkaments: calls $3
*** TURN *** [3s 9h Qc] [2s]
mareshkin: bets $6
LolDnkaments: calls $6
*** RIVER *** [3s 9h Qc 2s] [Jh]
mareshkin: bets $6
LolDnkaments: calls $6
*** SHOW DOWN ***
mareshkin: shows [7c Qs] (a pair of Queens)
LolDnkaments: mucks hand
mareshkin collected $41.50 from pot
*** SUMMARY ***
Total pot $42 | Rake $0.50
Board [3s 9h Qc 2s Jh]
Seat 4: mareshkin (big blind) showed [7c Qs] and won ($41.50) with a pair of Queens
Seat 5: LolDnkaments (button) (small blind) mucked


PokerStars Hand #155059747476:  Hold'em Limit ($3/$6 USD) - 2016/06/22 10:39:41 ET
Table 'Sibylla II' 6-max Seat #5 is the button
Seat 4: mareshkin ($98.04 in chips)
Seat 5: LolDnkaments ($73 in chips)
LolDnkaments: posts small blind $1
mareshkin: posts big blind $3
*** HOLE CARDS ***
LolDnkaments: raises $3 to $6
mareshkin: calls $3
*** FLOP *** [3c Jc 2s]
mareshkin: bets $3
LolDnkaments: calls $3
*** TURN *** [3c Jc 2s] [3d]
mareshkin: bets $6
LolDnkaments: folds
Uncalled bet ($6) returned to mareshkin
mareshkin collected $17.64 from pot
mareshkin: doesn't show hand
*** SUMMARY ***
Total pot $18 | Rake $0.36
Board [3c Jc 2s 3d]
Seat 4: mareshkin (big blind) collected ($17.64)
Seat 5: LolDnkaments (button) (small blind) folded on the Turn


PokerStars Hand #155059753717:  Hold'em Limit ($3/$6 USD) - 2016/06/22 10:39:53 ET
Table 'Sibylla II' 6-max Seat #4 is the button
Seat 4: mareshkin ($106.68 in chips)
Seat 5: LolDnkaments ($72 in chips)
mareshkin: posts small blind $1
LolDnkaments: posts big blind $3
*** HOLE CARDS ***
mareshkin: raises $3 to $6
LolDnkaments: calls $3
*** FLOP *** [3h 2d 4h]
LolDnkaments: bets $3
mareshkin: raises $3 to $6
LolDnkaments: calls $3
*** TURN *** [3h 2d 4h] [Qs]
LolDnkaments: checks
mareshkin: bets $6
LolDnkaments: calls $6
*** RIVER *** [3h 2d 4h Qs] [9h]
LolDnkaments: checks
mareshkin: bets $6
LolDnkaments: calls $6
*** SHOW DOWN ***
mareshkin: shows [As 9c] (a pair of Nines)
LolDnkaments: mucks hand
mareshkin collected $47.50 from pot
*** SUMMARY ***
Total pot $48 | Rake $0.50
Board [3h 2d 4h Qs 9h]
Seat 4: mareshkin (button) (small blind) showed [As 9c] and won ($47.50) with a pair of Nines
Seat 5: LolDnkaments (big blind) mucked


PokerStars Hand #155059775815:  Hold'em Limit ($3/$6 USD) - 2016/06/22 10:40:33 ET
Table 'Sibylla II' 6-max Seat #5 is the button
Seat 4: mareshkin ($123.18 in chips)
Seat 5: LolDnkaments ($78.76 in chips)
LolDnkaments: posts small blind $1
mareshkin: posts big blind $3
*** HOLE CARDS ***
LolDnkaments: raises $3 to $6
mareshkin: calls $3
*** FLOP *** [2h 8c 2c]
mareshkin: bets $3
LolDnkaments: calls $3
*** TURN *** [2h 8c 2c] [7s]
mareshkin: bets $6
LolDnkaments: raises $6 to $12
mareshkin: calls $6
*** RIVER *** [2h 8c 2c 7s] [4s]
mareshkin: checks
LolDnkaments: bets $6
mareshkin: calls $6
*** SHOW DOWN ***
LolDnkaments: shows [9s Jh] (a pair of Deuces)
mareshkin: shows [3h 8h] (two pair, Eights and Deuces)
mareshkin collected $53.50 from pot
*** SUMMARY ***
Total pot $54 | Rake $0.50
Board [2h 8c 2c 7s 4s]
Seat 4: mareshkin (big blind) showed [3h 8h] and won ($53.50) with two pair, Eights and Deuces
Seat 5: LolDnkaments (button) (small blind) showed [9s Jh] and lost with a pair of Deuces


PokerStars Hand #155059773149:  Hold'em Limit ($3/$6 USD) - 2016/06/22 10:40:28 ET
Table 'Sibylla II' 6-max Seat #4 is the button
Seat 4: mareshkin ($124.18 in chips)
Seat 5: LolDnkaments ($77.76 in chips)
mareshkin: posts small blind $1
LolDnkaments: posts big blind $3
*** HOLE CARDS ***
mareshkin: folds
Uncalled bet ($2) returned to LolDnkaments
LolDnkaments collected $2 from pot
LolDnkaments: doesn't show hand
*** SUMMARY ***
Total pot $2 | Rake $0
Seat 4: mareshkin (button) (small blind) folded before Flop
Seat 5: LolDnkaments (big blind) collected ($2)


PokerStars Hand #155059767020:  Hold'em Limit ($3/$6 USD) - 2016/06/22 10:40:17 ET
Table 'Sibylla II' 6-max Seat #5 is the button
Seat 4: mareshkin ($130.18 in chips)
Seat 5: LolDnkaments ($72 in chips)
LolDnkaments: posts small blind $1
mareshkin: posts big blind $3
*** HOLE CARDS ***
LolDnkaments: raises $3 to $6
mareshkin: calls $3
*** FLOP *** [8d 6d 9s]
mareshkin: checks
LolDnkaments: bets $3
mareshkin: folds
Uncalled bet ($3) returned to LolDnkaments
LolDnkaments collected $11.76 from pot
LolDnkaments: doesn't show hand
*** SUMMARY ***
Total pot $12 | Rake $0.24
Board [8d 6d 9s]
Seat 4: mareshkin (big blind) folded on the Flop
Seat 5: LolDnkaments (button) (small blind) collected ($11.76)


