PokerStars Hand #172092366429:  Hold'em Limit ($3/$6 USD) - 2017/06/22 8:03:27 ET
Table 'Sichuan' 6-max Seat #6 is the button
Seat 2: scorpio04 ($333.91 in chips)
Seat 6: StarWoks ($135.17 in chips)
StarWoks: posts small blind $1
Agrotait: is sitting out
scorpio04: posts big blind $3
*** HOLE CARDS ***
StarWoks: raises $3 to $6
scorpio04: raises $3 to $9
StarWoks: raises $3 to $12
Betting is capped
scorpio04: calls $3
*** FLOP *** [Td Qc 9s]
scorpio04: checks
StarWoks: bets $3
scorpio04: calls $3
*** TURN *** [Td Qc 9s] [Tc]
scorpio04: checks
StarWoks: bets $6
scorpio04: raises $6 to $12
StarWoks: raises $6 to $18
scorpio04: calls $6
*** RIVER *** [Td Qc 9s Tc] [6c]
scorpio04: checks
StarWoks: bets $6
Agrotait leaves the table
scorpio04: calls $6
*** SHOW DOWN ***
StarWoks: shows [Qd 9c] (two pair, Queens and Tens)
scorpio04: shows [Ts 8s] (three of a kind, Tens)
scorpio04 collected $77.50 from pot
*** SUMMARY ***
Total pot $78 | Rake $0.50
Board [Td Qc 9s Tc 6c]
Seat 2: scorpio04 (big blind) showed [Ts 8s] and won ($77.50) with three of a kind, Tens
Seat 6: StarWoks (button) (small blind) showed [Qd 9c] and lost with two pair, Queens and Tens


PokerStars Hand #172092394165:  Hold'em Limit ($3/$6 USD) - 2017/06/22 8:04:32 ET
Table 'Sichuan' 6-max Seat #6 is the button
Seat 2: scorpio04 ($378.17 in chips)
Seat 6: StarWoks ($90.17 in chips)
StarWoks: posts small blind $1
scorpio04: posts big blind $3
*** HOLE CARDS ***
StarWoks: raises $3 to $6
scorpio04: calls $3
*** FLOP *** [Tc Js 4c]
scorpio04: checks
StarWoks: bets $3
scorpio04: folds
Uncalled bet ($3) returned to StarWoks
StarWoks collected $11.76 from pot
StarWoks: doesn't show hand
*** SUMMARY ***
Total pot $12 | Rake $0.24
Board [Tc Js 4c]
Seat 2: scorpio04 (big blind) folded on the Flop
Seat 6: StarWoks (button) (small blind) collected ($11.76)


PokerStars Hand #172092388168:  Hold'em Limit ($3/$6 USD) - 2017/06/22 8:04:18 ET
Table 'Sichuan' 6-max Seat #2 is the button
Seat 2: scorpio04 ($372.41 in chips)
Seat 6: StarWoks ($96.17 in chips)
scorpio04: posts small blind $1
StarWoks: posts big blind $3
*** HOLE CARDS ***
scorpio04: raises $3 to $6
StarWoks: calls $3
*** FLOP *** [Jc Ad 9h]
StarWoks: checks
scorpio04: bets $3
StarWoks: folds
Uncalled bet ($3) returned to scorpio04
scorpio04 collected $11.76 from pot
scorpio04: doesn't show hand
*** SUMMARY ***
Total pot $12 | Rake $0.24
Board [Jc Ad 9h]
Seat 2: scorpio04 (button) (small blind) collected ($11.76)
Seat 6: StarWoks (big blind) folded on the Flop


PokerStars Hand #172092383707:  Hold'em Limit ($3/$6 USD) - 2017/06/22 8:04:08 ET
Table 'Sichuan' 6-max Seat #6 is the button
Seat 2: scorpio04 ($371.41 in chips)
Seat 6: StarWoks ($97.17 in chips)
StarWoks: posts small blind $1
scorpio04: posts big blind $3
*** HOLE CARDS ***
StarWoks: folds
Uncalled bet ($2) returned to scorpio04
scorpio04 collected $2 from pot
scorpio04: doesn't show hand
*** SUMMARY ***
Total pot $2 | Rake $0
Seat 2: scorpio04 (big blind) collected ($2)
Seat 6: StarWoks (button) (small blind) folded before Flop


PokerStars Hand #172092399846:  Hold'em Limit ($3/$6 USD) - 2017/06/22 8:04:45 ET
Table 'Sichuan' 6-max Seat #2 is the button
Seat 2: scorpio04 ($372.17 in chips)
Seat 6: StarWoks ($95.93 in chips)
scorpio04: posts small blind $1
StarWoks: posts big blind $3
*** HOLE CARDS ***
scorpio04: raises $3 to $6
StarWoks: raises $3 to $9
scorpio04: calls $3
*** FLOP *** [7d 3c 3d]
StarWoks: bets $3
scorpio04: calls $3
*** TURN *** [7d 3c 3d] [Ts]
StarWoks: bets $6
scorpio04: folds
Uncalled bet ($6) returned to StarWoks
StarWoks collected $23.52 from pot
StarWoks: doesn't show hand
*** SUMMARY ***
Total pot $24 | Rake $0.48
Board [7d 3c 3d Ts]
Seat 2: scorpio04 (button) (small blind) folded on the Turn
Seat 6: StarWoks (big blind) collected ($23.52)


PokerStars Hand #172092410523:  Hold'em Limit ($3/$6 USD) - 2017/06/22 8:05:10 ET
Table 'Sichuan' 6-max Seat #6 is the button
Seat 2: scorpio04 ($360.17 in chips)
Seat 6: StarWoks ($107.45 in chips)
andrey0709 joins the table at seat #3
StarWoks: posts small blind $1
scorpio04: posts big blind $3
*** HOLE CARDS ***
StarWoks: raises $3 to $6
scorpio04: calls $3
*** FLOP *** [Qs 5c 9h]
scorpio04: checks
StarWoks: bets $3
scorpio04: raises $3 to $6
StarWoks: raises $3 to $9
scorpio04: raises $3 to $12
Betting is capped
StarWoks: calls $3
*** TURN *** [Qs 5c 9h] [4d]
scorpio04: bets $6
StarWoks: folds
Uncalled bet ($6) returned to scorpio04
scorpio04 collected $35.50 from pot
scorpio04: doesn't show hand
*** SUMMARY ***
Total pot $36 | Rake $0.50
Board [Qs 5c 9h 4d]
Seat 2: scorpio04 (big blind) collected ($35.50)
Seat 6: StarWoks (button) (small blind) folded on the Turn


PokerStars Hand #172093681067:  Hold'em Limit ($3/$6 USD) - 2017/06/22 8:52:34 ET
Table 'Sichuan' 6-max Seat #4 is the button
Seat 2: scorpio04 ($189.95 in chips)
Seat 4: Shakawka ($374.19 in chips)
Shakawka: posts small blind $1
Rednaxela05: is sitting out
scorpio04: posts big blind $3
*** HOLE CARDS ***
Rednaxela05 leaves the table
Shakawka: folds
Uncalled bet ($2) returned to scorpio04
scorpio04 collected $2 from pot
scorpio04: doesn't show hand
*** SUMMARY ***
Total pot $2 | Rake $0
Seat 2: scorpio04 (big blind) collected ($2)
Seat 4: Shakawka (button) (small blind) folded before Flop


PokerStars Hand #172093851666:  Hold'em Limit ($3/$6 USD) - 2017/06/22 8:59:19 ET
Table 'Sichuan' 6-max Seat #4 is the button
Seat 2: scorpio04 ($185.12 in chips)
Seat 4: Shakawka ($431.59 in chips)
Shakawka: posts small blind $1
scorpio04: posts big blind $3
*** HOLE CARDS ***
Shakawka: raises $3 to $6
scorpio04: calls $3
*** FLOP *** [3h Jh 7c]
scorpio04: checks
Shakawka: bets $3
scorpio04: folds
Uncalled bet ($3) returned to Shakawka
Shakawka collected $11.76 from pot
*** SUMMARY ***
Total pot $12 | Rake $0.24
Board [3h Jh 7c]
Seat 2: scorpio04 (big blind) folded on the Flop
Seat 4: Shakawka (button) (small blind) collected ($11.76)


