PokerStars Hand #153295474348:  Hold'em Limit ($3/$6 USD) - 2016/05/14 8:52:47 ET
Table 'Sichuan' 10-max Seat #1 is the button
Seat 1: A.Samulis ($55.59 in chips)
Seat 5: ct-650 ($150 in chips)
A.Samulis: posts small blind $1
ct-650: posts big blind $3
*** HOLE CARDS ***
A.Samulis: calls $2
ct-650: checks
*** FLOP *** [9s Ac Ks]
ct-650: bets $3
A.Samulis: calls $3
*** TURN *** [9s Ac Ks] [2s]
ct-650: checks
A.Samulis: bets $6
ct-650: calls $6
*** RIVER *** [9s Ac Ks 2s] [5s]
ct-650: bets $6
A.Samulis: folds
Uncalled bet ($6) returned to ct-650
ct-650 collected $23.52 from pot
*** SUMMARY ***
Total pot $24 | Rake $0.48
Board [9s Ac Ks 2s 5s]
Seat 1: A.Samulis (button) (small blind) folded on the River
Seat 5: ct-650 (big blind) collected ($23.52)


PokerStars Hand #153295506929:  Hold'em Limit ($3/$6 USD) - 2016/05/14 8:53:44 ET
Table 'Sichuan' 10-max Seat #1 is the button
Seat 1: A.Samulis ($45.23 in chips)
Seat 5: ct-650 ($159.28 in chips)
A.Samulis: posts small blind $1
ct-650: posts big blind $3
*** HOLE CARDS ***
A.Samulis: raises $3 to $6
ct-650: folds
Uncalled bet ($3) returned to A.Samulis
A.Samulis collected $6 from pot
*** SUMMARY ***
Total pot $6 | Rake $0
Seat 1: A.Samulis (button) (small blind) collected ($6)
Seat 5: ct-650 (big blind) folded before Flop


PokerStars Hand #153295491497:  Hold'em Limit ($3/$6 USD) - 2016/05/14 8:53:17 ET
Table 'Sichuan' 10-max Seat #1 is the button
Seat 1: A.Samulis ($37.59 in chips)
Seat 5: ct-650 ($167.28 in chips)
A.Samulis: posts small blind $1
ct-650: posts big blind $3
*** HOLE CARDS ***
A.Samulis: folds
Uncalled bet ($2) returned to ct-650
ct-650 collected $2 from pot
*** SUMMARY ***
Total pot $2 | Rake $0
Seat 1: A.Samulis (button) (small blind) folded before Flop
Seat 5: ct-650 (big blind) collected ($2)


PokerStars Hand #153295509776:  Hold'em Limit ($3/$6 USD) - 2016/05/14 8:53:49 ET
Table 'Sichuan' 10-max Seat #5 is the button
Seat 1: A.Samulis ($48.23 in chips)
Seat 5: ct-650 ($156.28 in chips)
ct-650: posts small blind $1
A.Samulis: posts big blind $3
*** HOLE CARDS ***
ct-650: raises $3 to $6
A.Samulis: calls $3
*** FLOP *** [4s Ah 6h]
A.Samulis: checks
ct-650: bets $3
A.Samulis: calls $3
*** TURN *** [4s Ah 6h] [3d]
A.Samulis: checks
ct-650: checks
*** RIVER *** [4s Ah 6h 3d] [6s]
A.Samulis: bets $6
ct-650: folds
Uncalled bet ($6) returned to A.Samulis
A.Samulis collected $17.64 from pot
*** SUMMARY ***
Total pot $18 | Rake $0.36
Board [4s Ah 6h 3d 6s]
Seat 1: A.Samulis (big blind) collected ($17.64)
Seat 5: ct-650 (button) (small blind) folded on the River


PokerStars Hand #153295501932:  Hold'em Limit ($3/$6 USD) - 2016/05/14 8:53:35 ET
Table 'Sichuan' 10-max Seat #1 is the button
Seat 1: A.Samulis ($45.23 in chips)
Seat 5: ct-650 ($159.28 in chips)
A.Samulis: posts small blind $1
ct-650: posts big blind $3
*** HOLE CARDS ***
A.Samulis: folds
Uncalled bet ($2) returned to ct-650
ct-650 collected $2 from pot
*** SUMMARY ***
Total pot $2 | Rake $0
Seat 1: A.Samulis (button) (small blind) folded before Flop
Seat 5: ct-650 (big blind) collected ($2)


PokerStars Hand #153295494031:  Hold'em Limit ($3/$6 USD) - 2016/05/14 8:53:21 ET
Table 'Sichuan' 10-max Seat #5 is the button
Seat 1: A.Samulis ($36.59 in chips)
Seat 5: ct-650 ($168.28 in chips)
ct-650: posts small blind $1
A.Samulis: posts big blind $3
*** HOLE CARDS ***
ct-650: raises $3 to $6
A.Samulis: calls $3
*** FLOP *** [Kd Jd Td]
A.Samulis: checks
ct-650: bets $3
A.Samulis: calls $3
*** TURN *** [Kd Jd Td] [Jh]
A.Samulis: checks
ct-650: checks
*** RIVER *** [Kd Jd Td Jh] [Ac]
A.Samulis: bets $6
ct-650: folds
Uncalled bet ($6) returned to A.Samulis
A.Samulis collected $17.64 from pot
*** SUMMARY ***
Total pot $18 | Rake $0.36
Board [Kd Jd Td Jh Ac]
Seat 1: A.Samulis (big blind) collected ($17.64)
Seat 5: ct-650 (button) (small blind) folded on the River


PokerStars Hand #153295515882:  Hold'em Limit ($3/$6 USD) - 2016/05/14 8:53:59 ET
Table 'Sichuan' 10-max Seat #1 is the button
Seat 1: A.Samulis ($56.87 in chips)
Seat 5: ct-650 ($147.28 in chips)
A.Samulis: posts small blind $1
ct-650: posts big blind $3
*** HOLE CARDS ***
A.Samulis: calls $2
ct-650: raises $3 to $6
A.Samulis: calls $3
*** FLOP *** [7c Tc Jd]
ct-650: bets $3
A.Samulis: calls $3
*** TURN *** [7c Tc Jd] [Ac]
ct-650: bets $6
A.Samulis: calls $6
*** RIVER *** [7c Tc Jd Ac] [4d]
ct-650: bets $6
A.Samulis: folds
Uncalled bet ($6) returned to ct-650
ct-650 collected $29.50 from pot
*** SUMMARY ***
Total pot $30 | Rake $0.50
Board [7c Tc Jd Ac 4d]
Seat 1: A.Samulis (button) (small blind) folded on the River
Seat 5: ct-650 (big blind) collected ($29.50)


PokerStars Hand #153295531022:  Hold'em Limit ($3/$6 USD) - 2016/05/14 8:54:26 ET
Table 'Sichuan' 10-max Seat #1 is the button
Seat 1: A.Samulis ($50.51 in chips)
Seat 5: ct-650 ($152.78 in chips)
A.Samulis: posts small blind $1
ct-650: posts big blind $3
*** HOLE CARDS ***
A.Samulis: raises $3 to $6
ct-650: calls $3
*** FLOP *** [5d 7h Jc]
ct-650: checks
A.Samulis: bets $3
ct-650: calls $3
*** TURN *** [5d 7h Jc] [6c]
ct-650: checks
A.Samulis: bets $6
ct-650: folds
Uncalled bet ($6) returned to A.Samulis
A.Samulis collected $17.64 from pot
*** SUMMARY ***
Total pot $18 | Rake $0.36
Board [5d 7h Jc 6c]
Seat 1: A.Samulis (button) (small blind) collected ($17.64)
Seat 5: ct-650 (big blind) folded on the Turn


PokerStars Hand #153295540080:  Hold'em Limit ($3/$6 USD) - 2016/05/14 8:54:42 ET
Table 'Sichuan' 10-max Seat #1 is the button
Seat 1: A.Samulis ($56.15 in chips)
Seat 5: ct-650 ($146.78 in chips)
A.Samulis: posts small blind $1
ct-650: posts big blind $3
*** HOLE CARDS ***
A.Samulis: raises $3 to $6
ct-650: folds
Uncalled bet ($3) returned to A.Samulis
A.Samulis collected $6 from pot
*** SUMMARY ***
Total pot $6 | Rake $0
Seat 1: A.Samulis (button) (small blind) collected ($6)
Seat 5: ct-650 (big blind) folded before Flop


PokerStars Hand #153295537521:  Hold'em Limit ($3/$6 USD) - 2016/05/14 8:54:37 ET
Table 'Sichuan' 10-max Seat #5 is the button
Seat 1: A.Samulis ($59.15 in chips)
Seat 5: ct-650 ($143.78 in chips)
ct-650: posts small blind $1
A.Samulis: posts big blind $3
*** HOLE CARDS ***
ct-650: raises $3 to $6
A.Samulis: folds
Uncalled bet ($3) returned to ct-650
ct-650 collected $6 from pot
*** SUMMARY ***
Total pot $6 | Rake $0
Seat 1: A.Samulis (big blind) folded before Flop
Seat 5: ct-650 (button) (small blind) collected ($6)


PokerStars Hand #153295542890:  Hold'em Limit ($3/$6 USD) - 2016/05/14 8:54:46 ET
Table 'Sichuan' 10-max Seat #5 is the button
Seat 1: A.Samulis ($59.15 in chips)
Seat 5: ct-650 ($143.78 in chips)
ct-650: posts small blind $1
A.Samulis: posts big blind $3
*** HOLE CARDS ***
ct-650: raises $3 to $6
A.Samulis: calls $3
*** FLOP *** [9c 4h Jh]
A.Samulis: checks
ct-650: bets $3
A.Samulis: calls $3
*** TURN *** [9c 4h Jh] [6h]
A.Samulis: checks
ct-650: checks
*** RIVER *** [9c 4h Jh 6h] [8d]
A.Samulis: bets $6
ct-650: folds
Uncalled bet ($6) returned to A.Samulis
A.Samulis collected $17.64 from pot
*** SUMMARY ***
Total pot $18 | Rake $0.36
Board [9c 4h Jh 6h 8d]
Seat 1: A.Samulis (big blind) collected ($17.64)
Seat 5: ct-650 (button) (small blind) folded on the River


PokerStars Hand #153295549214:  Hold'em Limit ($3/$6 USD) - 2016/05/14 8:54:57 ET
Table 'Sichuan' 10-max Seat #1 is the button
Seat 1: A.Samulis ($67.79 in chips)
Seat 5: ct-650 ($134.78 in chips)
A.Samulis: posts small blind $1
ct-650: posts big blind $3
*** HOLE CARDS ***
A.Samulis: raises $3 to $6
ct-650: folds
Uncalled bet ($3) returned to A.Samulis
A.Samulis collected $6 from pot
*** SUMMARY ***
Total pot $6 | Rake $0
Seat 1: A.Samulis (button) (small blind) collected ($6)
Seat 5: ct-650 (big blind) folded before Flop


PokerStars Hand #153295524257:  Hold'em Limit ($3/$6 USD) - 2016/05/14 8:54:14 ET
Table 'Sichuan' 10-max Seat #5 is the button
Seat 1: A.Samulis ($41.87 in chips)
Seat 5: ct-650 ($161.78 in chips)
ct-650: posts small blind $1
A.Samulis: posts big blind $3
*** HOLE CARDS ***
ct-650: raises $3 to $6
A.Samulis: calls $3
*** FLOP *** [4s 4d 6d]
A.Samulis: checks
ct-650: bets $3
A.Samulis: calls $3
*** TURN *** [4s 4d 6d] [5s]
A.Samulis: checks
ct-650: checks
*** RIVER *** [4s 4d 6d 5s] [7s]
A.Samulis: bets $6
ct-650: folds
Uncalled bet ($6) returned to A.Samulis
A.Samulis collected $17.64 from pot
*** SUMMARY ***
Total pot $18 | Rake $0.36
Board [4s 4d 6d 5s 7s]
Seat 1: A.Samulis (big blind) collected ($17.64)
Seat 5: ct-650 (button) (small blind) folded on the River


PokerStars Hand #153295570350:  Hold'em Limit ($3/$6 USD) - 2016/05/14 8:55:41 ET
Table 'Sichuan' 10-max Seat #1 is the button
Seat 1: A.Samulis ($94.71 in chips)
Seat 5: ct-650 ($106.78 in chips)
A.Samulis: posts small blind $1
ct-650: posts big blind $3
*** HOLE CARDS ***
A.Samulis: calls $2
ct-650: checks
*** FLOP *** [8s 6d Qc]
ct-650: bets $3
boony444 joins the table at seat #2
A.Samulis: calls $3
*** TURN *** [8s 6d Qc] [9h]
ct-650: checks
A.Samulis: checks
*** RIVER *** [8s 6d Qc 9h] [Jh]
ct-650: checks
A.Samulis: checks
*** SHOW DOWN ***
ct-650: shows [6s 2d] (a pair of Sixes)
A.Samulis: shows [6c 4d] (a pair of Sixes)
ct-650 collected $5.88 from pot
A.Samulis collected $5.88 from pot
*** SUMMARY ***
Total pot $12 | Rake $0.24
Board [8s 6d Qc 9h Jh]
Seat 1: A.Samulis (button) (small blind) showed [6c 4d] and won ($5.88) with a pair of Sixes
Seat 5: ct-650 (big blind) showed [6s 2d] and won ($5.88) with a pair of Sixes


PokerStars Hand #153295557684:  Hold'em Limit ($3/$6 USD) - 2016/05/14 8:55:14 ET
Table 'Sichuan' 10-max Seat #1 is the button
Seat 1: A.Samulis ($79.43 in chips)
Seat 5: ct-650 ($122.78 in chips)
A.Samulis: posts small blind $1
ct-650: posts big blind $3
*** HOLE CARDS ***
A.Samulis: folds
Uncalled bet ($2) returned to ct-650
ct-650 collected $2 from pot
*** SUMMARY ***
Total pot $2 | Rake $0
Seat 1: A.Samulis (button) (small blind) folded before Flop
Seat 5: ct-650 (big blind) collected ($2)


PokerStars Hand #153295551906:  Hold'em Limit ($3/$6 USD) - 2016/05/14 8:55:02 ET
Table 'Sichuan' 10-max Seat #5 is the button
Seat 1: A.Samulis ($70.79 in chips)
Seat 5: ct-650 ($131.78 in chips)
ct-650: posts small blind $1
A.Samulis: posts big blind $3
*** HOLE CARDS ***
ct-650: raises $3 to $6
A.Samulis: calls $3
*** FLOP *** [Qs Ac Jh]
A.Samulis: checks
ct-650: bets $3
A.Samulis: calls $3
*** TURN *** [Qs Ac Jh] [9d]
A.Samulis: checks
ct-650: checks
*** RIVER *** [Qs Ac Jh 9d] [7s]
A.Samulis: checks
ct-650: checks
*** SHOW DOWN ***
A.Samulis: shows [Jd 3s] (a pair of Jacks)
ct-650: mucks hand
A.Samulis collected $17.64 from pot
*** SUMMARY ***
Total pot $18 | Rake $0.36
Board [Qs Ac Jh 9d 7s]
Seat 1: A.Samulis (big blind) showed [Jd 3s] and won ($17.64) with a pair of Jacks
Seat 5: ct-650 (button) (small blind) mucked


PokerStars Hand #153295565079:  Hold'em Limit ($3/$6 USD) - 2016/05/14 8:55:30 ET
Table 'Sichuan' 10-max Seat #1 is the button
Seat 1: A.Samulis ($87.07 in chips)
Seat 5: ct-650 ($114.78 in chips)
A.Samulis: posts small blind $1
ct-650: posts big blind $3
*** HOLE CARDS ***
A.Samulis: folds
Uncalled bet ($2) returned to ct-650
ct-650 collected $2 from pot
*** SUMMARY ***
Total pot $2 | Rake $0
Seat 1: A.Samulis (button) (small blind) folded before Flop
Seat 5: ct-650 (big blind) collected ($2)


PokerStars Hand #153295575465:  Hold'em Limit ($3/$6 USD) - 2016/05/14 8:55:52 ET
Table 'Sichuan' 10-max Seat #5 is the button
Seat 1: A.Samulis ($94.59 in chips)
Seat 5: ct-650 ($106.66 in chips)
ct-650: posts small blind $1
A.Samulis: posts big blind $3
*** HOLE CARDS ***
ct-650: raises $3 to $6
A.Samulis: calls $3
*** FLOP *** [4h 6s 3d]
A.Samulis: checks
ct-650: bets $3
A.Samulis: calls $3
*** TURN *** [4h 6s 3d] [2d]
A.Samulis: checks
ct-650: bets $6
A.Samulis: calls $6
*** RIVER *** [4h 6s 3d 2d] [9c]
A.Samulis: checks
ct-650: checks
*** SHOW DOWN ***
A.Samulis: shows [Js 8h] (high card Jack)
ct-650: shows [8s Ah] (high card Ace)
ct-650 collected $29.50 from pot
*** SUMMARY ***
Total pot $30 | Rake $0.50
Board [4h 6s 3d 2d 9c]
Seat 1: A.Samulis (big blind) showed [Js 8h] and lost with high card Jack
Seat 5: ct-650 (button) (small blind) showed [8s Ah] and won ($29.50) with high card Ace


PokerStars Hand #153299347709:  Hold'em Limit ($3/$6 USD) - 2016/05/14 10:35:58 ET
Table 'Sichuan' 10-max Seat #5 is the button
Seat 3: RJF1943 ($35.50 in chips)
Seat 5: ct-650 ($159.56 in chips)
ct-650: posts small blind $1
BuzovaPro: is sitting out
RJF1943: posts big blind $3
*** HOLE CARDS ***
ct-650: raises $3 to $6
BuzovaPro leaves the table
RJF1943: raises $3 to $9
ct-650: calls $3
*** FLOP *** [8c 6c 2d]
RJF1943: bets $3
ct-650: folds
Uncalled bet ($3) returned to RJF1943
RJF1943 collected $17.64 from pot
RJF1943: doesn't show hand
*** SUMMARY ***
Total pot $18 | Rake $0.36
Board [8c 6c 2d]
Seat 3: RJF1943 (big blind) collected ($17.64)
Seat 5: ct-650 (button) (small blind) folded on the Flop


PokerStars Hand #153299363485:  Hold'em Limit ($3/$6 USD) - 2016/05/14 10:36:22 ET
Table 'Sichuan' 10-max Seat #3 is the button
Seat 3: RJF1943 ($44.14 in chips)
Seat 5: ct-650 ($150.56 in chips)
RJF1943: posts small blind $1
ct-650: posts big blind $3
*** HOLE CARDS ***
RJF1943: calls $2
ct-650: checks
*** FLOP *** [8h Th 3h]
ct-650: checks
RJF1943: checks
*** TURN *** [8h Th 3h] [As]
ct-650: bets $6
RJF1943: folds
Uncalled bet ($6) returned to ct-650
ct-650 collected $5.88 from pot
*** SUMMARY ***
Total pot $6 | Rake $0.12
Board [8h Th 3h As]
Seat 3: RJF1943 (button) (small blind) folded on the Turn
Seat 5: ct-650 (big blind) collected ($5.88)


PokerStars Hand #153299373279:  Hold'em Limit ($3/$6 USD) - 2016/05/14 10:36:36 ET
Table 'Sichuan' 10-max Seat #5 is the button
Seat 3: RJF1943 ($41.14 in chips)
Seat 5: ct-650 ($153.44 in chips)
ct-650: posts small blind $1
RJF1943: posts big blind $3
*** HOLE CARDS ***
ct-650: raises $3 to $6
RJF1943: calls $3
*** FLOP *** [3s 4c Ks]
RJF1943: bets $3
ct-650: raises $3 to $6
RJF1943: calls $3
*** TURN *** [3s 4c Ks] [8c]
RJF1943: checks
ct-650: checks
*** RIVER *** [3s 4c Ks 8c] [5c]
RJF1943: bets $6
ct-650: folds
Uncalled bet ($6) returned to RJF1943
RJF1943 collected $23.52 from pot
RJF1943: doesn't show hand
*** SUMMARY ***
Total pot $24 | Rake $0.48
Board [3s 4c Ks 8c 5c]
Seat 3: RJF1943 (big blind) collected ($23.52)
Seat 5: ct-650 (button) (small blind) folded on the River


PokerStars Hand #153299386970:  Hold'em Limit ($3/$6 USD) - 2016/05/14 10:36:57 ET
Table 'Sichuan' 10-max Seat #3 is the button
Seat 3: RJF1943 ($52.66 in chips)
Seat 5: ct-650 ($141.44 in chips)
RJF1943: posts small blind $1
ct-650: posts big blind $3
*** HOLE CARDS ***
RJF1943: calls $2
ct-650: checks
*** FLOP *** [4c Ah 6s]
ct-650: bets $3
RJF1943: calls $3
*** TURN *** [4c Ah 6s] [8c]
ct-650: checks
RJF1943: bets $6
ct-650: folds
Uncalled bet ($6) returned to RJF1943
RJF1943 collected $11.76 from pot
RJF1943: doesn't show hand
*** SUMMARY ***
Total pot $12 | Rake $0.24
Board [4c Ah 6s 8c]
Seat 3: RJF1943 (button) (small blind) collected ($11.76)
Seat 5: ct-650 (big blind) folded on the Turn


PokerStars Hand #153299403009:  Hold'em Limit ($3/$6 USD) - 2016/05/14 10:37:20 ET
Table 'Sichuan' 10-max Seat #3 is the button
Seat 3: RJF1943 ($64.18 in chips)
Seat 5: ct-650 ($129.44 in chips)
RJF1943: posts small blind $1
ct-650: posts big blind $3
*** HOLE CARDS ***
RJF1943: folds
Uncalled bet ($2) returned to ct-650
ct-650 collected $2 from pot
*** SUMMARY ***
Total pot $2 | Rake $0
Seat 3: RJF1943 (button) (small blind) folded before Flop
Seat 5: ct-650 (big blind) collected ($2)


PokerStars Hand #153299434651:  Hold'em Limit ($3/$6 USD) - 2016/05/14 10:38:07 ET
Table 'Sichuan' 10-max Seat #5 is the button
Seat 3: RJF1943 ($37.06 in chips)
Seat 5: ct-650 ($155.82 in chips)
ct-650: posts small blind $1
RJF1943: posts big blind $3
*** HOLE CARDS ***
ct-650: folds
Uncalled bet ($2) returned to RJF1943
RJF1943 collected $2 from pot
RJF1943: doesn't show hand
*** SUMMARY ***
Total pot $2 | Rake $0
Seat 3: RJF1943 (big blind) collected ($2)
Seat 5: ct-650 (button) (small blind) folded before Flop


PokerStars Hand #153299396575:  Hold'em Limit ($3/$6 USD) - 2016/05/14 10:37:11 ET
Table 'Sichuan' 10-max Seat #5 is the button
Seat 3: RJF1943 ($58.42 in chips)
Seat 5: ct-650 ($135.44 in chips)
ct-650: posts small blind $1
RJF1943: posts big blind $3
*** HOLE CARDS ***
ct-650: raises $3 to $6
RJF1943: calls $3
*** FLOP *** [Ks 8s Kd]
RJF1943: bets $3
ct-650: folds
Uncalled bet ($3) returned to RJF1943
RJF1943 collected $11.76 from pot
RJF1943: doesn't show hand
*** SUMMARY ***
Total pot $12 | Rake $0.24
Board [Ks 8s Kd]
Seat 3: RJF1943 (big blind) collected ($11.76)
Seat 5: ct-650 (button) (small blind) folded on the Flop


PokerStars Hand #153299419370:  Hold'em Limit ($3/$6 USD) - 2016/05/14 10:37:45 ET
Table 'Sichuan' 10-max Seat #3 is the button
Seat 3: RJF1943 ($36.18 in chips)
Seat 5: ct-650 ($156.94 in chips)
RJF1943: posts small blind $1
ct-650: posts big blind $3
*** HOLE CARDS ***
RJF1943: calls $2
ct-650: checks
*** FLOP *** [5h 9s Kd]
ct-650: checks
RJF1943: bets $3
ct-650: folds
Uncalled bet ($3) returned to RJF1943
RJF1943 collected $5.88 from pot
*** SUMMARY ***
Total pot $6 | Rake $0.12
Board [5h 9s Kd]
Seat 3: RJF1943 (button) (small blind) collected ($5.88)
Seat 5: ct-650 (big blind) folded on the Flop


PokerStars Hand #153299425607:  Hold'em Limit ($3/$6 USD) - 2016/05/14 10:37:54 ET
Table 'Sichuan' 10-max Seat #5 is the button
Seat 3: RJF1943 ($39.06 in chips)
Seat 5: ct-650 ($153.94 in chips)
ct-650: posts small blind $1
RJF1943: posts big blind $3
*** HOLE CARDS ***
ct-650: folds
Uncalled bet ($2) returned to RJF1943
RJF1943 collected $2 from pot
RJF1943: doesn't show hand
*** SUMMARY ***
Total pot $2 | Rake $0
Seat 3: RJF1943 (big blind) collected ($2)
Seat 5: ct-650 (button) (small blind) folded before Flop


PokerStars Hand #153299406893:  Hold'em Limit ($3/$6 USD) - 2016/05/14 10:37:26 ET
Table 'Sichuan' 10-max Seat #5 is the button
Seat 3: RJF1943 ($63.18 in chips)
Seat 5: ct-650 ($130.44 in chips)
ct-650: posts small blind $1
RJF1943: posts big blind $3
*** HOLE CARDS ***
ct-650: raises $3 to $6
RJF1943: calls $3
*** FLOP *** [Td 6c 9c]
RJF1943: bets $3
ct-650: calls $3
*** TURN *** [Td 6c 9c] [Jc]
RJF1943: bets $6
ct-650: raises $6 to $12
RJF1943: calls $6
*** RIVER *** [Td 6c 9c Jc] [As]
RJF1943: checks
ct-650: bets $6
RJF1943: calls $6
*** SHOW DOWN ***
ct-650: shows [8d 7s] (a straight, Seven to Jack)
RJF1943: mucks hand
ct-650 collected $53.50 from pot
*** SUMMARY ***
Total pot $54 | Rake $0.50
Board [Td 6c 9c Jc As]
Seat 3: RJF1943 (big blind) mucked
Seat 5: ct-650 (button) (small blind) showed [8d 7s] and won ($53.50) with a straight, Seven to Jack


PokerStars Hand #153299437488:  Hold'em Limit ($3/$6 USD) - 2016/05/14 10:38:12 ET
Table 'Sichuan' 10-max Seat #3 is the button
Seat 3: RJF1943 ($38.06 in chips)
Seat 5: ct-650 ($154.82 in chips)
RJF1943: posts small blind $1
ct-650: posts big blind $3
*** HOLE CARDS ***
RJF1943: folds
Uncalled bet ($2) returned to ct-650
ct-650 collected $2 from pot
*** SUMMARY ***
Total pot $2 | Rake $0
Seat 3: RJF1943 (button) (small blind) folded before Flop
Seat 5: ct-650 (big blind) collected ($2)


PokerStars Hand #153299440876:  Hold'em Limit ($3/$6 USD) - 2016/05/14 10:38:17 ET
Table 'Sichuan' 10-max Seat #5 is the button
Seat 3: RJF1943 ($37.06 in chips)
Seat 5: ct-650 ($155.82 in chips)
ct-650: posts small blind $1
RJF1943: posts big blind $3
*** HOLE CARDS ***
ct-650: raises $3 to $6
RJF1943: calls $3
*** FLOP *** [9c 8c 5h]
RJF1943: bets $3
ct-650: calls $3
*** TURN *** [9c 8c 5h] [8d]
RJF1943: bets $6
ct-650: raises $6 to $12
RJF1943: raises $6 to $18
ct-650: calls $6
*** RIVER *** [9c 8c 5h 8d] [Ts]
RJF1943: bets $6
ct-650: calls $6
*** SHOW DOWN ***
RJF1943: shows [4d 8h] (three of a kind, Eights)
ct-650: mucks hand
RJF1943 collected $65.50 from pot
*** SUMMARY ***
Total pot $66 | Rake $0.50
Board [9c 8c 5h 8d Ts]
Seat 3: RJF1943 (big blind) showed [4d 8h] and won ($65.50) with three of a kind, Eights
Seat 5: ct-650 (button) (small blind) mucked


PokerStars Hand #153299455778:  Hold'em Limit ($3/$6 USD) - 2016/05/14 10:38:39 ET
Table 'Sichuan' 10-max Seat #3 is the button
Seat 3: RJF1943 ($69.56 in chips)
Seat 5: ct-650 ($122.82 in chips)
RJF1943: posts small blind $1
ct-650: posts big blind $3
*** HOLE CARDS ***
RJF1943: calls $2
ct-650: checks
*** FLOP *** [Qh 6d 7s]
ct-650: bets $3
RJF1943: folds
Uncalled bet ($3) returned to ct-650
ct-650 collected $5.88 from pot
*** SUMMARY ***
Total pot $6 | Rake $0.12
Board [Qh 6d 7s]
Seat 3: RJF1943 (button) (small blind) folded on the Flop
Seat 5: ct-650 (big blind) collected ($5.88)


PokerStars Hand #153299475453:  Hold'em Limit ($3/$6 USD) - 2016/05/14 10:39:08 ET
Table 'Sichuan' 10-max Seat #3 is the button
Seat 3: RJF1943 ($57.56 in chips)
Seat 5: ct-650 ($134.34 in chips)
RJF1943: posts small blind $1
ct-650: posts big blind $3
*** HOLE CARDS ***
RJF1943: raises $3 to $6
ct-650: folds
Uncalled bet ($3) returned to RJF1943
RJF1943 collected $6 from pot
RJF1943: doesn't show hand
*** SUMMARY ***
Total pot $6 | Rake $0
Seat 3: RJF1943 (button) (small blind) collected ($6)
Seat 5: ct-650 (big blind) folded before Flop


PokerStars Hand #153299462847:  Hold'em Limit ($3/$6 USD) - 2016/05/14 10:38:49 ET
Table 'Sichuan' 10-max Seat #5 is the button
Seat 3: RJF1943 ($66.56 in chips)
Seat 5: ct-650 ($125.70 in chips)
ct-650: posts small blind $1
RJF1943: posts big blind $3
*** HOLE CARDS ***
ct-650: raises $3 to $6
RJF1943: calls $3
*** FLOP *** [6c 7h 2d]
RJF1943: checks
ct-650: bets $3
RJF1943: calls $3
*** TURN *** [6c 7h 2d] [4h]
RJF1943: checks
ct-650: bets $6
RJF1943: folds
Uncalled bet ($6) returned to ct-650
ct-650 collected $17.64 from pot
*** SUMMARY ***
Total pot $18 | Rake $0.36
Board [6c 7h 2d 4h]
Seat 3: RJF1943 (big blind) folded on the Turn
Seat 5: ct-650 (button) (small blind) collected ($17.64)


PokerStars Hand #153299515300:  Hold'em Limit ($3/$6 USD) - 2016/05/14 10:40:08 ET
Table 'Sichuan' 10-max Seat #5 is the button
Seat 3: RJF1943 ($37.56 in chips)
Seat 5: ct-650 ($153.60 in chips)
ct-650: posts small blind $1
RJF1943: posts big blind $3
*** HOLE CARDS ***
ct-650: raises $3 to $6
RJF1943: calls $3
*** FLOP *** [Jh 3d 5c]
RJF1943: bets $3
ct-650: folds
Uncalled bet ($3) returned to RJF1943
RJF1943 collected $11.76 from pot
RJF1943: doesn't show hand
*** SUMMARY ***
Total pot $12 | Rake $0.24
Board [Jh 3d 5c]
Seat 3: RJF1943 (big blind) collected ($11.76)
Seat 5: ct-650 (button) (small blind) folded on the Flop


PokerStars Hand #153299511981:  Hold'em Limit ($3/$6 USD) - 2016/05/14 10:40:03 ET
Table 'Sichuan' 10-max Seat #3 is the button
Seat 3: RJF1943 ($38.56 in chips)
Seat 5: ct-650 ($152.60 in chips)
RJF1943: posts small blind $1
ct-650: posts big blind $3
*** HOLE CARDS ***
RJF1943: folds
Uncalled bet ($2) returned to ct-650
ct-650 collected $2 from pot
*** SUMMARY ***
Total pot $2 | Rake $0
Seat 3: RJF1943 (button) (small blind) folded before Flop
Seat 5: ct-650 (big blind) collected ($2)


PokerStars Hand #153299490961:  Hold'em Limit ($3/$6 USD) - 2016/05/14 10:39:31 ET
Table 'Sichuan' 10-max Seat #5 is the button
Seat 3: RJF1943 ($53.56 in chips)
Seat 5: ct-650 ($138.10 in chips)
ct-650: posts small blind $1
RJF1943: posts big blind $3
*** HOLE CARDS ***
ct-650: raises $3 to $6
RJF1943: calls $3
*** FLOP *** [2s Ah 5h]
RJF1943: checks
ct-650: bets $3
RJF1943: calls $3
*** TURN *** [2s Ah 5h] [9h]
RJF1943: checks
ct-650: bets $6
RJF1943: calls $6
*** RIVER *** [2s Ah 5h 9h] [Ac]
RJF1943: checks
ct-650: bets $6
RJF1943: folds
Uncalled bet ($6) returned to ct-650
ct-650 collected $29.50 from pot
*** SUMMARY ***
Total pot $30 | Rake $0.50
Board [2s Ah 5h 9h Ac]
Seat 3: RJF1943 (big blind) folded on the River
Seat 5: ct-650 (button) (small blind) collected ($29.50)


PokerStars Hand #153299487649:  Hold'em Limit ($3/$6 USD) - 2016/05/14 10:39:26 ET
Table 'Sichuan' 10-max Seat #3 is the button
Seat 3: RJF1943 ($54.56 in chips)
Seat 5: ct-650 ($137.10 in chips)
RJF1943: posts small blind $1
ct-650: posts big blind $3
*** HOLE CARDS ***
RJF1943: folds
Uncalled bet ($2) returned to ct-650
ct-650 collected $2 from pot
*** SUMMARY ***
Total pot $2 | Rake $0
Seat 3: RJF1943 (button) (small blind) folded before Flop
Seat 5: ct-650 (big blind) collected ($2)


PokerStars Hand #153299479236:  Hold'em Limit ($3/$6 USD) - 2016/05/14 10:39:14 ET
Table 'Sichuan' 10-max Seat #5 is the button
Seat 3: RJF1943 ($60.56 in chips)
Seat 5: ct-650 ($131.34 in chips)
ct-650: posts small blind $1
RJF1943: posts big blind $3
*** HOLE CARDS ***
ct-650: raises $3 to $6
RJF1943: calls $3
*** FLOP *** [8h 5c Td]
RJF1943: checks
ct-650: bets $3
RJF1943: folds
Uncalled bet ($3) returned to ct-650
ct-650 collected $11.76 from pot
*** SUMMARY ***
Total pot $12 | Rake $0.24
Board [8h 5c Td]
Seat 3: RJF1943 (big blind) folded on the Flop
Seat 5: ct-650 (button) (small blind) collected ($11.76)


PokerStars Hand #153299509081:  Hold'em Limit ($3/$6 USD) - 2016/05/14 10:39:58 ET
Table 'Sichuan' 10-max Seat #5 is the button
Seat 3: RJF1943 ($37.56 in chips)
Seat 5: ct-650 ($153.60 in chips)
ct-650: posts small blind $1
RJF1943: posts big blind $3
*** HOLE CARDS ***
ct-650: folds
Uncalled bet ($2) returned to RJF1943
RJF1943 collected $2 from pot
RJF1943: doesn't show hand
*** SUMMARY ***
Total pot $2 | Rake $0
Seat 3: RJF1943 (big blind) collected ($2)
Seat 5: ct-650 (button) (small blind) folded before Flop


PokerStars Hand #153299505666:  Hold'em Limit ($3/$6 USD) - 2016/05/14 10:39:53 ET
Table 'Sichuan' 10-max Seat #3 is the button
Seat 3: RJF1943 ($38.56 in chips)
Seat 5: ct-650 ($152.60 in chips)
RJF1943: posts small blind $1
ct-650: posts big blind $3
*** HOLE CARDS ***
RJF1943: folds
Uncalled bet ($2) returned to ct-650
ct-650 collected $2 from pot
*** SUMMARY ***
Total pot $2 | Rake $0
Seat 3: RJF1943 (button) (small blind) folded before Flop
Seat 5: ct-650 (big blind) collected ($2)


PokerStars Hand #153299524423:  Hold'em Limit ($3/$6 USD) - 2016/05/14 10:40:21 ET
Table 'Sichuan' 10-max Seat #5 is the button
Seat 3: RJF1943 ($42.32 in chips)
Seat 5: ct-650 ($148.60 in chips)
ct-650: posts small blind $1
RJF1943: posts big blind $3
*** HOLE CARDS ***
ct-650: raises $3 to $6
RJF1943: raises $3 to $9
ct-650: calls $3
*** FLOP *** [Jd Qd 6h]
RJF1943: bets $3
ct-650: folds
Uncalled bet ($3) returned to RJF1943
RJF1943 collected $17.64 from pot
RJF1943: doesn't show hand
*** SUMMARY ***
Total pot $18 | Rake $0.36
Board [Jd Qd 6h]
Seat 3: RJF1943 (big blind) collected ($17.64)
Seat 5: ct-650 (button) (small blind) folded on the Flop


PokerStars Hand #153299549278:  Hold'em Limit ($3/$6 USD) - 2016/05/14 10:40:58 ET
Table 'Sichuan' 10-max Seat #5 is the button
Seat 3: RJF1943 ($51.96 in chips)
Seat 5: ct-650 ($138.48 in chips)
ct-650: posts small blind $1
RJF1943: posts big blind $3
*** HOLE CARDS ***
ct-650: folds
Uncalled bet ($2) returned to RJF1943
RJF1943 collected $2 from pot
RJF1943: doesn't show hand
*** SUMMARY ***
Total pot $2 | Rake $0
Seat 3: RJF1943 (big blind) collected ($2)
Seat 5: ct-650 (button) (small blind) folded before Flop


PokerStars Hand #153299539844:  Hold'em Limit ($3/$6 USD) - 2016/05/14 10:40:44 ET
Table 'Sichuan' 10-max Seat #3 is the button
Seat 3: RJF1943 ($54.96 in chips)
Seat 5: ct-650 ($135.60 in chips)
RJF1943: posts small blind $1
ct-650: posts big blind $3
*** HOLE CARDS ***
RJF1943: calls $2
ct-650: checks
*** FLOP *** [Kc 9d Td]
ct-650: checks
RJF1943: checks
*** TURN *** [Kc 9d Td] [4c]
ct-650: bets $6
RJF1943: folds
Uncalled bet ($6) returned to ct-650
ct-650 collected $5.88 from pot
*** SUMMARY ***
Total pot $6 | Rake $0.12
Board [Kc 9d Td 4c]
Seat 3: RJF1943 (button) (small blind) folded on the Turn
Seat 5: ct-650 (big blind) collected ($5.88)


PokerStars Hand #153299533201:  Hold'em Limit ($3/$6 USD) - 2016/05/14 10:40:34 ET
Table 'Sichuan' 10-max Seat #3 is the button
Seat 3: RJF1943 ($50.96 in chips)
Seat 5: ct-650 ($139.60 in chips)
RJF1943: posts small blind $1
ct-650: posts big blind $3
*** HOLE CARDS ***
RJF1943: raises $3 to $6
ct-650: folds
Uncalled bet ($3) returned to RJF1943
RJF1943 collected $6 from pot
RJF1943: doesn't show hand
*** SUMMARY ***
Total pot $6 | Rake $0
Seat 3: RJF1943 (button) (small blind) collected ($6)
Seat 5: ct-650 (big blind) folded before Flop


PokerStars Hand #153299521004:  Hold'em Limit ($3/$6 USD) - 2016/05/14 10:40:16 ET
Table 'Sichuan' 10-max Seat #3 is the button
Seat 3: RJF1943 ($43.32 in chips)
Seat 5: ct-650 ($147.60 in chips)
RJF1943: posts small blind $1
ct-650: posts big blind $3
*** HOLE CARDS ***
RJF1943: folds
Uncalled bet ($2) returned to ct-650
ct-650 collected $2 from pot
*** SUMMARY ***
Total pot $2 | Rake $0
Seat 3: RJF1943 (button) (small blind) folded before Flop
Seat 5: ct-650 (big blind) collected ($2)


PokerStars Hand #153299578330:  Hold'em Limit ($3/$6 USD) - 2016/05/14 10:41:42 ET
Table 'Sichuan' 10-max Seat #5 is the button
Seat 3: RJF1943 ($76.22 in chips)
Seat 5: ct-650 ($113.36 in chips)
ct-650: posts small blind $1
RJF1943: posts big blind $3
*** HOLE CARDS ***
ct-650: raises $3 to $6
RJF1943: calls $3
*** FLOP *** [Kh Th Ks]
RJF1943: checks
ct-650: bets $3
RJF1943: folds
Uncalled bet ($3) returned to ct-650
ct-650 collected $11.76 from pot
*** SUMMARY ***
Total pot $12 | Rake $0.24
Board [Kh Th Ks]
Seat 3: RJF1943 (big blind) folded on the Flop
Seat 5: ct-650 (button) (small blind) collected ($11.76)


PokerStars Hand #153299571868:  Hold'em Limit ($3/$6 USD) - 2016/05/14 10:41:32 ET
Table 'Sichuan' 10-max Seat #3 is the button
Seat 3: RJF1943 ($79.22 in chips)
Seat 5: ct-650 ($110.48 in chips)
RJF1943: posts small blind $1
ct-650: posts big blind $3
*** HOLE CARDS ***
RJF1943: calls $2
ct-650: checks
*** FLOP *** [3d 6h Kc]
ct-650: bets $3
RJF1943: folds
Uncalled bet ($3) returned to ct-650
ct-650 collected $5.88 from pot
*** SUMMARY ***
Total pot $6 | Rake $0.12
Board [3d 6h Kc]
Seat 3: RJF1943 (button) (small blind) folded on the Flop
Seat 5: ct-650 (big blind) collected ($5.88)


PokerStars Hand #153299552559:  Hold'em Limit ($3/$6 USD) - 2016/05/14 10:41:03 ET
Table 'Sichuan' 10-max Seat #3 is the button
Seat 3: RJF1943 ($52.96 in chips)
Seat 5: ct-650 ($137.48 in chips)
RJF1943: posts small blind $1
ct-650: posts big blind $3
*** HOLE CARDS ***
RJF1943: calls $2
ct-650: raises $3 to $6
RJF1943: calls $3
*** FLOP *** [Jc 5c 5s]
ct-650: bets $3
RJF1943: calls $3
*** TURN *** [Jc 5c 5s] [6h]
ct-650: bets $6
RJF1943: calls $6
*** RIVER *** [Jc 5c 5s 6h] [8h]
ct-650: bets $6
RJF1943: calls $6
*** SHOW DOWN ***
ct-650: shows [3c 3s] (two pair, Fives and Threes)
RJF1943: shows [7s 6s] (two pair, Sixes and Fives)
RJF1943 collected $41.50 from pot
*** SUMMARY ***
Total pot $42 | Rake $0.50
Board [Jc 5c 5s 6h 8h]
Seat 3: RJF1943 (button) (small blind) showed [7s 6s] and won ($41.50) with two pair, Sixes and Fives
Seat 5: ct-650 (big blind) showed [3c 3s] and lost with two pair, Fives and Threes


PokerStars Hand #153299564592:  Hold'em Limit ($3/$6 USD) - 2016/05/14 10:41:21 ET
Table 'Sichuan' 10-max Seat #5 is the button
Seat 3: RJF1943 ($73.46 in chips)
Seat 5: ct-650 ($116.48 in chips)
ct-650: posts small blind $1
RJF1943: posts big blind $3
*** HOLE CARDS ***
ct-650: raises $3 to $6
RJF1943: calls $3
*** FLOP *** [Ah 9c Qs]
RJF1943: bets $3
ct-650: folds
Uncalled bet ($3) returned to RJF1943
RJF1943 collected $11.76 from pot
*** SUMMARY ***
Total pot $12 | Rake $0.24
Board [Ah 9c Qs]
Seat 3: RJF1943 (big blind) collected ($11.76)
Seat 5: ct-650 (button) (small blind) folded on the Flop


PokerStars Hand #153299586091:  Hold'em Limit ($3/$6 USD) - 2016/05/14 10:41:54 ET
Table 'Sichuan' 10-max Seat #3 is the button
Seat 3: RJF1943 ($70.22 in chips)
Seat 5: ct-650 ($119.12 in chips)
RJF1943: posts small blind $1
ct-650: posts big blind $3
*** HOLE CARDS ***
RJF1943: calls $2
ct-650: checks
*** FLOP *** [Kc 8s Ks]
ct-650: checks
RJF1943: checks
*** TURN *** [Kc 8s Ks] [8d]
ct-650: checks
RJF1943: checks
*** RIVER *** [Kc 8s Ks 8d] [7h]
ct-650: checks
RJF1943: checks
*** SHOW DOWN ***
ct-650: shows [Jh 7c] (two pair, Kings and Eights)
RJF1943: mucks hand
ct-650 collected $5.88 from pot
*** SUMMARY ***
Total pot $6 | Rake $0.12
Board [Kc 8s Ks 8d 7h]
Seat 3: RJF1943 (button) (small blind) mucked
Seat 5: ct-650 (big blind) showed [Jh 7c] and won ($5.88) with two pair, Kings and Eights


PokerStars Hand #153299607029:  Hold'em Limit ($3/$6 USD) - 2016/05/14 10:42:25 ET
Table 'Sichuan' 10-max Seat #5 is the button
Seat 3: RJF1943 ($60.22 in chips)
Seat 5: ct-650 ($128.76 in chips)
ct-650: posts small blind $1
RJF1943: posts big blind $3
*** HOLE CARDS ***
ct-650: raises $3 to $6
RJF1943: calls $3
*** FLOP *** [9h Tc 3c]
RJF1943: checks
ct-650: bets $3
RJF1943: folds
Uncalled bet ($3) returned to ct-650
ct-650 collected $11.76 from pot
*** SUMMARY ***
Total pot $12 | Rake $0.24
Board [9h Tc 3c]
Seat 3: RJF1943 (big blind) folded on the Flop
Seat 5: ct-650 (button) (small blind) collected ($11.76)


PokerStars Hand #153299602722:  Hold'em Limit ($3/$6 USD) - 2016/05/14 10:42:19 ET
Table 'Sichuan' 10-max Seat #3 is the button
Seat 3: RJF1943 ($61.22 in chips)
Seat 5: ct-650 ($127.76 in chips)
RJF1943: posts small blind $1
ct-650: posts big blind $3
*** HOLE CARDS ***
RJF1943: folds
Uncalled bet ($2) returned to ct-650
ct-650 collected $2 from pot
*** SUMMARY ***
Total pot $2 | Rake $0
Seat 3: RJF1943 (button) (small blind) folded before Flop
Seat 5: ct-650 (big blind) collected ($2)


PokerStars Hand #153299596222:  Hold'em Limit ($3/$6 USD) - 2016/05/14 10:42:09 ET
Table 'Sichuan' 10-max Seat #5 is the button
Seat 3: RJF1943 ($67.22 in chips)
Seat 5: ct-650 ($122 in chips)
ct-650: posts small blind $1
RJF1943: posts big blind $3
*** HOLE CARDS ***
ct-650: raises $3 to $6
RJF1943: calls $3
*** FLOP *** [Td 7d Qs]
RJF1943: checks
ct-650: bets $3
RJF1943: folds
Uncalled bet ($3) returned to ct-650
ct-650 collected $11.76 from pot
*** SUMMARY ***
Total pot $12 | Rake $0.24
Board [Td 7d Qs]
Seat 3: RJF1943 (big blind) folded on the Flop
Seat 5: ct-650 (button) (small blind) collected ($11.76)


PokerStars Hand #153299642388:  Hold'em Limit ($3/$6 USD) - 2016/05/14 10:43:18 ET
Table 'Sichuan' 10-max Seat #5 is the button
Seat 3: RJF1943 ($41.50 in chips)
Seat 5: ct-650 ($146.02 in chips)
ct-650: posts small blind $1
RJF1943: posts big blind $3
*** HOLE CARDS ***
ct-650: raises $3 to $6
RJF1943: raises $3 to $9
ct-650: calls $3
*** FLOP *** [3c Jh 9s]
RJF1943: bets $3
ct-650: calls $3
*** TURN *** [3c Jh 9s] [3d]
RJF1943: bets $6
ct-650: folds
Uncalled bet ($6) returned to RJF1943
RJF1943 collected $23.52 from pot
RJF1943: doesn't show hand
*** SUMMARY ***
Total pot $24 | Rake $0.48
Board [3c Jh 9s 3d]
Seat 3: RJF1943 (big blind) collected ($23.52)
Seat 5: ct-650 (button) (small blind) folded on the Turn


PokerStars Hand #153299657184:  Hold'em Limit ($3/$6 USD) - 2016/05/14 10:43:41 ET
Table 'Sichuan' 10-max Seat #5 is the button
Seat 3: RJF1943 ($56.02 in chips)
Seat 5: ct-650 ($131.02 in chips)
ct-650: posts small blind $1
RJF1943: posts big blind $3
*** HOLE CARDS ***
ct-650: raises $3 to $6
RJF1943: calls $3
*** FLOP *** [8d 9h Td]
belik555 joins the table at seat #4
RJF1943: bets $3
ct-650: calls $3
*** TURN *** [8d 9h Td] [3h]
RJF1943: bets $6
ct-650: calls $6
*** RIVER *** [8d 9h Td 3h] [Ks]
RJF1943: bets $6
ct-650: calls $6
*** SHOW DOWN ***
RJF1943: shows [2d 8h] (a pair of Eights)
ct-650: shows [7d 9s] (a pair of Nines)
ct-650 collected $41.50 from pot
*** SUMMARY ***
Total pot $42 | Rake $0.50
Board [8d 9h Td 3h Ks]
Seat 3: RJF1943 (big blind) showed [2d 8h] and lost with a pair of Eights
Seat 5: ct-650 (button) (small blind) showed [7d 9s] and won ($41.50) with a pair of Nines


PokerStars Hand #153299629377:  Hold'em Limit ($3/$6 USD) - 2016/05/14 10:42:59 ET
Table 'Sichuan' 10-max Seat #3 is the button
Seat 3: RJF1943 ($71.50 in chips)
Seat 5: ct-650 ($116.52 in chips)
RJF1943: posts small blind $1
ct-650: posts big blind $3
*** HOLE CARDS ***
RJF1943: calls $2
ct-650: raises $3 to $6
RJF1943: calls $3
*** FLOP *** [Jh 4c 4s]
ct-650: bets $3
RJF1943: raises $3 to $6
ct-650: calls $3
*** TURN *** [Jh 4c 4s] [Qd]
ct-650: checks
RJF1943: bets $6
ct-650: raises $6 to $12
RJF1943: calls $6
*** RIVER *** [Jh 4c 4s Qd] [Tc]
ct-650: bets $6
RJF1943: calls $6
*** SHOW DOWN ***
ct-650: shows [4h As] (three of a kind, Fours)
RJF1943: mucks hand
ct-650 collected $59.50 from pot
*** SUMMARY ***
Total pot $60 | Rake $0.50
Board [Jh 4c 4s Qd Tc]
Seat 3: RJF1943 (button) (small blind) mucked
Seat 5: ct-650 (big blind) showed [4h As] and won ($59.50) with three of a kind, Fours


PokerStars Hand #153299653307:  Hold'em Limit ($3/$6 USD) - 2016/05/14 10:43:35 ET
Table 'Sichuan' 10-max Seat #3 is the button
Seat 3: RJF1943 ($53.02 in chips)
Seat 5: ct-650 ($134.02 in chips)
RJF1943: posts small blind $1
ct-650: posts big blind $3
*** HOLE CARDS ***
RJF1943: raises $3 to $6
ct-650: folds
Uncalled bet ($3) returned to RJF1943
RJF1943 collected $6 from pot
RJF1943: doesn't show hand
*** SUMMARY ***
Total pot $6 | Rake $0
Seat 3: RJF1943 (button) (small blind) collected ($6)
Seat 5: ct-650 (big blind) folded before Flop


PokerStars Hand #153300550394:  Hold'em Limit ($3/$6 USD) - 2016/05/14 11:06:46 ET
Table 'Sichuan' 10-max Seat #7 is the button
Seat 4: belik555 ($156.78 in chips)
Seat 7: BigMoe77 ($71.33 in chips)
BigMoe77: posts small blind $1
belik555: posts big blind $3
*** HOLE CARDS ***
BigMoe77: folds
Uncalled bet ($2) returned to belik555
sermyha15 leaves the table
belik555 collected $2 from pot
belik555: doesn't show hand
*** SUMMARY ***
Total pot $2 | Rake $0
Seat 4: belik555 (big blind) collected ($2)
Seat 7: BigMoe77 (button) (small blind) folded before Flop


PokerStars Hand #153300545929:  Hold'em Limit ($3/$6 USD) - 2016/05/14 11:06:39 ET
Table 'Sichuan' 10-max Seat #4 is the button
Seat 4: belik555 ($153.78 in chips)
Seat 7: BigMoe77 ($74.33 in chips)
belik555: posts small blind $1
BigMoe77: posts big blind $3
*** HOLE CARDS ***
belik555: raises $3 to $6
BigMoe77: folds
Uncalled bet ($3) returned to belik555
belik555 collected $6 from pot
belik555: doesn't show hand
*** SUMMARY ***
Total pot $6 | Rake $0
Seat 4: belik555 (button) (small blind) collected ($6)
Seat 7: BigMoe77 (big blind) folded before Flop


PokerStars Hand #153301087525:  Hold'em Limit ($3/$6 USD) - 2016/05/14 11:19:42 ET
Table 'Sichuan' 10-max Seat #6 is the button
Seat 4: belik555 ($156.78 in chips)
Seat 6: foxxxymulder ($46.48 in chips)
foxxxymulder: posts small blind $1
belik555: posts big blind $3
*** HOLE CARDS ***
foxxxymulder: folds
Uncalled bet ($2) returned to belik555
belik555 collected $2 from pot
belik555: doesn't show hand
*** SUMMARY ***
Total pot $2 | Rake $0
Seat 4: belik555 (big blind) collected ($2)
Seat 6: foxxxymulder (button) (small blind) folded before Flop


PokerStars Hand #153301115785:  Hold'em Limit ($3/$6 USD) - 2016/05/14 11:20:23 ET
Table 'Sichuan' 10-max Seat #6 is the button
Seat 4: belik555 ($160.78 in chips)
Seat 6: foxxxymulder ($42.48 in chips)
foxxxymulder: posts small blind $1
belik555: posts big blind $3
*** HOLE CARDS ***
foxxxymulder: folds
Uncalled bet ($2) returned to belik555
belik555 collected $2 from pot
belik555: doesn't show hand
*** SUMMARY ***
Total pot $2 | Rake $0
Seat 4: belik555 (big blind) collected ($2)
Seat 6: foxxxymulder (button) (small blind) folded before Flop


PokerStars Hand #153301091935:  Hold'em Limit ($3/$6 USD) - 2016/05/14 11:19:48 ET
Table 'Sichuan' 10-max Seat #4 is the button
Seat 4: belik555 ($157.78 in chips)
Seat 6: foxxxymulder ($45.48 in chips)
belik555: posts small blind $1
foxxxymulder: posts big blind $3
*** HOLE CARDS ***
belik555: raises $3 to $6
foxxxymulder: folds
Uncalled bet ($3) returned to belik555
belik555 collected $6 from pot
belik555: doesn't show hand
*** SUMMARY ***
Total pot $6 | Rake $0
Seat 4: belik555 (button) (small blind) collected ($6)
Seat 6: foxxxymulder (big blind) folded before Flop


PokerStars Hand #153301128457:  Hold'em Limit ($3/$6 USD) - 2016/05/14 11:20:42 ET
Table 'Sichuan' 10-max Seat #6 is the button
Seat 4: belik555 ($155.78 in chips)
Seat 6: foxxxymulder ($47.24 in chips)
foxxxymulder: posts small blind $1
belik555: posts big blind $3
*** HOLE CARDS ***
foxxxymulder: folds
Uncalled bet ($2) returned to belik555
belik555 collected $2 from pot
belik555: doesn't show hand
*** SUMMARY ***
Total pot $2 | Rake $0
Seat 4: belik555 (big blind) collected ($2)
Seat 6: foxxxymulder (button) (small blind) folded before Flop


PokerStars Hand #153301119468:  Hold'em Limit ($3/$6 USD) - 2016/05/14 11:20:28 ET
Table 'Sichuan' 10-max Seat #4 is the button
Seat 4: belik555 ($161.78 in chips)
Seat 6: foxxxymulder ($41.48 in chips)
belik555: posts small blind $1
foxxxymulder: posts big blind $3
*** HOLE CARDS ***
belik555: raises $3 to $6
foxxxymulder: calls $3
*** FLOP *** [As Tc 8s]
foxxxymulder: bets $3
belik555: folds
Uncalled bet ($3) returned to foxxxymulder
foxxxymulder collected $11.76 from pot
foxxxymulder: doesn't show hand
*** SUMMARY ***
Total pot $12 | Rake $0.24
Board [As Tc 8s]
Seat 4: belik555 (button) (small blind) folded on the Flop
Seat 6: foxxxymulder (big blind) collected ($11.76)


PokerStars Hand #153301155776:  Hold'em Limit ($3/$6 USD) - 2016/05/14 11:21:22 ET
Table 'Sichuan' 10-max Seat #4 is the button
Seat 4: belik555 ($153.78 in chips)
Seat 6: foxxxymulder ($49 in chips)
belik555: posts small blind $1
foxxxymulder: posts big blind $3
*** HOLE CARDS ***
belik555: folds
Uncalled bet ($2) returned to foxxxymulder
foxxxymulder collected $2 from pot
foxxxymulder: doesn't show hand
*** SUMMARY ***
Total pot $2 | Rake $0
Seat 4: belik555 (button) (small blind) folded before Flop
Seat 6: foxxxymulder (big blind) collected ($2)


PokerStars Hand #153301144456:  Hold'em Limit ($3/$6 USD) - 2016/05/14 11:21:05 ET
Table 'Sichuan' 10-max Seat #6 is the button
Seat 4: belik555 ($159.78 in chips)
Seat 6: foxxxymulder ($43.24 in chips)
foxxxymulder: posts small blind $1
belik555: posts big blind $3
*** HOLE CARDS ***
foxxxymulder: raises $3 to $6
belik555: calls $3
*** FLOP *** [3h Qh Th]
belik555: checks
foxxxymulder: bets $3
belik555: folds
Uncalled bet ($3) returned to foxxxymulder
foxxxymulder collected $11.76 from pot
foxxxymulder: doesn't show hand
*** SUMMARY ***
Total pot $12 | Rake $0.24
Board [3h Qh Th]
Seat 4: belik555 (big blind) folded on the Flop
Seat 6: foxxxymulder (button) (small blind) collected ($11.76)


PokerStars Hand #153301132452:  Hold'em Limit ($3/$6 USD) - 2016/05/14 11:20:47 ET
Table 'Sichuan' 10-max Seat #4 is the button
Seat 4: belik555 ($156.78 in chips)
Seat 6: foxxxymulder ($46.24 in chips)
belik555: posts small blind $1
foxxxymulder: posts big blind $3
*** HOLE CARDS ***
belik555: raises $3 to $6
foxxxymulder: folds
Uncalled bet ($3) returned to belik555
belik555 collected $6 from pot
belik555: doesn't show hand
*** SUMMARY ***
Total pot $6 | Rake $0
Seat 4: belik555 (button) (small blind) collected ($6)
Seat 6: foxxxymulder (big blind) folded before Flop


PokerStars Hand #153301159400:  Hold'em Limit ($3/$6 USD) - 2016/05/14 11:21:27 ET
Table 'Sichuan' 10-max Seat #6 is the button
Seat 4: belik555 ($152.78 in chips)
Seat 6: foxxxymulder ($50 in chips)
foxxxymulder: posts small blind $1
belik555: posts big blind $3
*** HOLE CARDS ***
foxxxymulder: folds
Uncalled bet ($2) returned to belik555
belik555 collected $2 from pot
belik555: doesn't show hand
*** SUMMARY ***
Total pot $2 | Rake $0
Seat 4: belik555 (big blind) collected ($2)
Seat 6: foxxxymulder (button) (small blind) folded before Flop


PokerStars Hand #153301178028:  Hold'em Limit ($3/$6 USD) - 2016/05/14 11:21:54 ET
Table 'Sichuan' 10-max Seat #6 is the button
Seat 4: belik555 ($177.28 in chips)
Seat 6: foxxxymulder ($25 in chips)
foxxxymulder: posts small blind $1
belik555: posts big blind $3
*** HOLE CARDS ***
foxxxymulder: folds
Uncalled bet ($2) returned to belik555
belik555 collected $2 from pot
belik555: doesn't show hand
*** SUMMARY ***
Total pot $2 | Rake $0
Seat 4: belik555 (big blind) collected ($2)
Seat 6: foxxxymulder (button) (small blind) folded before Flop


PokerStars Hand #153301163232:  Hold'em Limit ($3/$6 USD) - 2016/05/14 11:21:32 ET
Table 'Sichuan' 10-max Seat #4 is the button
Seat 4: belik555 ($153.78 in chips)
Seat 6: foxxxymulder ($49 in chips)
belik555: posts small blind $1
foxxxymulder: posts big blind $3
*** HOLE CARDS ***
belik555: raises $3 to $6
foxxxymulder: raises $3 to $9
belik555: calls $3
*** FLOP *** [Jc Jd 3c]
foxxxymulder: bets $3
belik555: calls $3
*** TURN *** [Jc Jd 3c] [2d]
foxxxymulder: bets $6
belik555: calls $6
*** RIVER *** [Jc Jd 3c 2d] [Qh]
foxxxymulder: bets $6
belik555: calls $6
*** SHOW DOWN ***
foxxxymulder: shows [8d 9d] (a pair of Jacks)
belik555: shows [Tc 3s] (two pair, Jacks and Threes)
belik555 collected $47.50 from pot
*** SUMMARY ***
Total pot $48 | Rake $0.50
Board [Jc Jd 3c 2d Qh]
Seat 4: belik555 (button) (small blind) showed [Tc 3s] and won ($47.50) with two pair, Jacks and Threes
Seat 6: foxxxymulder (big blind) showed [8d 9d] and lost with a pair of Jacks


PokerStars Hand #153301182354:  Hold'em Limit ($3/$6 USD) - 2016/05/14 11:22:00 ET
Table 'Sichuan' 10-max Seat #4 is the button
Seat 4: belik555 ($178.28 in chips)
Seat 6: foxxxymulder ($24 in chips)
belik555: posts small blind $1
foxxxymulder: posts big blind $3
*** HOLE CARDS ***
belik555: raises $3 to $6
foxxxymulder: calls $3
*** FLOP *** [8s 6d 5s]
foxxxymulder: bets $3
belik555: calls $3
*** TURN *** [8s 6d 5s] [8h]
foxxxymulder: bets $6
belik555: calls $6
*** RIVER *** [8s 6d 5s 8h] [2h]
foxxxymulder: bets $6
belik555: calls $6
*** SHOW DOWN ***
foxxxymulder: shows [9h 6h] (two pair, Eights and Sixes)
belik555: mucks hand
foxxxymulder collected $41.50 from pot
*** SUMMARY ***
Total pot $42 | Rake $0.50
Board [8s 6d 5s 8h 2h]
Seat 4: belik555 (button) (small blind) mucked
Seat 6: foxxxymulder (big blind) showed [9h 6h] and won ($41.50) with two pair, Eights and Sixes


PokerStars Hand #153301204317:  Hold'em Limit ($3/$6 USD) - 2016/05/14 11:22:32 ET
Table 'Sichuan' 10-max Seat #6 is the button
Seat 4: belik555 ($157.28 in chips)
Seat 6: foxxxymulder ($44.50 in chips)
foxxxymulder: posts small blind $1
belik555: posts big blind $3
*** HOLE CARDS ***
foxxxymulder: calls $2
belik555: raises $3 to $6
foxxxymulder: calls $3
*** FLOP *** [4d Qc Jd]
belik555: bets $3
foxxxymulder: folds
Uncalled bet ($3) returned to belik555
belik555 collected $11.76 from pot
belik555: doesn't show hand
*** SUMMARY ***
Total pot $12 | Rake $0.24
Board [4d Qc Jd]
Seat 4: belik555 (big blind) collected ($11.76)
Seat 6: foxxxymulder (button) (small blind) folded on the Flop


PokerStars Hand #153301240740:  Hold'em Limit ($3/$6 USD) - 2016/05/14 11:23:25 ET
Table 'Sichuan' 10-max Seat #6 is the button
Seat 4: belik555 ($145.04 in chips)
Seat 6: foxxxymulder ($56 in chips)
foxxxymulder: posts small blind $1
belik555: posts big blind $3
*** HOLE CARDS ***
foxxxymulder: folds
Uncalled bet ($2) returned to belik555
belik555 collected $2 from pot
belik555: doesn't show hand
*** SUMMARY ***
Total pot $2 | Rake $0
Seat 4: belik555 (big blind) collected ($2)
Seat 6: foxxxymulder (button) (small blind) folded before Flop


PokerStars Hand #153301218638:  Hold'em Limit ($3/$6 USD) - 2016/05/14 11:22:53 ET
Table 'Sichuan' 10-max Seat #4 is the button
Seat 4: belik555 ($163.04 in chips)
Seat 6: foxxxymulder ($38.50 in chips)
belik555: posts small blind $1
foxxxymulder: posts big blind $3
*** HOLE CARDS ***
belik555: raises $3 to $6
foxxxymulder: raises $3 to $9
belik555: calls $3
*** FLOP *** [9h 8d 7h]
foxxxymulder: bets $3
belik555: calls $3
*** TURN *** [9h 8d 7h] [2d]
foxxxymulder: bets $6
belik555: calls $6
*** RIVER *** [9h 8d 7h 2d] [Qs]
foxxxymulder: bets $6
belik555: folds
Uncalled bet ($6) returned to foxxxymulder
foxxxymulder collected $35.50 from pot
foxxxymulder: doesn't show hand
*** SUMMARY ***
Total pot $36 | Rake $0.50
Board [9h 8d 7h 2d Qs]
Seat 4: belik555 (button) (small blind) folded on the River
Seat 6: foxxxymulder (big blind) collected ($35.50)


PokerStars Hand #153301244433:  Hold'em Limit ($3/$6 USD) - 2016/05/14 11:23:30 ET
Table 'Sichuan' 10-max Seat #4 is the button
Seat 4: belik555 ($146.04 in chips)
Seat 6: foxxxymulder ($55 in chips)
belik555: posts small blind $1
foxxxymulder: posts big blind $3
*** HOLE CARDS ***
belik555: raises $3 to $6
foxxxymulder: raises $3 to $9
belik555: calls $3
*** FLOP *** [9c Qh Ts]
foxxxymulder: bets $3
belik555: calls $3
*** TURN *** [9c Qh Ts] [7h]
foxxxymulder: bets $6
belik555: raises $6 to $12
foxxxymulder: raises $6 to $18
belik555: raises $6 to $24
Betting is capped
foxxxymulder: calls $6
*** RIVER *** [9c Qh Ts 7h] [6c]
foxxxymulder: bets $6
belik555: calls $6
*** SHOW DOWN ***
foxxxymulder: shows [Jc Kd] (a straight, Nine to King)
belik555: mucks hand
foxxxymulder collected $83.50 from pot
*** SUMMARY ***
Total pot $84 | Rake $0.50
Board [9c Qh Ts 7h 6c]
Seat 4: belik555 (button) (small blind) mucked
Seat 6: foxxxymulder (big blind) showed [Jc Kd] and won ($83.50) with a straight, Nine to King


PokerStars Hand #153301291827:  Hold'em Limit ($3/$6 USD) - 2016/05/14 11:24:39 ET
Table 'Sichuan' 10-max Seat #6 is the button
Seat 4: belik555 ($104.04 in chips)
Seat 6: foxxxymulder ($96.50 in chips)
foxxxymulder: posts small blind $1
belik555: posts big blind $3
*** HOLE CARDS ***
foxxxymulder: raises $3 to $6
belik555: calls $3
*** FLOP *** [3d 6h 4c]
belik555: checks
foxxxymulder: bets $3
belik555: raises $3 to $6
foxxxymulder: calls $3
*** TURN *** [3d 6h 4c] [7d]
belik555: bets $6
foxxxymulder: calls $6
*** RIVER *** [3d 6h 4c 7d] [7h]
belik555: checks
foxxxymulder: bets $6
belik555: calls $6
*** SHOW DOWN ***
foxxxymulder: shows [Ah 4h] (two pair, Sevens and Fours)
belik555: mucks hand
foxxxymulder collected $47.50 from pot
*** SUMMARY ***
Total pot $48 | Rake $0.50
Board [3d 6h 4c 7d 7h]
Seat 4: belik555 (big blind) mucked
Seat 6: foxxxymulder (button) (small blind) showed [Ah 4h] and won ($47.50) with two pair, Sevens and Fours


PokerStars Hand #153301348299:  Hold'em Limit ($3/$6 USD) - 2016/05/14 11:26:02 ET
Table 'Sichuan' 10-max Seat #4 is the button
Seat 4: belik555 ($80.04 in chips)
Seat 6: foxxxymulder ($120 in chips)
belik555: posts small blind $1
foxxxymulder: posts big blind $3
*** HOLE CARDS ***
belik555: folds
Uncalled bet ($2) returned to foxxxymulder
foxxxymulder collected $2 from pot
foxxxymulder: doesn't show hand
*** SUMMARY ***
Total pot $2 | Rake $0
Seat 4: belik555 (button) (small blind) folded before Flop
Seat 6: foxxxymulder (big blind) collected ($2)


PokerStars Hand #153301356636:  Hold'em Limit ($3/$6 USD) - 2016/05/14 11:26:14 ET
Table 'Sichuan' 10-max Seat #4 is the button
Seat 4: belik555 ($80.04 in chips)
Seat 6: foxxxymulder ($120 in chips)
belik555: posts small blind $1
foxxxymulder: posts big blind $3
*** HOLE CARDS ***
belik555: raises $3 to $6
foxxxymulder: folds
Uncalled bet ($3) returned to belik555
belik555 collected $6 from pot
belik555: doesn't show hand
*** SUMMARY ***
Total pot $6 | Rake $0
Seat 4: belik555 (button) (small blind) collected ($6)
Seat 6: foxxxymulder (big blind) folded before Flop


PokerStars Hand #153301352035:  Hold'em Limit ($3/$6 USD) - 2016/05/14 11:26:07 ET
Table 'Sichuan' 10-max Seat #6 is the button
Seat 4: belik555 ($79.04 in chips)
Seat 6: foxxxymulder ($121 in chips)
foxxxymulder: posts small blind $1
belik555: posts big blind $3
*** HOLE CARDS ***
foxxxymulder: folds
Uncalled bet ($2) returned to belik555
belik555 collected $2 from pot
belik555: doesn't show hand
*** SUMMARY ***
Total pot $2 | Rake $0
Seat 4: belik555 (big blind) collected ($2)
Seat 6: foxxxymulder (button) (small blind) folded before Flop


PokerStars Hand #153301366936:  Hold'em Limit ($3/$6 USD) - 2016/05/14 11:26:29 ET
Table 'Sichuan' 10-max Seat #6 is the button
Seat 4: belik555 ($83.04 in chips)
Seat 6: foxxxymulder ($117 in chips)
foxxxymulder: posts small blind $1
belik555: posts big blind $3
*** HOLE CARDS ***
foxxxymulder: folds
Uncalled bet ($2) returned to belik555
foxxxymulder leaves the table
belik555 collected $2 from pot
belik555: doesn't show hand
*** SUMMARY ***
Total pot $2 | Rake $0
Seat 4: belik555 (big blind) collected ($2)
Seat 6: foxxxymulder (button) (small blind) folded before Flop


PokerStars Hand #153302066663:  Hold'em Limit ($3/$6 USD) - 2016/05/14 11:42:50 ET
Table 'Sichuan' 10-max Seat #4 is the button
Seat 4: belik555 ($84.04 in chips)
Seat 5: buddhasway ($105.39 in chips)
belik555: posts small blind $1
buddhasway: posts big blind $3
*** HOLE CARDS ***
belik555: raises $3 to $6
buddhasway: calls $3
*** FLOP *** [9c Kd 6s]
buddhasway: checks
belik555: bets $3
buddhasway: calls $3
*** TURN *** [9c Kd 6s] [5s]
buddhasway: checks
belik555: bets $6
buddhasway: calls $6
*** RIVER *** [9c Kd 6s 5s] [4d]
buddhasway: checks
belik555: bets $6
buddhasway: calls $6
*** SHOW DOWN ***
belik555: shows [Ks 4h] (two pair, Kings and Fours)
buddhasway: mucks hand
belik555 collected $41.50 from pot
*** SUMMARY ***
Total pot $42 | Rake $0.50
Board [9c Kd 6s 5s 4d]
Seat 4: belik555 (button) (small blind) showed [Ks 4h] and won ($41.50) with two pair, Kings and Fours
Seat 5: buddhasway (big blind) mucked


PokerStars Hand #153302115828:  Hold'em Limit ($3/$6 USD) - 2016/05/14 11:43:59 ET
Table 'Sichuan' 10-max Seat #4 is the button
Seat 4: belik555 ($101.54 in chips)
Seat 5: buddhasway ($87.27 in chips)
belik555: posts small blind $1
buddhasway: posts big blind $3
*** HOLE CARDS ***
belik555: raises $3 to $6
buddhasway: calls $3
*** FLOP *** [4c 2c 5d]
buddhasway: checks
belik555: bets $3
buddhasway: calls $3
*** TURN *** [4c 2c 5d] [Qc]
buddhasway: checks
belik555: checks
*** RIVER *** [4c 2c 5d Qc] [7s]
buddhasway: bets $6
belik555: calls $6
*** SHOW DOWN ***
buddhasway: shows [Qh As] (a pair of Queens)
belik555: mucks hand
buddhasway collected $29.50 from pot
*** SUMMARY ***
Total pot $30 | Rake $0.50
Board [4c 2c 5d Qc 7s]
Seat 4: belik555 (button) (small blind) mucked
Seat 5: buddhasway (big blind) showed [Qh As] and won ($29.50) with a pair of Queens


PokerStars Hand #153302100115:  Hold'em Limit ($3/$6 USD) - 2016/05/14 11:43:37 ET
Table 'Sichuan' 10-max Seat #5 is the button
Seat 4: belik555 ($104.54 in chips)
Seat 5: buddhasway ($84.39 in chips)
buddhasway: posts small blind $1
belik555: posts big blind $3
*** HOLE CARDS ***
buddhasway: calls $2
belik555: checks
*** FLOP *** [Jc Qs 8d]
belik555: checks
buddhasway: bets $3
belik555: folds
Uncalled bet ($3) returned to buddhasway
buddhasway collected $5.88 from pot
buddhasway: doesn't show hand
*** SUMMARY ***
Total pot $6 | Rake $0.12
Board [Jc Qs 8d]
Seat 4: belik555 (big blind) folded on the Flop
Seat 5: buddhasway (button) (small blind) collected ($5.88)


PokerStars Hand #153302144800:  Hold'em Limit ($3/$6 USD) - 2016/05/14 11:44:40 ET
Table 'Sichuan' 10-max Seat #5 is the button
Seat 4: belik555 ($86.54 in chips)
Seat 5: buddhasway ($101.77 in chips)
buddhasway: posts small blind $1
belik555: posts big blind $3
*** HOLE CARDS ***
buddhasway: calls $2
belik555: raises $3 to $6
buddhasway: calls $3
*** FLOP *** [Td 6h Qh]
belik555: bets $3
buddhasway: calls $3
*** TURN *** [Td 6h Qh] [Tc]
belik555: bets $6
buddhasway: calls $6
*** RIVER *** [Td 6h Qh Tc] [8c]
profit1980 joins the table at seat #6
belik555: bets $6
buddhasway: raises $6 to $12
belik555: calls $6
*** SHOW DOWN ***
buddhasway: shows [7s 9s] (a straight, Six to Ten)
belik555: mucks hand
buddhasway collected $53.50 from pot
*** SUMMARY ***
Total pot $54 | Rake $0.50
Board [Td 6h Qh Tc 8c]
Seat 4: belik555 (big blind) mucked
Seat 5: buddhasway (button) (small blind) showed [7s 9s] and won ($53.50) with a straight, Six to Ten


PokerStars Hand #153302183856:  Hold'em Limit ($3/$6 USD) - 2016/05/14 11:45:34 ET
Table 'Sichuan' 10-max Seat #4 is the button
Seat 4: belik555 ($72 in chips)
Seat 5: buddhasway ($128.27 in chips)
belik555: posts small blind $1
buddhasway: posts big blind $3
*** HOLE CARDS ***
belik555: raises $3 to $6
buddhasway: calls $3
*** FLOP *** [Qh Kh 9d]
buddhasway: checks
belik555: bets $3
buddhasway: calls $3
*** TURN *** [Qh Kh 9d] [4h]
buddhasway: checks
belik555: checks
*** RIVER *** [Qh Kh 9d 4h] [Qd]
buddhasway: checks
belik555: checks
*** SHOW DOWN ***
buddhasway: shows [7d Tc] (a pair of Queens)
belik555: shows [5h Ad] (a pair of Queens - Ace kicker)
belik555 collected $17.64 from pot
*** SUMMARY ***
Total pot $18 | Rake $0.36
Board [Qh Kh 9d 4h Qd]
Seat 4: belik555 (button) (small blind) showed [5h Ad] and won ($17.64) with a pair of Queens
Seat 5: buddhasway (big blind) showed [7d Tc] and lost with a pair of Queens


PokerStars Hand #153302405769:  Hold'em Limit ($3/$6 USD) - 2016/05/14 11:50:45 ET
Table 'Sichuan' 10-max Seat #5 is the button
Seat 5: buddhasway ($199.22 in chips)
Seat 7: Kajind ($72 in chips)
buddhasway: posts small blind $1
Kajind: posts big blind $3
*** HOLE CARDS ***
buddhasway: raises $3 to $6
Kajind: calls $3
*** FLOP *** [Kc 3s Jc]
Kajind: checks
buddhasway: bets $3
Kajind: folds
Uncalled bet ($3) returned to buddhasway
buddhasway collected $11.76 from pot
buddhasway: doesn't show hand
*** SUMMARY ***
Total pot $12 | Rake $0.24
Board [Kc 3s Jc]
Seat 5: buddhasway (button) (small blind) collected ($11.76)
Seat 7: Kajind (big blind) folded on the Flop


PokerStars Hand #153302391434:  Hold'em Limit ($3/$6 USD) - 2016/05/14 11:50:25 ET
Table 'Sichuan' 10-max Seat #7 is the button
Seat 5: buddhasway ($184.72 in chips)
Seat 7: Kajind ($72 in chips)
Kajind: posts small blind $1
buddhasway: posts big blind $3
*** HOLE CARDS ***
Kajind: raises $3 to $6
buddhasway: calls $3
*** FLOP *** [6h 4s Tc]
buddhasway: checks
Kajind: bets $3
buddhasway: calls $3
*** TURN *** [6h 4s Tc] [Qc]
buddhasway: checks
Kajind: bets $6
buddhasway: calls $6
*** RIVER *** [6h 4s Tc Qc] [6s]
buddhasway: checks
Kajind: checks
*** SHOW DOWN ***
buddhasway: shows [3c Kd] (a pair of Sixes)
Kajind: mucks hand
buddhasway collected $29.50 from pot
*** SUMMARY ***
Total pot $30 | Rake $0.50
Board [6h 4s Tc Qc 6s]
Seat 5: buddhasway (big blind) showed [3c Kd] and won ($29.50) with a pair of Sixes
Seat 7: Kajind (button) (small blind) mucked


PokerStars Hand #153302386747:  Hold'em Limit ($3/$6 USD) - 2016/05/14 11:50:18 ET
Table 'Sichuan' 10-max Seat #5 is the button
Seat 5: buddhasway ($181.72 in chips)
Seat 7: Kajind ($72 in chips)
buddhasway: posts small blind $1
Kajind: posts big blind $3
*** HOLE CARDS ***
buddhasway: raises $3 to $6
Kajind: folds
Uncalled bet ($3) returned to buddhasway
buddhasway collected $6 from pot
buddhasway: doesn't show hand
*** SUMMARY ***
Total pot $6 | Rake $0
Seat 5: buddhasway (button) (small blind) collected ($6)
Seat 7: Kajind (big blind) folded before Flop


PokerStars Hand #153302373826:  Hold'em Limit ($3/$6 USD) - 2016/05/14 11:50:00 ET
Table 'Sichuan' 10-max Seat #7 is the button
Seat 5: buddhasway ($173.08 in chips)
Seat 7: Kajind ($72 in chips)
Kajind: posts small blind $1
buddhasway: posts big blind $3
*** HOLE CARDS ***
Kajind: raises $3 to $6
buddhasway: calls $3
*** FLOP *** [7h 5d 9c]
buddhasway: checks
Kajind: bets $3
buddhasway: calls $3
*** TURN *** [7h 5d 9c] [4c]
buddhasway: checks
Kajind: checks
*** RIVER *** [7h 5d 9c 4c] [2s]
buddhasway: bets $6
Kajind: folds
Uncalled bet ($6) returned to buddhasway
buddhasway collected $17.64 from pot
buddhasway: doesn't show hand
*** SUMMARY ***
Total pot $18 | Rake $0.36
Board [7h 5d 9c 4c 2s]
Seat 5: buddhasway (big blind) collected ($17.64)
Seat 7: Kajind (button) (small blind) folded on the River


PokerStars Hand #153302362484:  Hold'em Limit ($3/$6 USD) - 2016/05/14 11:49:45 ET
Table 'Sichuan' 10-max Seat #5 is the button
Seat 5: buddhasway ($164.44 in chips)
Seat 7: Kajind ($72 in chips)
buddhasway: posts small blind $1
Kajind: posts big blind $3
*** HOLE CARDS ***
buddhasway: raises $3 to $6
Kajind: calls $3
*** FLOP *** [5s Kd Jd]
Kajind: checks
buddhasway: bets $3
Kajind: calls $3
*** TURN *** [5s Kd Jd] [5c]
Kajind: checks
buddhasway: bets $6
profit1980 leaves the table
Kajind: folds
Uncalled bet ($6) returned to buddhasway
buddhasway collected $17.64 from pot
buddhasway: doesn't show hand
*** SUMMARY ***
Total pot $18 | Rake $0.36
Board [5s Kd Jd 5c]
Seat 5: buddhasway (button) (small blind) collected ($17.64)
Seat 7: Kajind (big blind) folded on the Turn


PokerStars Hand #153302434706:  Hold'em Limit ($3/$6 USD) - 2016/05/14 11:51:25 ET
Table 'Sichuan' 10-max Seat #7 is the button
Seat 5: buddhasway ($192.86 in chips)
Seat 7: Kajind ($83.50 in chips)
Kajind: posts small blind $1
buddhasway: posts big blind $3
*** HOLE CARDS ***
Kajind: raises $3 to $6
buddhasway: calls $3
*** FLOP *** [9h Tc 7c]
buddhasway: checks
Kajind: bets $3
buddhasway: calls $3
*** TURN *** [9h Tc 7c] [Jd]
buddhasway: bets $6
Kajind: folds
Uncalled bet ($6) returned to buddhasway
buddhasway collected $17.64 from pot
buddhasway: doesn't show hand
*** SUMMARY ***
Total pot $18 | Rake $0.36
Board [9h Tc 7c Jd]
Seat 5: buddhasway (big blind) collected ($17.64)
Seat 7: Kajind (button) (small blind) folded on the Turn


PokerStars Hand #153302412893:  Hold'em Limit ($3/$6 USD) - 2016/05/14 11:50:55 ET
Table 'Sichuan' 10-max Seat #7 is the button
Seat 5: buddhasway ($204.98 in chips)
Seat 7: Kajind ($72 in chips)
Kajind: posts small blind $1
buddhasway: posts big blind $3
*** HOLE CARDS ***
Kajind: raises $3 to $6
buddhasway: calls $3
*** FLOP *** [Jh 7c Jc]
buddhasway: checks
Kajind: bets $3
buddhasway: calls $3
*** TURN *** [Jh 7c Jc] [6c]
buddhasway: checks
Kajind: bets $6
buddhasway: calls $6
*** RIVER *** [Jh 7c Jc 6c] [Ts]
buddhasway: checks
Kajind: checks
*** SHOW DOWN ***
buddhasway: shows [4h 9c] (a pair of Jacks)
Kajind: shows [Qh Ks] (a pair of Jacks - King kicker)
Kajind collected $29.50 from pot
*** SUMMARY ***
Total pot $30 | Rake $0.50
Board [Jh 7c Jc 6c Ts]
Seat 5: buddhasway (big blind) showed [4h 9c] and lost with a pair of Jacks
Seat 7: Kajind (button) (small blind) showed [Qh Ks] and won ($29.50) with a pair of Jacks


PokerStars Hand #153302425920:  Hold'em Limit ($3/$6 USD) - 2016/05/14 11:51:13 ET
Table 'Sichuan' 10-max Seat #5 is the button
Seat 5: buddhasway ($189.98 in chips)
Seat 7: Kajind ($86.50 in chips)
buddhasway: posts small blind $1
Kajind: posts big blind $3
*** HOLE CARDS ***
buddhasway: calls $2
Kajind: checks
*** FLOP *** [9d 8s 4h]
Kajind: checks
buddhasway: bets $3
Kajind: folds
Uncalled bet ($3) returned to buddhasway
buddhasway collected $5.88 from pot
buddhasway: doesn't show hand
*** SUMMARY ***
Total pot $6 | Rake $0.12
Board [9d 8s 4h]
Seat 5: buddhasway (button) (small blind) collected ($5.88)
Seat 7: Kajind (big blind) folded on the Flop


PokerStars Hand #153302446329:  Hold'em Limit ($3/$6 USD) - 2016/05/14 11:51:41 ET
Table 'Sichuan' 10-max Seat #5 is the button
Seat 5: buddhasway ($201.50 in chips)
Seat 7: Kajind ($74.50 in chips)
buddhasway: posts small blind $1
Kajind: posts big blind $3
*** HOLE CARDS ***
buddhasway: calls $2
Kajind: checks
*** FLOP *** [Ts 5d 2c]
Kajind: checks
buddhasway: checks
*** TURN *** [Ts 5d 2c] [7s]
Kajind: checks
buddhasway: bets $6
Kajind: folds
Uncalled bet ($6) returned to buddhasway
buddhasway collected $5.88 from pot
buddhasway: doesn't show hand
*** SUMMARY ***
Total pot $6 | Rake $0.12
Board [Ts 5d 2c 7s]
Seat 5: buddhasway (button) (small blind) collected ($5.88)
Seat 7: Kajind (big blind) folded on the Turn


PokerStars Hand #153302459673:  Hold'em Limit ($3/$6 USD) - 2016/05/14 11:51:59 ET
Table 'Sichuan' 10-max Seat #7 is the button
Seat 5: buddhasway ($204.38 in chips)
Seat 7: Kajind ($72 in chips)
Kajind: posts small blind $1
buddhasway: posts big blind $3
*** HOLE CARDS ***
Kajind: raises $3 to $6
buddhasway: calls $3
*** FLOP *** [7s 2d 5h]
buddhasway: checks
Kajind: bets $3
buddhasway: raises $3 to $6
Kajind: calls $3
*** TURN *** [7s 2d 5h] [Jh]
buddhasway: bets $6
Kajind: calls $6
*** RIVER *** [7s 2d 5h Jh] [4d]
buddhasway: bets $6
Kajind: calls $6
*** SHOW DOWN ***
buddhasway: shows [Js 7d] (two pair, Jacks and Sevens)
Kajind: mucks hand
buddhasway collected $47.50 from pot
*** SUMMARY ***
Total pot $48 | Rake $0.50
Board [7s 2d 5h Jh 4d]
Seat 5: buddhasway (big blind) showed [Js 7d] and won ($47.50) with two pair, Jacks and Sevens
Seat 7: Kajind (button) (small blind) mucked


PokerStars Hand #153302471609:  Hold'em Limit ($3/$6 USD) - 2016/05/14 11:52:15 ET
Table 'Sichuan' 10-max Seat #5 is the button
Seat 5: buddhasway ($227.88 in chips)
Seat 7: Kajind ($72 in chips)
buddhasway: posts small blind $1
Kajind: posts big blind $3
*** HOLE CARDS ***
buddhasway: raises $3 to $6
Kajind: folds
Uncalled bet ($3) returned to buddhasway
buddhasway collected $6 from pot
buddhasway: doesn't show hand
*** SUMMARY ***
Total pot $6 | Rake $0
Seat 5: buddhasway (button) (small blind) collected ($6)
Seat 7: Kajind (big blind) folded before Flop


PokerStars Hand #153302476127:  Hold'em Limit ($3/$6 USD) - 2016/05/14 11:52:22 ET
Table 'Sichuan' 10-max Seat #7 is the button
Seat 5: buddhasway ($230.88 in chips)
Seat 7: Kajind ($72 in chips)
Kajind: posts small blind $1
buddhasway: posts big blind $3
*** HOLE CARDS ***
Kajind: raises $3 to $6
buddhasway: calls $3
*** FLOP *** [6s 9s Jd]
buddhasway: checks
Kajind: bets $3
buddhasway: calls $3
*** TURN *** [6s 9s Jd] [3h]
buddhasway: checks
Kajind: bets $6
buddhasway: calls $6
*** RIVER *** [6s 9s Jd 3h] [4d]
buddhasway: checks
Kajind: bets $6
buddhasway: calls $6
*** SHOW DOWN ***
Kajind: shows [Kd Ks] (a pair of Kings)
buddhasway: mucks hand
Kajind collected $41.50 from pot
*** SUMMARY ***
Total pot $42 | Rake $0.50
Board [6s 9s Jd 3h 4d]
Seat 5: buddhasway (big blind) mucked
Seat 7: Kajind (button) (small blind) showed [Kd Ks] and won ($41.50) with a pair of Kings


PokerStars Hand #153302491916:  Hold'em Limit ($3/$6 USD) - 2016/05/14 11:52:43 ET
Table 'Sichuan' 10-max Seat #5 is the button
Seat 5: buddhasway ($209.88 in chips)
Seat 7: Kajind ($92.50 in chips)
buddhasway: posts small blind $1
Kajind: posts big blind $3
*** HOLE CARDS ***
buddhasway: raises $3 to $6
Kajind: calls $3
*** FLOP *** [Jd Kd 8s]
Kajind: checks
buddhasway: bets $3
Kajind: raises $3 to $6
buddhasway: calls $3
*** TURN *** [Jd Kd 8s] [6d]
Kajind: bets $6
buddhasway: calls $6
*** RIVER *** [Jd Kd 8s 6d] [6h]
Kajind: bets $6
buddhasway: calls $6
*** SHOW DOWN ***
Kajind: shows [Jh 8h] (two pair, Jacks and Eights)
buddhasway: mucks hand
Kajind collected $47.50 from pot
*** SUMMARY ***
Total pot $48 | Rake $0.50
Board [Jd Kd 8s 6d 6h]
Seat 5: buddhasway (button) (small blind) mucked
Seat 7: Kajind (big blind) showed [Jh 8h] and won ($47.50) with two pair, Jacks and Eights


PokerStars Hand #153302505145:  Hold'em Limit ($3/$6 USD) - 2016/05/14 11:53:01 ET
Table 'Sichuan' 10-max Seat #7 is the button
Seat 5: buddhasway ($185.88 in chips)
Seat 7: Kajind ($116 in chips)
Kajind: posts small blind $1
buddhasway: posts big blind $3
*** HOLE CARDS ***
Kajind: raises $3 to $6
buddhasway: raises $3 to $9
Kajind: calls $3
*** FLOP *** [7s 9c 6h]
buddhasway: checks
Kajind: checks
*** TURN *** [7s 9c 6h] [7d]
buddhasway: bets $6
Kajind: folds
Uncalled bet ($6) returned to buddhasway
buddhasway collected $17.64 from pot
buddhasway: doesn't show hand
*** SUMMARY ***
Total pot $18 | Rake $0.36
Board [7s 9c 6h 7d]
Seat 5: buddhasway (big blind) collected ($17.64)
Seat 7: Kajind (button) (small blind) folded on the Turn


PokerStars Hand #153302515379:  Hold'em Limit ($3/$6 USD) - 2016/05/14 11:53:15 ET
Table 'Sichuan' 10-max Seat #5 is the button
Seat 5: buddhasway ($194.52 in chips)
Seat 7: Kajind ($107 in chips)
buddhasway: posts small blind $1
Kajind: posts big blind $3
*** HOLE CARDS ***
buddhasway: calls $2
Kajind: raises $3 to $6
buddhasway: calls $3
*** FLOP *** [2c Kh 5c]
Kajind: bets $3
buddhasway: calls $3
*** TURN *** [2c Kh 5c] [9s]
Kajind: checks
buddhasway: bets $6
Kajind: calls $6
*** RIVER *** [2c Kh 5c 9s] [As]
Kajind: bets $6
buddhasway: calls $6
*** SHOW DOWN ***
Kajind: shows [Ah Js] (a pair of Aces)
buddhasway: mucks hand
Kajind collected $41.50 from pot
*** SUMMARY ***
Total pot $42 | Rake $0.50
Board [2c Kh 5c 9s As]
Seat 5: buddhasway (button) (small blind) mucked
Seat 7: Kajind (big blind) showed [Ah Js] and won ($41.50) with a pair of Aces


PokerStars Hand #153302547241:  Hold'em Limit ($3/$6 USD) - 2016/05/14 11:53:59 ET
Table 'Sichuan' 10-max Seat #5 is the button
Seat 5: buddhasway ($158.52 in chips)
Seat 7: Kajind ($142 in chips)
buddhasway: posts small blind $1
Kajind: posts big blind $3
*** HOLE CARDS ***
buddhasway: folds
Uncalled bet ($2) returned to Kajind
Kajind collected $2 from pot
Kajind: doesn't show hand
*** SUMMARY ***
Total pot $2 | Rake $0
Seat 5: buddhasway (button) (small blind) folded before Flop
Seat 7: Kajind (big blind) collected ($2)


PokerStars Hand #153302530873:  Hold'em Limit ($3/$6 USD) - 2016/05/14 11:53:37 ET
Table 'Sichuan' 10-max Seat #7 is the button
Seat 5: buddhasway ($173.52 in chips)
Seat 7: Kajind ($127.50 in chips)
Kajind: posts small blind $1
buddhasway: posts big blind $3
*** HOLE CARDS ***
Kajind: raises $3 to $6
buddhasway: calls $3
*** FLOP *** [9s 9c 5s]
buddhasway: checks
Kajind: bets $3
buddhasway: calls $3
*** TURN *** [9s 9c 5s] [Qs]
buddhasway: checks
Kajind: bets $6
buddhasway: calls $6
*** RIVER *** [9s 9c 5s Qs] [4h]
buddhasway: checks
Kajind: bets $6
buddhasway: folds
Uncalled bet ($6) returned to Kajind
NiktheDon joins the table at seat #1
Kajind collected $29.50 from pot
Kajind: doesn't show hand
*** SUMMARY ***
Total pot $30 | Rake $0.50
Board [9s 9c 5s Qs 4h]
Seat 5: buddhasway (big blind) folded on the River
Seat 7: Kajind (button) (small blind) collected ($29.50)


PokerStars Hand #153302564422:  Hold'em Limit ($3/$6 USD) - 2016/05/14 11:54:23 ET
Table 'Sichuan' 10-max Seat #1 is the button
Seat 1: NiktheDon ($24.27 in chips)
Seat 7: Kajind ($171.20 in chips)
ermolov1 will be allowed to play after the button
NiktheDon: posts small blind $1
Kajind: posts big blind $3
*** HOLE CARDS ***
NiktheDon: raises $3 to $6
Kajind: calls $3
*** FLOP *** [5h 6s 2h]
Kajind: checks
NiktheDon: bets $3
Kajind: folds
Uncalled bet ($3) returned to NiktheDon
NiktheDon collected $11.76 from pot
NiktheDon: doesn't show hand
*** SUMMARY ***
Total pot $12 | Rake $0.24
Board [5h 6s 2h]
Seat 1: NiktheDon (button) (small blind) collected ($11.76)
Seat 7: Kajind (big blind) folded on the Flop


PokerStars Hand #153304071186:  Hold'em Limit ($3/$6 USD) - 2016/05/14 12:29:39 ET
Table 'Sichuan' 10-max Seat #6 is the button
Seat 6: tamnt10549 ($31.59 in chips)
Seat 10: proth ($123.23 in chips)
tamnt10549: posts small blind $1
Kajind: is sitting out
proth: posts big blind $3
*** HOLE CARDS ***
tamnt10549: folds
Uncalled bet ($2) returned to proth
Kajind leaves the table
proth collected $2 from pot
proth: doesn't show hand
*** SUMMARY ***
Total pot $2 | Rake $0
Seat 6: tamnt10549 (button) (small blind) folded before Flop
Seat 10: proth (big blind) collected ($2)


PokerStars Hand #153316779406:  Hold'em Limit ($3/$6 USD) - 2016/05/14 16:47:34 ET
Table 'Sichuan' 10-max Seat #7 is the button
Seat 5: biemea ($50.36 in chips)
Seat 7: Pandakey ($120 in chips)
Pandakey: posts small blind $1
biemea: posts big blind $3
*** HOLE CARDS ***
Pandakey has timed out
Pandakey: folds
Uncalled bet ($2) returned to biemea
biemea collected $2 from pot
*** SUMMARY ***
Total pot $2 | Rake $0
Seat 5: biemea (big blind) collected ($2)
Seat 7: Pandakey (button) (small blind) folded before Flop


PokerStars Hand #153317637305:  Hold'em Limit ($3/$6 USD) - 2016/05/14 17:05:45 ET
Table 'Sichuan' 10-max Seat #7 is the button
Seat 7: Pandakey ($107 in chips)
Seat 8: gorcea_vs ($133.32 in chips)
Pandakey: posts small blind $1
gorcea_vs: posts big blind $3
*** HOLE CARDS ***
Pandakey: raises $3 to $6
gorcea_vs: calls $3
*** FLOP *** [Ks 3h Jd]
gorcea_vs: checks
Pandakey: bets $3
gorcea_vs: raises $3 to $6
Pandakey: calls $3
*** TURN *** [Ks 3h Jd] [4h]
gorcea_vs: bets $6
Pandakey: calls $6
*** RIVER *** [Ks 3h Jd 4h] [6s]
gorcea_vs: bets $6
Pandakey: calls $6
*** SHOW DOWN ***
gorcea_vs: shows [Kd 5s] (a pair of Kings)
Pandakey: mucks hand
gorcea_vs collected $47.50 from pot
*** SUMMARY ***
Total pot $48 | Rake $0.50
Board [Ks 3h Jd 4h 6s]
Seat 7: Pandakey (button) (small blind) mucked
Seat 8: gorcea_vs (big blind) showed [Kd 5s] and won ($47.50) with a pair of Kings


PokerStars Hand #153317666695:  Hold'em Limit ($3/$6 USD) - 2016/05/14 17:06:18 ET
Table 'Sichuan' 10-max Seat #8 is the button
Seat 7: Pandakey ($83 in chips)
Seat 8: gorcea_vs ($156.82 in chips)
gorcea_vs: posts small blind $1
Pandakey: posts big blind $3
*** HOLE CARDS ***
gorcea_vs: folds
Uncalled bet ($2) returned to Pandakey
Pandakey collected $2 from pot
Pandakey: doesn't show hand
*** SUMMARY ***
Total pot $2 | Rake $0
Seat 7: Pandakey (big blind) collected ($2)
Seat 8: gorcea_vs (button) (small blind) folded before Flop


PokerStars Hand #153317671250:  Hold'em Limit ($3/$6 USD) - 2016/05/14 17:06:24 ET
Table 'Sichuan' 10-max Seat #7 is the button
Seat 7: Pandakey ($84 in chips)
Seat 8: gorcea_vs ($155.82 in chips)
Pandakey: posts small blind $1
gorcea_vs: posts big blind $3
*** HOLE CARDS ***
Pandakey: raises $3 to $6
gorcea_vs: folds
Uncalled bet ($3) returned to Pandakey
Pandakey collected $6 from pot
Pandakey: doesn't show hand
*** SUMMARY ***
Total pot $6 | Rake $0
Seat 7: Pandakey (button) (small blind) collected ($6)
Seat 8: gorcea_vs (big blind) folded before Flop


PokerStars Hand #153317686367:  Hold'em Limit ($3/$6 USD) - 2016/05/14 17:06:41 ET
Table 'Sichuan' 10-max Seat #8 is the button
Seat 7: Pandakey ($87 in chips)
Seat 8: gorcea_vs ($152.82 in chips)
gorcea_vs: posts small blind $1
Pandakey: posts big blind $3
*** HOLE CARDS ***
Kajind joins the table at seat #9
gorcea_vs: raises $3 to $6
Pandakey: calls $3
*** FLOP *** [Kc As Kh]
Pandakey: checks
gorcea_vs: bets $3
Pandakey: folds
Uncalled bet ($3) returned to gorcea_vs
gorcea_vs collected $11.76 from pot
gorcea_vs: doesn't show hand
*** SUMMARY ***
Total pot $12 | Rake $0.24
Board [Kc As Kh]
Seat 7: Pandakey (big blind) folded on the Flop
Seat 8: gorcea_vs (button) (small blind) collected ($11.76)


PokerStars Hand #153317720159:  Hold'em Limit ($3/$6 USD) - 2016/05/14 17:07:21 ET
Table 'Sichuan' 10-max Seat #7 is the button
Seat 7: Pandakey ($81 in chips)
Seat 8: gorcea_vs ($158.58 in chips)
Pandakey: posts small blind $1
gorcea_vs: posts big blind $3
*** HOLE CARDS ***
Pandakey: raises $3 to $6
gorcea_vs: calls $3
*** FLOP *** [Jd Qd 3s]
gorcea_vs: checks
Pandakey: bets $3
gorcea_vs: raises $3 to $6
Pandakey: calls $3
*** TURN *** [Jd Qd 3s] [6s]
gorcea_vs: bets $6
Pandakey: calls $6
*** RIVER *** [Jd Qd 3s 6s] [8s]
gorcea_vs: bets $6
Pandakey: folds
Uncalled bet ($6) returned to gorcea_vs
gorcea_vs collected $35.50 from pot
gorcea_vs: doesn't show hand
*** SUMMARY ***
Total pot $36 | Rake $0.50
Board [Jd Qd 3s 6s 8s]
Seat 7: Pandakey (button) (small blind) folded on the River
Seat 8: gorcea_vs (big blind) collected ($35.50)


PokerStars Hand #153321644228:  Hold'em Limit ($3/$6 USD) - 2016/05/14 18:26:55 ET
Table 'Sichuan' 10-max Seat #7 is the button
Seat 7: BuzovaPro ($89.28 in chips)
Seat 8: gorcea_vs ($240.46 in chips)
BuzovaPro: posts small blind $1
gorcea_vs: posts big blind $3
*** HOLE CARDS ***
BuzovaPro: folds
Uncalled bet ($2) returned to gorcea_vs
gorcea_vs collected $2 from pot
gorcea_vs: doesn't show hand
*** SUMMARY ***
Total pot $2 | Rake $0
Seat 7: BuzovaPro (button) (small blind) folded before Flop
Seat 8: gorcea_vs (big blind) collected ($2)


PokerStars Hand #153321652710:  Hold'em Limit ($3/$6 USD) - 2016/05/14 18:27:06 ET
Table 'Sichuan' 10-max Seat #8 is the button
Seat 7: BuzovaPro ($88.28 in chips)
Seat 8: gorcea_vs ($241.46 in chips)
gorcea_vs: posts small blind $1
BuzovaPro: posts big blind $3
*** HOLE CARDS ***
gorcea_vs: raises $3 to $6
BuzovaPro: raises $3 to $9
gorcea_vs: calls $3
*** FLOP *** [6d 8d Qd]
BuzovaPro: bets $3
gorcea_vs: raises $3 to $6
BuzovaPro: calls $3
*** TURN *** [6d 8d Qd] [Ts]
BuzovaPro: checks
gorcea_vs: checks
*** RIVER *** [6d 8d Qd Ts] [Qc]
BuzovaPro: checks
gorcea_vs: bets $6
BuzovaPro: calls $6
*** SHOW DOWN ***
gorcea_vs: shows [Ac 8s] (two pair, Queens and Eights)
BuzovaPro: mucks hand
gorcea_vs collected $41.50 from pot
*** SUMMARY ***
Total pot $42 | Rake $0.50
Board [6d 8d Qd Ts Qc]
Seat 7: BuzovaPro (big blind) mucked
Seat 8: gorcea_vs (button) (small blind) showed [Ac 8s] and won ($41.50) with two pair, Queens and Eights


PokerStars Hand #153321685887:  Hold'em Limit ($3/$6 USD) - 2016/05/14 18:27:50 ET
Table 'Sichuan' 10-max Seat #7 is the button
Seat 7: BuzovaPro ($72 in chips)
Seat 8: gorcea_vs ($261.96 in chips)
BuzovaPro: posts small blind $1
gorcea_vs: posts big blind $3
*** HOLE CARDS ***
BuzovaPro: raises $3 to $6
gorcea_vs: calls $3
*** FLOP *** [2d 3d Js]
gorcea_vs: bets $3
BuzovaPro: calls $3
*** TURN *** [2d 3d Js] [5c]
gorcea_vs: bets $6
BuzovaPro: raises $6 to $12
gorcea_vs: calls $6
*** RIVER *** [2d 3d Js 5c] [Jc]
gorcea_vs: checks
BuzovaPro: bets $6
gorcea_vs: calls $6
*** SHOW DOWN ***
BuzovaPro: shows [6d 6h] (two pair, Jacks and Sixes)
gorcea_vs: mucks hand
BuzovaPro collected $53.50 from pot
*** SUMMARY ***
Total pot $54 | Rake $0.50
Board [2d 3d Js 5c Jc]
Seat 7: BuzovaPro (button) (small blind) showed [6d 6h] and won ($53.50) with two pair, Jacks and Sixes
Seat 8: gorcea_vs (big blind) mucked


PokerStars Hand #153321723948:  Hold'em Limit ($3/$6 USD) - 2016/05/14 18:28:43 ET
Table 'Sichuan' 10-max Seat #7 is the button
Seat 7: BuzovaPro ($80.50 in chips)
Seat 8: gorcea_vs ($252.46 in chips)
BuzovaPro: posts small blind $1
gorcea_vs: posts big blind $3
*** HOLE CARDS ***
BuzovaPro: folds
Uncalled bet ($2) returned to gorcea_vs
gorcea_vs collected $2 from pot
gorcea_vs: doesn't show hand
*** SUMMARY ***
Total pot $2 | Rake $0
Seat 7: BuzovaPro (button) (small blind) folded before Flop
Seat 8: gorcea_vs (big blind) collected ($2)


PokerStars Hand #153321707042:  Hold'em Limit ($3/$6 USD) - 2016/05/14 18:28:19 ET
Table 'Sichuan' 10-max Seat #8 is the button
Seat 7: BuzovaPro ($98.50 in chips)
Seat 8: gorcea_vs ($234.96 in chips)
gorcea_vs: posts small blind $1
BuzovaPro: posts big blind $3
*** HOLE CARDS ***
gorcea_vs: calls $2
BuzovaPro: checks
*** FLOP *** [6c 6s Qs]
BuzovaPro: bets $3
gorcea_vs: calls $3
*** TURN *** [6c 6s Qs] [2c]
BuzovaPro: checks
gorcea_vs: bets $6
BuzovaPro: calls $6
*** RIVER *** [6c 6s Qs 2c] [6d]
BuzovaPro: checks
gorcea_vs: bets $6
carmello774 joins the table at seat #9
BuzovaPro: calls $6
*** SHOW DOWN ***
gorcea_vs: shows [6h Qd] (four of a kind, Sixes)
BuzovaPro: mucks hand
gorcea_vs collected $35.50 from pot
*** SUMMARY ***
Total pot $36 | Rake $0.50
Board [6c 6s Qs 2c 6d]
Seat 7: BuzovaPro (big blind) mucked
Seat 8: gorcea_vs (button) (small blind) showed [6h Qd] and won ($35.50) with four of a kind, Sixes


PokerStars Hand #153321885762:  Hold'em Limit ($3/$6 USD) - 2016/05/14 18:32:25 ET
Table 'Sichuan' 10-max Seat #7 is the button
Seat 7: BuzovaPro ($146.24 in chips)
Seat 8: gorcea_vs ($245.66 in chips)
BuzovaPro: posts small blind $1
gorcea_vs: posts big blind $3
*** HOLE CARDS ***
BuzovaPro: folds
Uncalled bet ($2) returned to gorcea_vs
gorcea_vs collected $2 from pot
gorcea_vs: doesn't show hand
*** SUMMARY ***
Total pot $2 | Rake $0
Seat 7: BuzovaPro (button) (small blind) folded before Flop
Seat 8: gorcea_vs (big blind) collected ($2)


PokerStars Hand #153321868577:  Hold'em Limit ($3/$6 USD) - 2016/05/14 18:32:01 ET
Table 'Sichuan' 10-max Seat #8 is the button
Seat 7: BuzovaPro ($131.74 in chips)
Seat 8: gorcea_vs ($260.66 in chips)
gorcea_vs: posts small blind $1
BuzovaPro: posts big blind $3
*** HOLE CARDS ***
carmello774 leaves the table
gorcea_vs: raises $3 to $6
BuzovaPro: calls $3
*** FLOP *** [9s Ts 5c]
BuzovaPro: checks
gorcea_vs: bets $3
BuzovaPro: calls $3
*** TURN *** [9s Ts 5c] [Js]
BuzovaPro: checks
gorcea_vs: checks
*** RIVER *** [9s Ts 5c Js] [As]
BuzovaPro: checks
gorcea_vs: bets $6
BuzovaPro: calls $6
*** SHOW DOWN ***
gorcea_vs: shows [Kd 6c] (high card Ace)
BuzovaPro: shows [Ah 2c] (a pair of Aces)
BuzovaPro collected $29.50 from pot
*** SUMMARY ***
Total pot $30 | Rake $0.50
Board [9s Ts 5c Js As]
Seat 7: BuzovaPro (big blind) showed [Ah 2c] and won ($29.50) with a pair of Aces
Seat 8: gorcea_vs (button) (small blind) showed [Kd 6c] and lost with high card Ace


PokerStars Hand #153321888750:  Hold'em Limit ($3/$6 USD) - 2016/05/14 18:32:29 ET
Table 'Sichuan' 10-max Seat #8 is the button
Seat 7: BuzovaPro ($145.24 in chips)
Seat 8: gorcea_vs ($246.66 in chips)
gorcea_vs: posts small blind $1
BuzovaPro: posts big blind $3
*** HOLE CARDS ***
gorcea_vs: raises $3 to $6
BuzovaPro: calls $3
*** FLOP *** [3c 3s Ah]
BuzovaPro: checks
gorcea_vs: bets $3
BuzovaPro: calls $3
*** TURN *** [3c 3s Ah] [As]
BuzovaPro: checks
gorcea_vs: bets $6
BuzovaPro: calls $6
*** RIVER *** [3c 3s Ah As] [Td]
BuzovaPro: checks
gorcea_vs: bets $6
BuzovaPro: calls $6
*** SHOW DOWN ***
gorcea_vs: shows [Qc Qh] (two pair, Aces and Queens)
BuzovaPro: mucks hand
gorcea_vs collected $41.50 from pot
*** SUMMARY ***
Total pot $42 | Rake $0.50
Board [3c 3s Ah As Td]
Seat 7: BuzovaPro (big blind) mucked
Seat 8: gorcea_vs (button) (small blind) showed [Qc Qh] and won ($41.50) with two pair, Aces and Queens


PokerStars Hand #153321901451:  Hold'em Limit ($3/$6 USD) - 2016/05/14 18:32:47 ET
Table 'Sichuan' 10-max Seat #7 is the button
Seat 7: BuzovaPro ($124.24 in chips)
Seat 8: gorcea_vs ($267.16 in chips)
BuzovaPro: posts small blind $1
gorcea_vs: posts big blind $3
*** HOLE CARDS ***
BuzovaPro: raises $3 to $6
gorcea_vs: calls $3
*** FLOP *** [Js Kh Ah]
gorcea_vs: checks
BuzovaPro: bets $3
gorcea_vs: calls $3
*** TURN *** [Js Kh Ah] [5s]
gorcea_vs: checks
BuzovaPro: checks
*** RIVER *** [Js Kh Ah 5s] [Jd]
gorcea_vs: bets $6
BuzovaPro: folds
Uncalled bet ($6) returned to gorcea_vs
gorcea_vs collected $17.64 from pot
gorcea_vs: doesn't show hand
*** SUMMARY ***
Total pot $18 | Rake $0.36
Board [Js Kh Ah 5s Jd]
Seat 7: BuzovaPro (button) (small blind) folded on the River
Seat 8: gorcea_vs (big blind) collected ($17.64)


PokerStars Hand #153321923072:  Hold'em Limit ($3/$6 USD) - 2016/05/14 18:33:16 ET
Table 'Sichuan' 10-max Seat #8 is the button
Seat 7: BuzovaPro ($115.24 in chips)
Seat 8: gorcea_vs ($275.80 in chips)
gorcea_vs: posts small blind $1
BuzovaPro: posts big blind $3
*** HOLE CARDS ***
gorcea_vs: raises $3 to $6
BuzovaPro: folds
Uncalled bet ($3) returned to gorcea_vs
gorcea_vs collected $6 from pot
gorcea_vs: doesn't show hand
*** SUMMARY ***
Total pot $6 | Rake $0
Seat 7: BuzovaPro (big blind) folded before Flop
Seat 8: gorcea_vs (button) (small blind) collected ($6)


PokerStars Hand #153321950212:  Hold'em Limit ($3/$6 USD) - 2016/05/14 18:33:53 ET
Table 'Sichuan' 10-max Seat #8 is the button
Seat 7: BuzovaPro ($118 in chips)
Seat 8: gorcea_vs ($272.80 in chips)
gorcea_vs: posts small blind $1
BuzovaPro: posts big blind $3
*** HOLE CARDS ***
gorcea_vs: raises $3 to $6
BuzovaPro: calls $3
*** FLOP *** [Ad 8d 8h]
BuzovaPro: checks
gorcea_vs: bets $3
BuzovaPro: calls $3
*** TURN *** [Ad 8d 8h] [Ac]
BuzovaPro: checks
gorcea_vs: bets $6
BuzovaPro: calls $6
*** RIVER *** [Ad 8d 8h Ac] [6s]
BuzovaPro: checks
gorcea_vs: bets $6
BuzovaPro: calls $6
*** SHOW DOWN ***
gorcea_vs: shows [2h Ts] (two pair, Aces and Eights)
BuzovaPro: shows [4c Qs] (two pair, Aces and Eights - Queen kicker)
BuzovaPro collected $41.50 from pot
*** SUMMARY ***
Total pot $42 | Rake $0.50
Board [Ad 8d 8h Ac 6s]
Seat 7: BuzovaPro (big blind) showed [4c Qs] and won ($41.50) with two pair, Aces and Eights
Seat 8: gorcea_vs (button) (small blind) showed [2h Ts] and lost with two pair, Aces and Eights


PokerStars Hand #153321930122:  Hold'em Limit ($3/$6 USD) - 2016/05/14 18:33:26 ET
Table 'Sichuan' 10-max Seat #7 is the button
Seat 7: BuzovaPro ($112.24 in chips)
Seat 8: gorcea_vs ($278.80 in chips)
BuzovaPro: posts small blind $1
gorcea_vs: posts big blind $3
*** HOLE CARDS ***
BuzovaPro: raises $3 to $6
gorcea_vs: calls $3
*** FLOP *** [4c 4d Ad]
gorcea_vs: checks
BuzovaPro: bets $3
gorcea_vs: folds
Uncalled bet ($3) returned to BuzovaPro
BuzovaPro collected $11.76 from pot
BuzovaPro: doesn't show hand
*** SUMMARY ***
Total pot $12 | Rake $0.24
Board [4c 4d Ad]
Seat 7: BuzovaPro (button) (small blind) collected ($11.76)
Seat 8: gorcea_vs (big blind) folded on the Flop


PokerStars Hand #153321987035:  Hold'em Limit ($3/$6 USD) - 2016/05/14 18:34:43 ET
Table 'Sichuan' 10-max Seat #8 is the button
Seat 7: BuzovaPro ($144.26 in chips)
Seat 8: gorcea_vs ($245.80 in chips)
gorcea_vs: posts small blind $1
BuzovaPro: posts big blind $3
*** HOLE CARDS ***
gorcea_vs: raises $3 to $6
BuzovaPro: calls $3
*** FLOP *** [8h 6s Kh]
BuzovaPro: checks
gorcea_vs: bets $3
BuzovaPro: raises $3 to $6
gorcea_vs: calls $3
*** TURN *** [8h 6s Kh] [8s]
BuzovaPro: bets $6
gorcea_vs: raises $6 to $12
BuzovaPro: folds
Uncalled bet ($6) returned to gorcea_vs
gorcea_vs collected $35.50 from pot
gorcea_vs: doesn't show hand
*** SUMMARY ***
Total pot $36 | Rake $0.50
Board [8h 6s Kh 8s]
Seat 7: BuzovaPro (big blind) folded on the Turn
Seat 8: gorcea_vs (button) (small blind) collected ($35.50)


PokerStars Hand #153321975720:  Hold'em Limit ($3/$6 USD) - 2016/05/14 18:34:28 ET
Table 'Sichuan' 10-max Seat #7 is the button
Seat 7: BuzovaPro ($138.50 in chips)
Seat 8: gorcea_vs ($251.80 in chips)
BuzovaPro: posts small blind $1
gorcea_vs: posts big blind $3
*** HOLE CARDS ***
BuzovaPro: raises $3 to $6
gorcea_vs: calls $3
*** FLOP *** [5s As Qc]
gorcea_vs: checks
BuzovaPro: bets $3
gorcea_vs: folds
Uncalled bet ($3) returned to BuzovaPro
BuzovaPro collected $11.76 from pot
BuzovaPro: doesn't show hand
*** SUMMARY ***
Total pot $12 | Rake $0.24
Board [5s As Qc]
Seat 7: BuzovaPro (button) (small blind) collected ($11.76)
Seat 8: gorcea_vs (big blind) folded on the Flop


PokerStars Hand #153322010693:  Hold'em Limit ($3/$6 USD) - 2016/05/14 18:35:16 ET
Table 'Sichuan' 10-max Seat #7 is the button
Seat 7: BuzovaPro ($126.26 in chips)
Seat 8: gorcea_vs ($263.30 in chips)
BuzovaPro: posts small blind $1
gorcea_vs: posts big blind $3
*** HOLE CARDS ***
BuzovaPro: raises $3 to $6
gorcea_vs: calls $3
*** FLOP *** [8h Qs 7d]
gorcea_vs: checks
BuzovaPro: bets $3
gorcea_vs: calls $3
*** TURN *** [8h Qs 7d] [Js]
gorcea_vs: checks
BuzovaPro: checks
*** RIVER *** [8h Qs 7d Js] [Jh]
gorcea_vs: bets $6
BuzovaPro: calls $6
*** SHOW DOWN ***
gorcea_vs: shows [6h Kd] (a pair of Jacks)
BuzovaPro: shows [Ts 7s] (two pair, Jacks and Sevens)
BuzovaPro collected $29.50 from pot
*** SUMMARY ***
Total pot $30 | Rake $0.50
Board [8h Qs 7d Js Jh]
Seat 7: BuzovaPro (button) (small blind) showed [Ts 7s] and won ($29.50) with two pair, Jacks and Sevens
Seat 8: gorcea_vs (big blind) showed [6h Kd] and lost with a pair of Jacks


PokerStars Hand #153322069059:  Hold'em Limit ($3/$6 USD) - 2016/05/14 18:36:22 ET
Table 'Sichuan' 10-max Seat #7 is the button
Seat 7: BuzovaPro ($169.26 in chips)
Seat 8: gorcea_vs ($219.30 in chips)
BuzovaPro: posts small blind $1
gorcea_vs: posts big blind $3
*** HOLE CARDS ***
BuzovaPro: raises $3 to $6
gorcea_vs: raises $3 to $9
BuzovaPro: calls $3
*** FLOP *** [As Jh 4s]
gorcea_vs: bets $3
BuzovaPro: folds
Uncalled bet ($3) returned to gorcea_vs
gorcea_vs collected $17.64 from pot
gorcea_vs: doesn't show hand
*** SUMMARY ***
Total pot $18 | Rake $0.36
Board [As Jh 4s]
Seat 7: BuzovaPro (button) (small blind) folded on the Flop
Seat 8: gorcea_vs (big blind) collected ($17.64)


PokerStars Hand #153322048301:  Hold'em Limit ($3/$6 USD) - 2016/05/14 18:36:07 ET
Table 'Sichuan' 10-max Seat #8 is the button
Seat 7: BuzovaPro ($172.26 in chips)
Seat 8: gorcea_vs ($216.30 in chips)
gorcea_vs: posts small blind $1
BuzovaPro: posts big blind $3
*** HOLE CARDS ***
gorcea_vs: raises $3 to $6
BuzovaPro: folds
Uncalled bet ($3) returned to gorcea_vs
gorcea_vs collected $6 from pot
gorcea_vs: doesn't show hand
*** SUMMARY ***
Total pot $6 | Rake $0
Seat 7: BuzovaPro (big blind) folded before Flop
Seat 8: gorcea_vs (button) (small blind) collected ($6)


PokerStars Hand #153322045201:  Hold'em Limit ($3/$6 USD) - 2016/05/14 18:36:03 ET
Table 'Sichuan' 10-max Seat #7 is the button
Seat 7: BuzovaPro ($173.26 in chips)
Seat 8: gorcea_vs ($215.30 in chips)
BuzovaPro: posts small blind $1
gorcea_vs: posts big blind $3
*** HOLE CARDS ***
BuzovaPro: folds
Uncalled bet ($2) returned to gorcea_vs
gorcea_vs collected $2 from pot
gorcea_vs: doesn't show hand
*** SUMMARY ***
Total pot $2 | Rake $0
Seat 7: BuzovaPro (button) (small blind) folded before Flop
Seat 8: gorcea_vs (big blind) collected ($2)


PokerStars Hand #153322024304:  Hold'em Limit ($3/$6 USD) - 2016/05/14 18:35:35 ET
Table 'Sichuan' 10-max Seat #8 is the button
Seat 7: BuzovaPro ($140.76 in chips)
Seat 8: gorcea_vs ($248.30 in chips)
gorcea_vs: posts small blind $1
BuzovaPro: posts big blind $3
*** HOLE CARDS ***
gorcea_vs: raises $3 to $6
BuzovaPro: raises $3 to $9
gorcea_vs: calls $3
*** FLOP *** [6c 3c 6d]
BuzovaPro: bets $3
gorcea_vs: raises $3 to $6
BuzovaPro: raises $3 to $9
gorcea_vs: raises $3 to $12
Betting is capped
BuzovaPro: calls $3
*** TURN *** [6c 3c 6d] [9s]
BuzovaPro: checks
gorcea_vs: bets $6
BuzovaPro: calls $6
*** RIVER *** [6c 3c 6d 9s] [Td]
BuzovaPro: checks
gorcea_vs: bets $6
BuzovaPro: calls $6
*** SHOW DOWN ***
gorcea_vs: shows [4s 5s] (a pair of Sixes)
BuzovaPro: shows [8s 8c] (two pair, Eights and Sixes)
BuzovaPro collected $65.50 from pot
*** SUMMARY ***
Total pot $66 | Rake $0.50
Board [6c 3c 6d 9s Td]
Seat 7: BuzovaPro (big blind) showed [8s 8c] and won ($65.50) with two pair, Eights and Sixes
Seat 8: gorcea_vs (button) (small blind) showed [4s 5s] and lost with a pair of Sixes


PokerStars Hand #153322097279:  Hold'em Limit ($3/$6 USD) - 2016/05/14 18:37:01 ET
Table 'Sichuan' 10-max Seat #8 is the button
Seat 7: BuzovaPro ($156.26 in chips)
Seat 8: gorcea_vs ($231.94 in chips)
gorcea_vs: posts small blind $1
BuzovaPro: posts big blind $3
*** HOLE CARDS ***
gorcea_vs: raises $3 to $6
BuzovaPro: calls $3
*** FLOP *** [Qh Js 4d]
BuzovaPro: checks
gorcea_vs: bets $3
BuzovaPro: calls $3
*** TURN *** [Qh Js 4d] [Ac]
BuzovaPro: checks
gorcea_vs: checks
*** RIVER *** [Qh Js 4d Ac] [9d]
BuzovaPro: checks
gorcea_vs: bets $6
BuzovaPro: calls $6
*** SHOW DOWN ***
gorcea_vs: shows [8h 6c] (high card Ace)
BuzovaPro: shows [6s 4c] (a pair of Fours)
BuzovaPro collected $29.50 from pot
*** SUMMARY ***
Total pot $30 | Rake $0.50
Board [Qh Js 4d Ac 9d]
Seat 7: BuzovaPro (big blind) showed [6s 4c] and won ($29.50) with a pair of Fours
Seat 8: gorcea_vs (button) (small blind) showed [8h 6c] and lost with high card Ace


PokerStars Hand #153322091119:  Hold'em Limit ($3/$6 USD) - 2016/05/14 18:36:52 ET
Table 'Sichuan' 10-max Seat #7 is the button
Seat 7: BuzovaPro ($157.26 in chips)
Seat 8: gorcea_vs ($230.94 in chips)
BuzovaPro: posts small blind $1
gorcea_vs: posts big blind $3
*** HOLE CARDS ***
BuzovaPro: folds
Uncalled bet ($2) returned to gorcea_vs
gorcea_vs collected $2 from pot
gorcea_vs: doesn't show hand
*** SUMMARY ***
Total pot $2 | Rake $0
Seat 7: BuzovaPro (button) (small blind) folded before Flop
Seat 8: gorcea_vs (big blind) collected ($2)


PokerStars Hand #153322080522:  Hold'em Limit ($3/$6 USD) - 2016/05/14 18:36:38 ET
Table 'Sichuan' 10-max Seat #8 is the button
Seat 7: BuzovaPro ($160.26 in chips)
Seat 8: gorcea_vs ($227.94 in chips)
gorcea_vs: posts small blind $1
BuzovaPro: posts big blind $3
*** HOLE CARDS ***
gorcea_vs: raises $3 to $6
BuzovaPro: folds
Uncalled bet ($3) returned to gorcea_vs
gorcea_vs collected $6 from pot
gorcea_vs: doesn't show hand
*** SUMMARY ***
Total pot $6 | Rake $0
Seat 7: BuzovaPro (big blind) folded before Flop
Seat 8: gorcea_vs (button) (small blind) collected ($6)


PokerStars Hand #153322162657:  Hold'em Limit ($3/$6 USD) - 2016/05/14 18:38:31 ET
Table 'Sichuan' 10-max Seat #7 is the button
Seat 7: BuzovaPro ($160.26 in chips)
Seat 8: gorcea_vs ($225.94 in chips)
BuzovaPro: posts small blind $1
gorcea_vs: posts big blind $3
*** HOLE CARDS ***
BuzovaPro: folds
Uncalled bet ($2) returned to gorcea_vs
gorcea_vs collected $2 from pot
gorcea_vs: doesn't show hand
*** SUMMARY ***
Total pot $2 | Rake $0
Seat 7: BuzovaPro (button) (small blind) folded before Flop
Seat 8: gorcea_vs (big blind) collected ($2)


PokerStars Hand #153322148188:  Hold'em Limit ($3/$6 USD) - 2016/05/14 18:38:11 ET
Table 'Sichuan' 10-max Seat #8 is the button
Seat 7: BuzovaPro ($139.76 in chips)
Seat 8: gorcea_vs ($246.94 in chips)
gorcea_vs: posts small blind $1
BuzovaPro: posts big blind $3
*** HOLE CARDS ***
gorcea_vs: raises $3 to $6
BuzovaPro: calls $3
*** FLOP *** [Ts 2c 5d]
BuzovaPro: checks
gorcea_vs: bets $3
BuzovaPro: calls $3
*** TURN *** [Ts 2c 5d] [4s]
BuzovaPro: checks
gorcea_vs: bets $6
BuzovaPro: calls $6
*** RIVER *** [Ts 2c 5d 4s] [4h]
BuzovaPro: checks
gorcea_vs: bets $6
BuzovaPro: calls $6
*** SHOW DOWN ***
gorcea_vs: shows [3h 8s] (a pair of Fours)
BuzovaPro: shows [8d Kh] (a pair of Fours - King kicker)
BuzovaPro collected $41.50 from pot
*** SUMMARY ***
Total pot $42 | Rake $0.50
Board [Ts 2c 5d 4s 4h]
Seat 7: BuzovaPro (big blind) showed [8d Kh] and won ($41.50) with a pair of Fours
Seat 8: gorcea_vs (button) (small blind) showed [3h 8s] and lost with a pair of Fours


PokerStars Hand #153322142190:  Hold'em Limit ($3/$6 USD) - 2016/05/14 18:38:02 ET
Table 'Sichuan' 10-max Seat #7 is the button
Seat 7: BuzovaPro ($140.76 in chips)
Seat 8: gorcea_vs ($245.94 in chips)
BuzovaPro: posts small blind $1
gorcea_vs: posts big blind $3
*** HOLE CARDS ***
BuzovaPro: folds
Uncalled bet ($2) returned to gorcea_vs
gorcea_vs collected $2 from pot
gorcea_vs: doesn't show hand
*** SUMMARY ***
Total pot $2 | Rake $0
Seat 7: BuzovaPro (button) (small blind) folded before Flop
Seat 8: gorcea_vs (big blind) collected ($2)


PokerStars Hand #153322125819:  Hold'em Limit ($3/$6 USD) - 2016/05/14 18:37:40 ET
Table 'Sichuan' 10-max Seat #8 is the button
Seat 7: BuzovaPro ($155.76 in chips)
Seat 8: gorcea_vs ($231.44 in chips)
gorcea_vs: posts small blind $1
BuzovaPro: posts big blind $3
*** HOLE CARDS ***
gorcea_vs: raises $3 to $6
BuzovaPro: calls $3
*** FLOP *** [3h Qs Tc]
BuzovaPro: checks
gorcea_vs: bets $3
BuzovaPro: calls $3
*** TURN *** [3h Qs Tc] [2h]
BuzovaPro: checks
gorcea_vs: bets $6
BuzovaPro: calls $6
*** RIVER *** [3h Qs Tc 2h] [8h]
BuzovaPro: checks
gorcea_vs: bets $6
BuzovaPro: folds
Uncalled bet ($6) returned to gorcea_vs
gorcea_vs collected $29.50 from pot
gorcea_vs: doesn't show hand
*** SUMMARY ***
Total pot $30 | Rake $0.50
Board [3h Qs Tc 2h 8h]
Seat 7: BuzovaPro (big blind) folded on the River
Seat 8: gorcea_vs (button) (small blind) collected ($29.50)


PokerStars Hand #153322110936:  Hold'em Limit ($3/$6 USD) - 2016/05/14 18:37:20 ET
Table 'Sichuan' 10-max Seat #7 is the button
Seat 7: BuzovaPro ($170.76 in chips)
Seat 8: gorcea_vs ($216.94 in chips)
BuzovaPro: posts small blind $1
gorcea_vs: posts big blind $3
*** HOLE CARDS ***
BuzovaPro: raises $3 to $6
gorcea_vs: calls $3
*** FLOP *** [Jc 9c 3c]
gorcea_vs: checks
BuzovaPro: bets $3
gorcea_vs: calls $3
*** TURN *** [Jc 9c 3c] [7s]
gorcea_vs: checks
BuzovaPro: bets $6
gorcea_vs: calls $6
*** RIVER *** [Jc 9c 3c 7s] [Qc]
gorcea_vs: checks
BuzovaPro: checks
*** SHOW DOWN ***
gorcea_vs: shows [4d 7c] (a flush, Queen high)
BuzovaPro: mucks hand
gorcea_vs collected $29.50 from pot
*** SUMMARY ***
Total pot $30 | Rake $0.50
Board [Jc 9c 3c 7s Qc]
Seat 7: BuzovaPro (button) (small blind) mucked
Seat 8: gorcea_vs (big blind) showed [4d 7c] and won ($29.50) with a flush, Queen high


PokerStars Hand #153322166057:  Hold'em Limit ($3/$6 USD) - 2016/05/14 18:38:35 ET
Table 'Sichuan' 10-max Seat #8 is the button
Seat 7: BuzovaPro ($159.26 in chips)
Seat 8: gorcea_vs ($226.94 in chips)
gorcea_vs: posts small blind $1
BuzovaPro: posts big blind $3
*** HOLE CARDS ***
gorcea_vs: raises $3 to $6
BuzovaPro: calls $3
*** FLOP *** [6c 8h 7d]
BuzovaPro: checks
gorcea_vs: bets $3
BuzovaPro: calls $3
*** TURN *** [6c 8h 7d] [3h]
BuzovaPro: checks
gorcea_vs: bets $6
BuzovaPro: calls $6
*** RIVER *** [6c 8h 7d 3h] [Jd]
BuzovaPro: checks
gorcea_vs: bets $6
BuzovaPro: raises $6 to $12
gorcea_vs: folds
Uncalled bet ($6) returned to BuzovaPro
BuzovaPro collected $41.50 from pot
BuzovaPro: doesn't show hand
*** SUMMARY ***
Total pot $42 | Rake $0.50
Board [6c 8h 7d 3h Jd]
Seat 7: BuzovaPro (big blind) collected ($41.50)
Seat 8: gorcea_vs (button) (small blind) folded on the River


PokerStars Hand #153322231255:  Hold'em Limit ($3/$6 USD) - 2016/05/14 18:40:05 ET
Table 'Sichuan' 10-max Seat #8 is the button
Seat 7: BuzovaPro ($166.76 in chips)
Seat 8: gorcea_vs ($218.58 in chips)
gorcea_vs: posts small blind $1
BuzovaPro: posts big blind $3
*** HOLE CARDS ***
gorcea_vs: raises $3 to $6
BuzovaPro: calls $3
*** FLOP *** [6d 6c Qs]
BuzovaPro: checks
gorcea_vs: bets $3
BuzovaPro: calls $3
*** TURN *** [6d 6c Qs] [5h]
BuzovaPro: checks
gorcea_vs: checks
*** RIVER *** [6d 6c Qs 5h] [5c]
BuzovaPro: checks
gorcea_vs: bets $6
BuzovaPro: raises $6 to $12
gorcea_vs: calls $6
*** SHOW DOWN ***
BuzovaPro: shows [Jc Ts] (two pair, Sixes and Fives)
gorcea_vs: shows [Js Ad] (two pair, Sixes and Fives - Ace kicker)
gorcea_vs collected $41.50 from pot
*** SUMMARY ***
Total pot $42 | Rake $0.50
Board [6d 6c Qs 5h 5c]
Seat 7: BuzovaPro (big blind) showed [Jc Ts] and lost with two pair, Sixes and Fives
Seat 8: gorcea_vs (button) (small blind) showed [Js Ad] and won ($41.50) with two pair, Sixes and Fives


PokerStars Hand #153322222411:  Hold'em Limit ($3/$6 USD) - 2016/05/14 18:39:53 ET
Table 'Sichuan' 10-max Seat #7 is the button
Seat 7: BuzovaPro ($167.76 in chips)
Seat 8: gorcea_vs ($217.58 in chips)
BuzovaPro: posts small blind $1
gorcea_vs: posts big blind $3
*** HOLE CARDS ***
BuzovaPro: folds
Uncalled bet ($2) returned to gorcea_vs
gorcea_vs collected $2 from pot
gorcea_vs: doesn't show hand
*** SUMMARY ***
Total pot $2 | Rake $0
Seat 7: BuzovaPro (button) (small blind) folded before Flop
Seat 8: gorcea_vs (big blind) collected ($2)


PokerStars Hand #153322215591:  Hold'em Limit ($3/$6 USD) - 2016/05/14 18:39:43 ET
Table 'Sichuan' 10-max Seat #8 is the button
Seat 7: BuzovaPro ($170.76 in chips)
Seat 8: gorcea_vs ($214.58 in chips)
gorcea_vs: posts small blind $1
BuzovaPro: posts big blind $3
*** HOLE CARDS ***
gorcea_vs: raises $3 to $6
BuzovaPro: folds
Uncalled bet ($3) returned to gorcea_vs
gorcea_vs collected $6 from pot
gorcea_vs: doesn't show hand
*** SUMMARY ***
Total pot $6 | Rake $0
Seat 7: BuzovaPro (big blind) folded before Flop
Seat 8: gorcea_vs (button) (small blind) collected ($6)


PokerStars Hand #153322207051:  Hold'em Limit ($3/$6 USD) - 2016/05/14 18:39:32 ET
Table 'Sichuan' 10-max Seat #7 is the button
Seat 7: BuzovaPro ($179.76 in chips)
Seat 8: gorcea_vs ($205.94 in chips)
BuzovaPro: posts small blind $1
gorcea_vs: posts big blind $3
*** HOLE CARDS ***
BuzovaPro: raises $3 to $6
gorcea_vs: raises $3 to $9
BuzovaPro: calls $3
*** FLOP *** [3h Qs 2c]
gorcea_vs: bets $3
BuzovaPro: folds
Uncalled bet ($3) returned to gorcea_vs
gorcea_vs collected $17.64 from pot
gorcea_vs: doesn't show hand
*** SUMMARY ***
Total pot $18 | Rake $0.36
Board [3h Qs 2c]
Seat 7: BuzovaPro (button) (small blind) folded on the Flop
Seat 8: gorcea_vs (big blind) collected ($17.64)


PokerStars Hand #153322285781:  Hold'em Limit ($3/$6 USD) - 2016/05/14 18:41:20 ET
Table 'Sichuan' 10-max Seat #7 is the button
Seat 7: BuzovaPro ($118.76 in chips)
Seat 8: gorcea_vs ($265.58 in chips)
BuzovaPro: posts small blind $1
gorcea_vs: posts big blind $3
*** HOLE CARDS ***
BuzovaPro: folds
Uncalled bet ($2) returned to gorcea_vs
gorcea_vs collected $2 from pot
gorcea_vs: doesn't show hand
*** SUMMARY ***
Total pot $2 | Rake $0
Seat 7: BuzovaPro (button) (small blind) folded before Flop
Seat 8: gorcea_vs (big blind) collected ($2)


PokerStars Hand #153322275423:  Hold'em Limit ($3/$6 USD) - 2016/05/14 18:41:06 ET
Table 'Sichuan' 10-max Seat #8 is the button
Seat 7: BuzovaPro ($121.76 in chips)
Seat 8: gorcea_vs ($262.58 in chips)
gorcea_vs: posts small blind $1
BuzovaPro: posts big blind $3
*** HOLE CARDS ***
gorcea_vs: raises $3 to $6
BuzovaPro: folds
Uncalled bet ($3) returned to gorcea_vs
gorcea_vs collected $6 from pot
gorcea_vs: doesn't show hand
*** SUMMARY ***
Total pot $6 | Rake $0
Seat 7: BuzovaPro (big blind) folded before Flop
Seat 8: gorcea_vs (button) (small blind) collected ($6)


PokerStars Hand #153322247171:  Hold'em Limit ($3/$6 USD) - 2016/05/14 18:40:27 ET
Table 'Sichuan' 10-max Seat #7 is the button
Seat 7: BuzovaPro ($145.76 in chips)
Seat 8: gorcea_vs ($239.08 in chips)
BuzovaPro: posts small blind $1
gorcea_vs: posts big blind $3
*** HOLE CARDS ***
BuzovaPro: raises $3 to $6
gorcea_vs: calls $3
*** FLOP *** [6d Jd 4d]
gorcea_vs: checks
BuzovaPro: bets $3
gorcea_vs: raises $3 to $6
BuzovaPro: calls $3
*** TURN *** [6d Jd 4d] [Js]
gorcea_vs: bets $6
BuzovaPro: calls $6
*** RIVER *** [6d Jd 4d Js] [8s]
gorcea_vs: bets $6
BuzovaPro: calls $6
*** SHOW DOWN ***
gorcea_vs: shows [Qh 6h] (two pair, Jacks and Sixes)
BuzovaPro: mucks hand
gorcea_vs collected $47.50 from pot
*** SUMMARY ***
Total pot $48 | Rake $0.50
Board [6d Jd 4d Js 8s]
Seat 7: BuzovaPro (button) (small blind) mucked
Seat 8: gorcea_vs (big blind) showed [Qh 6h] and won ($47.50) with two pair, Jacks and Sixes


PokerStars Hand #153322307980:  Hold'em Limit ($3/$6 USD) - 2016/05/14 18:41:51 ET
Table 'Sichuan' 10-max Seat #7 is the button
Seat 7: BuzovaPro ($159.26 in chips)
Seat 8: gorcea_vs ($224.58 in chips)
BuzovaPro: posts small blind $1
gorcea_vs: posts big blind $3
*** HOLE CARDS ***
BuzovaPro: raises $3 to $6
gorcea_vs: calls $3
*** FLOP *** [8c Js 2c]
gorcea_vs: checks
BuzovaPro: checks
*** TURN *** [8c Js 2c] [8d]
gorcea_vs: bets $6
BuzovaPro: calls $6
*** RIVER *** [8c Js 2c 8d] [4d]
gorcea_vs: bets $6
BuzovaPro: calls $6
*** SHOW DOWN ***
gorcea_vs: shows [Ks Kd] (two pair, Kings and Eights)
BuzovaPro: mucks hand
gorcea_vs collected $35.50 from pot
*** SUMMARY ***
Total pot $36 | Rake $0.50
Board [8c Js 2c 8d 4d]
Seat 7: BuzovaPro (button) (small blind) mucked
Seat 8: gorcea_vs (big blind) showed [Ks Kd] and won ($35.50) with two pair, Kings and Eights


PokerStars Hand #153322289353:  Hold'em Limit ($3/$6 USD) - 2016/05/14 18:41:25 ET
Table 'Sichuan' 10-max Seat #8 is the button
Seat 7: BuzovaPro ($117.76 in chips)
Seat 8: gorcea_vs ($266.58 in chips)
gorcea_vs: posts small blind $1
BuzovaPro: posts big blind $3
*** HOLE CARDS ***
gorcea_vs: raises $3 to $6
BuzovaPro: raises $3 to $9
gorcea_vs: calls $3
*** FLOP *** [Qc Kd 9c]
BuzovaPro: bets $3
gorcea_vs: calls $3
*** TURN *** [Qc Kd 9c] [Js]
BuzovaPro: bets $6
gorcea_vs: raises $6 to $12
buddhasway joins the table at seat #5
BuzovaPro: calls $6
*** RIVER *** [Qc Kd 9c Js] [2s]
BuzovaPro: checks
gorcea_vs: bets $6
BuzovaPro: raises $6 to $12
gorcea_vs: raises $6 to $18
BuzovaPro: calls $6
*** SHOW DOWN ***
gorcea_vs: shows [7c 6d] (high card King)
BuzovaPro: shows [Th 9h] (a straight, Nine to King)
BuzovaPro collected $83.50 from pot
*** SUMMARY ***
Total pot $84 | Rake $0.50
Board [Qc Kd 9c Js 2s]
Seat 7: BuzovaPro (big blind) showed [Th 9h] and won ($83.50) with a straight, Nine to King
Seat 8: gorcea_vs (button) (small blind) showed [7c 6d] and lost with high card King


