PokerStars Hand #151991142398:  Hold'em Limit ($3/$6 USD) - 2016/04/16 8:05:49 ET
Table 'Sichuan II' 6-max Seat #3 is the button
Seat 3: vladal 888 ($120 in chips)
Seat 4: VolkovDmitri ($120 in chips)
vladal 888: posts small blind $1
VolkovDmitri: posts big blind $3
*** HOLE CARDS ***
vladal 888: raises $3 to $6
VolkovDmitri: calls $3
*** FLOP *** [6s Jd 9h]
VolkovDmitri: checks
vladal 888: bets $3
VolkovDmitri: folds
Uncalled bet ($3) returned to vladal 888
vladal 888 collected $11.76 from pot
parnishka11 joins the table at seat #2
*** SUMMARY ***
Total pot $12 | Rake $0.24
Board [6s Jd 9h]
Seat 3: vladal 888 (button) (small blind) collected ($11.76)
Seat 4: VolkovDmitri (big blind) folded on the Flop


PokerStars Hand #151994055435:  Hold'em Limit ($3/$6 USD) - 2016/04/16 9:27:55 ET
Table 'Sichuan II' 6-max Seat #4 is the button
Seat 3: GlamDragon ($216 in chips)
Seat 4: boarcastle ($103.74 in chips)
boarcastle: posts small blind $1
Pelurile was removed from the table for failing to post
ABATAPP: is sitting out
GlamDragon: posts big blind $3
*** HOLE CARDS ***
ABATAPP leaves the table
boarcastle: raises $3 to $6
GlamDragon: raises $3 to $9
boarcastle: calls $3
*** FLOP *** [Jh 4s 5d]
GlamDragon: bets $3
HAL9QQQ leaves the table
boarcastle: calls $3
*** TURN *** [Jh 4s 5d] [2h]
GlamDragon: checks
boarcastle: bets $6
GlamDragon: calls $6
*** RIVER *** [Jh 4s 5d 2h] [5s]
GlamDragon: checks
boarcastle: checks
*** SHOW DOWN ***
GlamDragon: shows [9d 9c] (two pair, Nines and Fives)
boarcastle: mucks hand
GlamDragon collected $35.50 from pot
*** SUMMARY ***
Total pot $36 | Rake $0.50
Board [Jh 4s 5d 2h 5s]
Seat 3: GlamDragon (big blind) showed [9d 9c] and won ($35.50) with two pair, Nines and Fives
Seat 4: boarcastle (button) (small blind) mucked


PokerStars Hand #151994069460:  Hold'em Limit ($3/$6 USD) - 2016/04/16 9:28:17 ET
Table 'Sichuan II' 6-max Seat #3 is the button
Seat 3: GlamDragon ($233.50 in chips)
Seat 4: boarcastle ($85.74 in chips)
GlamDragon: posts small blind $1
boarcastle: posts big blind $3
*** HOLE CARDS ***
GlamDragon: raises $3 to $6
boarcastle: calls $3
*** FLOP *** [8d 5h Ad]
boarcastle: checks
GlamDragon: bets $3
boarcastle: folds
Uncalled bet ($3) returned to GlamDragon
GlamDragon collected $11.76 from pot
GlamDragon: doesn't show hand
*** SUMMARY ***
Total pot $12 | Rake $0.24
Board [8d 5h Ad]
Seat 3: GlamDragon (button) (small blind) collected ($11.76)
Seat 4: boarcastle (big blind) folded on the Flop


