PokerStars Hand #171115912738:  Hold'em Limit ($3/$6 USD) - 2017/05/30 11:52:24 ET
Table 'Sichuan' 6-max Seat #4 is the button
Seat 4: MTails ($117 in chips)
Seat 6: gregss1 ($75.05 in chips)
MTails: posts small blind $1
gregss1: posts big blind $3
*** HOLE CARDS ***
vestimokrec joins the table at seat #2
MTails: raises $3 to $6
gregss1: folds
Uncalled bet ($3) returned to MTails
MTails collected $6 from pot
*** SUMMARY ***
Total pot $6 | Rake $0
Seat 4: MTails (button) (small blind) collected ($6)
Seat 6: gregss1 (big blind) folded before Flop


PokerStars Hand #171118913456:  Hold'em Limit ($3/$6 USD) - 2017/05/30 13:09:04 ET
Table 'Sichuan' 6-max Seat #1 is the button
Seat 1: RaisemyNut$ ($189.22 in chips)
Seat 3: vestimokrec ($127.25 in chips)
RaisemyNut$: posts small blind $1
vestimokrec: posts big blind $3
*** HOLE CARDS ***
RaisemyNut$: folds
Uncalled bet ($2) returned to vestimokrec
vestimokrec collected $2 from pot
vestimokrec: doesn't show hand
*** SUMMARY ***
Total pot $2 | Rake $0
Seat 1: RaisemyNut$ (button) (small blind) folded before Flop
Seat 3: vestimokrec (big blind) collected ($2)


PokerStars Hand #171118875172:  Hold'em Limit ($3/$6 USD) - 2017/05/30 13:08:11 ET
Table 'Sichuan' 6-max Seat #3 is the button
Seat 1: RaisemyNut$ ($201.22 in chips)
Seat 3: vestimokrec ($115.73 in chips)
vestimokrec: posts small blind $1
RaisemyNut$: posts big blind $3
*** HOLE CARDS ***
vestimokrec: raises $3 to $6
RaisemyNut$: calls $3
*** FLOP *** [6h 7s Jc]
RaisemyNut$: checks
vestimokrec: checks
*** TURN *** [6h 7s Jc] [9s]
RaisemyNut$: bets $6
vestimokrec: calls $6
*** RIVER *** [6h 7s Jc 9s] [2d]
RaisemyNut$: checks
BAD-Chri$$y joins the table at seat #4
vestimokrec: bets $6
RaisemyNut$: folds
Uncalled bet ($6) returned to vestimokrec
vestimokrec collected $23.52 from pot
vestimokrec: doesn't show hand
*** SUMMARY ***
Total pot $24 | Rake $0.48
Board [6h 7s Jc 9s 2d]
Seat 1: RaisemyNut$ (big blind) folded on the River
Seat 3: vestimokrec (button) (small blind) collected ($23.52)


