PokerStars Hand #149389371299:  Hold'em Limit ($3/$6 USD) - 2016/02/25 9:38:02 ET
Table 'Sicilia' 6-max Seat #3 is the button
Seat 3: Jatha09 ($104.37 in chips)
Seat 4: MTails ($120 in chips)
Jatha09: posts small blind $1
MTails: posts big blind $3
*** HOLE CARDS ***
Jatha09: calls $2
MTails: raises $3 to $6
Jatha09: calls $3
*** FLOP *** [Kc Ah Th]
MTails: bets $3
Jatha09: calls $3
*** TURN *** [Kc Ah Th] [3s]
MTails: checks
Jatha09: bets $6
MTails: folds
Uncalled bet ($6) returned to Jatha09
Jatha09 collected $17.64 from pot
Jatha09: doesn't show hand
*** SUMMARY ***
Total pot $18 | Rake $0.36
Board [Kc Ah Th 3s]
Seat 3: Jatha09 (button) (small blind) collected ($17.64)
Seat 4: MTails (big blind) folded on the Turn


PokerStars Hand #149389408518:  Hold'em Limit ($3/$6 USD) - 2016/02/25 9:38:57 ET
Table 'Sicilia' 6-max Seat #4 is the button
Seat 3: Jatha09 ($112.65 in chips)
Seat 4: MTails ($110.64 in chips)
MTails: posts small blind $1
Jatha09: posts big blind $3
*** HOLE CARDS ***
MTails: raises $3 to $6
Jatha09: calls $3
*** FLOP *** [5c 7d Ks]
Jatha09: checks
MTails: bets $3
Jatha09: calls $3
*** TURN *** [5c 7d Ks] [8s]
Jatha09: checks
MTails: bets $6
Jatha09: calls $6
*** RIVER *** [5c 7d Ks 8s] [6d]
Jatha09: bets $6
MTails: calls $6
*** SHOW DOWN ***
Jatha09: shows [Ac 4h] (a straight, Four to Eight)
MTails: mucks hand
Jatha09 collected $41.50 from pot
*** SUMMARY ***
Total pot $42 | Rake $0.50
Board [5c 7d Ks 8s 6d]
Seat 3: Jatha09 (big blind) showed [Ac 4h] and won ($41.50) with a straight, Four to Eight
Seat 4: MTails (button) (small blind) mucked


PokerStars Hand #149389421614:  Hold'em Limit ($3/$6 USD) - 2016/02/25 9:39:16 ET
Table 'Sicilia' 6-max Seat #3 is the button
Seat 3: Jatha09 ($133.15 in chips)
Seat 4: MTails ($89.64 in chips)
Jatha09: posts small blind $1
MTails: posts big blind $3
*** HOLE CARDS ***
Jatha09: calls $2
MTails: raises $3 to $6
Jatha09: calls $3
*** FLOP *** [4s 3h 7d]
MTails: bets $3
Jatha09: calls $3
*** TURN *** [4s 3h 7d] [6c]
MTails: checks
Jatha09: bets $6
MTails: raises $6 to $12
Jatha09: folds
Uncalled bet ($6) returned to MTails
MTails collected $29.50 from pot
*** SUMMARY ***
Total pot $30 | Rake $0.50
Board [4s 3h 7d 6c]
Seat 3: Jatha09 (button) (small blind) folded on the Turn
Seat 4: MTails (big blind) collected ($29.50)


PokerStars Hand #149389384475:  Hold'em Limit ($3/$6 USD) - 2016/02/25 9:38:22 ET
Table 'Sicilia' 6-max Seat #4 is the button
Seat 3: Jatha09 ($113.01 in chips)
Seat 4: MTails ($111 in chips)
MTails: posts small blind $1
Jatha09: posts big blind $3
*** HOLE CARDS ***
MTails: raises $3 to $6
Jatha09: calls $3
*** FLOP *** [8h Jc 5c]
Jatha09: checks
MTails: bets $3
Jatha09: calls $3
*** TURN *** [8h Jc 5c] [Ks]
Jatha09: checks
MTails: bets $6
Jatha09: folds
Uncalled bet ($6) returned to MTails
MTails collected $17.64 from pot
*** SUMMARY ***
Total pot $18 | Rake $0.36
Board [8h Jc 5c Ks]
Seat 3: Jatha09 (big blind) folded on the Turn
Seat 4: MTails (button) (small blind) collected ($17.64)


PokerStars Hand #149389396036:  Hold'em Limit ($3/$6 USD) - 2016/02/25 9:38:38 ET
Table 'Sicilia' 6-max Seat #3 is the button
Seat 3: Jatha09 ($104.01 in chips)
Seat 4: MTails ($119.64 in chips)
Jatha09: posts small blind $1
MTails: posts big blind $3
*** HOLE CARDS ***
Jatha09: raises $3 to $6
MTails: calls $3
*** FLOP *** [Qh 5h 7h]
MTails: checks
Jatha09: bets $3
MTails: calls $3
*** TURN *** [Qh 5h 7h] [As]
MTails: checks
Jatha09: bets $6
MTails: folds
Uncalled bet ($6) returned to Jatha09
Jatha09 collected $17.64 from pot
Jatha09: doesn't show hand
*** SUMMARY ***
Total pot $18 | Rake $0.36
Board [Qh 5h 7h As]
Seat 3: Jatha09 (button) (small blind) collected ($17.64)
Seat 4: MTails (big blind) folded on the Turn


PokerStars Hand #149389451287:  Hold'em Limit ($3/$6 USD) - 2016/02/25 9:39:59 ET
Table 'Sicilia' 6-max Seat #3 is the button
Seat 3: Jatha09 ($141.65 in chips)
Seat 4: MTails ($80.14 in chips)
Jatha09: posts small blind $1
MTails: posts big blind $3
*** HOLE CARDS ***
Jatha09: raises $3 to $6
MTails: calls $3
*** FLOP *** [3s Ah 3c]
MTails: checks
Jatha09: bets $3
MTails: folds
Uncalled bet ($3) returned to Jatha09
Jatha09 collected $11.76 from pot
Jatha09: doesn't show hand
*** SUMMARY ***
Total pot $12 | Rake $0.24
Board [3s Ah 3c]
Seat 3: Jatha09 (button) (small blind) collected ($11.76)
Seat 4: MTails (big blind) folded on the Flop


PokerStars Hand #149389462263:  Hold'em Limit ($3/$6 USD) - 2016/02/25 9:40:14 ET
Table 'Sicilia' 6-max Seat #4 is the button
Seat 3: Jatha09 ($147.41 in chips)
Seat 4: MTails ($74.14 in chips)
MTails: posts small blind $1
Jatha09: posts big blind $3
*** HOLE CARDS ***
MTails: raises $3 to $6
Jatha09: calls $3
*** FLOP *** [2s Jh Qh]
Jatha09: checks
MTails: bets $3
Jatha09: folds
Uncalled bet ($3) returned to MTails
MTails collected $11.76 from pot
*** SUMMARY ***
Total pot $12 | Rake $0.24
Board [2s Jh Qh]
Seat 3: Jatha09 (big blind) folded on the Flop
Seat 4: MTails (button) (small blind) collected ($11.76)


PokerStars Hand #149389435986:  Hold'em Limit ($3/$6 USD) - 2016/02/25 9:39:36 ET
Table 'Sicilia' 6-max Seat #4 is the button
Seat 3: Jatha09 ($118.15 in chips)
Seat 4: MTails ($104.14 in chips)
MTails: posts small blind $1
Jatha09: posts big blind $3
*** HOLE CARDS ***
MTails: raises $3 to $6
Jatha09: calls $3
*** FLOP *** [Kc Js As]
Jatha09: checks
MTails: bets $3
Jatha09: raises $3 to $6
MTails: calls $3
*** TURN *** [Kc Js As] [Qh]
Jatha09: bets $6
MTails: calls $6
*** RIVER *** [Kc Js As Qh] [3s]
Jatha09: bets $6
MTails: calls $6
*** SHOW DOWN ***
Jatha09: shows [Qc Td] (a straight, Ten to Ace)
MTails: mucks hand
Jatha09 collected $47.50 from pot
*** SUMMARY ***
Total pot $48 | Rake $0.50
Board [Kc Js As Qh 3s]
Seat 3: Jatha09 (big blind) showed [Qc Td] and won ($47.50) with a straight, Ten to Ace
Seat 4: MTails (button) (small blind) mucked


PokerStars Hand #149389469810:  Hold'em Limit ($3/$6 USD) - 2016/02/25 9:40:25 ET
Table 'Sicilia' 6-max Seat #3 is the button
Seat 3: Jatha09 ($141.41 in chips)
Seat 4: MTails ($79.90 in chips)
Jatha09: posts small blind $1
MTails: posts big blind $3
*** HOLE CARDS ***
Jatha09: folds
Uncalled bet ($2) returned to MTails
MTails collected $2 from pot
*** SUMMARY ***
Total pot $2 | Rake $0
Seat 3: Jatha09 (button) (small blind) folded before Flop
Seat 4: MTails (big blind) collected ($2)


PokerStars Hand #149389486255:  Hold'em Limit ($3/$6 USD) - 2016/02/25 9:40:49 ET
Table 'Sicilia' 6-max Seat #3 is the button
Seat 3: Jatha09 ($163.91 in chips)
Seat 4: MTails ($56.90 in chips)
Jatha09: posts small blind $1
MTails: posts big blind $3
*** HOLE CARDS ***
Jatha09: raises $3 to $6
MTails: calls $3
*** FLOP *** [Kh 5h Qh]
MTails: checks
Jatha09: bets $3
MTails: raises $3 to $6
Jatha09: calls $3
*** TURN *** [Kh 5h Qh] [3d]
MTails: bets $6
Jatha09: calls $6
*** RIVER *** [Kh 5h Qh 3d] [Kc]
MTails: bets $6
Jatha09: calls $6
*** SHOW DOWN ***
MTails: shows [6h Jh] (a flush, King high)
Jatha09: mucks hand
MTails collected $47.50 from pot
*** SUMMARY ***
Total pot $48 | Rake $0.50
Board [Kh 5h Qh 3d Kc]
Seat 3: Jatha09 (button) (small blind) mucked
Seat 4: MTails (big blind) showed [6h Jh] and won ($47.50) with a flush, King high


PokerStars Hand #149389500568:  Hold'em Limit ($3/$6 USD) - 2016/02/25 9:41:10 ET
Table 'Sicilia' 6-max Seat #4 is the button
Seat 3: Jatha09 ($139.91 in chips)
Seat 4: MTails ($140.40 in chips)
MTails: posts small blind $1
Jatha09: posts big blind $3
*** HOLE CARDS ***
MTails: raises $3 to $6
Jatha09: calls $3
*** FLOP *** [6c Ks Qc]
Jatha09: checks
MTails: bets $3
Jatha09: raises $3 to $6
MTails: calls $3
*** TURN *** [6c Ks Qc] [Td]
Jatha09: bets $6
MTails: raises $6 to $12
Jatha09: calls $6
*** RIVER *** [6c Ks Qc Td] [4c]
Jatha09: checks
MTails: checks
*** SHOW DOWN ***
Jatha09: shows [Qd 4d] (two pair, Queens and Fours)
MTails: mucks hand
Jatha09 collected $47.50 from pot
*** SUMMARY ***
Total pot $48 | Rake $0.50
Board [6c Ks Qc Td 4c]
Seat 3: Jatha09 (big blind) showed [Qd 4d] and won ($47.50) with two pair, Queens and Fours
Seat 4: MTails (button) (small blind) mucked


PokerStars Hand #149389473196:  Hold'em Limit ($3/$6 USD) - 2016/02/25 9:40:30 ET
Table 'Sicilia' 6-max Seat #4 is the button
Seat 3: Jatha09 ($140.41 in chips)
Seat 4: MTails ($80.90 in chips)
MTails: posts small blind $1
Jatha09: posts big blind $3
*** HOLE CARDS ***
MTails: raises $3 to $6
Jatha09: calls $3
*** FLOP *** [8c 9c 6d]
Jatha09: checks
MTails: bets $3
Jatha09: raises $3 to $6
MTails: calls $3
*** TURN *** [8c 9c 6d] [Kc]
Jatha09: bets $6
MTails: raises $6 to $12
Jatha09: raises $6 to $18
MTails: folds
Uncalled bet ($6) returned to Jatha09
Jatha09 collected $47.50 from pot
Jatha09: doesn't show hand
*** SUMMARY ***
Total pot $48 | Rake $0.50
Board [8c 9c 6d Kc]
Seat 3: Jatha09 (big blind) collected ($47.50)
Seat 4: MTails (button) (small blind) folded on the Turn


PokerStars Hand #149389538168:  Hold'em Limit ($3/$6 USD) - 2016/02/25 9:42:05 ET
Table 'Sicilia' 6-max Seat #3 is the button
Seat 3: Jatha09 ($186.91 in chips)
Seat 4: MTails ($92.40 in chips)
Jatha09: posts small blind $1
MTails: posts big blind $3
*** HOLE CARDS ***
Jatha09: folds
Uncalled bet ($2) returned to MTails
MTails collected $2 from pot
*** SUMMARY ***
Total pot $2 | Rake $0
Seat 3: Jatha09 (button) (small blind) folded before Flop
Seat 4: MTails (big blind) collected ($2)


PokerStars Hand #149389533837:  Hold'em Limit ($3/$6 USD) - 2016/02/25 9:41:58 ET
Table 'Sicilia' 6-max Seat #4 is the button
Seat 3: Jatha09 ($189.91 in chips)
Seat 4: MTails ($89.40 in chips)
MTails: posts small blind $1
Jatha09: posts big blind $3
*** HOLE CARDS ***
MTails: raises $3 to $6
Jatha09: folds
Uncalled bet ($3) returned to MTails
MTails collected $6 from pot
*** SUMMARY ***
Total pot $6 | Rake $0
Seat 3: Jatha09 (big blind) folded before Flop
Seat 4: MTails (button) (small blind) collected ($6)


PokerStars Hand #149389514340:  Hold'em Limit ($3/$6 USD) - 2016/02/25 9:41:30 ET
Table 'Sicilia' 6-max Seat #3 is the button
Seat 3: Jatha09 ($163.41 in chips)
Seat 4: MTails ($116.40 in chips)
Jatha09: posts small blind $1
MTails: posts big blind $3
*** HOLE CARDS ***
Jatha09: raises $3 to $6
MTails: calls $3
*** FLOP *** [Qd Qh Js]
MTails: checks
Jatha09: bets $3
MTails: calls $3
*** TURN *** [Qd Qh Js] [4d]
MTails: checks
Jatha09: bets $6
MTails: raises $6 to $12
Jatha09: calls $6
*** RIVER *** [Qd Qh Js 4d] [Kd]
MTails: bets $6
Jatha09: calls $6
*** SHOW DOWN ***
MTails: shows [Tc 2h] (a pair of Queens)
Jatha09: shows [4h 6h] (two pair, Queens and Fours)
Jatha09 collected $53.50 from pot
*** SUMMARY ***
Total pot $54 | Rake $0.50
Board [Qd Qh Js 4d Kd]
Seat 3: Jatha09 (button) (small blind) showed [4h 6h] and won ($53.50) with two pair, Queens and Fours
Seat 4: MTails (big blind) showed [Tc 2h] and lost with a pair of Queens


