PokerStars Hand #154223092551:  Hold'em Limit ($3/$6 USD) - 2016/06/03 6:35:15 ET
Table 'Sicilia' 10-max Seat #7 is the button
Seat 7: VolkovDmitri ($122.88 in chips)
Seat 8: konvict dav ($116.88 in chips)
VolkovDmitri: posts small blind $1
konvict dav: posts big blind $3
*** HOLE CARDS ***
VolkovDmitri: raises $3 to $6
konvict dav: calls $3
*** FLOP *** [6h 6d 6c]
konvict dav: checks
VolkovDmitri: bets $3
konvict dav: calls $3
*** TURN *** [6h 6d 6c] [Js]
konvict dav: checks
VolkovDmitri: bets $6
konvict dav: calls $6
*** RIVER *** [6h 6d 6c Js] [Ac]
konvict dav: checks
VolkovDmitri: bets $6
konvict dav: calls $6
*** SHOW DOWN ***
VolkovDmitri: shows [6s Ah] (four of a kind, Sixes)
konvict dav: mucks hand
VolkovDmitri collected $41.50 from pot
*** SUMMARY ***
Total pot $42 | Rake $0.50
Board [6h 6d 6c Js Ac]
Seat 7: VolkovDmitri (button) (small blind) showed [6s Ah] and won ($41.50) with four of a kind, Sixes
Seat 8: konvict dav (big blind) mucked


PokerStars Hand #154223083360:  Hold'em Limit ($3/$6 USD) - 2016/06/03 6:34:53 ET
Table 'Sicilia' 10-max Seat #8 is the button
Seat 7: VolkovDmitri ($123 in chips)
Seat 8: konvict dav ($117 in chips)
konvict dav: posts small blind $1
VolkovDmitri: posts big blind $3
*** HOLE CARDS ***
konvict dav: raises $3 to $6
VolkovDmitri: calls $3
*** FLOP *** [Qs Ac Ad]
VolkovDmitri: checks
konvict dav: checks
*** TURN *** [Qs Ac Ad] [Qd]
VolkovDmitri: checks
konvict dav: checks
*** RIVER *** [Qs Ac Ad Qd] [Td]
VolkovDmitri: checks
konvict dav: checks
*** SHOW DOWN ***
VolkovDmitri: shows [Jh 2c] (two pair, Aces and Queens)
konvict dav: shows [Js Th] (two pair, Aces and Queens)
VolkovDmitri collected $5.88 from pot
konvict dav collected $5.88 from pot
*** SUMMARY ***
Total pot $12 | Rake $0.24
Board [Qs Ac Ad Qd Td]
Seat 7: VolkovDmitri (big blind) showed [Jh 2c] and won ($5.88) with two pair, Aces and Queens
Seat 8: konvict dav (button) (small blind) showed [Js Th] and won ($5.88) with two pair, Aces and Queens


PokerStars Hand #154223125542:  Hold'em Limit ($3/$6 USD) - 2016/06/03 6:36:34 ET
Table 'Sicilia' 10-max Seat #7 is the button
Seat 7: VolkovDmitri ($157.88 in chips)
Seat 8: konvict dav ($80.88 in chips)
VolkovDmitri: posts small blind $1
konvict dav: posts big blind $3
*** HOLE CARDS ***
VolkovDmitri: raises $3 to $6
konvict dav: raises $3 to $9
VolkovDmitri: calls $3
*** FLOP *** [8c Jc Qs]
konvict dav: bets $3
VolkovDmitri: folds
Uncalled bet ($3) returned to konvict dav
konvict dav collected $17.64 from pot
*** SUMMARY ***
Total pot $18 | Rake $0.36
Board [8c Jc Qs]
Seat 7: VolkovDmitri (button) (small blind) folded on the Flop
Seat 8: konvict dav (big blind) collected ($17.64)


PokerStars Hand #154223111980:  Hold'em Limit ($3/$6 USD) - 2016/06/03 6:36:02 ET
Table 'Sicilia' 10-max Seat #8 is the button
Seat 7: VolkovDmitri ($143.38 in chips)
Seat 8: konvict dav ($95.88 in chips)
konvict dav: posts small blind $1
VolkovDmitri: posts big blind $3
*** HOLE CARDS ***
konvict dav: raises $3 to $6
VolkovDmitri: calls $3
*** FLOP *** [8d 5c Td]
VolkovDmitri: checks
konvict dav: bets $3
VolkovDmitri: calls $3
*** TURN *** [8d 5c Td] [Jh]
VolkovDmitri: bets $6
konvict dav: calls $6
*** RIVER *** [8d 5c Td Jh] [8s]
VolkovDmitri: bets $6
konvict dav: folds
Uncalled bet ($6) returned to VolkovDmitri
VolkovDmitri collected $29.50 from pot
VolkovDmitri: doesn't show hand
*** SUMMARY ***
Total pot $30 | Rake $0.50
Board [8d 5c Td Jh 8s]
Seat 7: VolkovDmitri (big blind) collected ($29.50)
Seat 8: konvict dav (button) (small blind) folded on the River


PokerStars Hand #154223147273:  Hold'em Limit ($3/$6 USD) - 2016/06/03 6:37:27 ET
Table 'Sicilia' 10-max Seat #7 is the button
Seat 7: VolkovDmitri ($142.88 in chips)
Seat 8: konvict dav ($95.28 in chips)
VolkovDmitri: posts small blind $1
konvict dav: posts big blind $3
*** HOLE CARDS ***
VolkovDmitri: raises $3 to $6
konvict dav: calls $3
*** FLOP *** [6d Ts 6c]
konvict dav: checks
VolkovDmitri: bets $3
konvict dav: calls $3
*** TURN *** [6d Ts 6c] [7s]
konvict dav: checks
VolkovDmitri: checks
*** RIVER *** [6d Ts 6c 7s] [5c]
konvict dav: bets $6
VolkovDmitri: folds
Uncalled bet ($6) returned to konvict dav
konvict dav collected $17.64 from pot
*** SUMMARY ***
Total pot $18 | Rake $0.36
Board [6d Ts 6c 7s 5c]
Seat 7: VolkovDmitri (button) (small blind) folded on the River
Seat 8: konvict dav (big blind) collected ($17.64)


PokerStars Hand #154223134627:  Hold'em Limit ($3/$6 USD) - 2016/06/03 6:36:56 ET
Table 'Sicilia' 10-max Seat #8 is the button
Seat 7: VolkovDmitri ($148.88 in chips)
Seat 8: konvict dav ($89.52 in chips)
konvict dav: posts small blind $1
VolkovDmitri: posts big blind $3
*** HOLE CARDS ***
konvict dav: raises $3 to $6
VolkovDmitri: calls $3
*** FLOP *** [8c 6c 8h]
VolkovDmitri: checks
konvict dav: checks
*** TURN *** [8c 6c 8h] [Qc]
VolkovDmitri: checks
konvict dav: bets $6
VolkovDmitri: folds
Uncalled bet ($6) returned to konvict dav
konvict dav collected $11.76 from pot
konvict dav: shows [Ad Qh]
*** SUMMARY ***
Total pot $12 | Rake $0.24
Board [8c 6c 8h Qc]
Seat 7: VolkovDmitri (big blind) folded on the Turn
Seat 8: konvict dav (button) (small blind) collected ($11.76)


PokerStars Hand #154223172107:  Hold'em Limit ($3/$6 USD) - 2016/06/03 6:38:27 ET
Table 'Sicilia' 10-max Seat #7 is the button
Seat 7: VolkovDmitri ($151.38 in chips)
Seat 8: konvict dav ($85.92 in chips)
VolkovDmitri: posts small blind $1
konvict dav: posts big blind $3
*** HOLE CARDS ***
VolkovDmitri: raises $3 to $6
konvict dav: calls $3
*** FLOP *** [9h 8s 4h]
konvict dav: checks
VolkovDmitri: bets $3
konvict dav: raises $3 to $6
VolkovDmitri: raises $3 to $9
konvict dav: calls $3
*** TURN *** [9h 8s 4h] [7c]
konvict dav: checks
VolkovDmitri: checks
*** RIVER *** [9h 8s 4h 7c] [6c]
konvict dav: checks
VolkovDmitri: checks
*** SHOW DOWN ***
konvict dav: shows [8c 6s] (two pair, Eights and Sixes)
VolkovDmitri: mucks hand
konvict dav collected $29.50 from pot
*** SUMMARY ***
Total pot $30 | Rake $0.50
Board [9h 8s 4h 7c 6c]
Seat 7: VolkovDmitri (button) (small blind) mucked
Seat 8: konvict dav (big blind) showed [8c 6s] and won ($29.50) with two pair, Eights and Sixes


PokerStars Hand #154223157916:  Hold'em Limit ($3/$6 USD) - 2016/06/03 6:37:53 ET
Table 'Sicilia' 10-max Seat #8 is the button
Seat 7: VolkovDmitri ($133.88 in chips)
Seat 8: konvict dav ($103.92 in chips)
konvict dav: posts small blind $1
VolkovDmitri: posts big blind $3
*** HOLE CARDS ***
konvict dav: raises $3 to $6
VolkovDmitri: raises $3 to $9
konvict dav: calls $3
*** FLOP *** [8h 4d 5h]
VolkovDmitri: bets $3
konvict dav: calls $3
*** TURN *** [8h 4d 5h] [4s]
VolkovDmitri: checks
konvict dav: checks
*** RIVER *** [8h 4d 5h 4s] [Jc]
VolkovDmitri: checks
konvict dav: bets $6
VolkovDmitri: calls $6
*** SHOW DOWN ***
konvict dav: shows [9h 6d] (a pair of Fours)
VolkovDmitri: shows [Ad 7c] (a pair of Fours - Ace kicker)
VolkovDmitri collected $35.50 from pot
*** SUMMARY ***
Total pot $36 | Rake $0.50
Board [8h 4d 5h 4s Jc]
Seat 7: VolkovDmitri (big blind) showed [Ad 7c] and won ($35.50) with a pair of Fours
Seat 8: konvict dav (button) (small blind) showed [9h 6d] and lost with a pair of Fours


PokerStars Hand #154223197899:  Hold'em Limit ($3/$6 USD) - 2016/06/03 6:39:28 ET
Table 'Sicilia' 10-max Seat #8 is the button
Seat 7: VolkovDmitri ($135.88 in chips)
Seat 8: konvict dav ($99.92 in chips)
konvict dav: posts small blind $1
VolkovDmitri: posts big blind $3
*** HOLE CARDS ***
konvict dav: raises $3 to $6
VolkovDmitri: calls $3
*** FLOP *** [9h 5d Tc]
VolkovDmitri: checks
konvict dav: checks
*** TURN *** [9h 5d Tc] [Ks]
VolkovDmitri: bets $6
konvict dav: raises $6 to $12
VolkovDmitri: calls $6
*** RIVER *** [9h 5d Tc Ks] [4d]
VolkovDmitri: checks
konvict dav: bets $6
VolkovDmitri: calls $6
*** SHOW DOWN ***
konvict dav: shows [Kc 3s] (a pair of Kings)
VolkovDmitri: shows [6c Kh] (a pair of Kings - Ten+Nine+Six kicker)
VolkovDmitri collected $47.50 from pot
*** SUMMARY ***
Total pot $48 | Rake $0.50
Board [9h 5d Tc Ks 4d]
Seat 7: VolkovDmitri (big blind) showed [6c Kh] and won ($47.50) with a pair of Kings
Seat 8: konvict dav (button) (small blind) showed [Kc 3s] and lost with a pair of Kings


PokerStars Hand #154223181796:  Hold'em Limit ($3/$6 USD) - 2016/06/03 6:38:50 ET
Table 'Sicilia' 10-max Seat #8 is the button
Seat 7: VolkovDmitri ($136.38 in chips)
Seat 8: konvict dav ($100.42 in chips)
konvict dav: posts small blind $1
VolkovDmitri: posts big blind $3
*** HOLE CARDS ***
konvict dav: raises $3 to $6
VolkovDmitri: calls $3
*** FLOP *** [Qd 6d Jc]
VolkovDmitri: checks
konvict dav: checks
*** TURN *** [Qd 6d Jc] [Tc]
VolkovDmitri: bets $6
konvict dav: calls $6
*** RIVER *** [Qd 6d Jc Tc] [Qh]
VolkovDmitri: bets $6
konvict dav: calls $6
*** SHOW DOWN ***
VolkovDmitri: shows [7d Jd] (two pair, Queens and Jacks)
konvict dav: mucks hand
VolkovDmitri collected $35.50 from pot
*** SUMMARY ***
Total pot $36 | Rake $0.50
Board [Qd 6d Jc Tc Qh]
Seat 7: VolkovDmitri (big blind) showed [7d Jd] and won ($35.50) with two pair, Queens and Jacks
Seat 8: konvict dav (button) (small blind) mucked


PokerStars Hand #154223188536:  Hold'em Limit ($3/$6 USD) - 2016/06/03 6:39:07 ET
Table 'Sicilia' 10-max Seat #7 is the button
Seat 7: VolkovDmitri ($153.88 in chips)
Seat 8: konvict dav ($82.42 in chips)
VolkovDmitri: posts small blind $1
konvict dav: posts big blind $3
*** HOLE CARDS ***
VolkovDmitri: raises $3 to $6
konvict dav: raises $3 to $9
VolkovDmitri: calls $3
*** FLOP *** [8d Qc Tc]
konvict dav: bets $3
VolkovDmitri: calls $3
*** TURN *** [8d Qc Tc] [Jd]
konvict dav: bets $6
VolkovDmitri: calls $6
*** RIVER *** [8d Qc Tc Jd] [Qd]
konvict dav: bets $6
VolkovDmitri: folds
Uncalled bet ($6) returned to konvict dav
konvict dav collected $35.50 from pot
*** SUMMARY ***
Total pot $36 | Rake $0.50
Board [8d Qc Tc Jd Qd]
Seat 7: VolkovDmitri (button) (small blind) folded on the River
Seat 8: konvict dav (big blind) collected ($35.50)


PokerStars Hand #154223224187:  Hold'em Limit ($3/$6 USD) - 2016/06/03 6:40:31 ET
Table 'Sicilia' 10-max Seat #8 is the button
Seat 7: VolkovDmitri ($165.14 in chips)
Seat 8: konvict dav ($69.92 in chips)
konvict dav: posts small blind $1
VolkovDmitri: posts big blind $3
*** HOLE CARDS ***
konvict dav: raises $3 to $6
VolkovDmitri: calls $3
*** FLOP *** [3s 7h 8s]
VolkovDmitri: checks
konvict dav: bets $3
VolkovDmitri: folds
Uncalled bet ($3) returned to konvict dav
konvict dav collected $11.76 from pot
*** SUMMARY ***
Total pot $12 | Rake $0.24
Board [3s 7h 8s]
Seat 7: VolkovDmitri (big blind) folded on the Flop
Seat 8: konvict dav (button) (small blind) collected ($11.76)


PokerStars Hand #154223220508:  Hold'em Limit ($3/$6 USD) - 2016/06/03 6:40:22 ET
Table 'Sicilia' 10-max Seat #7 is the button
Seat 7: VolkovDmitri ($159.38 in chips)
Seat 8: konvict dav ($75.92 in chips)
VolkovDmitri: posts small blind $1
konvict dav: posts big blind $3
*** HOLE CARDS ***
VolkovDmitri: raises $3 to $6
konvict dav: calls $3
*** FLOP *** [4h Qh Ks]
konvict dav: checks
VolkovDmitri: bets $3
konvict dav: folds
Uncalled bet ($3) returned to VolkovDmitri
VolkovDmitri collected $11.76 from pot
VolkovDmitri: doesn't show hand
*** SUMMARY ***
Total pot $12 | Rake $0.24
Board [4h Qh Ks]
Seat 7: VolkovDmitri (button) (small blind) collected ($11.76)
Seat 8: konvict dav (big blind) folded on the Flop


PokerStars Hand #154223210233:  Hold'em Limit ($3/$6 USD) - 2016/06/03 6:39:58 ET
Table 'Sicilia' 10-max Seat #7 is the button
Seat 7: VolkovDmitri ($159.38 in chips)
Seat 8: konvict dav ($75.92 in chips)
VolkovDmitri: posts small blind $1
konvict dav: posts big blind $3
*** HOLE CARDS ***
VolkovDmitri: folds
Uncalled bet ($2) returned to konvict dav
konvict dav collected $2 from pot
*** SUMMARY ***
Total pot $2 | Rake $0
Seat 7: VolkovDmitri (button) (small blind) folded before Flop
Seat 8: konvict dav (big blind) collected ($2)


PokerStars Hand #154223218455:  Hold'em Limit ($3/$6 USD) - 2016/06/03 6:40:18 ET
Table 'Sicilia' 10-max Seat #8 is the button
Seat 7: VolkovDmitri ($158.38 in chips)
Seat 8: konvict dav ($76.92 in chips)
konvict dav: posts small blind $1
VolkovDmitri: posts big blind $3
*** HOLE CARDS ***
konvict dav: folds
Uncalled bet ($2) returned to VolkovDmitri
VolkovDmitri collected $2 from pot
VolkovDmitri: doesn't show hand
*** SUMMARY ***
Total pot $2 | Rake $0
Seat 7: VolkovDmitri (big blind) collected ($2)
Seat 8: konvict dav (button) (small blind) folded before Flop


PokerStars Hand #154223233562:  Hold'em Limit ($3/$6 USD) - 2016/06/03 6:40:53 ET
Table 'Sicilia' 10-max Seat #7 is the button
Seat 7: VolkovDmitri ($159.14 in chips)
Seat 8: konvict dav ($75.68 in chips)
VolkovDmitri: posts small blind $1
konvict dav: posts big blind $3
*** HOLE CARDS ***
VolkovDmitri: raises $3 to $6
konvict dav: raises $3 to $9
VolkovDmitri: calls $3
*** FLOP *** [Ah 4c 9c]
konvict dav: bets $3
VolkovDmitri: folds
Uncalled bet ($3) returned to konvict dav
konvict dav collected $17.64 from pot
*** SUMMARY ***
Total pot $18 | Rake $0.36
Board [Ah 4c 9c]
Seat 7: VolkovDmitri (button) (small blind) folded on the Flop
Seat 8: konvict dav (big blind) collected ($17.64)


PokerStars Hand #154223240165:  Hold'em Limit ($3/$6 USD) - 2016/06/03 6:41:09 ET
Table 'Sicilia' 10-max Seat #8 is the button
Seat 7: VolkovDmitri ($150.14 in chips)
Seat 8: konvict dav ($84.32 in chips)
konvict dav: posts small blind $1
VolkovDmitri: posts big blind $3
*** HOLE CARDS ***
konvict dav: raises $3 to $6
VolkovDmitri: calls $3
*** FLOP *** [Th 8s 5s]
VolkovDmitri: checks
konvict dav: checks
*** TURN *** [Th 8s 5s] [6h]
VolkovDmitri: bets $6
konvict dav: folds [Ah]
Uncalled bet ($6) returned to VolkovDmitri
VolkovDmitri collected $11.76 from pot
VolkovDmitri: doesn't show hand
*** SUMMARY ***
Total pot $12 | Rake $0.24
Board [Th 8s 5s 6h]
Seat 7: VolkovDmitri (big blind) collected ($11.76)
Seat 8: konvict dav (button) (small blind) folded on the Turn


PokerStars Hand #154223253625:  Hold'em Limit ($3/$6 USD) - 2016/06/03 6:41:41 ET
Table 'Sicilia' 10-max Seat #7 is the button
Seat 7: VolkovDmitri ($155.90 in chips)
Seat 8: konvict dav ($78.32 in chips)
VolkovDmitri: posts small blind $1
konvict dav: posts big blind $3
*** HOLE CARDS ***
VolkovDmitri: raises $3 to $6
konvict dav: raises $3 to $9
ChawkDee joins the table at seat #10
VolkovDmitri: calls $3
*** FLOP *** [Qs 3h 9s]
konvict dav: bets $3
VolkovDmitri: calls $3
*** TURN *** [Qs 3h 9s] [6s]
konvict dav: bets $6
VolkovDmitri: raises $6 to $12
konvict dav: raises $6 to $18
VolkovDmitri: raises $6 to $24
Betting is capped
konvict dav: calls $6
*** RIVER *** [Qs 3h 9s 6s] [Jd]
konvict dav: checks
VolkovDmitri: bets $6
konvict dav: calls $6
*** SHOW DOWN ***
VolkovDmitri: shows [4s Ks] (a flush, King high)
konvict dav: shows [9c 9d]
VolkovDmitri collected $83.50 from pot
*** SUMMARY ***
Total pot $84 | Rake $0.50
Board [Qs 3h 9s 6s Jd]
Seat 7: VolkovDmitri (button) (small blind) showed [4s Ks] and won ($83.50) with a flush, King high
Seat 8: konvict dav (big blind) mucked [9c 9d]


PokerStars Hand #154223321186:  Hold'em Limit ($3/$6 USD) - 2016/06/03 6:44:21 ET
Table 'Sicilia' 10-max Seat #10 is the button
Seat 8: konvict dav ($107.33 in chips)
Seat 10: ChawkDee ($99.25 in chips)
HAL9QQQ will be allowed to play after the button
ChawkDee: posts small blind $1
konvict dav: posts big blind $3
*** HOLE CARDS ***
VolkovDmitri leaves the table
ChawkDee: raises $3 to $6
Punkyfee joins the table at seat #1
konvict dav: raises $3 to $9
ChawkDee: calls $3
*** FLOP *** [Tc 8s Kh]
konvict dav: bets $3
ChawkDee: folds
Uncalled bet ($3) returned to konvict dav
konvict dav collected $17.64 from pot
*** SUMMARY ***
Total pot $18 | Rake $0.36
Board [Tc 8s Kh]
Seat 8: konvict dav (big blind) collected ($17.64)
Seat 10: ChawkDee (button) (small blind) folded on the Flop


PokerStars Hand #154224087482:  Hold'em Limit ($3/$6 USD) - 2016/06/03 7:14:21 ET
Table 'Sicilia' 10-max Seat #2 is the button
Seat 2: 7superpoker ($48 in chips)
Seat 6: Noah21 ($104.13 in chips)
7superpoker: posts small blind $1
Noah21: posts big blind $3
*** HOLE CARDS ***
7superpoker: raises $3 to $6
abatic joins the table at seat #8
Actionni13 leaves the table
Noah21: folds
Uncalled bet ($3) returned to 7superpoker
7superpoker collected $6 from pot
7superpoker: doesn't show hand
*** SUMMARY ***
Total pot $6 | Rake $0
Seat 2: 7superpoker (button) (small blind) collected ($6)
Seat 6: Noah21 (big blind) folded before Flop


PokerStars Hand #154224084422:  Hold'em Limit ($3/$6 USD) - 2016/06/03 7:14:14 ET
Table 'Sicilia' 10-max Seat #6 is the button
Seat 2: 7superpoker ($47 in chips)
Seat 6: Noah21 ($105.13 in chips)
Noah21: posts small blind $1
Actionni13: is sitting out
HAL9QQQ: is sitting out
7superpoker: posts big blind $3
*** HOLE CARDS ***
Noah21: folds
Uncalled bet ($2) returned to 7superpoker
7superpoker collected $2 from pot
7superpoker: doesn't show hand
*** SUMMARY ***
Total pot $2 | Rake $0
Seat 2: 7superpoker (big blind) collected ($2)
Seat 6: Noah21 (button) (small blind) folded before Flop


PokerStars Hand #154224144257:  Hold'em Limit ($3/$6 USD) - 2016/06/03 7:16:31 ET
Table 'Sicilia' 10-max Seat #6 is the button
Seat 2: 7superpoker ($54.07 in chips)
Seat 6: Noah21 ($96.41 in chips)
Noah21: posts small blind $1
7superpoker: posts big blind $3
*** HOLE CARDS ***
Noah21: raises $3 to $6
7superpoker: calls $3
*** FLOP *** [7c 9s Ac]
7superpoker: checks
Noah21: bets $3
7superpoker: folds
Uncalled bet ($3) returned to Noah21
Noah21 collected $11.76 from pot
Noah21: doesn't show hand
*** SUMMARY ***
Total pot $12 | Rake $0.24
Board [7c 9s Ac]
Seat 2: 7superpoker (big blind) folded on the Flop
Seat 6: Noah21 (button) (small blind) collected ($11.76)


PokerStars Hand #154224164050:  Hold'em Limit ($3/$6 USD) - 2016/06/03 7:17:16 ET
Table 'Sicilia' 10-max Seat #6 is the button
Seat 2: 7superpoker ($71.57 in chips)
Seat 6: Noah21 ($78.17 in chips)
Noah21: posts small blind $1
7superpoker: posts big blind $3
*** HOLE CARDS ***
Noah21: folds
Uncalled bet ($2) returned to 7superpoker
7superpoker collected $2 from pot
7superpoker: doesn't show hand
*** SUMMARY ***
Total pot $2 | Rake $0
Seat 2: 7superpoker (big blind) collected ($2)
Seat 6: Noah21 (button) (small blind) folded before Flop


PokerStars Hand #154224151329:  Hold'em Limit ($3/$6 USD) - 2016/06/03 7:16:47 ET
Table 'Sicilia' 10-max Seat #2 is the button
Seat 2: 7superpoker ($48.07 in chips)
Seat 6: Noah21 ($102.17 in chips)
7superpoker: posts small blind $1
Noah21: posts big blind $3
*** HOLE CARDS ***
7superpoker: raises $3 to $6
Noah21: calls $3
*** FLOP *** [7d 2c Tc]
Noah21: checks
7superpoker: bets $3
Noah21: raises $3 to $6
7superpoker: calls $3
*** TURN *** [7d 2c Tc] [2h]
Noah21: bets $6
7superpoker: raises $6 to $12
Noah21: calls $6
*** RIVER *** [7d 2c Tc 2h] [Qc]
Noah21: checks
7superpoker: checks
*** SHOW DOWN ***
Noah21: shows [6c Ts] (two pair, Tens and Deuces)
7superpoker: shows [Td Ah] (two pair, Tens and Deuces - Ace kicker)
7superpoker collected $47.50 from pot
*** SUMMARY ***
Total pot $48 | Rake $0.50
Board [7d 2c Tc 2h Qc]
Seat 2: 7superpoker (button) (small blind) showed [Td Ah] and won ($47.50) with two pair, Tens and Deuces
Seat 6: Noah21 (big blind) showed [6c Ts] and lost with two pair, Tens and Deuces


PokerStars Hand #154224197331:  Hold'em Limit ($3/$6 USD) - 2016/06/03 7:18:32 ET
Table 'Sicilia' 10-max Seat #6 is the button
Seat 2: 7superpoker ($29.57 in chips)
Seat 6: Noah21 ($119.17 in chips)
Noah21: posts small blind $1
7superpoker: posts big blind $3
*** HOLE CARDS ***
Noah21: raises $3 to $6
7superpoker: folds
Uncalled bet ($3) returned to Noah21
Noah21 collected $6 from pot
Noah21: doesn't show hand
*** SUMMARY ***
Total pot $6 | Rake $0
Seat 2: 7superpoker (big blind) folded before Flop
Seat 6: Noah21 (button) (small blind) collected ($6)


PokerStars Hand #154224176264:  Hold'em Limit ($3/$6 USD) - 2016/06/03 7:17:44 ET
Table 'Sicilia' 10-max Seat #6 is the button
Seat 2: 7superpoker ($57.57 in chips)
Seat 6: Noah21 ($91.67 in chips)
Noah21: posts small blind $1
7superpoker: posts big blind $3
*** HOLE CARDS ***
Noah21: folds
Uncalled bet ($2) returned to 7superpoker
7superpoker collected $2 from pot
7superpoker: doesn't show hand
*** SUMMARY ***
Total pot $2 | Rake $0
Seat 2: 7superpoker (big blind) collected ($2)
Seat 6: Noah21 (button) (small blind) folded before Flop


PokerStars Hand #154224166284:  Hold'em Limit ($3/$6 USD) - 2016/06/03 7:17:21 ET
Table 'Sicilia' 10-max Seat #2 is the button
Seat 2: 7superpoker ($72.57 in chips)
Seat 6: Noah21 ($77.17 in chips)
7superpoker: posts small blind $1
Noah21: posts big blind $3
*** HOLE CARDS ***
7superpoker: raises $3 to $6
Noah21: calls $3
*** FLOP *** [6s 7h 7s]
Noah21: checks
7superpoker: bets $3
Noah21: calls $3
*** TURN *** [6s 7h 7s] [Ac]
Noah21: checks
7superpoker: bets $6
Noah21: calls $6
*** RIVER *** [6s 7h 7s Ac] [9s]
Noah21: checks
7superpoker: checks
*** SHOW DOWN ***
Noah21: shows [Th 6c] (two pair, Sevens and Sixes)
7superpoker: mucks hand
Noah21 collected $29.50 from pot
*** SUMMARY ***
Total pot $30 | Rake $0.50
Board [6s 7h 7s Ac 9s]
Seat 2: 7superpoker (button) (small blind) mucked
Seat 6: Noah21 (big blind) showed [Th 6c] and won ($29.50) with two pair, Sevens and Sixes


PokerStars Hand #154224182205:  Hold'em Limit ($3/$6 USD) - 2016/06/03 7:17:57 ET
Table 'Sicilia' 10-max Seat #6 is the button
Seat 2: 7superpoker ($61.57 in chips)
Seat 6: Noah21 ($87.67 in chips)
Noah21: posts small blind $1
7superpoker: posts big blind $3
*** HOLE CARDS ***
Noah21: folds
Uncalled bet ($2) returned to 7superpoker
7superpoker collected $2 from pot
7superpoker: doesn't show hand
*** SUMMARY ***
Total pot $2 | Rake $0
Seat 2: 7superpoker (big blind) collected ($2)
Seat 6: Noah21 (button) (small blind) folded before Flop


PokerStars Hand #154224179852:  Hold'em Limit ($3/$6 USD) - 2016/06/03 7:17:52 ET
Table 'Sicilia' 10-max Seat #2 is the button
Seat 2: 7superpoker ($58.57 in chips)
Seat 6: Noah21 ($90.67 in chips)
7superpoker: posts small blind $1
Noah21: posts big blind $3
*** HOLE CARDS ***
7superpoker: raises $3 to $6
Noah21: folds
Uncalled bet ($3) returned to 7superpoker
7superpoker collected $6 from pot
7superpoker: doesn't show hand
*** SUMMARY ***
Total pot $6 | Rake $0
Seat 2: 7superpoker (button) (small blind) collected ($6)
Seat 6: Noah21 (big blind) folded before Flop


PokerStars Hand #154224184362:  Hold'em Limit ($3/$6 USD) - 2016/06/03 7:18:02 ET
Table 'Sicilia' 10-max Seat #2 is the button
Seat 2: 7superpoker ($62.57 in chips)
Seat 6: Noah21 ($86.67 in chips)
7superpoker: posts small blind $1
Noah21: posts big blind $3
*** HOLE CARDS ***
7superpoker: raises $3 to $6
Noah21: raises $3 to $9
7superpoker: calls $3
*** FLOP *** [5s 2s 3d]
Noah21: bets $3
7superpoker: raises $3 to $6
Noah21: calls $3
*** TURN *** [5s 2s 3d] [Jc]
Noah21: checks
7superpoker: bets $6
Noah21: raises $6 to $12
7superpoker: calls $6
*** RIVER *** [5s 2s 3d Jc] [2h]
Noah21: bets $6
7superpoker: calls $6
*** SHOW DOWN ***
Noah21: shows [Ah Jh] (two pair, Jacks and Deuces)
7superpoker: mucks hand
Noah21 collected $65.50 from pot
*** SUMMARY ***
Total pot $66 | Rake $0.50
Board [5s 2s 3d Jc 2h]
Seat 2: 7superpoker (button) (small blind) mucked
Seat 6: Noah21 (big blind) showed [Ah Jh] and won ($65.50) with two pair, Jacks and Deuces


PokerStars Hand #154224202259:  Hold'em Limit ($3/$6 USD) - 2016/06/03 7:18:43 ET
Table 'Sicilia' 10-max Seat #2 is the button
Seat 2: 7superpoker ($26.57 in chips)
Seat 6: Noah21 ($122.17 in chips)
7superpoker: posts small blind $1
Noah21: posts big blind $3
*** HOLE CARDS ***
7superpoker: raises $3 to $6
Noah21: calls $3
*** FLOP *** [Jh 5s 6c]
Noah21: checks
7superpoker: bets $3
Noah21: raises $3 to $6
7superpoker: raises $3 to $9
Noah21: calls $3
*** TURN *** [Jh 5s 6c] [As]
Noah21: checks
7superpoker: checks
*** RIVER *** [Jh 5s 6c As] [7c]
Noah21: checks
7superpoker: checks
*** SHOW DOWN ***
Noah21: shows [5h Qc] (a pair of Fives)
7superpoker: shows [7h 8s] (a pair of Sevens)
7superpoker collected $29.50 from pot
*** SUMMARY ***
Total pot $30 | Rake $0.50
Board [Jh 5s 6c As 7c]
Seat 2: 7superpoker (button) (small blind) showed [7h 8s] and won ($29.50) with a pair of Sevens
Seat 6: Noah21 (big blind) showed [5h Qc] and lost with a pair of Fives


PokerStars Hand #154224215269:  Hold'em Limit ($3/$6 USD) - 2016/06/03 7:19:13 ET
Table 'Sicilia' 10-max Seat #6 is the button
Seat 2: 7superpoker ($41.07 in chips)
Seat 6: Noah21 ($107.17 in chips)
Noah21: posts small blind $1
7superpoker: posts big blind $3
*** HOLE CARDS ***
Noah21: raises $3 to $6
7superpoker: calls $3
*** FLOP *** [Jh 6c 9d]
7superpoker: checks
Noah21: bets $3
7superpoker: calls $3
*** TURN *** [Jh 6c 9d] [8d]
7superpoker: checks
Noah21: checks
*** RIVER *** [Jh 6c 9d 8d] [5c]
7superpoker: checks
Noah21: checks
*** SHOW DOWN ***
7superpoker: shows [8s Qs] (a pair of Eights)
Noah21: mucks hand
7superpoker collected $17.64 from pot
*** SUMMARY ***
Total pot $18 | Rake $0.36
Board [Jh 6c 9d 8d 5c]
Seat 2: 7superpoker (big blind) showed [8s Qs] and won ($17.64) with a pair of Eights
Seat 6: Noah21 (button) (small blind) mucked


PokerStars Hand #154224234755:  Hold'em Limit ($3/$6 USD) - 2016/06/03 7:19:58 ET
Table 'Sicilia' 10-max Seat #6 is the button
Seat 2: 7superpoker ($40.71 in chips)
Seat 6: Noah21 ($106.81 in chips)
Noah21: posts small blind $1
7superpoker: posts big blind $3
*** HOLE CARDS ***
Noah21: raises $3 to $6
7superpoker: calls $3
*** FLOP *** [8s Jd 7c]
7superpoker: checks
Noah21: bets $3
7superpoker: calls $3
*** TURN *** [8s Jd 7c] [5d]
7superpoker: checks
Noah21: bets $6
7superpoker: calls $6
*** RIVER *** [8s Jd 7c 5d] [7s]
7superpoker: checks
Noah21: bets $6
7superpoker: folds
Uncalled bet ($6) returned to Noah21
Noah21 collected $29.50 from pot
Noah21: doesn't show hand
*** SUMMARY ***
Total pot $30 | Rake $0.50
Board [8s Jd 7c 5d 7s]
Seat 2: 7superpoker (big blind) folded on the River
Seat 6: Noah21 (button) (small blind) collected ($29.50)


PokerStars Hand #154224225277:  Hold'em Limit ($3/$6 USD) - 2016/06/03 7:19:36 ET
Table 'Sicilia' 10-max Seat #2 is the button
Seat 2: 7superpoker ($49.71 in chips)
Seat 6: Noah21 ($98.17 in chips)
7superpoker: posts small blind $1
Noah21: posts big blind $3
*** HOLE CARDS ***
7superpoker: raises $3 to $6
Noah21: calls $3
*** FLOP *** [Td Jc Qd]
Noah21: checks
7superpoker: bets $3
Noah21: raises $3 to $6
7superpoker: folds
Uncalled bet ($3) returned to Noah21
Noah21 collected $17.64 from pot
Noah21: doesn't show hand
*** SUMMARY ***
Total pot $18 | Rake $0.36
Board [Td Jc Qd]
Seat 2: 7superpoker (button) (small blind) folded on the Flop
Seat 6: Noah21 (big blind) collected ($17.64)


PokerStars Hand #154224250839:  Hold'em Limit ($3/$6 USD) - 2016/06/03 7:20:34 ET
Table 'Sicilia' 10-max Seat #2 is the button
Seat 2: 7superpoker ($25.71 in chips)
Seat 6: Noah21 ($121.31 in chips)
7superpoker: posts small blind $1
Noah21: posts big blind $3
*** HOLE CARDS ***
7superpoker: raises $3 to $6
Noah21: raises $3 to $9
7superpoker: calls $3
*** FLOP *** [Tc 4s 3c]
Noah21: bets $3
7superpoker: raises $3 to $6
Noah21: calls $3
*** TURN *** [Tc 4s 3c] [8d]
Noah21: checks
7superpoker: checks
*** RIVER *** [Tc 4s 3c 8d] [6d]
Noah21: checks
7superpoker: bets $6
Noah21: folds
Uncalled bet ($6) returned to 7superpoker
7superpoker collected $29.50 from pot
7superpoker: doesn't show hand
*** SUMMARY ***
Total pot $30 | Rake $0.50
Board [Tc 4s 3c 8d 6d]
Seat 2: 7superpoker (button) (small blind) collected ($29.50)
Seat 6: Noah21 (big blind) folded on the River


PokerStars Hand #154224264632:  Hold'em Limit ($3/$6 USD) - 2016/06/03 7:21:05 ET
Table 'Sicilia' 10-max Seat #6 is the button
Seat 2: 7superpoker ($40.21 in chips)
Seat 6: Noah21 ($106.31 in chips)
Noah21: posts small blind $1
7superpoker: posts big blind $3
*** HOLE CARDS ***
Noah21: raises $3 to $6
7superpoker: calls $3
*** FLOP *** [Qc Jd 4c]
7superpoker: checks
Noah21: bets $3
7superpoker: calls $3
*** TURN *** [Qc Jd 4c] [6h]
7superpoker: checks
Noah21: bets $6
7superpoker: folds
Uncalled bet ($6) returned to Noah21
Noah21 collected $17.64 from pot
Noah21: doesn't show hand
*** SUMMARY ***
Total pot $18 | Rake $0.36
Board [Qc Jd 4c 6h]
Seat 2: 7superpoker (big blind) folded on the Turn
Seat 6: Noah21 (button) (small blind) collected ($17.64)


PokerStars Hand #154224272297:  Hold'em Limit ($3/$6 USD) - 2016/06/03 7:21:23 ET
Table 'Sicilia' 10-max Seat #2 is the button
Seat 2: 7superpoker ($31.21 in chips)
Seat 6: Noah21 ($114.95 in chips)
7superpoker: posts small blind $1
Noah21: posts big blind $3
*** HOLE CARDS ***
7superpoker: raises $3 to $6
Noah21: calls $3
*** FLOP *** [Td 6c Ad]
Noah21: checks
7superpoker: bets $3
Noah21: calls $3
*** TURN *** [Td 6c Ad] [4s]
Noah21: checks
7superpoker: bets $6
Noah21: calls $6
*** RIVER *** [Td 6c Ad 4s] [5h]
Noah21: checks
7superpoker: bets $6
Noah21: calls $6
*** SHOW DOWN ***
7superpoker: shows [Jh Ac] (a pair of Aces)
Noah21: mucks hand
7superpoker collected $41.50 from pot
*** SUMMARY ***
Total pot $42 | Rake $0.50
Board [Td 6c Ad 4s 5h]
Seat 2: 7superpoker (button) (small blind) showed [Jh Ac] and won ($41.50) with a pair of Aces
Seat 6: Noah21 (big blind) mucked


PokerStars Hand #154224281821:  Hold'em Limit ($3/$6 USD) - 2016/06/03 7:21:45 ET
Table 'Sicilia' 10-max Seat #6 is the button
Seat 2: 7superpoker ($51.71 in chips)
Seat 6: Noah21 ($93.95 in chips)
Noah21: posts small blind $1
7superpoker: posts big blind $3
*** HOLE CARDS ***
Noah21: raises $3 to $6
7superpoker: calls $3
*** FLOP *** [8h 2c 4d]
7superpoker: bets $3
Noah21: calls $3
*** TURN *** [8h 2c 4d] [6s]
7superpoker: bets $6
Noah21: folds
Uncalled bet ($6) returned to 7superpoker
7superpoker collected $17.64 from pot
7superpoker: doesn't show hand
*** SUMMARY ***
Total pot $18 | Rake $0.36
Board [8h 2c 4d 6s]
Seat 2: 7superpoker (big blind) collected ($17.64)
Seat 6: Noah21 (button) (small blind) folded on the Turn


PokerStars Hand #154224294322:  Hold'em Limit ($3/$6 USD) - 2016/06/03 7:22:14 ET
Table 'Sicilia' 10-max Seat #2 is the button
Seat 2: 7superpoker ($60.35 in chips)
Seat 6: Noah21 ($84.95 in chips)
7superpoker: posts small blind $1
Noah21: posts big blind $3
*** HOLE CARDS ***
7superpoker: raises $3 to $6
Noah21: calls $3
*** FLOP *** [4h Kh 2d]
Noah21: checks
7superpoker: bets $3
Noah21: calls $3
*** TURN *** [4h Kh 2d] [3d]
Noah21: checks
7superpoker: checks
*** RIVER *** [4h Kh 2d 3d] [5c]
Noah21: checks
7superpoker: bets $6
Noah21: folds
Uncalled bet ($6) returned to 7superpoker
7superpoker collected $17.64 from pot
7superpoker: doesn't show hand
*** SUMMARY ***
Total pot $18 | Rake $0.36
Board [4h Kh 2d 3d 5c]
Seat 2: 7superpoker (button) (small blind) collected ($17.64)
Seat 6: Noah21 (big blind) folded on the River


PokerStars Hand #154224314152:  Hold'em Limit ($3/$6 USD) - 2016/06/03 7:22:58 ET
Table 'Sicilia' 10-max Seat #6 is the button
Seat 2: 7superpoker ($68.99 in chips)
Seat 6: Noah21 ($75.95 in chips)
Noah21: posts small blind $1
7superpoker: posts big blind $3
*** HOLE CARDS ***
Noah21: raises $3 to $6
7superpoker: calls $3
*** FLOP *** [Jh Kc Js]
7superpoker: checks
Noah21: bets $3
7superpoker: folds
Uncalled bet ($3) returned to Noah21
Noah21 collected $11.76 from pot
Noah21: doesn't show hand
*** SUMMARY ***
Total pot $12 | Rake $0.24
Board [Jh Kc Js]
Seat 2: 7superpoker (big blind) folded on the Flop
Seat 6: Noah21 (button) (small blind) collected ($11.76)


PokerStars Hand #154224319442:  Hold'em Limit ($3/$6 USD) - 2016/06/03 7:23:10 ET
Table 'Sicilia' 10-max Seat #2 is the button
Seat 2: 7superpoker ($62.99 in chips)
Seat 6: Noah21 ($81.71 in chips)
7superpoker: posts small blind $1
Noah21: posts big blind $3
*** HOLE CARDS ***
7superpoker: folds
Uncalled bet ($2) returned to Noah21
Noah21 collected $2 from pot
Noah21: doesn't show hand
*** SUMMARY ***
Total pot $2 | Rake $0
Seat 2: 7superpoker (button) (small blind) folded before Flop
Seat 6: Noah21 (big blind) collected ($2)


PokerStars Hand #154224321949:  Hold'em Limit ($3/$6 USD) - 2016/06/03 7:23:16 ET
Table 'Sicilia' 10-max Seat #6 is the button
Seat 2: 7superpoker ($61.99 in chips)
Seat 6: Noah21 ($82.71 in chips)
Noah21: posts small blind $1
7superpoker: posts big blind $3
*** HOLE CARDS ***
Noah21: raises $3 to $6
7superpoker: calls $3
*** FLOP *** [7d Ac 8d]
7superpoker: checks
Noah21: bets $3
7superpoker: calls $3
*** TURN *** [7d Ac 8d] [4h]
7superpoker: checks
Noah21: bets $6
7superpoker: calls $6
*** RIVER *** [7d Ac 8d 4h] [6c]
7superpoker: checks
Noah21: bets $6
7superpoker: calls $6
*** SHOW DOWN ***
Noah21: shows [Ks Ad] (a pair of Aces)
7superpoker: shows [8s 6d] (two pair, Eights and Sixes)
7superpoker collected $41.50 from pot
*** SUMMARY ***
Total pot $42 | Rake $0.50
Board [7d Ac 8d 4h 6c]
Seat 2: 7superpoker (big blind) showed [8s 6d] and won ($41.50) with two pair, Eights and Sixes
Seat 6: Noah21 (button) (small blind) showed [Ks Ad] and lost with a pair of Aces


PokerStars Hand #154224332661:  Hold'em Limit ($3/$6 USD) - 2016/06/03 7:23:40 ET
Table 'Sicilia' 10-max Seat #2 is the button
Seat 2: 7superpoker ($82.49 in chips)
Seat 6: Noah21 ($61.71 in chips)
7superpoker: posts small blind $1
Noah21: posts big blind $3
*** HOLE CARDS ***
7superpoker: raises $3 to $6
Noah21: calls $3
*** FLOP *** [Kc 4s Jd]
Noah21: checks
7superpoker: bets $3
Noah21: raises $3 to $6
7superpoker: folds
Uncalled bet ($3) returned to Noah21
Noah21 collected $17.64 from pot
Noah21: doesn't show hand
*** SUMMARY ***
Total pot $18 | Rake $0.36
Board [Kc 4s Jd]
Seat 2: 7superpoker (button) (small blind) folded on the Flop
Seat 6: Noah21 (big blind) collected ($17.64)


PokerStars Hand #154224345117:  Hold'em Limit ($3/$6 USD) - 2016/06/03 7:24:08 ET
Table 'Sicilia' 10-max Seat #2 is the button
Seat 2: 7superpoker ($70.49 in chips)
Seat 6: Noah21 ($73.35 in chips)
7superpoker: posts small blind $1
Noah21: posts big blind $3
*** HOLE CARDS ***
7superpoker: folds
Uncalled bet ($2) returned to Noah21
Noah21 collected $2 from pot
Noah21: doesn't show hand
*** SUMMARY ***
Total pot $2 | Rake $0
Seat 2: 7superpoker (button) (small blind) folded before Flop
Seat 6: Noah21 (big blind) collected ($2)


PokerStars Hand #154224339774:  Hold'em Limit ($3/$6 USD) - 2016/06/03 7:23:56 ET
Table 'Sicilia' 10-max Seat #6 is the button
Seat 2: 7superpoker ($73.49 in chips)
Seat 6: Noah21 ($70.35 in chips)
Noah21: posts small blind $1
7superpoker: posts big blind $3
*** HOLE CARDS ***
Noah21: raises $3 to $6
7superpoker: folds
Uncalled bet ($3) returned to Noah21
Noah21 collected $6 from pot
Noah21: doesn't show hand
*** SUMMARY ***
Total pot $6 | Rake $0
Seat 2: 7superpoker (big blind) folded before Flop
Seat 6: Noah21 (button) (small blind) collected ($6)


PokerStars Hand #154224347522:  Hold'em Limit ($3/$6 USD) - 2016/06/03 7:24:13 ET
Table 'Sicilia' 10-max Seat #6 is the button
Seat 2: 7superpoker ($69.49 in chips)
Seat 6: Noah21 ($74.35 in chips)
Noah21: posts small blind $1
7superpoker: posts big blind $3
*** HOLE CARDS ***
Noah21: folds
Uncalled bet ($2) returned to 7superpoker
7superpoker collected $2 from pot
7superpoker: doesn't show hand
*** SUMMARY ***
Total pot $2 | Rake $0
Seat 2: 7superpoker (big blind) collected ($2)
Seat 6: Noah21 (button) (small blind) folded before Flop


PokerStars Hand #154224349698:  Hold'em Limit ($3/$6 USD) - 2016/06/03 7:24:18 ET
Table 'Sicilia' 10-max Seat #2 is the button
Seat 2: 7superpoker ($70.49 in chips)
Seat 6: Noah21 ($73.35 in chips)
7superpoker: posts small blind $1
Noah21: posts big blind $3
*** HOLE CARDS ***
7superpoker: folds
Uncalled bet ($2) returned to Noah21
Noah21 collected $2 from pot
Noah21: doesn't show hand
*** SUMMARY ***
Total pot $2 | Rake $0
Seat 2: 7superpoker (button) (small blind) folded before Flop
Seat 6: Noah21 (big blind) collected ($2)


PokerStars Hand #154224355554:  Hold'em Limit ($3/$6 USD) - 2016/06/03 7:24:32 ET
Table 'Sicilia' 10-max Seat #6 is the button
Seat 2: 7superpoker ($69.49 in chips)
Seat 6: Noah21 ($74.35 in chips)
Noah21: posts small blind $1
7superpoker: posts big blind $3
*** HOLE CARDS ***
Noah21: raises $3 to $6
7superpoker: folds
Uncalled bet ($3) returned to Noah21
Noah21 collected $6 from pot
Noah21: doesn't show hand
*** SUMMARY ***
Total pot $6 | Rake $0
Seat 2: 7superpoker (big blind) folded before Flop
Seat 6: Noah21 (button) (small blind) collected ($6)


PokerStars Hand #154224382558:  Hold'em Limit ($3/$6 USD) - 2016/06/03 7:25:33 ET
Table 'Sicilia' 10-max Seat #6 is the button
Seat 2: 7superpoker ($91.75 in chips)
Seat 6: Noah21 ($51.35 in chips)
Noah21: posts small blind $1
7superpoker: posts big blind $3
*** HOLE CARDS ***
Noah21: folds
Uncalled bet ($2) returned to 7superpoker
7superpoker collected $2 from pot
7superpoker: doesn't show hand
*** SUMMARY ***
Total pot $2 | Rake $0
Seat 2: 7superpoker (big blind) collected ($2)
Seat 6: Noah21 (button) (small blind) folded before Flop


PokerStars Hand #154224371445:  Hold'em Limit ($3/$6 USD) - 2016/06/03 7:25:08 ET
Table 'Sicilia' 10-max Seat #2 is the button
Seat 2: 7superpoker ($65.25 in chips)
Seat 6: Noah21 ($78.35 in chips)
7superpoker: posts small blind $1
Noah21: posts big blind $3
*** HOLE CARDS ***
7superpoker: raises $3 to $6
Noah21: calls $3
*** FLOP *** [8c Qd Jc]
Noah21: checks
7superpoker: bets $3
Noah21: calls $3
*** TURN *** [8c Qd Jc] [4c]
Noah21: checks
7superpoker: bets $6
Noah21: calls $6
*** RIVER *** [8c Qd Jc 4c] [Tc]
Noah21: bets $6
7superpoker: raises $6 to $12
Noah21: calls $6
*** SHOW DOWN ***
7superpoker: shows [5d Kc] (a flush, King high)
Noah21: mucks hand
7superpoker collected $53.50 from pot
*** SUMMARY ***
Total pot $54 | Rake $0.50
Board [8c Qd Jc 4c Tc]
Seat 2: 7superpoker (button) (small blind) showed [5d Kc] and won ($53.50) with a flush, King high
Seat 6: Noah21 (big blind) mucked


PokerStars Hand #154224368804:  Hold'em Limit ($3/$6 USD) - 2016/06/03 7:25:02 ET
Table 'Sicilia' 10-max Seat #6 is the button
Seat 2: 7superpoker ($68.25 in chips)
Seat 6: Noah21 ($75.35 in chips)
Noah21: posts small blind $1
7superpoker: posts big blind $3
*** HOLE CARDS ***
Noah21: raises $3 to $6
7superpoker: folds
Uncalled bet ($3) returned to Noah21
Noah21 collected $6 from pot
Noah21: doesn't show hand
*** SUMMARY ***
Total pot $6 | Rake $0
Seat 2: 7superpoker (big blind) folded before Flop
Seat 6: Noah21 (button) (small blind) collected ($6)


PokerStars Hand #154224366724:  Hold'em Limit ($3/$6 USD) - 2016/06/03 7:24:57 ET
Table 'Sicilia' 10-max Seat #2 is the button
Seat 2: 7superpoker ($69.25 in chips)
Seat 6: Noah21 ($74.35 in chips)
7superpoker: posts small blind $1
Noah21: posts big blind $3
*** HOLE CARDS ***
7superpoker: folds
Uncalled bet ($2) returned to Noah21
Noah21 collected $2 from pot
Noah21: doesn't show hand
*** SUMMARY ***
Total pot $2 | Rake $0
Seat 2: 7superpoker (button) (small blind) folded before Flop
Seat 6: Noah21 (big blind) collected ($2)


PokerStars Hand #154224364194:  Hold'em Limit ($3/$6 USD) - 2016/06/03 7:24:51 ET
Table 'Sicilia' 10-max Seat #6 is the button
Seat 2: 7superpoker ($72.25 in chips)
Seat 6: Noah21 ($71.35 in chips)
Noah21: posts small blind $1
7superpoker: posts big blind $3
*** HOLE CARDS ***
Noah21: raises $3 to $6
7superpoker: folds
Uncalled bet ($3) returned to Noah21
Noah21 collected $6 from pot
Noah21: doesn't show hand
*** SUMMARY ***
Total pot $6 | Rake $0
Seat 2: 7superpoker (big blind) folded before Flop
Seat 6: Noah21 (button) (small blind) collected ($6)


PokerStars Hand #154224358463:  Hold'em Limit ($3/$6 USD) - 2016/06/03 7:24:38 ET
Table 'Sicilia' 10-max Seat #2 is the button
Seat 2: 7superpoker ($66.49 in chips)
Seat 6: Noah21 ($77.35 in chips)
7superpoker: posts small blind $1
Noah21: posts big blind $3
*** HOLE CARDS ***
7superpoker: raises $3 to $6
Noah21: calls $3
*** FLOP *** [8d 5s 7s]
Noah21: checks
7superpoker: bets $3
Noah21: folds
Uncalled bet ($3) returned to 7superpoker
7superpoker collected $11.76 from pot
7superpoker: doesn't show hand
*** SUMMARY ***
Total pot $12 | Rake $0.24
Board [8d 5s 7s]
Seat 2: 7superpoker (button) (small blind) collected ($11.76)
Seat 6: Noah21 (big blind) folded on the Flop


PokerStars Hand #154224409913:  Hold'em Limit ($3/$6 USD) - 2016/06/03 7:26:35 ET
Table 'Sicilia' 10-max Seat #2 is the button
Seat 2: 7superpoker ($80.51 in chips)
Seat 6: Noah21 ($61.75 in chips)
7superpoker: posts small blind $1
Noah21: posts big blind $3
*** HOLE CARDS ***
7superpoker: folds
Uncalled bet ($2) returned to Noah21
Noah21 collected $2 from pot
Noah21: doesn't show hand
*** SUMMARY ***
Total pot $2 | Rake $0
Seat 2: 7superpoker (button) (small blind) folded before Flop
Seat 6: Noah21 (big blind) collected ($2)


PokerStars Hand #154224403815:  Hold'em Limit ($3/$6 USD) - 2016/06/03 7:26:21 ET
Table 'Sicilia' 10-max Seat #6 is the button
Seat 2: 7superpoker ($86.51 in chips)
Seat 6: Noah21 ($55.99 in chips)
Noah21: posts small blind $1
7superpoker: posts big blind $3
*** HOLE CARDS ***
Noah21: raises $3 to $6
7superpoker: calls $3
*** FLOP *** [3s Js 9s]
7superpoker: checks
Noah21: bets $3
7superpoker: folds
Uncalled bet ($3) returned to Noah21
Noah21 collected $11.76 from pot
Noah21: doesn't show hand
*** SUMMARY ***
Total pot $12 | Rake $0.24
Board [3s Js 9s]
Seat 2: 7superpoker (big blind) folded on the Flop
Seat 6: Noah21 (button) (small blind) collected ($11.76)


PokerStars Hand #154224401571:  Hold'em Limit ($3/$6 USD) - 2016/06/03 7:26:16 ET
Table 'Sicilia' 10-max Seat #2 is the button
Seat 2: 7superpoker ($87.51 in chips)
Seat 6: Noah21 ($54.99 in chips)
7superpoker: posts small blind $1
Noah21: posts big blind $3
*** HOLE CARDS ***
7superpoker: folds
Uncalled bet ($2) returned to Noah21
Noah21 collected $2 from pot
*** SUMMARY ***
Total pot $2 | Rake $0
Seat 2: 7superpoker (button) (small blind) folded before Flop
Seat 6: Noah21 (big blind) collected ($2)


PokerStars Hand #154224397903:  Hold'em Limit ($3/$6 USD) - 2016/06/03 7:26:08 ET
Table 'Sicilia' 10-max Seat #6 is the button
Seat 2: 7superpoker ($90.51 in chips)
Seat 6: Noah21 ($51.99 in chips)
Noah21: posts small blind $1
7superpoker: posts big blind $3
*** HOLE CARDS ***
Noah21: raises $3 to $6
7superpoker: folds
Uncalled bet ($3) returned to Noah21
Noah21 collected $6 from pot
Noah21: doesn't show hand
*** SUMMARY ***
Total pot $6 | Rake $0
Seat 2: 7superpoker (big blind) folded before Flop
Seat 6: Noah21 (button) (small blind) collected ($6)


PokerStars Hand #154224391591:  Hold'em Limit ($3/$6 USD) - 2016/06/03 7:25:53 ET
Table 'Sicilia' 10-max Seat #2 is the button
Seat 2: 7superpoker ($84.75 in chips)
Seat 6: Noah21 ($57.99 in chips)
7superpoker: posts small blind $1
Noah21: posts big blind $3
*** HOLE CARDS ***
7superpoker: raises $3 to $6
Noah21: calls $3
*** FLOP *** [7c 6d 6h]
Noah21: checks
7superpoker: bets $3
Noah21: folds
Uncalled bet ($3) returned to 7superpoker
7superpoker collected $11.76 from pot
7superpoker: doesn't show hand
*** SUMMARY ***
Total pot $12 | Rake $0.24
Board [7c 6d 6h]
Seat 2: 7superpoker (button) (small blind) collected ($11.76)
Seat 6: Noah21 (big blind) folded on the Flop


PokerStars Hand #154224389211:  Hold'em Limit ($3/$6 USD) - 2016/06/03 7:25:48 ET
Table 'Sicilia' 10-max Seat #6 is the button
Seat 2: 7superpoker ($83.75 in chips)
Seat 6: Noah21 ($58.99 in chips)
Noah21: posts small blind $1
7superpoker: posts big blind $3
*** HOLE CARDS ***
Noah21: folds
Uncalled bet ($2) returned to 7superpoker
7superpoker collected $2 from pot
7superpoker: doesn't show hand
*** SUMMARY ***
Total pot $2 | Rake $0
Seat 2: 7superpoker (big blind) collected ($2)
Seat 6: Noah21 (button) (small blind) folded before Flop


PokerStars Hand #154224384641:  Hold'em Limit ($3/$6 USD) - 2016/06/03 7:25:38 ET
Table 'Sicilia' 10-max Seat #2 is the button
Seat 2: 7superpoker ($92.75 in chips)
Seat 6: Noah21 ($50.35 in chips)
7superpoker: posts small blind $1
Noah21: posts big blind $3
*** HOLE CARDS ***
7superpoker: raises $3 to $6
Noah21: raises $3 to $9
7superpoker: calls $3
*** FLOP *** [8s Ad Ts]
Noah21: bets $3
7superpoker: folds
Uncalled bet ($3) returned to Noah21
Noah21 collected $17.64 from pot
Noah21: doesn't show hand
*** SUMMARY ***
Total pot $18 | Rake $0.36
Board [8s Ad Ts]
Seat 2: 7superpoker (button) (small blind) folded on the Flop
Seat 6: Noah21 (big blind) collected ($17.64)


PokerStars Hand #154224423972:  Hold'em Limit ($3/$6 USD) - 2016/06/03 7:27:06 ET
Table 'Sicilia' 10-max Seat #6 is the button
Seat 2: 7superpoker ($87.15 in chips)
Seat 6: Noah21 ($54.75 in chips)
Noah21: posts small blind $1
7superpoker: posts big blind $3
*** HOLE CARDS ***
Noah21: raises $3 to $6
7superpoker: raises $3 to $9
Noah21: calls $3
*** FLOP *** [6s 3h 5d]
7superpoker: bets $3
Noah21: raises $3 to $6
7superpoker: calls $3
*** TURN *** [6s 3h 5d] [6h]
7superpoker: checks
Noah21: bets $6
7superpoker: calls $6
*** RIVER *** [6s 3h 5d 6h] [3s]
7superpoker: checks
Noah21: bets $6
7superpoker: calls $6
*** SHOW DOWN ***
Noah21: shows [5s 4s] (two pair, Sixes and Fives)
7superpoker: mucks hand
Noah21 collected $53.50 from pot
*** SUMMARY ***
Total pot $54 | Rake $0.50
Board [6s 3h 5d 6h 3s]
Seat 2: 7superpoker (big blind) mucked
Seat 6: Noah21 (button) (small blind) showed [5s 4s] and won ($53.50) with two pair, Sixes and Fives


PokerStars Hand #154224421467:  Hold'em Limit ($3/$6 USD) - 2016/06/03 7:27:01 ET
Table 'Sicilia' 10-max Seat #2 is the button
Seat 2: 7superpoker ($88.15 in chips)
Seat 6: Noah21 ($53.75 in chips)
7superpoker: posts small blind $1
Noah21: posts big blind $3
*** HOLE CARDS ***
7superpoker: folds
Uncalled bet ($2) returned to Noah21
Noah21 collected $2 from pot
Noah21: doesn't show hand
*** SUMMARY ***
Total pot $2 | Rake $0
Seat 2: 7superpoker (button) (small blind) folded before Flop
Seat 6: Noah21 (big blind) collected ($2)


PokerStars Hand #154224412311:  Hold'em Limit ($3/$6 USD) - 2016/06/03 7:26:40 ET
Table 'Sicilia' 10-max Seat #6 is the button
Seat 2: 7superpoker ($79.51 in chips)
Seat 6: Noah21 ($62.75 in chips)
Noah21: posts small blind $1
7superpoker: posts big blind $3
*** HOLE CARDS ***
Noah21: raises $3 to $6
7superpoker: calls $3
*** FLOP *** [Ks 4c 7d]
7superpoker: checks
Noah21: bets $3
7superpoker: calls $3
*** TURN *** [Ks 4c 7d] [8h]
7superpoker: checks
Noah21: checks
*** RIVER *** [Ks 4c 7d 8h] [4s]
7superpoker: bets $6
Noah21: folds
Uncalled bet ($6) returned to 7superpoker
7superpoker collected $17.64 from pot
7superpoker: doesn't show hand
*** SUMMARY ***
Total pot $18 | Rake $0.36
Board [Ks 4c 7d 8h 4s]
Seat 2: 7superpoker (big blind) collected ($17.64)
Seat 6: Noah21 (button) (small blind) folded on the River


PokerStars Hand #154224436653:  Hold'em Limit ($3/$6 USD) - 2016/06/03 7:27:35 ET
Table 'Sicilia' 10-max Seat #2 is the button
Seat 2: 7superpoker ($60.15 in chips)
Seat 6: Noah21 ($81.25 in chips)
7superpoker: posts small blind $1
Noah21: posts big blind $3
*** HOLE CARDS ***
7superpoker: raises $3 to $6
Noah21: folds
Uncalled bet ($3) returned to 7superpoker
7superpoker collected $6 from pot
7superpoker: doesn't show hand
*** SUMMARY ***
Total pot $6 | Rake $0
Seat 2: 7superpoker (button) (small blind) collected ($6)
Seat 6: Noah21 (big blind) folded before Flop


PokerStars Hand #154224448194:  Hold'em Limit ($3/$6 USD) - 2016/06/03 7:28:00 ET
Table 'Sicilia' 10-max Seat #6 is the button
Seat 2: 7superpoker ($60.15 in chips)
Seat 6: Noah21 ($81.01 in chips)
Noah21: posts small blind $1
7superpoker: posts big blind $3
*** HOLE CARDS ***
Noah21: raises $3 to $6
7superpoker: raises $3 to $9
Noah21: calls $3
*** FLOP *** [Kd 2h 2c]
7superpoker: bets $3
Noah21: calls $3
*** TURN *** [Kd 2h 2c] [2s]
7superpoker: bets $6
Noah21: calls $6
*** RIVER *** [Kd 2h 2c 2s] [7d]
7superpoker: bets $6
Noah21: calls $6
*** SHOW DOWN ***
7superpoker: shows [8s 8c] (a full house, Deuces full of Eights)
Noah21: mucks hand
7superpoker collected $47.50 from pot
*** SUMMARY ***
Total pot $48 | Rake $0.50
Board [Kd 2h 2c 2s 7d]
Seat 2: 7superpoker (big blind) showed [8s 8c] and won ($47.50) with a full house, Deuces full of Eights
Seat 6: Noah21 (button) (small blind) mucked


PokerStars Hand #154224444915:  Hold'em Limit ($3/$6 USD) - 2016/06/03 7:27:53 ET
Table 'Sicilia' 10-max Seat #2 is the button
Seat 2: 7superpoker ($57.15 in chips)
Seat 6: Noah21 ($84.01 in chips)
7superpoker: posts small blind $1
Noah21: posts big blind $3
*** HOLE CARDS ***
7superpoker: raises $3 to $6
Noah21: folds
Uncalled bet ($3) returned to 7superpoker
7superpoker collected $6 from pot
7superpoker: doesn't show hand
*** SUMMARY ***
Total pot $6 | Rake $0
Seat 2: 7superpoker (button) (small blind) collected ($6)
Seat 6: Noah21 (big blind) folded before Flop


PokerStars Hand #154224439051:  Hold'em Limit ($3/$6 USD) - 2016/06/03 7:27:40 ET
Table 'Sicilia' 10-max Seat #6 is the button
Seat 2: 7superpoker ($63.15 in chips)
Seat 6: Noah21 ($78.25 in chips)
Noah21: posts small blind $1
7superpoker: posts big blind $3
*** HOLE CARDS ***
Noah21: raises $3 to $6
7superpoker: calls $3
*** FLOP *** [As 3c Qh]
7superpoker: checks
Noah21: bets $3
7superpoker: folds
Uncalled bet ($3) returned to Noah21
Noah21 collected $11.76 from pot
Noah21: doesn't show hand
*** SUMMARY ***
Total pot $12 | Rake $0.24
Board [As 3c Qh]
Seat 2: 7superpoker (big blind) folded on the Flop
Seat 6: Noah21 (button) (small blind) collected ($11.76)


PokerStars Hand #154224486659:  Hold'em Limit ($3/$6 USD) - 2016/06/03 7:29:26 ET
Table 'Sicilia' 10-max Seat #2 is the button
Seat 2: 7superpoker ($93.29 in chips)
Seat 6: Noah21 ($47.01 in chips)
7superpoker: posts small blind $1
Noah21: posts big blind $3
*** HOLE CARDS ***
7superpoker: raises $3 to $6
Noah21: folds
Uncalled bet ($3) returned to 7superpoker
7superpoker collected $6 from pot
7superpoker: doesn't show hand
*** SUMMARY ***
Total pot $6 | Rake $0
Seat 2: 7superpoker (button) (small blind) collected ($6)
Seat 6: Noah21 (big blind) folded before Flop


PokerStars Hand #154224483791:  Hold'em Limit ($3/$6 USD) - 2016/06/03 7:29:20 ET
Table 'Sicilia' 10-max Seat #6 is the button
Seat 2: 7superpoker ($92.29 in chips)
Seat 6: Noah21 ($48.01 in chips)
Noah21: posts small blind $1
7superpoker: posts big blind $3
*** HOLE CARDS ***
Noah21: folds
Uncalled bet ($2) returned to 7superpoker
7superpoker collected $2 from pot
7superpoker: doesn't show hand
*** SUMMARY ***
Total pot $2 | Rake $0
Seat 2: 7superpoker (big blind) collected ($2)
Seat 6: Noah21 (button) (small blind) folded before Flop


PokerStars Hand #154224481531:  Hold'em Limit ($3/$6 USD) - 2016/06/03 7:29:15 ET
Table 'Sicilia' 10-max Seat #2 is the button
Seat 2: 7superpoker ($93.29 in chips)
Seat 6: Noah21 ($47.01 in chips)
7superpoker: posts small blind $1
Noah21: posts big blind $3
*** HOLE CARDS ***
7superpoker: folds
Uncalled bet ($2) returned to Noah21
Noah21 collected $2 from pot
Noah21: doesn't show hand
*** SUMMARY ***
Total pot $2 | Rake $0
Seat 2: 7superpoker (button) (small blind) folded before Flop
Seat 6: Noah21 (big blind) collected ($2)


PokerStars Hand #154224477169:  Hold'em Limit ($3/$6 USD) - 2016/06/03 7:29:05 ET
Table 'Sicilia' 10-max Seat #6 is the button
Seat 2: 7superpoker ($92.29 in chips)
Seat 6: Noah21 ($48.01 in chips)
Noah21: posts small blind $1
7superpoker: posts big blind $3
*** HOLE CARDS ***
Noah21: folds
Uncalled bet ($2) returned to 7superpoker
7superpoker collected $2 from pot
7superpoker: doesn't show hand
*** SUMMARY ***
Total pot $2 | Rake $0
Seat 2: 7superpoker (big blind) collected ($2)
Seat 6: Noah21 (button) (small blind) folded before Flop


PokerStars Hand #154224460807:  Hold'em Limit ($3/$6 USD) - 2016/06/03 7:28:28 ET
Table 'Sicilia' 10-max Seat #2 is the button
Seat 2: 7superpoker ($83.65 in chips)
Seat 6: Noah21 ($57.01 in chips)
7superpoker: posts small blind $1
Noah21: posts big blind $3
*** HOLE CARDS ***
7superpoker: raises $3 to $6
Noah21: calls $3
*** FLOP *** [7h Tc Js]
Noah21: checks
7superpoker: bets $3
Noah21: calls $3
*** TURN *** [7h Tc Js] [9c]
Noah21: checks
7superpoker: bets $6
Noah21: folds
Uncalled bet ($6) returned to 7superpoker
7superpoker collected $17.64 from pot
7superpoker: doesn't show hand
*** SUMMARY ***
Total pot $18 | Rake $0.36
Board [7h Tc Js 9c]
Seat 2: 7superpoker (button) (small blind) collected ($17.64)
Seat 6: Noah21 (big blind) folded on the Turn


PokerStars Hand #154224498293:  Hold'em Limit ($3/$6 USD) - 2016/06/03 7:29:53 ET
Table 'Sicilia' 10-max Seat #2 is the button
Seat 2: 7superpoker ($113.79 in chips)
Seat 6: Noah21 ($26.01 in chips)
7superpoker: posts small blind $1
Noah21: posts big blind $3
*** HOLE CARDS ***
7superpoker: folds
Uncalled bet ($2) returned to Noah21
Noah21 collected $2 from pot
Noah21: doesn't show hand
*** SUMMARY ***
Total pot $2 | Rake $0
Seat 2: 7superpoker (button) (small blind) folded before Flop
Seat 6: Noah21 (big blind) collected ($2)


PokerStars Hand #154224489074:  Hold'em Limit ($3/$6 USD) - 2016/06/03 7:29:32 ET
Table 'Sicilia' 10-max Seat #6 is the button
Seat 2: 7superpoker ($96.29 in chips)
Seat 6: Noah21 ($44.01 in chips)
Noah21: posts small blind $1
7superpoker: posts big blind $3
*** HOLE CARDS ***
Noah21: raises $3 to $6
7superpoker: raises $3 to $9
Noah21: calls $3
*** FLOP *** [4d Td Th]
7superpoker: bets $3
Noah21: calls $3
*** TURN *** [4d Td Th] [3d]
7superpoker: bets $6
Noah21: calls $6
*** RIVER *** [4d Td Th 3d] [Ac]
7superpoker: checks
Noah21: checks
*** SHOW DOWN ***
7superpoker: shows [Jh Kc] (a pair of Tens)
Noah21: mucks hand
7superpoker collected $35.50 from pot
*** SUMMARY ***
Total pot $36 | Rake $0.50
Board [4d Td Th 3d Ac]
Seat 2: 7superpoker (big blind) showed [Jh Kc] and won ($35.50) with a pair of Tens
Seat 6: Noah21 (button) (small blind) mucked


PokerStars Hand #154224502085:  Hold'em Limit ($3/$6 USD) - 2016/06/03 7:30:01 ET
Table 'Sicilia' 10-max Seat #6 is the button
Seat 2: 7superpoker ($112.79 in chips)
Seat 6: Noah21 ($27.01 in chips)
Noah21: posts small blind $1
7superpoker: posts big blind $3
*** HOLE CARDS ***
Noah21: raises $3 to $6
7superpoker: folds
Uncalled bet ($3) returned to Noah21
Noah21 collected $6 from pot
Noah21: doesn't show hand
*** SUMMARY ***
Total pot $6 | Rake $0
Seat 2: 7superpoker (big blind) folded before Flop
Seat 6: Noah21 (button) (small blind) collected ($6)


PokerStars Hand #154224506035:  Hold'em Limit ($3/$6 USD) - 2016/06/03 7:30:08 ET
Table 'Sicilia' 10-max Seat #2 is the button
Seat 2: 7superpoker ($109.79 in chips)
Seat 6: Noah21 ($30.01 in chips)
7superpoker: posts small blind $1
Noah21: posts big blind $3
*** HOLE CARDS ***
7superpoker: raises $3 to $6
Noah21: calls $3
*** FLOP *** [3h Ks 4s]
Noah21: checks
7superpoker: bets $3
Noah21: calls $3
*** TURN *** [3h Ks 4s] [5h]
Noah21: checks
7superpoker: checks
*** RIVER *** [3h Ks 4s 5h] [4c]
Noah21: checks
7superpoker: checks
*** SHOW DOWN ***
Noah21: shows [Qd Js] (a pair of Fours)
7superpoker: mucks hand
Noah21 collected $17.64 from pot
*** SUMMARY ***
Total pot $18 | Rake $0.36
Board [3h Ks 4s 5h 4c]
Seat 2: 7superpoker (button) (small blind) mucked
Seat 6: Noah21 (big blind) showed [Qd Js] and won ($17.64) with a pair of Fours


PokerStars Hand #154224538660:  Hold'em Limit ($3/$6 USD) - 2016/06/03 7:31:18 ET
Table 'Sicilia' 10-max Seat #6 is the button
Seat 2: 7superpoker ($97.79 in chips)
Seat 6: Noah21 ($41.41 in chips)
Noah21: posts small blind $1
7superpoker: posts big blind $3
*** HOLE CARDS ***
Noah21: folds
Uncalled bet ($2) returned to 7superpoker
7superpoker collected $2 from pot
7superpoker: doesn't show hand
*** SUMMARY ***
Total pot $2 | Rake $0
Seat 2: 7superpoker (big blind) collected ($2)
Seat 6: Noah21 (button) (small blind) folded before Flop


PokerStars Hand #154224536303:  Hold'em Limit ($3/$6 USD) - 2016/06/03 7:31:13 ET
Table 'Sicilia' 10-max Seat #2 is the button
Seat 2: 7superpoker ($98.79 in chips)
Seat 6: Noah21 ($40.41 in chips)
7superpoker: posts small blind $1
Noah21: posts big blind $3
*** HOLE CARDS ***
7superpoker: folds
Uncalled bet ($2) returned to Noah21
Noah21 collected $2 from pot
Noah21: doesn't show hand
*** SUMMARY ***
Total pot $2 | Rake $0
Seat 2: 7superpoker (button) (small blind) folded before Flop
Seat 6: Noah21 (big blind) collected ($2)


PokerStars Hand #154224534051:  Hold'em Limit ($3/$6 USD) - 2016/06/03 7:31:08 ET
Table 'Sicilia' 10-max Seat #6 is the button
Seat 2: 7superpoker ($97.79 in chips)
Seat 6: Noah21 ($41.41 in chips)
Noah21: posts small blind $1
7superpoker: posts big blind $3
*** HOLE CARDS ***
Noah21: folds
Uncalled bet ($2) returned to 7superpoker
7superpoker collected $2 from pot
7superpoker: doesn't show hand
*** SUMMARY ***
Total pot $2 | Rake $0
Seat 2: 7superpoker (big blind) collected ($2)
Seat 6: Noah21 (button) (small blind) folded before Flop


PokerStars Hand #154224530912:  Hold'em Limit ($3/$6 USD) - 2016/06/03 7:31:01 ET
Table 'Sicilia' 10-max Seat #2 is the button
Seat 2: 7superpoker ($94.79 in chips)
Seat 6: Noah21 ($44.41 in chips)
7superpoker: posts small blind $1
Noah21: posts big blind $3
*** HOLE CARDS ***
7superpoker: raises $3 to $6
Noah21: folds
Uncalled bet ($3) returned to 7superpoker
7superpoker collected $6 from pot
7superpoker: doesn't show hand
*** SUMMARY ***
Total pot $6 | Rake $0
Seat 2: 7superpoker (button) (small blind) collected ($6)
Seat 6: Noah21 (big blind) folded before Flop


PokerStars Hand #154224514762:  Hold'em Limit ($3/$6 USD) - 2016/06/03 7:30:27 ET
Table 'Sicilia' 10-max Seat #6 is the button
Seat 2: 7superpoker ($100.79 in chips)
Seat 6: Noah21 ($38.65 in chips)
Noah21: posts small blind $1
7superpoker: posts big blind $3
*** HOLE CARDS ***
Noah21: raises $3 to $6
7superpoker: calls $3
*** FLOP *** [Js Tc As]
7superpoker: checks
Noah21: bets $3
7superpoker: folds
Uncalled bet ($3) returned to Noah21
Noah21 collected $11.76 from pot
Noah21: doesn't show hand
*** SUMMARY ***
Total pot $12 | Rake $0.24
Board [Js Tc As]
Seat 2: 7superpoker (big blind) folded on the Flop
Seat 6: Noah21 (button) (small blind) collected ($11.76)


PokerStars Hand #154224541514:  Hold'em Limit ($3/$6 USD) - 2016/06/03 7:31:24 ET
Table 'Sicilia' 10-max Seat #2 is the button
Seat 2: 7superpoker ($98.79 in chips)
Seat 6: Noah21 ($40.41 in chips)
7superpoker: posts small blind $1
Noah21: posts big blind $3
*** HOLE CARDS ***
7superpoker: raises $3 to $6
Noah21: calls $3
*** FLOP *** [7h 2h 6d]
Noah21: checks
7superpoker: bets $3
Noah21: raises $3 to $6
7superpoker: calls $3
*** TURN *** [7h 2h 6d] [Ah]
Noah21: checks
7superpoker: checks
*** RIVER *** [7h 2h 6d Ah] [Qc]
Noah21: checks
7superpoker: checks
*** SHOW DOWN ***
Noah21: shows [Tc 6c] (a pair of Sixes)
7superpoker: shows [5s 7d] (a pair of Sevens)
7superpoker collected $23.52 from pot
*** SUMMARY ***
Total pot $24 | Rake $0.48
Board [7h 2h 6d Ah Qc]
Seat 2: 7superpoker (button) (small blind) showed [5s 7d] and won ($23.52) with a pair of Sevens
Seat 6: Noah21 (big blind) showed [Tc 6c] and lost with a pair of Sixes


PokerStars Hand #154224563972:  Hold'em Limit ($3/$6 USD) - 2016/06/03 7:32:12 ET
Table 'Sicilia' 10-max Seat #2 is the button
Seat 2: 7superpoker ($127.81 in chips)
Seat 6: Noah21 ($10.41 in chips)
7superpoker: posts small blind $1
Noah21: posts big blind $3
*** HOLE CARDS ***
7superpoker: raises $3 to $6
Noah21: raises $3 to $9
7superpoker: calls $3
*** FLOP *** [Kc 2d 5c]
Noah21: checks
7superpoker: bets $3
Noah21: calls $1.41 and is all-in
Uncalled bet ($1.59) returned to 7superpoker
*** TURN *** [Kc 2d 5c] [Kh]
*** RIVER *** [Kc 2d 5c Kh] [Ks]
*** SHOW DOWN ***
Noah21: shows [8c Js] (three of a kind, Kings)
7superpoker: shows [Ah 6c] (three of a kind, Kings - Ace kicker)
7superpoker collected $20.40 from pot
*** SUMMARY ***
Total pot $20.82 | Rake $0.42
Board [Kc 2d 5c Kh Ks]
Seat 2: 7superpoker (button) (small blind) showed [Ah 6c] and won ($20.40) with three of a kind, Kings
Seat 6: Noah21 (big blind) showed [8c Js] and lost with three of a kind, Kings


PokerStars Hand #154224554034:  Hold'em Limit ($3/$6 USD) - 2016/06/03 7:31:51 ET
Table 'Sicilia' 10-max Seat #6 is the button
Seat 2: 7superpoker ($110.31 in chips)
Seat 6: Noah21 ($28.41 in chips)
Noah21: posts small blind $1
7superpoker: posts big blind $3
*** HOLE CARDS ***
Noah21: raises $3 to $6
7superpoker: calls $3
*** FLOP *** [Qs 6c Ts]
7superpoker: bets $3
Noah21: raises $3 to $6
7superpoker: calls $3
*** TURN *** [Qs 6c Ts] [8c]
7superpoker: checks
Noah21: checks
*** RIVER *** [Qs 6c Ts 8c] [Qc]
7superpoker: bets $6
Noah21: calls $6
*** SHOW DOWN ***
7superpoker: shows [Td 9c] (two pair, Queens and Tens)
Noah21: mucks hand
7superpoker collected $35.50 from pot
*** SUMMARY ***
Total pot $36 | Rake $0.50
Board [Qs 6c Ts 8c Qc]
Seat 2: 7superpoker (big blind) showed [Td 9c] and won ($35.50) with two pair, Queens and Tens
Seat 6: Noah21 (button) (small blind) mucked


PokerStars Hand #154224631820:  Hold'em Limit ($3/$6 USD) - 2016/06/03 7:34:35 ET
Table 'Sicilia' 10-max Seat #6 is the button
Seat 2: 7superpoker ($127.44 in chips)
Seat 6: Noah21 ($129.50 in chips)
Noah21: posts small blind $1
7superpoker: posts big blind $3
*** HOLE CARDS ***
Noah21: raises $3 to $6
7superpoker: calls $3
*** FLOP *** [4c As Js]
7superpoker: checks
Noah21: bets $3
7superpoker: folds
Uncalled bet ($3) returned to Noah21
Noah21 collected $11.76 from pot
Noah21: doesn't show hand
*** SUMMARY ***
Total pot $12 | Rake $0.24
Board [4c As Js]
Seat 2: 7superpoker (big blind) folded on the Flop
Seat 6: Noah21 (button) (small blind) collected ($11.76)


PokerStars Hand #154224628764:  Hold'em Limit ($3/$6 USD) - 2016/06/03 7:34:28 ET
Table 'Sicilia' 10-max Seat #2 is the button
Seat 2: 7superpoker ($124.44 in chips)
Seat 6: Noah21 ($132.50 in chips)
7superpoker: posts small blind $1
Noah21: posts big blind $3
*** HOLE CARDS ***
7superpoker: raises $3 to $6
Noah21: folds
Uncalled bet ($3) returned to 7superpoker
7superpoker collected $6 from pot
7superpoker: doesn't show hand
*** SUMMARY ***
Total pot $6 | Rake $0
Seat 2: 7superpoker (button) (small blind) collected ($6)
Seat 6: Noah21 (big blind) folded before Flop


PokerStars Hand #154224623392:  Hold'em Limit ($3/$6 USD) - 2016/06/03 7:34:17 ET
Table 'Sicilia' 10-max Seat #6 is the button
Seat 2: 7superpoker ($115.80 in chips)
Seat 6: Noah21 ($141.50 in chips)
Noah21: posts small blind $1
7superpoker: posts big blind $3
*** HOLE CARDS ***
Noah21: raises $3 to $6
7superpoker: raises $3 to $9
Noah21: calls $3
*** FLOP *** [8c As 2d]
7superpoker: bets $3
Noah21: folds
Uncalled bet ($3) returned to 7superpoker
7superpoker collected $17.64 from pot
7superpoker: doesn't show hand
*** SUMMARY ***
Total pot $18 | Rake $0.36
Board [8c As 2d]
Seat 2: 7superpoker (big blind) collected ($17.64)
Seat 6: Noah21 (button) (small blind) folded on the Flop


PokerStars Hand #154224620425:  Hold'em Limit ($3/$6 USD) - 2016/06/03 7:34:10 ET
Table 'Sicilia' 10-max Seat #2 is the button
Seat 2: 7superpoker ($116.80 in chips)
Seat 6: Noah21 ($140.50 in chips)
7superpoker: posts small blind $1
Noah21: posts big blind $3
*** HOLE CARDS ***
7superpoker: folds
Uncalled bet ($2) returned to Noah21
Noah21 collected $2 from pot
Noah21: doesn't show hand
*** SUMMARY ***
Total pot $2 | Rake $0
Seat 2: 7superpoker (button) (small blind) folded before Flop
Seat 6: Noah21 (big blind) collected ($2)


PokerStars Hand #154224610756:  Hold'em Limit ($3/$6 USD) - 2016/06/03 7:33:50 ET
Table 'Sicilia' 10-max Seat #6 is the button
Seat 2: 7superpoker ($137.80 in chips)
Seat 6: Noah21 ($120 in chips)
Noah21: posts small blind $1
7superpoker: posts big blind $3
*** HOLE CARDS ***
Noah21: raises $3 to $6
7superpoker: calls $3
*** FLOP *** [Ks 9d 4d]
7superpoker: checks
Noah21: bets $3
7superpoker: calls $3
*** TURN *** [Ks 9d 4d] [3c]
7superpoker: checks
Noah21: bets $6
7superpoker: calls $6
*** RIVER *** [Ks 9d 4d 3c] [9c]
7superpoker: checks
Noah21: bets $6
7superpoker: calls $6
*** SHOW DOWN ***
Noah21: shows [7c Kd] (two pair, Kings and Nines)
7superpoker: mucks hand
Noah21 collected $41.50 from pot
*** SUMMARY ***
Total pot $42 | Rake $0.50
Board [Ks 9d 4d 3c 9c]
Seat 2: 7superpoker (big blind) mucked
Seat 6: Noah21 (button) (small blind) showed [7c Kd] and won ($41.50) with two pair, Kings and Nines


PokerStars Hand #154224636922:  Hold'em Limit ($3/$6 USD) - 2016/06/03 7:34:46 ET
Table 'Sicilia' 10-max Seat #2 is the button
Seat 2: 7superpoker ($121.44 in chips)
Seat 6: Noah21 ($135.26 in chips)
7superpoker: posts small blind $1
Noah21: posts big blind $3
*** HOLE CARDS ***
7superpoker: folds
Uncalled bet ($2) returned to Noah21
Noah21 collected $2 from pot
Noah21: doesn't show hand
*** SUMMARY ***
Total pot $2 | Rake $0
Seat 2: 7superpoker (button) (small blind) folded before Flop
Seat 6: Noah21 (big blind) collected ($2)


