PokerStars Hand #147665184752:  Hold'em Limit ($3/$6 USD) - 2016/01/25 14:08:19 ET
Table 'Sicilia' 6-max Seat #6 is the button
Seat 5: Truelove13 ($166.90 in chips)
Seat 6: wingskid666 ($156.11 in chips)
wingskid666: posts small blind $1
Truelove13: posts big blind $3
*** HOLE CARDS ***
wingskid666: raises $3 to $6
Truelove13: calls $3
*** FLOP *** [5s Th Td]
Truelove13: checks
wingskid666: bets $3
Truelove13: calls $3
*** TURN *** [5s Th Td] [3h]
Truelove13: checks
wingskid666: bets $6
Truelove13: calls $6
*** RIVER *** [5s Th Td 3h] [3c]
Truelove13: checks
wingskid666: bets $6
Truelove13: calls $6
*** SHOW DOWN ***
wingskid666: shows [3d Js] (a full house, Threes full of Tens)
Truelove13: mucks hand
wingskid666 collected $41.50 from pot
*** SUMMARY ***
Total pot $42 | Rake $0.50
Board [5s Th Td 3h 3c]
Seat 5: Truelove13 (big blind) mucked
Seat 6: wingskid666 (button) (small blind) showed [3d Js] and won ($41.50) with a full house, Threes full of Tens


PokerStars Hand #147665167199:  Hold'em Limit ($3/$6 USD) - 2016/01/25 14:08:03 ET
Table 'Sicilia' 6-max Seat #5 is the button
Seat 5: Truelove13 ($175.90 in chips)
Seat 6: wingskid666 ($147.47 in chips)
Truelove13: posts small blind $1
wingskid666: posts big blind $3
*** HOLE CARDS ***
Truelove13: raises $3 to $6
wingskid666: calls $3
*** FLOP *** [Ts Ah 8h]
wingskid666: checks
Truelove13: bets $3
wingskid666: calls $3
*** TURN *** [Ts Ah 8h] [Qc]
wingskid666: checks
Truelove13: checks
*** RIVER *** [Ts Ah 8h Qc] [5c]
wingskid666: bets $6
Truelove13: folds
Uncalled bet ($6) returned to wingskid666
wingskid666 collected $17.64 from pot
wingskid666: doesn't show hand
*** SUMMARY ***
Total pot $18 | Rake $0.36
Board [Ts Ah 8h Qc 5c]
Seat 5: Truelove13 (button) (small blind) folded on the River
Seat 6: wingskid666 (big blind) collected ($17.64)


PokerStars Hand #147665151086:  Hold'em Limit ($3/$6 USD) - 2016/01/25 14:07:48 ET
Table 'Sicilia' 6-max Seat #6 is the button
Seat 5: Truelove13 ($181.90 in chips)
Seat 6: wingskid666 ($141.71 in chips)
wingskid666: posts small blind $1
Truelove13: posts big blind $3
*** HOLE CARDS ***
wingskid666: raises $3 to $6
Truelove13: calls $3
*** FLOP *** [9s 2d Ts]
Truelove13: checks
wingskid666: bets $3
Truelove13: folds
Uncalled bet ($3) returned to wingskid666
wingskid666 collected $11.76 from pot
wingskid666: doesn't show hand
*** SUMMARY ***
Total pot $12 | Rake $0.24
Board [9s 2d Ts]
Seat 5: Truelove13 (big blind) folded on the Flop
Seat 6: wingskid666 (button) (small blind) collected ($11.76)


PokerStars Hand #147665241514:  Hold'em Limit ($3/$6 USD) - 2016/01/25 14:09:12 ET
Table 'Sicilia' 6-max Seat #5 is the button
Seat 5: Truelove13 ($133.90 in chips)
Seat 6: wingskid666 ($188.25 in chips)
Truelove13: posts small blind $1
wingskid666: posts big blind $3
*** HOLE CARDS ***
Truelove13: raises $3 to $6
wingskid666: calls $3
*** FLOP *** [Jd 3d Tc]
wingskid666: checks
Truelove13: bets $3
wingskid666: calls $3
*** TURN *** [Jd 3d Tc] [Ks]
icebookman joins the table at seat #1
wingskid666: checks
Truelove13: checks
*** RIVER *** [Jd 3d Tc Ks] [5s]
wingskid666: checks
Truelove13: checks
*** SHOW DOWN ***
wingskid666: shows [8s Ad] (high card Ace)
Truelove13: mucks hand
wingskid666 collected $17.64 from pot
*** SUMMARY ***
Total pot $18 | Rake $0.36
Board [Jd 3d Tc Ks 5s]
Seat 5: Truelove13 (button) (small blind) mucked
Seat 6: wingskid666 (big blind) showed [8s Ad] and won ($17.64) with high card Ace


PokerStars Hand #147665231888:  Hold'em Limit ($3/$6 USD) - 2016/01/25 14:09:03 ET
Table 'Sicilia' 6-max Seat #6 is the button
Seat 5: Truelove13 ($136.90 in chips)
Seat 6: wingskid666 ($185.25 in chips)
wingskid666: posts small blind $1
Truelove13: posts big blind $3
*** HOLE CARDS ***
wingskid666: raises $3 to $6
Truelove13: folds
Uncalled bet ($3) returned to wingskid666
wingskid666 collected $6 from pot
wingskid666: doesn't show hand
*** SUMMARY ***
Total pot $6 | Rake $0
Seat 5: Truelove13 (big blind) folded before Flop
Seat 6: wingskid666 (button) (small blind) collected ($6)


PokerStars Hand #147665214599:  Hold'em Limit ($3/$6 USD) - 2016/01/25 14:08:47 ET
Table 'Sicilia' 6-max Seat #5 is the button
Seat 5: Truelove13 ($145.90 in chips)
Seat 6: wingskid666 ($176.61 in chips)
Truelove13: posts small blind $1
wingskid666: posts big blind $3
*** HOLE CARDS ***
Truelove13: raises $3 to $6
wingskid666: calls $3
*** FLOP *** [3c Qs Th]
wingskid666: checks
Truelove13: bets $3
wingskid666: calls $3
*** TURN *** [3c Qs Th] [9h]
wingskid666: checks
Truelove13: checks
*** RIVER *** [3c Qs Th 9h] [2d]
wingskid666: bets $6
Truelove13: folds
Uncalled bet ($6) returned to wingskid666
wingskid666 collected $17.64 from pot
wingskid666: doesn't show hand
*** SUMMARY ***
Total pot $18 | Rake $0.36
Board [3c Qs Th 9h 2d]
Seat 5: Truelove13 (button) (small blind) folded on the River
Seat 6: wingskid666 (big blind) collected ($17.64)


PokerStars Hand #147665334075:  Hold'em Limit ($3/$6 USD) - 2016/01/25 14:10:39 ET
Table 'Sicilia' 6-max Seat #1 is the button
Seat 1: icebookman ($96.38 in chips)
Seat 6: wingskid666 ($180.26 in chips)
icebookman: posts small blind $1
Truelove13: is sitting out
wingskid666: posts big blind $3
*** HOLE CARDS ***
icebookman: raises $3 to $6
Truelove13 leaves the table
wingskid666: folds
Uncalled bet ($3) returned to icebookman
icebookman collected $6 from pot
icebookman: doesn't show hand
*** SUMMARY ***
Total pot $6 | Rake $0
Seat 1: icebookman (button) (small blind) collected ($6)
Seat 6: wingskid666 (big blind) folded before Flop


