PokerStars Hand #155550361946:  Hold'em Limit ($3/$6 USD) - 2016/07/04 10:41:48 ET
Table 'Sicilia II' 6-max Seat #1 is the button
Seat 1: anebodil ($120 in chips)
Seat 4: VolkovDmitri ($120 in chips)
anebodil: posts small blind $1
VolkovDmitri: posts big blind $3
*** HOLE CARDS ***
anebodil: calls $2
VolkovDmitri: raises $3 to $6
anebodil: calls $3
*** FLOP *** [6c 4c Qh]
VolkovDmitri: bets $3
anebodil: raises $3 to $6
VolkovDmitri: folds
Uncalled bet ($3) returned to anebodil
anebodil collected $17.64 from pot
anebodil: doesn't show hand
*** SUMMARY ***
Total pot $18 | Rake $0.36
Board [6c 4c Qh]
Seat 1: anebodil (button) (small blind) collected ($17.64)
Seat 4: VolkovDmitri (big blind) folded on the Flop


PokerStars Hand #155550398872:  Hold'em Limit ($3/$6 USD) - 2016/07/04 10:42:53 ET
Table 'Sicilia II' 6-max Seat #2 is the button
Seat 1: anebodil ($116.52 in chips)
Seat 2: kolaz03 ($72 in chips)
kolaz03: posts small blind $1
anebodil: posts big blind $3
*** HOLE CARDS ***
kolaz03: raises $3 to $6
anebodil: calls $3
*** FLOP *** [9h Jc Qd]
anebodil: bets $3
kolaz03: calls $3
*** TURN *** [9h Jc Qd] [Js]
anebodil: bets $6
kolaz03: folds
Uncalled bet ($6) returned to anebodil
anebodil collected $17.64 from pot
anebodil: doesn't show hand
*** SUMMARY ***
Total pot $18 | Rake $0.36
Board [9h Jc Qd Js]
Seat 1: anebodil (big blind) collected ($17.64)
Seat 2: kolaz03 (button) (small blind) folded on the Turn


PokerStars Hand #155550387951:  Hold'em Limit ($3/$6 USD) - 2016/07/04 10:42:34 ET
Table 'Sicilia II' 6-max Seat #1 is the button
Seat 1: anebodil ($113.64 in chips)
Seat 2: kolaz03 ($72 in chips)
anebodil: posts small blind $1
kolaz03: posts big blind $3
*** HOLE CARDS ***
anebodil: calls $2
kolaz03: checks
*** FLOP *** [3s 3d Th]
kolaz03: checks
anebodil: bets $3
kolaz03: folds
Uncalled bet ($3) returned to anebodil
anebodil collected $5.88 from pot
anebodil: doesn't show hand
*** SUMMARY ***
Total pot $6 | Rake $0.12
Board [3s 3d Th]
Seat 1: anebodil (button) (small blind) collected ($5.88)
Seat 2: kolaz03 (big blind) folded on the Flop


PokerStars Hand #155550373102:  Hold'em Limit ($3/$6 USD) - 2016/07/04 10:42:08 ET
Table 'Sicilia II' 6-max Seat #4 is the button
Seat 1: anebodil ($128.64 in chips)
Seat 4: VolkovDmitri ($120 in chips)
VolkovDmitri: posts small blind $1
anebodil: posts big blind $3
*** HOLE CARDS ***
kolaz03 joins the table at seat #2
VolkovDmitri: raises $3 to $6
anebodil: calls $3
*** FLOP *** [2h Ks 3d]
anebodil: checks
VolkovDmitri: bets $3
anebodil: calls $3
*** TURN *** [2h Ks 3d] [4d]
anebodil: checks
VolkovDmitri: bets $6
anebodil: calls $6
*** RIVER *** [2h Ks 3d 4d] [6d]
anebodil: checks
VolkovDmitri: checks
*** SHOW DOWN ***
anebodil: shows [3c Qc] (a pair of Threes)
VolkovDmitri: shows [9d Kc] (a pair of Kings)
VolkovDmitri collected $29.50 from pot
*** SUMMARY ***
Total pot $30 | Rake $0.50
Board [2h Ks 3d 4d 6d]
Seat 1: anebodil (big blind) showed [3c Qc] and lost with a pair of Threes
Seat 4: VolkovDmitri (button) (small blind) showed [9d Kc] and won ($29.50) with a pair of Kings


PokerStars Hand #155550430618:  Hold'em Limit ($3/$6 USD) - 2016/07/04 10:43:50 ET
Table 'Sicilia II' 6-max Seat #2 is the button
Seat 1: anebodil ($83.16 in chips)
Seat 2: kolaz03 ($112.78 in chips)
kolaz03: posts small blind $1
anebodil: posts big blind $3
*** HOLE CARDS ***
Hodaczek joins the table at seat #6
kolaz03: raises $3 to $6
anebodil: raises $3 to $9
kolaz03: calls $3
*** FLOP *** [Qc Jc 9s]
anebodil: bets $3
kolaz03: folds
Uncalled bet ($3) returned to anebodil
anebodil collected $17.64 from pot
anebodil: doesn't show hand
*** SUMMARY ***
Total pot $18 | Rake $0.36
Board [Qc Jc 9s]
Seat 1: anebodil (big blind) collected ($17.64)
Seat 2: kolaz03 (button) (small blind) folded on the Flop


PokerStars Hand #155550422372:  Hold'em Limit ($3/$6 USD) - 2016/07/04 10:43:36 ET
Table 'Sicilia II' 6-max Seat #1 is the button
Seat 1: anebodil ($107.16 in chips)
Seat 2: kolaz03 ($89.28 in chips)
anebodil: posts small blind $1
kolaz03: posts big blind $3
*** HOLE CARDS ***
anebodil: raises $3 to $6
kolaz03: calls $3
*** FLOP *** [Qh Kc 4c]
kolaz03: checks
anebodil: bets $3
kolaz03: raises $3 to $6
anebodil: calls $3
*** TURN *** [Qh Kc 4c] [8c]
kolaz03: bets $6
anebodil: calls $6
*** RIVER *** [Qh Kc 4c 8c] [Jh]
kolaz03: bets $6
anebodil: calls $6
*** SHOW DOWN ***
kolaz03: shows [8s Ks] (two pair, Kings and Eights)
anebodil: mucks hand
kolaz03 collected $47.50 from pot
*** SUMMARY ***
Total pot $48 | Rake $0.50
Board [Qh Kc 4c 8c Jh]
Seat 1: anebodil (button) (small blind) mucked
Seat 2: kolaz03 (big blind) showed [8s Ks] and won ($47.50) with two pair, Kings and Eights


PokerStars Hand #155550417461:  Hold'em Limit ($3/$6 USD) - 2016/07/04 10:43:27 ET
Table 'Sicilia II' 6-max Seat #2 is the button
Seat 1: anebodil ($113.16 in chips)
Seat 2: kolaz03 ($83.52 in chips)
kolaz03: posts small blind $1
anebodil: posts big blind $3
*** HOLE CARDS ***
kolaz03: raises $3 to $6
anebodil: calls $3
*** FLOP *** [3d 2c Jh]
anebodil: checks
kolaz03: bets $3
anebodil: folds
Uncalled bet ($3) returned to kolaz03
kolaz03 collected $11.76 from pot
kolaz03: doesn't show hand
*** SUMMARY ***
Total pot $12 | Rake $0.24
Board [3d 2c Jh]
Seat 1: anebodil (big blind) folded on the Flop
Seat 2: kolaz03 (button) (small blind) collected ($11.76)


PokerStars Hand #155550406515:  Hold'em Limit ($3/$6 USD) - 2016/07/04 10:43:07 ET
Table 'Sicilia II' 6-max Seat #1 is the button
Seat 1: anebodil ($125.16 in chips)
Seat 2: kolaz03 ($72 in chips)
anebodil: posts small blind $1
kolaz03: posts big blind $3
*** HOLE CARDS ***
anebodil: calls $2
kolaz03: checks
*** FLOP *** [7s 8d 6c]
kolaz03: checks
anebodil: bets $3
kolaz03: calls $3
*** TURN *** [7s 8d 6c] [8s]
kolaz03: checks
anebodil: bets $6
kolaz03: calls $6
*** RIVER *** [7s 8d 6c 8s] [7c]
kolaz03: checks
anebodil: checks
*** SHOW DOWN ***
kolaz03: shows [Ks 6d] (two pair, Eights and Sevens)
anebodil: mucks hand
kolaz03 collected $23.52 from pot
*** SUMMARY ***
Total pot $24 | Rake $0.48
Board [7s 8d 6c 8s 7c]
Seat 1: anebodil (button) (small blind) mucked
Seat 2: kolaz03 (big blind) showed [Ks 6d] and won ($23.52) with two pair, Eights and Sevens


PokerStars Hand #155550436585:  Hold'em Limit ($3/$6 USD) - 2016/07/04 10:44:01 ET
Table 'Sicilia II' 6-max Seat #1 is the button
Seat 1: anebodil ($91.80 in chips)
Seat 2: kolaz03 ($103.78 in chips)
anebodil: posts small blind $1
kolaz03: posts big blind $3
*** HOLE CARDS ***
anebodil: calls $2
kolaz03: checks
*** FLOP *** [6d Ad Kc]
kolaz03: checks
anebodil: checks
*** TURN *** [6d Ad Kc] [7h]
kolaz03: bets $6
anebodil: calls $6
*** RIVER *** [6d Ad Kc 7h] [9s]
kolaz03: bets $6
anebodil: calls $6
*** SHOW DOWN ***
kolaz03: shows [5s 4h] (high card Ace)
anebodil: shows [6h Qs] (a pair of Sixes)
haydy142 joins the table at seat #3
anebodil collected $29.50 from pot
*** SUMMARY ***
Total pot $30 | Rake $0.50
Board [6d Ad Kc 7h 9s]
Seat 1: anebodil (button) (small blind) showed [6h Qs] and won ($29.50) with a pair of Sixes
Seat 2: kolaz03 (big blind) showed [5s 4h] and lost with high card Ace


PokerStars Hand #155554776232:  Hold'em Limit ($3/$6 USD) - 2016/07/04 12:45:12 ET
Table 'Sicilia II' 6-max Seat #1 is the button
Seat 1: ABATAPP ($92.64 in chips)
Seat 6: Jigorek1989 ($119.98 in chips)
ABATAPP: posts small blind $1
TbIP-TbIP 88: is sitting out
Jigorek1989: posts big blind $3
*** HOLE CARDS ***
ABATAPP: raises $3 to $6
Jigorek1989: raises $3 to $9
ABATAPP: calls $3
*** FLOP *** [Qs 9c Kc]
Jigorek1989: bets $3
ABATAPP: calls $3
*** TURN *** [Qs 9c Kc] [4d]
Jigorek1989: bets $6
ABATAPP: calls $6
*** RIVER *** [Qs 9c Kc 4d] [4h]
Jigorek1989: bets $6
ABATAPP: calls $6
*** SHOW DOWN ***
Jigorek1989: shows [Ad 5c] (a pair of Fours)
ABATAPP: shows [Ks 6s] (two pair, Kings and Fours)
ABATAPP collected $47.50 from pot
*** SUMMARY ***
Total pot $48 | Rake $0.50
Board [Qs 9c Kc 4d 4h]
Seat 1: ABATAPP (button) (small blind) showed [Ks 6s] and won ($47.50) with two pair, Kings and Fours
Seat 6: Jigorek1989 (big blind) showed [Ad 5c] and lost with a pair of Fours


PokerStars Hand #155558316064:  Hold'em Limit ($3/$6 USD) - 2016/07/04 14:09:31 ET
Table 'Sicilia II' 6-max Seat #1 is the button
Seat 1: TheU10 ($120 in chips)
Seat 4: chipmover360 ($53.13 in chips)
TheU10: posts small blind $1
chipmover360: posts big blind $3
*** HOLE CARDS ***
TheU10: raises $3 to $6
chipmover360: calls $3
*** FLOP *** [5c Tc 7d]
chipmover360: checks
TheU10: checks
*** TURN *** [5c Tc 7d] [Th]
chipmover360: bets $6
TheU10: calls $6
*** RIVER *** [5c Tc 7d Th] [3c]
chipmover360: bets $6
TheU10: calls $6
*** SHOW DOWN ***
chipmover360: shows [6h 4s] (a straight, Three to Seven)
TheU10: mucks hand
chipmover360 collected $35.50 from pot
*** SUMMARY ***
Total pot $36 | Rake $0.50
Board [5c Tc 7d Th 3c]
Seat 1: TheU10 (button) (small blind) mucked
Seat 4: chipmover360 (big blind) showed [6h 4s] and won ($35.50) with a straight, Three to Seven


PokerStars Hand #155558330748:  Hold'em Limit ($3/$6 USD) - 2016/07/04 14:09:51 ET
Table 'Sicilia II' 6-max Seat #4 is the button
Seat 1: TheU10 ($102 in chips)
Seat 4: chipmover360 ($70.63 in chips)
chipmover360: posts small blind $1
TheU10: posts big blind $3
*** HOLE CARDS ***
chipmover360: raises $3 to $6
TheU10: raises $3 to $9
chipmover360: calls $3
*** FLOP *** [4c 4d 5h]
TheU10: bets $3
chipmover360: calls $3
*** TURN *** [4c 4d 5h] [Kd]
TheU10: bets $6
chipmover360: calls $6
*** RIVER *** [4c 4d 5h Kd] [3h]
TheU10: checks
chipmover360: bets $6
TheU10: folds
Uncalled bet ($6) returned to chipmover360
chipmover360 collected $35.50 from pot
chipmover360: doesn't show hand
*** SUMMARY ***
Total pot $36 | Rake $0.50
Board [4c 4d 5h Kd 3h]
Seat 1: TheU10 (big blind) folded on the River
Seat 4: chipmover360 (button) (small blind) collected ($35.50)


PokerStars Hand #155558352337:  Hold'em Limit ($3/$6 USD) - 2016/07/04 14:10:20 ET
Table 'Sicilia II' 6-max Seat #4 is the button
Seat 1: TheU10 ($92.64 in chips)
Seat 4: chipmover360 ($79.13 in chips)
chipmover360: posts small blind $1
TheU10: posts big blind $3
*** HOLE CARDS ***
chipmover360: raises $3 to $6
TheU10: raises $3 to $9
Touran2006 joins the table at seat #2
chipmover360: calls $3
*** FLOP *** [9d 5c 7c]
TheU10: bets $3
chipmover360: calls $3
*** TURN *** [9d 5c 7c] [2h]
TheU10: bets $6
chipmover360: calls $6
*** RIVER *** [9d 5c 7c 2h] [Jd]
TheU10: bets $6
chipmover360: raises $6 to $12
TheU10: calls $6
*** SHOW DOWN ***
chipmover360: shows [4h 7s] (a pair of Sevens)
TheU10: shows [9s Tc] (a pair of Nines)
TheU10 collected $59.50 from pot
*** SUMMARY ***
Total pot $60 | Rake $0.50
Board [9d 5c 7c 2h Jd]
Seat 1: TheU10 (big blind) showed [9s Tc] and won ($59.50) with a pair of Nines
Seat 4: chipmover360 (button) (small blind) showed [4h 7s] and lost with a pair of Sevens


PokerStars Hand #155558341832:  Hold'em Limit ($3/$6 USD) - 2016/07/04 14:10:06 ET
Table 'Sicilia II' 6-max Seat #1 is the button
Seat 1: TheU10 ($84 in chips)
Seat 4: chipmover360 ($88.13 in chips)
TheU10: posts small blind $1
chipmover360: posts big blind $3
*** HOLE CARDS ***
TheU10: raises $3 to $6
chipmover360: calls $3
*** FLOP *** [4s 6c 3c]
chipmover360: checks
TheU10: bets $3
chipmover360: calls $3
*** TURN *** [4s 6c 3c] [3h]
chipmover360: checks
TheU10: bets $6
chipmover360: folds
Uncalled bet ($6) returned to TheU10
TheU10 collected $17.64 from pot
TheU10: doesn't show hand
*** SUMMARY ***
Total pot $18 | Rake $0.36
Board [4s 6c 3c 3h]
Seat 1: TheU10 (button) (small blind) collected ($17.64)
Seat 4: chipmover360 (big blind) folded on the Turn


PokerStars Hand #155571387166:  Hold'em Limit ($3/$6 USD) - 2016/07/04 18:47:55 ET
Table 'Sicilia II' 6-max Seat #3 is the button
Seat 3: jackRizzar ($297.94 in chips)
Seat 5: Chessnok ($114.87 in chips)
BWTMAGIC will be allowed to play after the button
jackRizzar: posts small blind $1
Chessnok: posts big blind $3
*** HOLE CARDS ***
jackRizzar: raises $3 to $6
Chessnok: calls $3
*** FLOP *** [Js 2d 8s]
Chessnok: checks
jackRizzar: checks
*** TURN *** [Js 2d 8s] [4s]
Chessnok: bets $6
jackRizzar: calls $6
*** RIVER *** [Js 2d 8s 4s] [8d]
Chessnok: bets $6
jackRizzar: folds
Uncalled bet ($6) returned to Chessnok
Chessnok collected $23.52 from pot
Chessnok: doesn't show hand
*** SUMMARY ***
Total pot $24 | Rake $0.48
Board [Js 2d 8s 4s 8d]
Seat 3: jackRizzar (button) (small blind) folded on the River
Seat 5: Chessnok (big blind) collected ($23.52)


PokerStars Hand #155572972410:  Hold'em Limit ($3/$6 USD) - 2016/07/04 19:33:59 ET
Table 'Sicilia II' 6-max Seat #6 is the button
Seat 1: Azrarn ($103.89 in chips)
Seat 6: Coldhandnik ($54.04 in chips)
Coldhandnik: posts small blind $1
Azrarn: posts big blind $3
*** HOLE CARDS ***
Coldhandnik: raises $3 to $6
Azrarn: calls $3
*** FLOP *** [Ad Jd Ks]
Azrarn: checks
Coldhandnik: bets $3
Azrarn: folds
Uncalled bet ($3) returned to Coldhandnik
Coldhandnik collected $11.76 from pot
Coldhandnik: doesn't show hand
*** SUMMARY ***
Total pot $12 | Rake $0.24
Board [Ad Jd Ks]
Seat 1: Azrarn (big blind) folded on the Flop
Seat 6: Coldhandnik (button) (small blind) collected ($11.76)


PokerStars Hand #155572959725:  Hold'em Limit ($3/$6 USD) - 2016/07/04 19:33:35 ET
Table 'Sicilia II' 6-max Seat #1 is the button
Seat 1: Azrarn ($127.89 in chips)
Seat 6: Coldhandnik ($30.54 in chips)
Azrarn: posts small blind $1
Coldhandnik: posts big blind $3
*** HOLE CARDS ***
Azrarn: raises $3 to $6
Coldhandnik: raises $3 to $9
Necromadx leaves the table
Azrarn: calls $3
*** FLOP *** [Kh 5c 8s]
Coldhandnik: bets $3
Azrarn: calls $3
*** TURN *** [Kh 5c 8s] [8d]
Coldhandnik: bets $6
Azrarn: calls $6
*** RIVER *** [Kh 5c 8s 8d] [As]
Coldhandnik: bets $6
Azrarn: calls $6
*** SHOW DOWN ***
Coldhandnik: shows [4d Ah] (two pair, Aces and Eights)
Azrarn: mucks hand
Coldhandnik collected $47.50 from pot
*** SUMMARY ***
Total pot $48 | Rake $0.50
Board [Kh 5c 8s 8d As]
Seat 1: Azrarn (button) (small blind) mucked
Seat 6: Coldhandnik (big blind) showed [4d Ah] and won ($47.50) with two pair, Aces and Eights


PokerStars Hand #155572954806:  Hold'em Limit ($3/$6 USD) - 2016/07/04 19:33:26 ET
Table 'Sicilia II' 6-max Seat #6 is the button
Seat 1: Azrarn ($130.89 in chips)
Seat 6: Coldhandnik ($27.54 in chips)
Coldhandnik: posts small blind $1
Azrarn: posts big blind $3
*** HOLE CARDS ***
Coldhandnik: raises $3 to $6
Azrarn: folds
Uncalled bet ($3) returned to Coldhandnik
Coldhandnik collected $6 from pot
Coldhandnik: doesn't show hand
*** SUMMARY ***
Total pot $6 | Rake $0
Seat 1: Azrarn (big blind) folded before Flop
Seat 6: Coldhandnik (button) (small blind) collected ($6)


PokerStars Hand #155572989605:  Hold'em Limit ($3/$6 USD) - 2016/07/04 19:34:31 ET
Table 'Sicilia II' 6-max Seat #6 is the button
Seat 1: Azrarn ($139.39 in chips)
Seat 6: Coldhandnik ($17.80 in chips)
Coldhandnik: posts small blind $1
Azrarn: posts big blind $3
*** HOLE CARDS ***
Coldhandnik: raises $3 to $6
Azrarn: calls $3
*** FLOP *** [Qd 3d 9c]
Azrarn: checks
Coldhandnik: bets $3
Azrarn: folds
Uncalled bet ($3) returned to Coldhandnik
Coldhandnik collected $11.76 from pot
Coldhandnik: doesn't show hand
*** SUMMARY ***
Total pot $12 | Rake $0.24
Board [Qd 3d 9c]
Seat 1: Azrarn (big blind) folded on the Flop
Seat 6: Coldhandnik (button) (small blind) collected ($11.76)


PokerStars Hand #155572977499:  Hold'em Limit ($3/$6 USD) - 2016/07/04 19:34:08 ET
Table 'Sicilia II' 6-max Seat #1 is the button
Seat 1: Azrarn ($97.89 in chips)
Seat 6: Coldhandnik ($59.80 in chips)
Azrarn: posts small blind $1
Coldhandnik: posts big blind $3
*** HOLE CARDS ***
Azrarn: raises $3 to $6
jestanie joins the table at seat #3
Coldhandnik: raises $3 to $9
Azrarn: calls $3
*** FLOP *** [6h 7h 7d]
Coldhandnik: bets $3
Azrarn: calls $3
*** TURN *** [6h 7h 7d] [8c]
Coldhandnik: bets $6
Azrarn: raises $6 to $12
Coldhandnik: raises $6 to $18
Azrarn: raises $6 to $24
Betting is capped
Coldhandnik: calls $6
*** RIVER *** [6h 7h 7d 8c] [3c]
Coldhandnik: bets $6
Azrarn: calls $6
*** SHOW DOWN ***
Coldhandnik: shows [Ks 2d] (a pair of Sevens)
Azrarn: shows [3h 4h] (two pair, Sevens and Threes)
Azrarn collected $83.50 from pot
*** SUMMARY ***
Total pot $84 | Rake $0.50
Board [6h 7h 7d 8c 3c]
Seat 1: Azrarn (button) (small blind) showed [3h 4h] and won ($83.50) with two pair, Sevens and Threes
Seat 6: Coldhandnik (big blind) showed [Ks 2d] and lost with a pair of Sevens


PokerStars Hand #155573032651:  Hold'em Limit ($3/$6 USD) - 2016/07/04 19:35:53 ET
Table 'Sicilia II' 6-max Seat #4 is the button
Seat 3: jestanie ($142.12 in chips)
Seat 4: YourMother66 ($72 in chips)
YourMother66: posts small blind $1
Azrarn: is sitting out
jestanie: posts big blind $3
*** HOLE CARDS ***
YourMother66: raises $3 to $6
jestanie: folds
Uncalled bet ($3) returned to YourMother66
YourMother66 collected $6 from pot
YourMother66: doesn't show hand
*** SUMMARY ***
Total pot $6 | Rake $0
Seat 3: jestanie (big blind) folded before Flop
Seat 4: YourMother66 (button) (small blind) collected ($6)


PokerStars Hand #155573063792:  Hold'em Limit ($3/$6 USD) - 2016/07/04 19:36:53 ET
Table 'Sicilia II' 6-max Seat #3 is the button
Seat 3: jestanie ($118.12 in chips)
Seat 4: YourMother66 ($95.50 in chips)
jestanie: posts small blind $1
YourMother66: posts big blind $3
*** HOLE CARDS ***
jestanie: folds
Uncalled bet ($2) returned to YourMother66
YourMother66 collected $2 from pot
YourMother66: doesn't show hand
*** SUMMARY ***
Total pot $2 | Rake $0
Seat 3: jestanie (button) (small blind) folded before Flop
Seat 4: YourMother66 (big blind) collected ($2)


PokerStars Hand #155573061538:  Hold'em Limit ($3/$6 USD) - 2016/07/04 19:36:48 ET
Table 'Sicilia II' 6-max Seat #4 is the button
Seat 3: jestanie ($117.12 in chips)
Seat 4: YourMother66 ($96.50 in chips)
YourMother66: posts small blind $1
jestanie: posts big blind $3
*** HOLE CARDS ***
YourMother66: folds
Uncalled bet ($2) returned to jestanie
jestanie collected $2 from pot
jestanie: doesn't show hand
*** SUMMARY ***
Total pot $2 | Rake $0
Seat 3: jestanie (big blind) collected ($2)
Seat 4: YourMother66 (button) (small blind) folded before Flop


PokerStars Hand #155573058650:  Hold'em Limit ($3/$6 USD) - 2016/07/04 19:36:43 ET
Table 'Sicilia II' 6-max Seat #3 is the button
Seat 3: jestanie ($118.12 in chips)
Seat 4: YourMother66 ($95.50 in chips)
jestanie: posts small blind $1
YourMother66: posts big blind $3
*** HOLE CARDS ***
jestanie: folds
Uncalled bet ($2) returned to YourMother66
YourMother66 collected $2 from pot
YourMother66: doesn't show hand
*** SUMMARY ***
Total pot $2 | Rake $0
Seat 3: jestanie (button) (small blind) folded before Flop
Seat 4: YourMother66 (big blind) collected ($2)


PokerStars Hand #155573055332:  Hold'em Limit ($3/$6 USD) - 2016/07/04 19:36:36 ET
Table 'Sicilia II' 6-max Seat #4 is the button
Seat 3: jestanie ($121.12 in chips)
Seat 4: YourMother66 ($92.50 in chips)
YourMother66: posts small blind $1
jestanie: posts big blind $3
*** HOLE CARDS ***
YourMother66: raises $3 to $6
jestanie: folds
Uncalled bet ($3) returned to YourMother66
YourMother66 collected $6 from pot
YourMother66: doesn't show hand
*** SUMMARY ***
Total pot $6 | Rake $0
Seat 3: jestanie (big blind) folded before Flop
Seat 4: YourMother66 (button) (small blind) collected ($6)


PokerStars Hand #155573052658:  Hold'em Limit ($3/$6 USD) - 2016/07/04 19:36:31 ET
Table 'Sicilia II' 6-max Seat #3 is the button
Seat 3: jestanie ($122.12 in chips)
Seat 4: YourMother66 ($91.50 in chips)
jestanie: posts small blind $1
YourMother66: posts big blind $3
*** HOLE CARDS ***
jestanie: folds
Uncalled bet ($2) returned to YourMother66
YourMother66 collected $2 from pot
YourMother66: doesn't show hand
*** SUMMARY ***
Total pot $2 | Rake $0
Seat 3: jestanie (button) (small blind) folded before Flop
Seat 4: YourMother66 (big blind) collected ($2)


PokerStars Hand #155573049915:  Hold'em Limit ($3/$6 USD) - 2016/07/04 19:36:26 ET
Table 'Sicilia II' 6-max Seat #4 is the button
Seat 3: jestanie ($121.12 in chips)
Seat 4: YourMother66 ($92.50 in chips)
YourMother66: posts small blind $1
jestanie: posts big blind $3
*** HOLE CARDS ***
YourMother66: folds
Uncalled bet ($2) returned to jestanie
jestanie collected $2 from pot
jestanie: doesn't show hand
*** SUMMARY ***
Total pot $2 | Rake $0
Seat 3: jestanie (big blind) collected ($2)
Seat 4: YourMother66 (button) (small blind) folded before Flop


PokerStars Hand #155573036040:  Hold'em Limit ($3/$6 USD) - 2016/07/04 19:36:00 ET
Table 'Sicilia II' 6-max Seat #3 is the button
Seat 3: jestanie ($139.12 in chips)
Seat 4: YourMother66 ($75 in chips)
jestanie: posts small blind $1
YourMother66: posts big blind $3
*** HOLE CARDS ***
jestanie: raises $3 to $6
YourMother66: calls $3
*** FLOP *** [2c 6h 2d]
YourMother66: checks
jestanie: bets $3
YourMother66: raises $3 to $6
jestanie: calls $3
*** TURN *** [2c 6h 2d] [7h]
YourMother66: bets $6
jestanie: calls $6
*** RIVER *** [2c 6h 2d 7h] [Qs]
YourMother66: checks
jestanie: checks
*** SHOW DOWN ***
YourMother66: shows [Th 6c] (two pair, Sixes and Deuces)
jestanie: mucks hand
YourMother66 collected $35.50 from pot
*** SUMMARY ***
Total pot $36 | Rake $0.50
Board [2c 6h 2d 7h Qs]
Seat 3: jestanie (button) (small blind) mucked
Seat 4: YourMother66 (big blind) showed [Th 6c] and won ($35.50) with two pair, Sixes and Deuces


PokerStars Hand #155573102266:  Hold'em Limit ($3/$6 USD) - 2016/07/04 19:38:06 ET
Table 'Sicilia II' 6-max Seat #4 is the button
Seat 3: jestanie ($79.12 in chips)
Seat 4: YourMother66 ($134 in chips)
YourMother66: posts small blind $1
jestanie: posts big blind $3
*** HOLE CARDS ***
YourMother66: raises $3 to $6
jestanie: folds
Uncalled bet ($3) returned to YourMother66
YourMother66 collected $6 from pot
YourMother66: doesn't show hand
*** SUMMARY ***
Total pot $6 | Rake $0
Seat 3: jestanie (big blind) folded before Flop
Seat 4: YourMother66 (button) (small blind) collected ($6)


PokerStars Hand #155573092924:  Hold'em Limit ($3/$6 USD) - 2016/07/04 19:37:48 ET
Table 'Sicilia II' 6-max Seat #4 is the button
Seat 3: jestanie ($79.12 in chips)
Seat 4: YourMother66 ($134 in chips)
YourMother66: posts small blind $1
jestanie: posts big blind $3
*** HOLE CARDS ***
YourMother66: raises $3 to $6
Azrarn leaves the table
jestanie: folds
Uncalled bet ($3) returned to YourMother66
YourMother66 collected $6 from pot
YourMother66: doesn't show hand
*** SUMMARY ***
Total pot $6 | Rake $0
Seat 3: jestanie (big blind) folded before Flop
Seat 4: YourMother66 (button) (small blind) collected ($6)


PokerStars Hand #155573090254:  Hold'em Limit ($3/$6 USD) - 2016/07/04 19:37:43 ET
Table 'Sicilia II' 6-max Seat #3 is the button
Seat 3: jestanie ($80.12 in chips)
Seat 4: YourMother66 ($133 in chips)
jestanie: posts small blind $1
YourMother66: posts big blind $3
*** HOLE CARDS ***
jestanie: folds
Uncalled bet ($2) returned to YourMother66
YourMother66 collected $2 from pot
YourMother66: doesn't show hand
*** SUMMARY ***
Total pot $2 | Rake $0
Seat 3: jestanie (button) (small blind) folded before Flop
Seat 4: YourMother66 (big blind) collected ($2)


PokerStars Hand #155573085407:  Hold'em Limit ($3/$6 USD) - 2016/07/04 19:37:34 ET
Table 'Sicilia II' 6-max Seat #4 is the button
Seat 3: jestanie ($83.12 in chips)
Seat 4: YourMother66 ($130 in chips)
YourMother66: posts small blind $1
jestanie: posts big blind $3
*** HOLE CARDS ***
YourMother66: raises $3 to $6
jestanie: folds
Uncalled bet ($3) returned to YourMother66
YourMother66 collected $6 from pot
YourMother66: doesn't show hand
*** SUMMARY ***
Total pot $6 | Rake $0
Seat 3: jestanie (big blind) folded before Flop
Seat 4: YourMother66 (button) (small blind) collected ($6)


PokerStars Hand #155573082225:  Hold'em Limit ($3/$6 USD) - 2016/07/04 19:37:28 ET
Table 'Sicilia II' 6-max Seat #3 is the button
Seat 3: jestanie ($84.12 in chips)
Seat 4: YourMother66 ($129 in chips)
jestanie: posts small blind $1
YourMother66: posts big blind $3
*** HOLE CARDS ***
jestanie: folds
Uncalled bet ($2) returned to YourMother66
YourMother66 collected $2 from pot
YourMother66: doesn't show hand
*** SUMMARY ***
Total pot $2 | Rake $0
Seat 3: jestanie (button) (small blind) folded before Flop
Seat 4: YourMother66 (big blind) collected ($2)


PokerStars Hand #155573066420:  Hold'em Limit ($3/$6 USD) - 2016/07/04 19:36:58 ET
Table 'Sicilia II' 6-max Seat #4 is the button
Seat 3: jestanie ($117.12 in chips)
Seat 4: YourMother66 ($96.50 in chips)
YourMother66: posts small blind $1
jestanie: posts big blind $3
*** HOLE CARDS ***
YourMother66: raises $3 to $6
jestanie: raises $3 to $9
YourMother66: raises $3 to $12
Betting is capped
jestanie: calls $3
*** FLOP *** [3d Kd 2s]
jestanie: bets $3
YourMother66: calls $3
*** TURN *** [3d Kd 2s] [Js]
jestanie: bets $6
YourMother66: raises $6 to $12
jestanie: calls $6
*** RIVER *** [3d Kd 2s Js] [Tc]
jestanie: checks
YourMother66: bets $6
jestanie: calls $6
*** SHOW DOWN ***
YourMother66: shows [Ad Kc] (a pair of Kings)
jestanie: mucks hand
YourMother66 collected $65.50 from pot
*** SUMMARY ***
Total pot $66 | Rake $0.50
Board [3d Kd 2s Js Tc]
Seat 3: jestanie (big blind) mucked
Seat 4: YourMother66 (button) (small blind) showed [Ad Kc] and won ($65.50) with a pair of Kings


PokerStars Hand #155573097712:  Hold'em Limit ($3/$6 USD) - 2016/07/04 19:37:57 ET
Table 'Sicilia II' 6-max Seat #3 is the button
Seat 3: jestanie ($76.12 in chips)
Seat 4: YourMother66 ($137 in chips)
jestanie: posts small blind $1
YourMother66: posts big blind $3
*** HOLE CARDS ***
jestanie: raises $3 to $6
YourMother66: folds
Uncalled bet ($3) returned to jestanie
jestanie collected $6 from pot
jestanie: doesn't show hand
*** SUMMARY ***
Total pot $6 | Rake $0
Seat 3: jestanie (button) (small blind) collected ($6)
Seat 4: YourMother66 (big blind) folded before Flop


PokerStars Hand #155573105797:  Hold'em Limit ($3/$6 USD) - 2016/07/04 19:38:12 ET
Table 'Sicilia II' 6-max Seat #3 is the button
Seat 3: jestanie ($76.12 in chips)
Seat 4: YourMother66 ($137 in chips)
jestanie: posts small blind $1
YourMother66: posts big blind $3
*** HOLE CARDS ***
jestanie: raises $3 to $6
YourMother66: calls $3
*** FLOP *** [Ks 9c Qc]
YourMother66: checks
jestanie: checks
*** TURN *** [Ks 9c Qc] [2d]
YourMother66: bets $6
jestanie: folds
Uncalled bet ($6) returned to YourMother66
ABATAPP joins the table at seat #5
YourMother66 collected $11.76 from pot
YourMother66: doesn't show hand
*** SUMMARY ***
Total pot $12 | Rake $0.24
Board [Ks 9c Qc 2d]
Seat 3: jestanie (button) (small blind) folded on the Turn
Seat 4: YourMother66 (big blind) collected ($11.76)


PokerStars Hand #155573323833:  Hold'em Limit ($3/$6 USD) - 2016/07/04 19:44:55 ET
Table 'Sicilia II' 6-max Seat #2 is the button
Seat 2: AppelMoesje ($164.86 in chips)
Seat 5: ABATAPP ($124.27 in chips)
AppelMoesje: posts small blind $1
YourMother66: is sitting out
ABATAPP: posts big blind $3
*** HOLE CARDS ***
AppelMoesje: raises $3 to $6
ABATAPP: calls $3
*** FLOP *** [6c Ah 5c]
ABATAPP: checks
AppelMoesje: bets $3
ABATAPP: calls $3
*** TURN *** [6c Ah 5c] [7s]
jestanie leaves the table
ABATAPP: checks
AppelMoesje: checks
*** RIVER *** [6c Ah 5c 7s] [9c]
ABATAPP: bets $6
AppelMoesje: raises $6 to $12
ABATAPP: folds
Uncalled bet ($6) returned to AppelMoesje
AppelMoesje collected $29.50 from pot
AppelMoesje: doesn't show hand
*** SUMMARY ***
Total pot $30 | Rake $0.50
Board [6c Ah 5c 7s 9c]
Seat 2: AppelMoesje (button) (small blind) collected ($29.50)
Seat 5: ABATAPP (big blind) folded on the River


