PokerStars Hand #154291150051:  Hold'em Limit ($3/$6 USD) - 2016/06/04 16:04:29 ET
Table 'Sicilia' 10-max Seat #8 is the button
Seat 8: Pandakey ($120 in chips)
Seat 9: Scheubi88 ($120 in chips)
Pandakey: posts small blind $1
Scheubi88: posts big blind $3
*** HOLE CARDS ***
Pandakey: raises $3 to $6
Scheubi88: calls $3
*** FLOP *** [9h Kc 2d]
Scheubi88: checks
Pandakey: bets $3
Scheubi88: folds
Uncalled bet ($3) returned to Pandakey
Pandakey collected $11.76 from pot
Pandakey: doesn't show hand
*** SUMMARY ***
Total pot $12 | Rake $0.24
Board [9h Kc 2d]
Seat 8: Pandakey (button) (small blind) collected ($11.76)
Seat 9: Scheubi88 (big blind) folded on the Flop


PokerStars Hand #154291184645:  Hold'em Limit ($3/$6 USD) - 2016/06/04 16:05:10 ET
Table 'Sicilia' 10-max Seat #9 is the button
Seat 8: Pandakey ($122.76 in chips)
Seat 9: Scheubi88 ($116.76 in chips)
Scheubi88: posts small blind $1
Pandakey: posts big blind $3
*** HOLE CARDS ***
Scheubi88: raises $3 to $6
Pandakey: calls $3
*** FLOP *** [2d 5c Kc]
Pandakey: checks
Scheubi88: bets $3
Pandakey: calls $3
*** TURN *** [2d 5c Kc] [Qc]
Pandakey: checks
Scheubi88: checks
*** RIVER *** [2d 5c Kc Qc] [6s]
Pandakey: bets $6
Scheubi88: folds
Uncalled bet ($6) returned to Pandakey
Pandakey collected $17.64 from pot
Pandakey: doesn't show hand
*** SUMMARY ***
Total pot $18 | Rake $0.36
Board [2d 5c Kc Qc 6s]
Seat 8: Pandakey (big blind) collected ($17.64)
Seat 9: Scheubi88 (button) (small blind) folded on the River


PokerStars Hand #154291178070:  Hold'em Limit ($3/$6 USD) - 2016/06/04 16:05:02 ET
Table 'Sicilia' 10-max Seat #8 is the button
Seat 8: Pandakey ($119.76 in chips)
Seat 9: Scheubi88 ($119.76 in chips)
Pandakey: posts small blind $1
Scheubi88: posts big blind $3
*** HOLE CARDS ***
Pandakey: raises $3 to $6
Scheubi88: folds
Uncalled bet ($3) returned to Pandakey
Pandakey collected $6 from pot
Pandakey: doesn't show hand
*** SUMMARY ***
Total pot $6 | Rake $0
Seat 8: Pandakey (button) (small blind) collected ($6)
Seat 9: Scheubi88 (big blind) folded before Flop


PokerStars Hand #154291165108:  Hold'em Limit ($3/$6 USD) - 2016/06/04 16:04:47 ET
Table 'Sicilia' 10-max Seat #9 is the button
Seat 8: Pandakey ($125.76 in chips)
Seat 9: Scheubi88 ($114 in chips)
Scheubi88: posts small blind $1
Pandakey: posts big blind $3
*** HOLE CARDS ***
Scheubi88: raises $3 to $6
Pandakey: calls $3
*** FLOP *** [5h 9d Jd]
Pandakey: checks
Scheubi88: bets $3
Pandakey: folds
Uncalled bet ($3) returned to Scheubi88
Scheubi88 collected $11.76 from pot
*** SUMMARY ***
Total pot $12 | Rake $0.24
Board [5h 9d Jd]
Seat 8: Pandakey (big blind) folded on the Flop
Seat 9: Scheubi88 (button) (small blind) collected ($11.76)


PokerStars Hand #154291236774:  Hold'em Limit ($3/$6 USD) - 2016/06/04 16:06:13 ET
Table 'Sicilia' 10-max Seat #9 is the button
Seat 8: Pandakey ($108.40 in chips)
Seat 9: Scheubi88 ($129.80 in chips)
Scheubi88: posts small blind $1
Pandakey: posts big blind $3
*** HOLE CARDS ***
Scheubi88: folds
Uncalled bet ($2) returned to Pandakey
Pandakey collected $2 from pot
Pandakey: doesn't show hand
*** SUMMARY ***
Total pot $2 | Rake $0
Seat 8: Pandakey (big blind) collected ($2)
Seat 9: Scheubi88 (button) (small blind) folded before Flop


PokerStars Hand #154291217213:  Hold'em Limit ($3/$6 USD) - 2016/06/04 16:05:49 ET
Table 'Sicilia' 10-max Seat #9 is the button
Seat 8: Pandakey ($119.40 in chips)
Seat 9: Scheubi88 ($119.28 in chips)
Scheubi88: posts small blind $1
Pandakey: posts big blind $3
*** HOLE CARDS ***
Scheubi88: folds
Uncalled bet ($2) returned to Pandakey
Pandakey collected $2 from pot
Pandakey: doesn't show hand
*** SUMMARY ***
Total pot $2 | Rake $0
Seat 8: Pandakey (big blind) collected ($2)
Seat 9: Scheubi88 (button) (small blind) folded before Flop


PokerStars Hand #154291298983:  Hold'em Limit ($3/$6 USD) - 2016/06/04 16:07:28 ET
Table 'Sicilia' 10-max Seat #8 is the button
Seat 8: Pandakey ($152.82 in chips)
Seat 9: Scheubi88 ($83.80 in chips)
Pandakey: posts small blind $1
Scheubi88: posts big blind $3
*** HOLE CARDS ***
Pandakey: folds
Uncalled bet ($2) returned to Scheubi88
Scheubi88 collected $2 from pot
*** SUMMARY ***
Total pot $2 | Rake $0
Seat 8: Pandakey (button) (small blind) folded before Flop
Seat 9: Scheubi88 (big blind) collected ($2)


PokerStars Hand #154291286267:  Hold'em Limit ($3/$6 USD) - 2016/06/04 16:07:13 ET
Table 'Sicilia' 10-max Seat #9 is the button
Seat 8: Pandakey ($141.30 in chips)
Seat 9: Scheubi88 ($95.80 in chips)
Scheubi88: posts small blind $1
Pandakey: posts big blind $3
*** HOLE CARDS ***
Scheubi88: raises $3 to $6
Pandakey: raises $3 to $9
Scheubi88: calls $3
*** FLOP *** [Ah 5c 9d]
Pandakey: bets $3
Scheubi88: calls $3
*** TURN *** [Ah 5c 9d] [3d]
Pandakey: bets $6
Scheubi88: folds
Uncalled bet ($6) returned to Pandakey
Pandakey collected $23.52 from pot
Pandakey: doesn't show hand
*** SUMMARY ***
Total pot $24 | Rake $0.48
Board [Ah 5c 9d 3d]
Seat 8: Pandakey (big blind) collected ($23.52)
Seat 9: Scheubi88 (button) (small blind) folded on the Turn


PokerStars Hand #154291276238:  Hold'em Limit ($3/$6 USD) - 2016/06/04 16:07:01 ET
Table 'Sicilia' 10-max Seat #8 is the button
Seat 8: Pandakey ($135.54 in chips)
Seat 9: Scheubi88 ($101.80 in chips)
Pandakey: posts small blind $1
Scheubi88: posts big blind $3
*** HOLE CARDS ***
Pandakey: raises $3 to $6
Scheubi88: calls $3
*** FLOP *** [As 9s 8d]
Scheubi88: checks
Pandakey: bets $3
Scheubi88: folds
Uncalled bet ($3) returned to Pandakey
Pandakey collected $11.76 from pot
Pandakey: doesn't show hand
*** SUMMARY ***
Total pot $12 | Rake $0.24
Board [As 9s 8d]
Seat 8: Pandakey (button) (small blind) collected ($11.76)
Seat 9: Scheubi88 (big blind) folded on the Flop


PokerStars Hand #154291262332:  Hold'em Limit ($3/$6 USD) - 2016/06/04 16:06:44 ET
Table 'Sicilia' 10-max Seat #9 is the button
Seat 8: Pandakey ($126.90 in chips)
Seat 9: Scheubi88 ($110.80 in chips)
Scheubi88: posts small blind $1
Pandakey: posts big blind $3
*** HOLE CARDS ***
Scheubi88: raises $3 to $6
Pandakey: calls $3
*** FLOP *** [2c 6d 4s]
Pandakey: checks
Scheubi88: bets $3
Pandakey: calls $3
*** TURN *** [2c 6d 4s] [9h]
Pandakey: checks
Scheubi88: checks
*** RIVER *** [2c 6d 4s 9h] [Kd]
Pandakey: bets $6
Scheubi88: folds
Uncalled bet ($6) returned to Pandakey
Pandakey collected $17.64 from pot
Pandakey: doesn't show hand
*** SUMMARY ***
Total pot $18 | Rake $0.36
Board [2c 6d 4s 9h Kd]
Seat 8: Pandakey (big blind) collected ($17.64)
Seat 9: Scheubi88 (button) (small blind) folded on the River


PokerStars Hand #154291240723:  Hold'em Limit ($3/$6 USD) - 2016/06/04 16:06:18 ET
Table 'Sicilia' 10-max Seat #8 is the button
Seat 8: Pandakey ($109.40 in chips)
Seat 9: Scheubi88 ($128.80 in chips)
Pandakey: posts small blind $1
Scheubi88: posts big blind $3
*** HOLE CARDS ***
Pandakey: raises $3 to $6
Scheubi88: calls $3
*** FLOP *** [2d 8h 4d]
Scheubi88: checks
Pandakey: bets $3
Scheubi88: raises $3 to $6
Pandakey: calls $3
*** TURN *** [2d 8h 4d] [Td]
Scheubi88: bets $6
Pandakey: calls $6
*** RIVER *** [2d 8h 4d Td] [Qh]
Scheubi88: checks
Pandakey: bets $6
Scheubi88: folds
Uncalled bet ($6) returned to Pandakey
Pandakey collected $35.50 from pot
Pandakey: doesn't show hand
*** SUMMARY ***
Total pot $36 | Rake $0.50
Board [2d 8h 4d Td Qh]
Seat 8: Pandakey (button) (small blind) collected ($35.50)
Seat 9: Scheubi88 (big blind) folded on the River


PokerStars Hand #154291340311:  Hold'em Limit ($3/$6 USD) - 2016/06/04 16:08:18 ET
Table 'Sicilia' 10-max Seat #8 is the button
Seat 8: Pandakey ($201.46 in chips)
Seat 9: Scheubi88 ($33.80 in chips)
Pandakey: posts small blind $1
Scheubi88: posts big blind $3
*** HOLE CARDS ***
Pandakey: raises $3 to $6
Scheubi88: raises $3 to $9
Pandakey: calls $3
*** FLOP *** [6c Td Js]
Scheubi88: bets $3
Pandakey: calls $3
*** TURN *** [6c Td Js] [4d]
Scheubi88: bets $6
Pandakey: raises $6 to $12
Scheubi88: calls $6
*** RIVER *** [6c Td Js 4d] [Kh]
Scheubi88: checks
Pandakey: bets $6
Scheubi88: calls $6
*** SHOW DOWN ***
Pandakey: shows [4h 6s] (two pair, Sixes and Fours)
Scheubi88: mucks hand
Pandakey collected $59.50 from pot
*** SUMMARY ***
Total pot $60 | Rake $0.50
Board [6c Td Js 4d Kh]
Seat 8: Pandakey (button) (small blind) showed [4h 6s] and won ($59.50) with two pair, Sixes and Fours
Seat 9: Scheubi88 (big blind) mucked


PokerStars Hand #154291323339:  Hold'em Limit ($3/$6 USD) - 2016/06/04 16:07:58 ET
Table 'Sicilia' 10-max Seat #9 is the button
Seat 8: Pandakey ($177.96 in chips)
Seat 9: Scheubi88 ($57.80 in chips)
Scheubi88: posts small blind $1
Pandakey: posts big blind $3
*** HOLE CARDS ***
Scheubi88: raises $3 to $6
Pandakey: raises $3 to $9
Scheubi88: calls $3
*** FLOP *** [Ad Ah 3c]
Pandakey: bets $3
Scheubi88: calls $3
*** TURN *** [Ad Ah 3c] [6c]
Pandakey: bets $6
Scheubi88: calls $6
*** RIVER *** [Ad Ah 3c 6c] [2d]
Pandakey: bets $6
Scheubi88: calls $6
*** SHOW DOWN ***
Pandakey: shows [6s 4s] (two pair, Aces and Sixes)
Scheubi88: mucks hand
Pandakey collected $47.50 from pot
*** SUMMARY ***
Total pot $48 | Rake $0.50
Board [Ad Ah 3c 6c 2d]
Seat 8: Pandakey (big blind) showed [6s 4s] and won ($47.50) with two pair, Aces and Sixes
Seat 9: Scheubi88 (button) (small blind) mucked


PokerStars Hand #154291311975:  Hold'em Limit ($3/$6 USD) - 2016/06/04 16:07:44 ET
Table 'Sicilia' 10-max Seat #8 is the button
Seat 8: Pandakey ($160.46 in chips)
Seat 9: Scheubi88 ($75.80 in chips)
Pandakey: posts small blind $1
Scheubi88: posts big blind $3
*** HOLE CARDS ***
Pandakey: raises $3 to $6
Scheubi88: calls $3
*** FLOP *** [5d 3h 3c]
Scheubi88: checks
Pandakey: checks
*** TURN *** [5d 3h 3c] [Kd]
Scheubi88: bets $6
Pandakey: calls $6
*** RIVER *** [5d 3h 3c Kd] [7h]
Scheubi88: bets $6
Pandakey: calls $6
*** SHOW DOWN ***
Scheubi88: shows [Js 9d] (a pair of Threes)
Pandakey: shows [4s Qh] (a pair of Threes - King+Queen kicker)
Pandakey collected $35.50 from pot
*** SUMMARY ***
Total pot $36 | Rake $0.50
Board [5d 3h 3c Kd 7h]
Seat 8: Pandakey (button) (small blind) showed [4s Qh] and won ($35.50) with a pair of Threes
Seat 9: Scheubi88 (big blind) showed [Js 9d] and lost with a pair of Threes


PokerStars Hand #154291302688:  Hold'em Limit ($3/$6 USD) - 2016/06/04 16:07:33 ET
Table 'Sicilia' 10-max Seat #9 is the button
Seat 8: Pandakey ($151.82 in chips)
Seat 9: Scheubi88 ($84.80 in chips)
Scheubi88: posts small blind $1
Pandakey: posts big blind $3
*** HOLE CARDS ***
Scheubi88: raises $3 to $6
Pandakey: raises $3 to $9
Scheubi88: calls $3
*** FLOP *** [Ts 2h Kh]
Pandakey: bets $3
Scheubi88: folds
Uncalled bet ($3) returned to Pandakey
Pandakey collected $17.64 from pot
Pandakey: doesn't show hand
*** SUMMARY ***
Total pot $18 | Rake $0.36
Board [Ts 2h Kh]
Seat 8: Pandakey (big blind) collected ($17.64)
Seat 9: Scheubi88 (button) (small blind) folded on the Flop


PokerStars Hand #154291371844:  Hold'em Limit ($3/$6 USD) - 2016/06/04 16:08:56 ET
Table 'Sicilia' 10-max Seat #9 is the button
Seat 8: Pandakey ($233.72 in chips)
Seat 9: Scheubi88 ($60.80 in chips)
Scheubi88: posts small blind $1
Pandakey: posts big blind $3
*** HOLE CARDS ***
Scheubi88: raises $3 to $6
Pandakey: raises $3 to $9
Scheubi88: calls $3
*** FLOP *** [3d Jd 3h]
Pandakey: bets $3
Scheubi88: raises $3 to $6
Pandakey: calls $3
*** TURN *** [3d Jd 3h] [5c]
Pandakey: checks
Scheubi88: bets $6
Pandakey: calls $6
*** RIVER *** [3d Jd 3h 5c] [Kd]
Pandakey: checks
Scheubi88: bets $6
Pandakey: calls $6
*** SHOW DOWN ***
Scheubi88: shows [6c 8d] (a pair of Threes)
Pandakey: shows [Qd As] (a pair of Threes - Ace kicker)
Pandakey collected $53.50 from pot
*** SUMMARY ***
Total pot $54 | Rake $0.50
Board [3d Jd 3h 5c Kd]
Seat 8: Pandakey (big blind) showed [Qd As] and won ($53.50) with a pair of Threes
Seat 9: Scheubi88 (button) (small blind) showed [6c 8d] and lost with a pair of Threes


PokerStars Hand #154291363317:  Hold'em Limit ($3/$6 USD) - 2016/06/04 16:08:46 ET
Table 'Sicilia' 10-max Seat #8 is the button
Seat 8: Pandakey ($227.96 in chips)
Seat 9: Scheubi88 ($66.80 in chips)
Pandakey: posts small blind $1
Scheubi88: posts big blind $3
*** HOLE CARDS ***
Pandakey: raises $3 to $6
Scheubi88: calls $3
*** FLOP *** [Kc 8c 7d]
Scheubi88: checks
Pandakey: bets $3
Scheubi88: folds
Uncalled bet ($3) returned to Pandakey
Pandakey collected $11.76 from pot
Pandakey: doesn't show hand
*** SUMMARY ***
Total pot $12 | Rake $0.24
Board [Kc 8c 7d]
Seat 8: Pandakey (button) (small blind) collected ($11.76)
Seat 9: Scheubi88 (big blind) folded on the Flop


PokerStars Hand #154291357728:  Hold'em Limit ($3/$6 USD) - 2016/06/04 16:08:39 ET
Table 'Sicilia' 10-max Seat #9 is the button
Seat 8: Pandakey ($230.96 in chips)
Seat 9: Scheubi88 ($63.80 in chips)
Scheubi88: posts small blind $1
Pandakey: posts big blind $3
*** HOLE CARDS ***
Scheubi88: raises $3 to $6
Pandakey: folds
Uncalled bet ($3) returned to Scheubi88
Scheubi88 collected $6 from pot
*** SUMMARY ***
Total pot $6 | Rake $0
Seat 8: Pandakey (big blind) folded before Flop
Seat 9: Scheubi88 (button) (small blind) collected ($6)


PokerStars Hand #154291388066:  Hold'em Limit ($3/$6 USD) - 2016/06/04 16:09:16 ET
Table 'Sicilia' 10-max Seat #8 is the button
Seat 8: Pandakey ($260.22 in chips)
Seat 9: Scheubi88 ($33.80 in chips)
Pandakey: posts small blind $1
Scheubi88: posts big blind $3
*** HOLE CARDS ***
Pandakey: raises $3 to $6
Scheubi88: calls $3
*** FLOP *** [Kc Th Qd]
Scheubi88: checks
Pandakey: bets $3
Scheubi88: folds
Uncalled bet ($3) returned to Pandakey
Pandakey collected $11.76 from pot
Pandakey: doesn't show hand
*** SUMMARY ***
Total pot $12 | Rake $0.24
Board [Kc Th Qd]
Seat 8: Pandakey (button) (small blind) collected ($11.76)
Seat 9: Scheubi88 (big blind) folded on the Flop


PokerStars Hand #154291426642:  Hold'em Limit ($3/$6 USD) - 2016/06/04 16:10:03 ET
Table 'Sicilia' 10-max Seat #8 is the button
Seat 8: Pandakey ($255.50 in chips)
Seat 9: Scheubi88 ($37.30 in chips)
Pandakey: posts small blind $1
Scheubi88: posts big blind $3
*** HOLE CARDS ***
Pandakey: folds
Uncalled bet ($2) returned to Scheubi88
Scheubi88 collected $2 from pot
*** SUMMARY ***
Total pot $2 | Rake $0
Seat 8: Pandakey (button) (small blind) folded before Flop
Seat 9: Scheubi88 (big blind) collected ($2)


PokerStars Hand #154291414477:  Hold'em Limit ($3/$6 USD) - 2016/06/04 16:09:48 ET
Table 'Sicilia' 10-max Seat #9 is the button
Seat 8: Pandakey ($243.98 in chips)
Seat 9: Scheubi88 ($49.30 in chips)
Scheubi88: posts small blind $1
Pandakey: posts big blind $3
*** HOLE CARDS ***
Scheubi88: raises $3 to $6
Pandakey: calls $3
*** FLOP *** [Th Tc 9c]
Pandakey: checks
Scheubi88: bets $3
Pandakey: raises $3 to $6
Scheubi88: calls $3
*** TURN *** [Th Tc 9c] [Ad]
Pandakey: bets $6
Scheubi88: folds
Uncalled bet ($6) returned to Pandakey
Pandakey collected $23.52 from pot
Pandakey: doesn't show hand
*** SUMMARY ***
Total pot $24 | Rake $0.48
Board [Th Tc 9c Ad]
Seat 8: Pandakey (big blind) collected ($23.52)
Seat 9: Scheubi88 (button) (small blind) folded on the Turn


PokerStars Hand #154291448472:  Hold'em Limit ($3/$6 USD) - 2016/06/04 16:10:30 ET
Table 'Sicilia' 10-max Seat #8 is the button
Seat 8: Pandakey ($249.50 in chips)
Seat 9: Scheubi88 ($102.94 in chips)
Pandakey: posts small blind $1
Scheubi88: posts big blind $3
*** HOLE CARDS ***
Pandakey: raises $3 to $6
Scheubi88: folds
Uncalled bet ($3) returned to Pandakey
Pandakey collected $6 from pot
Pandakey: doesn't show hand
*** SUMMARY ***
Total pot $6 | Rake $0
Seat 8: Pandakey (button) (small blind) collected ($6)
Seat 9: Scheubi88 (big blind) folded before Flop


PokerStars Hand #154291410694:  Hold'em Limit ($3/$6 USD) - 2016/06/04 16:09:44 ET
Table 'Sicilia' 10-max Seat #8 is the button
Seat 8: Pandakey ($244.98 in chips)
Seat 9: Scheubi88 ($48.30 in chips)
Pandakey: posts small blind $1
Scheubi88: posts big blind $3
*** HOLE CARDS ***
Pandakey: folds
Uncalled bet ($2) returned to Scheubi88
Scheubi88 collected $2 from pot
*** SUMMARY ***
Total pot $2 | Rake $0
Seat 8: Pandakey (button) (small blind) folded before Flop
Seat 9: Scheubi88 (big blind) collected ($2)


PokerStars Hand #154291395166:  Hold'em Limit ($3/$6 USD) - 2016/06/04 16:09:25 ET
Table 'Sicilia' 10-max Seat #9 is the button
Seat 8: Pandakey ($265.98 in chips)
Seat 9: Scheubi88 ($27.80 in chips)
Scheubi88: posts small blind $1
Pandakey: posts big blind $3
*** HOLE CARDS ***
Scheubi88: raises $3 to $6
Pandakey: calls $3
*** FLOP *** [4c 3s 9s]
Pandakey: checks
Scheubi88: bets $3
Pandakey: calls $3
*** TURN *** [4c 3s 9s] [5s]
Pandakey: checks
Scheubi88: bets $6
Pandakey: calls $6
*** RIVER *** [4c 3s 9s 5s] [Ac]
Pandakey: checks
Scheubi88: bets $6
Pandakey: calls $6
*** SHOW DOWN ***
Scheubi88: shows [Ks Qs] (a flush, King high)
Pandakey: mucks hand
Scheubi88 collected $41.50 from pot
*** SUMMARY ***
Total pot $42 | Rake $0.50
Board [4c 3s 9s 5s Ac]
Seat 8: Pandakey (big blind) mucked
Seat 9: Scheubi88 (button) (small blind) showed [Ks Qs] and won ($41.50) with a flush, King high


PokerStars Hand #154291438535:  Hold'em Limit ($3/$6 USD) - 2016/06/04 16:10:18 ET
Table 'Sicilia' 10-max Seat #9 is the button
Seat 8: Pandakey ($258.50 in chips)
Seat 9: Scheubi88 ($94.30 in chips)
Scheubi88: posts small blind $1
Pandakey: posts big blind $3
*** HOLE CARDS ***
Scheubi88: raises $3 to $6
Pandakey: calls $3
*** FLOP *** [8h 3c 4s]
Pandakey: checks
Scheubi88: bets $3
Pandakey: calls $3
*** TURN *** [8h 3c 4s] [4c]
Pandakey: checks
Scheubi88: bets $6
Pandakey: folds
Uncalled bet ($6) returned to Scheubi88
Scheubi88 collected $17.64 from pot
*** SUMMARY ***
Total pot $18 | Rake $0.36
Board [8h 3c 4s 4c]
Seat 8: Pandakey (big blind) folded on the Turn
Seat 9: Scheubi88 (button) (small blind) collected ($17.64)


PokerStars Hand #154291433808:  Hold'em Limit ($3/$6 USD) - 2016/06/04 16:10:12 ET
Table 'Sicilia' 10-max Seat #8 is the button
Seat 8: Pandakey ($255.50 in chips)
Seat 9: Scheubi88 ($37.30 in chips)
Pandakey: posts small blind $1
Scheubi88: posts big blind $3
*** HOLE CARDS ***
Pandakey: raises $3 to $6
Scheubi88: folds
Uncalled bet ($3) returned to Pandakey
Pandakey collected $6 from pot
Pandakey: doesn't show hand
*** SUMMARY ***
Total pot $6 | Rake $0
Seat 8: Pandakey (button) (small blind) collected ($6)
Seat 9: Scheubi88 (big blind) folded before Flop


PokerStars Hand #154291430307:  Hold'em Limit ($3/$6 USD) - 2016/06/04 16:10:08 ET
Table 'Sicilia' 10-max Seat #9 is the button
Seat 8: Pandakey ($254.50 in chips)
Seat 9: Scheubi88 ($38.30 in chips)
Scheubi88: posts small blind $1
Pandakey: posts big blind $3
*** HOLE CARDS ***
Scheubi88: folds
Uncalled bet ($2) returned to Pandakey
Pandakey collected $2 from pot
Pandakey: doesn't show hand
*** SUMMARY ***
Total pot $2 | Rake $0
Seat 8: Pandakey (big blind) collected ($2)
Seat 9: Scheubi88 (button) (small blind) folded before Flop


PokerStars Hand #154291460542:  Hold'em Limit ($3/$6 USD) - 2016/06/04 16:10:38 ET
Table 'Sicilia' 10-max Seat #9 is the button
Seat 8: Pandakey ($252.50 in chips)
Seat 9: Scheubi88 ($99.94 in chips)
Scheubi88: posts small blind $1
Pandakey: posts big blind $3
*** HOLE CARDS ***
Scheubi88: folds
Uncalled bet ($2) returned to Pandakey
Pandakey collected $2 from pot
Pandakey: doesn't show hand
*** SUMMARY ***
Total pot $2 | Rake $0
Seat 8: Pandakey (big blind) collected ($2)
Seat 9: Scheubi88 (button) (small blind) folded before Flop


PokerStars Hand #154291473044:  Hold'em Limit ($3/$6 USD) - 2016/06/04 16:10:53 ET
Table 'Sicilia' 10-max Seat #8 is the button
Seat 8: Pandakey ($253.50 in chips)
Seat 9: Scheubi88 ($98.94 in chips)
Pandakey: posts small blind $1
Scheubi88: posts big blind $3
*** HOLE CARDS ***
Pandakey: raises $3 to $6
Scheubi88: calls $3
*** FLOP *** [Jc 9h Ts]
Scheubi88: bets $3
Pandakey: calls $3
*** TURN *** [Jc 9h Ts] [4h]
Scheubi88: bets $6
Pandakey: raises $6 to $12
Scheubi88: calls $6
*** RIVER *** [Jc 9h Ts 4h] [8c]
Scheubi88: checks
Pandakey: bets $6
Scheubi88: calls $6
*** SHOW DOWN ***
Pandakey: shows [7h Js] (a straight, Seven to Jack)
Scheubi88: mucks hand
Pandakey collected $53.50 from pot
*** SUMMARY ***
Total pot $54 | Rake $0.50
Board [Jc 9h Ts 4h 8c]
Seat 8: Pandakey (button) (small blind) showed [7h Js] and won ($53.50) with a straight, Seven to Jack
Seat 9: Scheubi88 (big blind) mucked


PokerStars Hand #154291519926:  Hold'em Limit ($3/$6 USD) - 2016/06/04 16:11:51 ET
Table 'Sicilia' 10-max Seat #8 is the button
Seat 8: Pandakey ($244 in chips)
Seat 9: Scheubi88 ($107.44 in chips)
Pandakey: posts small blind $1
Scheubi88: posts big blind $3
*** HOLE CARDS ***
Pandakey: raises $3 to $6
Scheubi88: raises $3 to $9
Pandakey: calls $3
*** FLOP *** [4s 2h 2s]
Scheubi88: bets $3
Pandakey: calls $3
*** TURN *** [4s 2h 2s] [5c]
Scheubi88: bets $6
Pandakey: folds
Uncalled bet ($6) returned to Scheubi88
Scheubi88 collected $23.52 from pot
*** SUMMARY ***
Total pot $24 | Rake $0.48
Board [4s 2h 2s 5c]
Seat 8: Pandakey (button) (small blind) folded on the Turn
Seat 9: Scheubi88 (big blind) collected ($23.52)


PokerStars Hand #154291538386:  Hold'em Limit ($3/$6 USD) - 2016/06/04 16:12:13 ET
Table 'Sicilia' 10-max Seat #8 is the button
Seat 8: Pandakey ($233 in chips)
Seat 9: Scheubi88 ($117.96 in chips)
Pandakey: posts small blind $1
Scheubi88: posts big blind $3
*** HOLE CARDS ***
Pandakey: raises $3 to $6
Scheubi88: raises $3 to $9
Pandakey: calls $3
*** FLOP *** [Kc Ah 2h]
Scheubi88: bets $3
Pandakey: calls $3
*** TURN *** [Kc Ah 2h] [4c]
Scheubi88: bets $6
Pandakey: raises $6 to $12
Scheubi88: calls $6
*** RIVER *** [Kc Ah 2h 4c] [2c]
Scheubi88: checks
Pandakey: checks
*** SHOW DOWN ***
Scheubi88: shows [Qc Qs] (two pair, Queens and Deuces)
Pandakey: mucks hand
Scheubi88 collected $47.50 from pot
*** SUMMARY ***
Total pot $48 | Rake $0.50
Board [Kc Ah 2h 4c 2c]
Seat 8: Pandakey (button) (small blind) mucked
Seat 9: Scheubi88 (big blind) showed [Qc Qs] and won ($47.50) with two pair, Queens and Deuces


PokerStars Hand #154291494247:  Hold'em Limit ($3/$6 USD) - 2016/06/04 16:11:20 ET
Table 'Sicilia' 10-max Seat #9 is the button
Seat 8: Pandakey ($280 in chips)
Seat 9: Scheubi88 ($71.94 in chips)
Scheubi88: posts small blind $1
Pandakey: posts big blind $3
*** HOLE CARDS ***
Scheubi88: raises $3 to $6
Pandakey: raises $3 to $9
Scheubi88: calls $3
*** FLOP *** [7h 8h 3d]
Pandakey: bets $3
Scheubi88: raises $3 to $6
Pandakey: raises $3 to $9
Scheubi88: calls $3
*** TURN *** [7h 8h 3d] [5h]
Pandakey: bets $6
Scheubi88: raises $6 to $12
Pandakey: calls $6
*** RIVER *** [7h 8h 3d 5h] [8s]
Pandakey: checks
Scheubi88: bets $6
Pandakey: calls $6
*** SHOW DOWN ***
Scheubi88: shows [6s 9d] (a straight, Five to Nine)
Pandakey: mucks hand
Scheubi88 collected $71.50 from pot
*** SUMMARY ***
Total pot $72 | Rake $0.50
Board [7h 8h 3d 5h 8s]
Seat 8: Pandakey (big blind) mucked
Seat 9: Scheubi88 (button) (small blind) showed [6s 9d] and won ($71.50) with a straight, Five to Nine


PokerStars Hand #154291533363:  Hold'em Limit ($3/$6 USD) - 2016/06/04 16:12:07 ET
Table 'Sicilia' 10-max Seat #9 is the button
Seat 8: Pandakey ($232 in chips)
Seat 9: Scheubi88 ($118.96 in chips)
Scheubi88: posts small blind $1
Pandakey: posts big blind $3
*** HOLE CARDS ***
Scheubi88: folds
Uncalled bet ($2) returned to Pandakey
Pandakey collected $2 from pot
Pandakey: doesn't show hand
*** SUMMARY ***
Total pot $2 | Rake $0
Seat 8: Pandakey (big blind) collected ($2)
Seat 9: Scheubi88 (button) (small blind) folded before Flop


PokerStars Hand #154291571107:  Hold'em Limit ($3/$6 USD) - 2016/06/04 16:12:53 ET
Table 'Sicilia' 10-max Seat #9 is the button
Seat 8: Pandakey ($202 in chips)
Seat 9: Scheubi88 ($148.22 in chips)
Scheubi88: posts small blind $1
Pandakey: posts big blind $3
*** HOLE CARDS ***
Scheubi88: raises $3 to $6
Pandakey: folds
Uncalled bet ($3) returned to Scheubi88
Scheubi88 collected $6 from pot
*** SUMMARY ***
Total pot $6 | Rake $0
Seat 8: Pandakey (big blind) folded before Flop
Seat 9: Scheubi88 (button) (small blind) collected ($6)


PokerStars Hand #154291567494:  Hold'em Limit ($3/$6 USD) - 2016/06/04 16:12:49 ET
Table 'Sicilia' 10-max Seat #8 is the button
Seat 8: Pandakey ($203 in chips)
Seat 9: Scheubi88 ($147.22 in chips)
Pandakey: posts small blind $1
Scheubi88: posts big blind $3
*** HOLE CARDS ***
Pandakey: folds
Uncalled bet ($2) returned to Scheubi88
Scheubi88 collected $2 from pot
*** SUMMARY ***
Total pot $2 | Rake $0
Seat 8: Pandakey (button) (small blind) folded before Flop
Seat 9: Scheubi88 (big blind) collected ($2)


PokerStars Hand #154291559832:  Hold'em Limit ($3/$6 USD) - 2016/06/04 16:12:39 ET
Table 'Sicilia' 10-max Seat #9 is the button
Seat 8: Pandakey ($209 in chips)
Seat 9: Scheubi88 ($141.46 in chips)
Scheubi88: posts small blind $1
Pandakey: posts big blind $3
*** HOLE CARDS ***
Scheubi88: raises $3 to $6
Pandakey: calls $3
*** FLOP *** [Ah Ac Kh]
Pandakey: checks
Scheubi88: bets $3
Pandakey: folds
Uncalled bet ($3) returned to Scheubi88
Scheubi88 collected $11.76 from pot
*** SUMMARY ***
Total pot $12 | Rake $0.24
Board [Ah Ac Kh]
Seat 8: Pandakey (big blind) folded on the Flop
Seat 9: Scheubi88 (button) (small blind) collected ($11.76)


PokerStars Hand #154291577745:  Hold'em Limit ($3/$6 USD) - 2016/06/04 16:13:01 ET
Table 'Sicilia' 10-max Seat #8 is the button
Seat 8: Pandakey ($199 in chips)
Seat 9: Scheubi88 ($151.22 in chips)
Pandakey: posts small blind $1
Scheubi88: posts big blind $3
*** HOLE CARDS ***
Pandakey: raises $3 to $6
Scheubi88: calls $3
*** FLOP *** [Jd Js 4s]
Scheubi88: checks
Pandakey: bets $3
Scheubi88: folds
Uncalled bet ($3) returned to Pandakey
Pandakey collected $11.76 from pot
Pandakey: doesn't show hand
*** SUMMARY ***
Total pot $12 | Rake $0.24
Board [Jd Js 4s]
Seat 8: Pandakey (button) (small blind) collected ($11.76)
Seat 9: Scheubi88 (big blind) folded on the Flop


PokerStars Hand #154291584850:  Hold'em Limit ($3/$6 USD) - 2016/06/04 16:13:10 ET
Table 'Sicilia' 10-max Seat #9 is the button
Seat 8: Pandakey ($204.76 in chips)
Seat 9: Scheubi88 ($145.22 in chips)
Scheubi88: posts small blind $1
Pandakey: posts big blind $3
*** HOLE CARDS ***
Scheubi88: raises $3 to $6
Pandakey: folds
Uncalled bet ($3) returned to Scheubi88
Scheubi88 collected $6 from pot
*** SUMMARY ***
Total pot $6 | Rake $0
Seat 8: Pandakey (big blind) folded before Flop
Seat 9: Scheubi88 (button) (small blind) collected ($6)


PokerStars Hand #154291590047:  Hold'em Limit ($3/$6 USD) - 2016/06/04 16:13:16 ET
Table 'Sicilia' 10-max Seat #8 is the button
Seat 8: Pandakey ($201.76 in chips)
Seat 9: Scheubi88 ($148.22 in chips)
Pandakey: posts small blind $1
Scheubi88: posts big blind $3
*** HOLE CARDS ***
Pandakey: raises $3 to $6
Scheubi88: calls $3
*** FLOP *** [7s 3h 4d]
Scheubi88: checks
Pandakey: bets $3
Scheubi88: calls $3
*** TURN *** [7s 3h 4d] [Ts]
Scheubi88: checks
Pandakey: checks
*** RIVER *** [7s 3h 4d Ts] [Tc]
Scheubi88: checks
Pandakey: checks
*** SHOW DOWN ***
Scheubi88: shows [9c Kc] (a pair of Tens)
Pandakey: shows [Js Ks] (a pair of Tens - King+Jack kicker)
Pandakey collected $17.64 from pot
*** SUMMARY ***
Total pot $18 | Rake $0.36
Board [7s 3h 4d Ts Tc]
Seat 8: Pandakey (button) (small blind) showed [Js Ks] and won ($17.64) with a pair of Tens
Seat 9: Scheubi88 (big blind) showed [9c Kc] and lost with a pair of Tens


PokerStars Hand #154291629245:  Hold'em Limit ($3/$6 USD) - 2016/06/04 16:14:04 ET
Table 'Sicilia' 10-max Seat #9 is the button
Seat 8: Pandakey ($185.40 in chips)
Seat 9: Scheubi88 ($163.72 in chips)
Scheubi88: posts small blind $1
Pandakey: posts big blind $3
*** HOLE CARDS ***
Scheubi88: raises $3 to $6
Pandakey: calls $3
*** FLOP *** [Ah 8h Th]
Pandakey: checks
Scheubi88: bets $3
Pandakey: calls $3
*** TURN *** [Ah 8h Th] [Js]
Pandakey: checks
Scheubi88: checks
*** RIVER *** [Ah 8h Th Js] [7d]
Pandakey: checks
Scheubi88: checks
*** SHOW DOWN ***
Pandakey: shows [4h Qc] (high card Ace)
Scheubi88: shows [3s 8s] (a pair of Eights)
Scheubi88 collected $17.64 from pot
*** SUMMARY ***
Total pot $18 | Rake $0.36
Board [Ah 8h Th Js 7d]
Seat 8: Pandakey (big blind) showed [4h Qc] and lost with high card Ace
Seat 9: Scheubi88 (button) (small blind) showed [3s 8s] and won ($17.64) with a pair of Eights


PokerStars Hand #154291604642:  Hold'em Limit ($3/$6 USD) - 2016/06/04 16:13:34 ET
Table 'Sicilia' 10-max Seat #9 is the button
Seat 8: Pandakey ($210.40 in chips)
Seat 9: Scheubi88 ($139.22 in chips)
Scheubi88: posts small blind $1
Pandakey: posts big blind $3
*** HOLE CARDS ***
Scheubi88: raises $3 to $6
Pandakey: raises $3 to $9
Scheubi88: calls $3
*** FLOP *** [4d 9c Td]
Pandakey: bets $3
Scheubi88: calls $3
*** TURN *** [4d 9c Td] [6h]
Pandakey: checks
Scheubi88: bets $6
Pandakey: calls $6
*** RIVER *** [4d 9c Td 6h] [5d]
Pandakey: checks
Scheubi88: bets $6
Pandakey: calls $6
*** SHOW DOWN ***
Scheubi88: shows [Tc Kh] (a pair of Tens)
Pandakey: mucks hand
Scheubi88 collected $47.50 from pot
*** SUMMARY ***
Total pot $48 | Rake $0.50
Board [4d 9c Td 6h 5d]
Seat 8: Pandakey (big blind) mucked
Seat 9: Scheubi88 (button) (small blind) showed [Tc Kh] and won ($47.50) with a pair of Tens


PokerStars Hand #154291625654:  Hold'em Limit ($3/$6 USD) - 2016/06/04 16:13:59 ET
Table 'Sicilia' 10-max Seat #8 is the button
Seat 8: Pandakey ($186.40 in chips)
Seat 9: Scheubi88 ($162.72 in chips)
Pandakey: posts small blind $1
Scheubi88: posts big blind $3
*** HOLE CARDS ***
Pandakey: folds
Uncalled bet ($2) returned to Scheubi88
Scheubi88 collected $2 from pot
*** SUMMARY ***
Total pot $2 | Rake $0
Seat 8: Pandakey (button) (small blind) folded before Flop
Seat 9: Scheubi88 (big blind) collected ($2)


PokerStars Hand #154291646895:  Hold'em Limit ($3/$6 USD) - 2016/06/04 16:14:25 ET
Table 'Sicilia' 10-max Seat #8 is the button
Seat 8: Pandakey ($176.40 in chips)
Seat 9: Scheubi88 ($172.36 in chips)
Pandakey: posts small blind $1
Scheubi88: posts big blind $3
*** HOLE CARDS ***
Pandakey: raises $3 to $6
Scheubi88: calls $3
*** FLOP *** [6c Th 2s]
Scheubi88: checks
Pandakey: bets $3
Scheubi88: folds
Uncalled bet ($3) returned to Pandakey
Pandakey collected $11.76 from pot
Pandakey: doesn't show hand
*** SUMMARY ***
Total pot $12 | Rake $0.24
Board [6c Th 2s]
Seat 8: Pandakey (button) (small blind) collected ($11.76)
Seat 9: Scheubi88 (big blind) folded on the Flop


PokerStars Hand #154291681792:  Hold'em Limit ($3/$6 USD) - 2016/06/04 16:15:07 ET
Table 'Sicilia' 10-max Seat #9 is the button
Seat 8: Pandakey ($167.16 in chips)
Seat 9: Scheubi88 ($180.86 in chips)
Scheubi88: posts small blind $1
Pandakey: posts big blind $3
*** HOLE CARDS ***
Scheubi88: raises $3 to $6
Pandakey: raises $3 to $9
Scheubi88: calls $3
*** FLOP *** [Jc 2s Th]
Pandakey: bets $3
Scheubi88: calls $3
*** TURN *** [Jc 2s Th] [3h]
Pandakey: checks
Scheubi88: bets $6
Pandakey: calls $6
*** RIVER *** [Jc 2s Th 3h] [Kd]
Pandakey: checks
Scheubi88: checks
*** SHOW DOWN ***
Pandakey: shows [As 7c] (high card Ace)
Scheubi88: shows [Tc 8c] (a pair of Tens)
Scheubi88 collected $35.50 from pot
*** SUMMARY ***
Total pot $36 | Rake $0.50
Board [Jc 2s Th 3h Kd]
Seat 8: Pandakey (big blind) showed [As 7c] and lost with high card Ace
Seat 9: Scheubi88 (button) (small blind) showed [Tc 8c] and won ($35.50) with a pair of Tens


PokerStars Hand #154291659767:  Hold'em Limit ($3/$6 USD) - 2016/06/04 16:14:41 ET
Table 'Sicilia' 10-max Seat #9 is the button
Seat 8: Pandakey ($182.16 in chips)
Seat 9: Scheubi88 ($166.36 in chips)
Scheubi88: posts small blind $1
Pandakey: posts big blind $3
*** HOLE CARDS ***
Scheubi88: raises $3 to $6
Pandakey: raises $3 to $9
Scheubi88: calls $3
*** FLOP *** [Tc 4s Qh]
Pandakey: bets $3
Scheubi88: calls $3
*** TURN *** [Tc 4s Qh] [5d]
Pandakey: bets $6
Scheubi88: raises $6 to $12
Pandakey: folds
Uncalled bet ($6) returned to Scheubi88
Scheubi88 collected $35.50 from pot
*** SUMMARY ***
Total pot $36 | Rake $0.50
Board [Tc 4s Qh 5d]
Seat 8: Pandakey (big blind) folded on the Turn
Seat 9: Scheubi88 (button) (small blind) collected ($35.50)


PokerStars Hand #154291674755:  Hold'em Limit ($3/$6 USD) - 2016/06/04 16:14:59 ET
Table 'Sicilia' 10-max Seat #8 is the button
Seat 8: Pandakey ($164.16 in chips)
Seat 9: Scheubi88 ($183.86 in chips)
Pandakey: posts small blind $1
Scheubi88: posts big blind $3
*** HOLE CARDS ***
Pandakey: raises $3 to $6
Scheubi88: folds
Uncalled bet ($3) returned to Pandakey
Pandakey collected $6 from pot
Pandakey: doesn't show hand
*** SUMMARY ***
Total pot $6 | Rake $0
Seat 8: Pandakey (button) (small blind) collected ($6)
Seat 9: Scheubi88 (big blind) folded before Flop


PokerStars Hand #154291695250:  Hold'em Limit ($3/$6 USD) - 2016/06/04 16:15:24 ET
Table 'Sicilia' 10-max Seat #8 is the button
Seat 8: Pandakey ($149.16 in chips)
Seat 9: Scheubi88 ($198.36 in chips)
Pandakey: posts small blind $1
Scheubi88: posts big blind $3
*** HOLE CARDS ***
Pandakey: raises $3 to $6
Scheubi88: calls $3
*** FLOP *** [4d Ad 3s]
Scheubi88: checks
Pandakey: bets $3
Scheubi88: folds
Uncalled bet ($3) returned to Pandakey
Pandakey collected $11.76 from pot
Pandakey: doesn't show hand
*** SUMMARY ***
Total pot $12 | Rake $0.24
Board [4d Ad 3s]
Seat 8: Pandakey (button) (small blind) collected ($11.76)
Seat 9: Scheubi88 (big blind) folded on the Flop


PokerStars Hand #154291702746:  Hold'em Limit ($3/$6 USD) - 2016/06/04 16:15:33 ET
Table 'Sicilia' 10-max Seat #9 is the button
Seat 8: Pandakey ($154.92 in chips)
Seat 9: Scheubi88 ($192.36 in chips)
Scheubi88: posts small blind $1
Pandakey: posts big blind $3
*** HOLE CARDS ***
Scheubi88: raises $3 to $6
Pandakey: raises $3 to $9
Scheubi88: calls $3
*** FLOP *** [Qc 3c Ts]
Pandakey: bets $3
Scheubi88: folds
Uncalled bet ($3) returned to Pandakey
Pandakey collected $17.64 from pot
Pandakey: doesn't show hand
*** SUMMARY ***
Total pot $18 | Rake $0.36
Board [Qc 3c Ts]
Seat 8: Pandakey (big blind) collected ($17.64)
Seat 9: Scheubi88 (button) (small blind) folded on the Flop


PokerStars Hand #154291731139:  Hold'em Limit ($3/$6 USD) - 2016/06/04 16:16:07 ET
Table 'Sicilia' 10-max Seat #8 is the button
Seat 8: Pandakey ($148.56 in chips)
Seat 9: Scheubi88 ($197.76 in chips)
Pandakey: posts small blind $1
Scheubi88: posts big blind $3
*** HOLE CARDS ***
Pandakey: raises $3 to $6
Scheubi88: calls $3
*** FLOP *** [3s 9s 5h]
Scheubi88: checks
Pandakey: checks
*** TURN *** [3s 9s 5h] [5s]
Scheubi88: bets $6
Pandakey: calls $6
*** RIVER *** [3s 9s 5h 5s] [Ah]
Scheubi88: bets $6
Pandakey: calls $6
*** SHOW DOWN ***
Scheubi88: shows [6d 8h] (a pair of Fives)
Pandakey: shows [7h 3h] (two pair, Fives and Threes)
Pandakey collected $35.50 from pot
*** SUMMARY ***
Total pot $36 | Rake $0.50
Board [3s 9s 5h 5s Ah]
Seat 8: Pandakey (button) (small blind) showed [7h 3h] and won ($35.50) with two pair, Fives and Threes
Seat 9: Scheubi88 (big blind) showed [6d 8h] and lost with a pair of Fives


PokerStars Hand #154291712066:  Hold'em Limit ($3/$6 USD) - 2016/06/04 16:15:44 ET
Table 'Sicilia' 10-max Seat #8 is the button
Seat 8: Pandakey ($163.56 in chips)
Seat 9: Scheubi88 ($183.36 in chips)
Pandakey: posts small blind $1
Scheubi88: posts big blind $3
*** HOLE CARDS ***
Pandakey: raises $3 to $6
Scheubi88: raises $3 to $9
Pandakey: calls $3
*** FLOP *** [4d Qh 3h]
Scheubi88: bets $3
Pandakey: folds
Uncalled bet ($3) returned to Scheubi88
Scheubi88 collected $17.64 from pot
*** SUMMARY ***
Total pot $18 | Rake $0.36
Board [4d Qh 3h]
Seat 8: Pandakey (button) (small blind) folded on the Flop
Seat 9: Scheubi88 (big blind) collected ($17.64)


PokerStars Hand #154291723970:  Hold'em Limit ($3/$6 USD) - 2016/06/04 16:15:59 ET
Table 'Sicilia' 10-max Seat #9 is the button
Seat 8: Pandakey ($154.56 in chips)
Seat 9: Scheubi88 ($192 in chips)
Scheubi88: posts small blind $1
Pandakey: posts big blind $3
*** HOLE CARDS ***
Scheubi88: raises $3 to $6
Pandakey: calls $3
*** FLOP *** [Jc 9h 3s]
Pandakey: checks
Scheubi88: bets $3
Pandakey: folds
Uncalled bet ($3) returned to Scheubi88
Scheubi88 collected $11.76 from pot
*** SUMMARY ***
Total pot $12 | Rake $0.24
Board [Jc 9h 3s]
Seat 8: Pandakey (big blind) folded on the Flop
Seat 9: Scheubi88 (button) (small blind) collected ($11.76)


PokerStars Hand #154291744116:  Hold'em Limit ($3/$6 USD) - 2016/06/04 16:16:23 ET
Table 'Sicilia' 10-max Seat #9 is the button
Seat 8: Pandakey ($166.06 in chips)
Seat 9: Scheubi88 ($179.76 in chips)
Scheubi88: posts small blind $1
Pandakey: posts big blind $3
*** HOLE CARDS ***
Scheubi88: raises $3 to $6
Pandakey: calls $3
*** FLOP *** [4h 8d 2d]
Pandakey: checks
Scheubi88: bets $3
Pandakey: calls $3
*** TURN *** [4h 8d 2d] [Ac]
Pandakey: checks
Scheubi88: bets $6
Pandakey: raises $6 to $12
Scheubi88: calls $6
*** RIVER *** [4h 8d 2d Ac] [7s]
Pandakey: bets $6
Scheubi88: calls $6
*** SHOW DOWN ***
Pandakey: shows [Ah 3h] (a pair of Aces)
Scheubi88: shows [Qh As] (a pair of Aces - Queen kicker)
Scheubi88 collected $53.50 from pot
*** SUMMARY ***
Total pot $54 | Rake $0.50
Board [4h 8d 2d Ac 7s]
Seat 8: Pandakey (big blind) showed [Ah 3h] and lost with a pair of Aces
Seat 9: Scheubi88 (button) (small blind) showed [Qh As] and won ($53.50) with a pair of Aces


PokerStars Hand #154291782402:  Hold'em Limit ($3/$6 USD) - 2016/06/04 16:17:09 ET
Table 'Sicilia' 10-max Seat #9 is the button
Seat 8: Pandakey ($149.70 in chips)
Seat 9: Scheubi88 ($195.26 in chips)
Scheubi88: posts small blind $1
Pandakey: posts big blind $3
*** HOLE CARDS ***
Scheubi88: raises $3 to $6
Pandakey: raises $3 to $9
Scheubi88: calls $3
*** FLOP *** [5d 9c 3s]
Pandakey: bets $3
Scheubi88: folds
Uncalled bet ($3) returned to Pandakey
Pandakey collected $17.64 from pot
Pandakey: doesn't show hand
*** SUMMARY ***
Total pot $18 | Rake $0.36
Board [5d 9c 3s]
Seat 8: Pandakey (big blind) collected ($17.64)
Seat 9: Scheubi88 (button) (small blind) folded on the Flop


PokerStars Hand #154291778574:  Hold'em Limit ($3/$6 USD) - 2016/06/04 16:17:05 ET
Table 'Sicilia' 10-max Seat #8 is the button
Seat 8: Pandakey ($146.70 in chips)
Seat 9: Scheubi88 ($198.26 in chips)
Pandakey: posts small blind $1
Scheubi88: posts big blind $3
*** HOLE CARDS ***
Pandakey: raises $3 to $6
Scheubi88: folds
Uncalled bet ($3) returned to Pandakey
Pandakey collected $6 from pot
Pandakey: doesn't show hand
*** SUMMARY ***
Total pot $6 | Rake $0
Seat 8: Pandakey (button) (small blind) collected ($6)
Seat 9: Scheubi88 (big blind) folded before Flop


PokerStars Hand #154291768852:  Hold'em Limit ($3/$6 USD) - 2016/06/04 16:16:53 ET
Table 'Sicilia' 10-max Seat #9 is the button
Seat 8: Pandakey ($138.06 in chips)
Seat 9: Scheubi88 ($207.26 in chips)
Scheubi88: posts small blind $1
Pandakey: posts big blind $3
*** HOLE CARDS ***
Scheubi88: raises $3 to $6
Pandakey: raises $3 to $9
Scheubi88: calls $3
*** FLOP *** [Kh Ts Kd]
Pandakey: bets $3
Scheubi88: folds
Uncalled bet ($3) returned to Pandakey
Pandakey collected $17.64 from pot
Pandakey: doesn't show hand
*** SUMMARY ***
Total pot $18 | Rake $0.36
Board [Kh Ts Kd]
Seat 8: Pandakey (big blind) collected ($17.64)
Seat 9: Scheubi88 (button) (small blind) folded on the Flop


PokerStars Hand #154291790037:  Hold'em Limit ($3/$6 USD) - 2016/06/04 16:17:19 ET
Table 'Sicilia' 10-max Seat #8 is the button
Seat 8: Pandakey ($158.34 in chips)
Seat 9: Scheubi88 ($186.26 in chips)
Pandakey: posts small blind $1
Scheubi88: posts big blind $3
*** HOLE CARDS ***
Pandakey: folds
Uncalled bet ($2) returned to Scheubi88
Scheubi88 collected $2 from pot
*** SUMMARY ***
Total pot $2 | Rake $0
Seat 8: Pandakey (button) (small blind) folded before Flop
Seat 9: Scheubi88 (big blind) collected ($2)


PokerStars Hand #154291765293:  Hold'em Limit ($3/$6 USD) - 2016/06/04 16:16:49 ET
Table 'Sicilia' 10-max Seat #8 is the button
Seat 8: Pandakey ($139.06 in chips)
Seat 9: Scheubi88 ($206.26 in chips)
Pandakey: posts small blind $1
Scheubi88: posts big blind $3
*** HOLE CARDS ***
Pandakey: folds
Uncalled bet ($2) returned to Scheubi88
Scheubi88 collected $2 from pot
*** SUMMARY ***
Total pot $2 | Rake $0
Seat 8: Pandakey (button) (small blind) folded before Flop
Seat 9: Scheubi88 (big blind) collected ($2)


PokerStars Hand #154291793577:  Hold'em Limit ($3/$6 USD) - 2016/06/04 16:17:23 ET
Table 'Sicilia' 10-max Seat #9 is the button
Seat 8: Pandakey ($157.34 in chips)
Seat 9: Scheubi88 ($187.26 in chips)
Scheubi88: posts small blind $1
Pandakey: posts big blind $3
*** HOLE CARDS ***
Scheubi88: raises $3 to $6
Pandakey: raises $3 to $9
Scheubi88: calls $3
*** FLOP *** [3d Jd As]
Pandakey: bets $3
Scheubi88: calls $3
*** TURN *** [3d Jd As] [2s]
Pandakey: checks
Scheubi88: bets $6
Pandakey: calls $6
*** RIVER *** [3d Jd As 2s] [Kc]
Pandakey: checks
Scheubi88: bets $6
Pandakey: raises $6 to $12
Scheubi88: raises $6 to $18
Pandakey: raises $6 to $24
Betting is capped
Scheubi88: calls $6
*** SHOW DOWN ***
Pandakey: shows [Td Qd] (a straight, Ten to Ace)
Scheubi88: mucks hand
Pandakey collected $83.50 from pot
*** SUMMARY ***
Total pot $84 | Rake $0.50
Board [3d Jd As 2s Kc]
Seat 8: Pandakey (big blind) showed [Td Qd] and won ($83.50) with a straight, Ten to Ace
Seat 9: Scheubi88 (button) (small blind) mucked


PokerStars Hand #154291840668:  Hold'em Limit ($3/$6 USD) - 2016/06/04 16:18:20 ET
Table 'Sicilia' 10-max Seat #8 is the button
Seat 8: Pandakey ($216.34 in chips)
Seat 9: Scheubi88 ($127.02 in chips)
Pandakey: posts small blind $1
Scheubi88: posts big blind $3
*** HOLE CARDS ***
Pandakey: raises $3 to $6
Scheubi88: calls $3
*** FLOP *** [7h 6d 9c]
Scheubi88: checks
Pandakey: checks
*** TURN *** [7h 6d 9c] [2s]
Scheubi88: bets $6
Pandakey: folds
Uncalled bet ($6) returned to Scheubi88
Scheubi88 collected $11.76 from pot
*** SUMMARY ***
Total pot $12 | Rake $0.24
Board [7h 6d 9c 2s]
Seat 8: Pandakey (button) (small blind) folded on the Turn
Seat 9: Scheubi88 (big blind) collected ($11.76)


PokerStars Hand #154291815835:  Hold'em Limit ($3/$6 USD) - 2016/06/04 16:17:50 ET
Table 'Sicilia' 10-max Seat #8 is the button
Seat 8: Pandakey ($198.84 in chips)
Seat 9: Scheubi88 ($145.26 in chips)
Pandakey: posts small blind $1
Scheubi88: posts big blind $3
*** HOLE CARDS ***
Pandakey: raises $3 to $6
Scheubi88: calls $3
*** FLOP *** [6h 7s Jc]
Scheubi88: checks
Pandakey: bets $3
Scheubi88: raises $3 to $6
Pandakey: calls $3
*** TURN *** [6h 7s Jc] [8s]
Scheubi88: bets $6
Pandakey: calls $6
*** RIVER *** [6h 7s Jc 8s] [Kc]
Scheubi88: checks
Pandakey: bets $6
Scheubi88: calls $6
*** SHOW DOWN ***
Pandakey: shows [Td Ts] (a pair of Tens)
Scheubi88: mucks hand
Pandakey collected $47.50 from pot
*** SUMMARY ***
Total pot $48 | Rake $0.50
Board [6h 7s Jc 8s Kc]
Seat 8: Pandakey (button) (small blind) showed [Td Ts] and won ($47.50) with a pair of Tens
Seat 9: Scheubi88 (big blind) mucked


PokerStars Hand #154291831937:  Hold'em Limit ($3/$6 USD) - 2016/06/04 16:18:09 ET
Table 'Sicilia' 10-max Seat #9 is the button
Seat 8: Pandakey ($222.34 in chips)
Seat 9: Scheubi88 ($121.26 in chips)
Scheubi88: posts small blind $1
Pandakey: posts big blind $3
*** HOLE CARDS ***
Scheubi88: raises $3 to $6
Pandakey: calls $3
*** FLOP *** [Ad 9d 2d]
Pandakey: checks
Scheubi88: bets $3
Pandakey: folds
Uncalled bet ($3) returned to Scheubi88
Scheubi88 collected $11.76 from pot
*** SUMMARY ***
Total pot $12 | Rake $0.24
Board [Ad 9d 2d]
Seat 8: Pandakey (big blind) folded on the Flop
Seat 9: Scheubi88 (button) (small blind) collected ($11.76)


PokerStars Hand #154291850188:  Hold'em Limit ($3/$6 USD) - 2016/06/04 16:18:31 ET
Table 'Sicilia' 10-max Seat #9 is the button
Seat 8: Pandakey ($210.34 in chips)
Seat 9: Scheubi88 ($132.78 in chips)
Scheubi88: posts small blind $1
Pandakey: posts big blind $3
*** HOLE CARDS ***
Scheubi88: raises $3 to $6
Pandakey: calls $3
*** FLOP *** [Qs 9s 9d]
Pandakey: checks
Scheubi88: bets $3
Pandakey: folds
Uncalled bet ($3) returned to Scheubi88
Scheubi88 collected $11.76 from pot
*** SUMMARY ***
Total pot $12 | Rake $0.24
Board [Qs 9s 9d]
Seat 8: Pandakey (big blind) folded on the Flop
Seat 9: Scheubi88 (button) (small blind) collected ($11.76)


PokerStars Hand #154291856901:  Hold'em Limit ($3/$6 USD) - 2016/06/04 16:18:40 ET
Table 'Sicilia' 10-max Seat #8 is the button
Seat 8: Pandakey ($204.34 in chips)
Seat 9: Scheubi88 ($138.54 in chips)
Pandakey: posts small blind $1
Scheubi88: posts big blind $3
*** HOLE CARDS ***
Pandakey: raises $3 to $6
Scheubi88: calls $3
*** FLOP *** [8h 7h 5h]
Scheubi88: checks
Pandakey: bets $3
Scheubi88: calls $3
*** TURN *** [8h 7h 5h] [Ad]
Scheubi88: checks
Pandakey: bets $6
Scheubi88: folds
Uncalled bet ($6) returned to Pandakey
Pandakey collected $17.64 from pot
Pandakey: doesn't show hand
*** SUMMARY ***
Total pot $18 | Rake $0.36
Board [8h 7h 5h Ad]
Seat 8: Pandakey (button) (small blind) collected ($17.64)
Seat 9: Scheubi88 (big blind) folded on the Turn


PokerStars Hand #154291866925:  Hold'em Limit ($3/$6 USD) - 2016/06/04 16:18:52 ET
Table 'Sicilia' 10-max Seat #9 is the button
Seat 8: Pandakey ($212.98 in chips)
Seat 9: Scheubi88 ($129.54 in chips)
Scheubi88: posts small blind $1
Pandakey: posts big blind $3
*** HOLE CARDS ***
Scheubi88: raises $3 to $6
Pandakey: raises $3 to $9
Scheubi88: calls $3
*** FLOP *** [5c Ac Qh]
Pandakey: bets $3
Scheubi88: folds
Uncalled bet ($3) returned to Pandakey
Pandakey collected $17.64 from pot
Pandakey: doesn't show hand
*** SUMMARY ***
Total pot $18 | Rake $0.36
Board [5c Ac Qh]
Seat 8: Pandakey (big blind) collected ($17.64)
Seat 9: Scheubi88 (button) (small blind) folded on the Flop


PokerStars Hand #154291878142:  Hold'em Limit ($3/$6 USD) - 2016/06/04 16:19:05 ET
Table 'Sicilia' 10-max Seat #8 is the button
Seat 8: Pandakey ($221.62 in chips)
Seat 9: Scheubi88 ($120.54 in chips)
Pandakey: posts small blind $1
Scheubi88: posts big blind $3
*** HOLE CARDS ***
Pandakey: raises $3 to $6
Scheubi88: raises $3 to $9
Pandakey: calls $3
*** FLOP *** [5d Th 7s]
Scheubi88: bets $3
Alan The For joins the table at seat #5
Pandakey: calls $3
*** TURN *** [5d Th 7s] [5c]
Scheubi88: bets $6
Pandakey: folds
Uncalled bet ($6) returned to Scheubi88
Scheubi88 collected $23.52 from pot
*** SUMMARY ***
Total pot $24 | Rake $0.48
Board [5d Th 7s 5c]
Seat 8: Pandakey (button) (small blind) folded on the Turn
Seat 9: Scheubi88 (big blind) collected ($23.52)


PokerStars Hand #154293852400:  Hold'em Limit ($3/$6 USD) - 2016/06/04 16:59:34 ET
Table 'Sicilia' 10-max Seat #10 is the button
Seat 3: ZinZar ($267.54 in chips)
Seat 10: gracetime ($61.15 in chips)
gracetime: posts small blind $1
ZinZar: posts big blind $3
*** HOLE CARDS ***
gracetime: folds
Uncalled bet ($2) returned to ZinZar
ZinZar collected $2 from pot
ZinZar: doesn't show hand
*** SUMMARY ***
Total pot $2 | Rake $0
Seat 3: ZinZar (big blind) collected ($2)
Seat 10: gracetime (button) (small blind) folded before Flop


PokerStars Hand #154293822508:  Hold'em Limit ($3/$6 USD) - 2016/06/04 16:58:47 ET
Table 'Sicilia' 10-max Seat #10 is the button
Seat 3: ZinZar ($250.04 in chips)
Seat 10: gracetime ($79.39 in chips)
gracetime: posts small blind $1
ZinZar: posts big blind $3
*** HOLE CARDS ***
gracetime: raises $3 to $6
ZinZar: calls $3
*** FLOP *** [Ah Ts Kc]
ZinZar: checks
gracetime: bets $3
ZinZar: folds
Uncalled bet ($3) returned to gracetime
gracetime collected $11.76 from pot
gracetime: doesn't show hand
*** SUMMARY ***
Total pot $12 | Rake $0.24
Board [Ah Ts Kc]
Seat 3: ZinZar (big blind) folded on the Flop
Seat 10: gracetime (button) (small blind) collected ($11.76)


PokerStars Hand #154293793816:  Hold'em Limit ($3/$6 USD) - 2016/06/04 16:58:03 ET
Table 'Sicilia' 10-max Seat #3 is the button
Seat 3: ZinZar ($226.54 in chips)
Seat 10: gracetime ($103.39 in chips)
ZinZar: posts small blind $1
Strikelin: is sitting out
gracetime: posts big blind $3
*** HOLE CARDS ***
ZinZar: raises $3 to $6
gracetime: calls $3
*** FLOP *** [7s 9s 3c]
gracetime: checks
Strikelin leaves the table
ZinZar: bets $3
gracetime: raises $3 to $6
ZinZar: calls $3
*** TURN *** [7s 9s 3c] [Ts]
gracetime: bets $6
ZinZar: calls $6
*** RIVER *** [7s 9s 3c Ts] [Jc]
gracetime: checks
ZinZar: bets $6
gracetime: calls $6
*** SHOW DOWN ***
ZinZar: shows [8d As] (a straight, Seven to Jack)
gracetime: mucks hand
ZinZar collected $47.50 from pot
*** SUMMARY ***
Total pot $48 | Rake $0.50
Board [7s 9s 3c Ts Jc]
Seat 3: ZinZar (button) (small blind) showed [8d As] and won ($47.50) with a straight, Seven to Jack
Seat 10: gracetime (big blind) mucked


PokerStars Hand #154293832424:  Hold'em Limit ($3/$6 USD) - 2016/06/04 16:59:03 ET
Table 'Sicilia' 10-max Seat #3 is the button
Seat 3: ZinZar ($244.04 in chips)
Seat 10: gracetime ($85.15 in chips)
ZinZar: posts small blind $1
gracetime: posts big blind $3
*** HOLE CARDS ***
ZinZar: raises $3 to $6
gracetime: raises $3 to $9
ZinZar: calls $3
*** FLOP *** [Th Qc 2s]
gracetime: bets $3
ZinZar: calls $3
*** TURN *** [Th Qc 2s] [6c]
gracetime: bets $6
ZinZar: calls $6
*** RIVER *** [Th Qc 2s 6c] [Ts]
gracetime: bets $6
ZinZar: calls $6
*** SHOW DOWN ***
gracetime: shows [7c Jc] (a pair of Tens)
ZinZar: shows [Qh 9d] (two pair, Queens and Tens)
ZinZar collected $47.50 from pot
*** SUMMARY ***
Total pot $48 | Rake $0.50
Board [Th Qc 2s 6c Ts]
Seat 3: ZinZar (button) (small blind) showed [Qh 9d] and won ($47.50) with two pair, Queens and Tens
Seat 10: gracetime (big blind) showed [7c Jc] and lost with a pair of Tens


