PokerStars Hand #165610810024:  Hold'em Limit ($3/$6 USD) - 2017/02/03 9:48:57 ET
Table 'Sicilia' 6-max Seat #6 is the button
Seat 5: sim5sim5 ($72 in chips)
Seat 6: craaa ($120 in chips)
craaa: posts small blind $1
sim5sim5: posts big blind $3
*** HOLE CARDS ***
craaa: folds
Uncalled bet ($2) returned to sim5sim5
sim5sim5 collected $2 from pot
sim5sim5: doesn't show hand
*** SUMMARY ***
Total pot $2 | Rake $0
Seat 5: sim5sim5 (big blind) collected ($2)
Seat 6: craaa (button) (small blind) folded before Flop


PokerStars Hand #165610915056:  Hold'em Limit ($3/$6 USD) - 2017/02/03 9:51:28 ET
Table 'Sicilia' 6-max Seat #6 is the button
Seat 1: koongen ($53 in chips)
Seat 6: craaa ($105.52 in chips)
craaa: posts small blind $1
koongen: posts big blind $3
*** HOLE CARDS ***
craaa: folds
Uncalled bet ($2) returned to koongen
koongen collected $2 from pot
koongen: doesn't show hand
*** SUMMARY ***
Total pot $2 | Rake $0
Seat 1: koongen (big blind) collected ($2)
Seat 6: craaa (button) (small blind) folded before Flop


PokerStars Hand #165610909878:  Hold'em Limit ($3/$6 USD) - 2017/02/03 9:51:21 ET
Table 'Sicilia' 6-max Seat #1 is the button
Seat 1: koongen ($50 in chips)
Seat 6: craaa ($108.52 in chips)
koongen: posts small blind $1
sim5sim5: is sitting out
craaa: posts big blind $3
*** HOLE CARDS ***
DePokeraap joins the table at seat #3
koongen: raises $3 to $6
craaa: folds
Uncalled bet ($3) returned to koongen
koongen collected $6 from pot
koongen: doesn't show hand
*** SUMMARY ***
Total pot $6 | Rake $0
Seat 1: koongen (button) (small blind) collected ($6)
Seat 6: craaa (big blind) folded before Flop


PokerStars Hand #165610943943:  Hold'em Limit ($3/$6 USD) - 2017/02/03 9:52:10 ET
Table 'Sicilia' 6-max Seat #6 is the button
Seat 3: DePokeraap ($90 in chips)
Seat 6: craaa ($113.95 in chips)
craaa: posts small blind $1
DePokeraap: posts big blind $3
*** HOLE CARDS ***
koongen leaves the table
ManicSmokey joins the table at seat #5
craaa: raises $3 to $6
DePokeraap: calls $3
*** FLOP *** [Td 6c Jc]
DePokeraap: checks
craaa: bets $3
DePokeraap: calls $3
*** TURN *** [Td 6c Jc] [7h]
ManicSmokey leaves the table
DePokeraap: bets $6
craaa: folds
Uncalled bet ($6) returned to DePokeraap
DePokeraap collected $17.64 from pot
*** SUMMARY ***
Total pot $18 | Rake $0.36
Board [Td 6c Jc 7h]
Seat 3: DePokeraap (big blind) collected ($17.64)
Seat 6: craaa (button) (small blind) folded on the Turn


