PokerStars Hand #145230622172:  Hold'em Limit ($3/$6 USD) - 2015/12/12 11:48:44 ET
Table 'Sicilia' 6-max Seat #2 is the button
Seat 1: balrog25 ($185.76 in chips)
Seat 2: TinaTurner72 ($78 in chips)
TinaTurner72: posts small blind $1
balrog25: posts big blind $3
*** HOLE CARDS ***
TinaTurner72: raises $3 to $6
balrog25: calls $3
*** FLOP *** [9h Ac Ad]
balrog25: checks
TinaTurner72: bets $3
balrog25: folds
Uncalled bet ($3) returned to TinaTurner72
TinaTurner72 collected $11.76 from pot
TinaTurner72: doesn't show hand
*** SUMMARY ***
Total pot $12 | Rake $0.24
Board [9h Ac Ad]
Seat 1: balrog25 (big blind) folded on the Flop
Seat 2: TinaTurner72 (button) (small blind) collected ($11.76)


PokerStars Hand #145230640335:  Hold'em Limit ($3/$6 USD) - 2015/12/12 11:49:07 ET
Table 'Sicilia' 6-max Seat #1 is the button
Seat 1: balrog25 ($179.76 in chips)
Seat 2: TinaTurner72 ($83.76 in chips)
balrog25: posts small blind $1
TinaTurner72: posts big blind $3
*** HOLE CARDS ***
balrog25: raises $3 to $6
TinaTurner72: calls $3
*** FLOP *** [6s 2s 6h]
TinaTurner72: checks
balrog25: bets $3
TinaTurner72: folds
Uncalled bet ($3) returned to balrog25
balrog25 collected $11.76 from pot
balrog25: doesn't show hand
*** SUMMARY ***
Total pot $12 | Rake $0.24
Board [6s 2s 6h]
Seat 1: balrog25 (button) (small blind) collected ($11.76)
Seat 2: TinaTurner72 (big blind) folded on the Flop


