PokerStars Hand #167685478874:  Hold'em Limit ($3/$6 USD) - 2017/03/16 18:54:59 ET
Table 'Sidonia' 6-max Seat #6 is the button
Seat 5: degs311 ($306.54 in chips)
Seat 6: GRAILKO ($167.32 in chips)
GRAILKO: posts small blind $1
degs311: posts big blind $3
*** HOLE CARDS ***
GRAILKO: raises $3 to $6
degs311: raises $3 to $9
GRAILKO: calls $3
*** FLOP *** [3c 5s Js]
degs311: bets $3
GRAILKO: folds
Uncalled bet ($3) returned to degs311
degs311 collected $17.64 from pot
degs311: doesn't show hand
*** SUMMARY ***
Total pot $18 | Rake $0.36
Board [3c 5s Js]
Seat 5: degs311 (big blind) collected ($17.64)
Seat 6: GRAILKO (button) (small blind) folded on the Flop


PokerStars Hand #167685554221:  Hold'em Limit ($3/$6 USD) - 2017/03/16 18:57:00 ET
Table 'Sidonia' 6-max Seat #6 is the button
Seat 3: lexishake ($485.23 in chips)
Seat 6: GRAILKO ($181.82 in chips)
GRAILKO: posts small blind $1
lexishake: posts big blind $3
*** HOLE CARDS ***
GRAILKO: folds
Uncalled bet ($2) returned to lexishake
lexishake collected $2 from pot
*** SUMMARY ***
Total pot $2 | Rake $0
Seat 3: lexishake (big blind) collected ($2)
Seat 6: GRAILKO (button) (small blind) folded before Flop


PokerStars Hand #167685542045:  Hold'em Limit ($3/$6 USD) - 2017/03/16 18:56:40 ET
Table 'Sidonia' 6-max Seat #3 is the button
Seat 3: lexishake ($509.23 in chips)
Seat 6: GRAILKO ($158.32 in chips)
lexishake: posts small blind $1
GRAILKO: posts big blind $3
*** HOLE CARDS ***
lexishake: calls $2
GRAILKO: checks
*** FLOP *** [2c 9d Tc]
GRAILKO: bets $3
lexishake: calls $3
*** TURN *** [2c 9d Tc] [2d]
GRAILKO: bets $6
lexishake: calls $6
*** RIVER *** [2c 9d Tc 2d] [Ac]
GRAILKO: bets $6
lexishake: raises $6 to $12
GRAILKO: calls $6
*** SHOW DOWN ***
lexishake: shows [Ah Jh] (two pair, Aces and Deuces)
GRAILKO: shows [6d 2h] (three of a kind, Deuces)
GRAILKO collected $47.50 from pot
*** SUMMARY ***
Total pot $48 | Rake $0.50
Board [2c 9d Tc 2d Ac]
Seat 3: lexishake (button) (small blind) showed [Ah Jh] and lost with two pair, Aces and Deuces
Seat 6: GRAILKO (big blind) showed [6d 2h] and won ($47.50) with three of a kind, Deuces


PokerStars Hand #167685557244:  Hold'em Limit ($3/$6 USD) - 2017/03/16 18:57:04 ET
Table 'Sidonia' 6-max Seat #3 is the button
Seat 3: lexishake ($486.23 in chips)
Seat 6: GRAILKO ($180.82 in chips)
lexishake: posts small blind $1
GRAILKO: posts big blind $3
*** HOLE CARDS ***
lexishake: calls $2
GRAILKO: raises $3 to $6
lexishake: calls $3
*** FLOP *** [8c 5d 8d]
GRAILKO: bets $3
lexishake: raises $3 to $6
GRAILKO: calls $3
*** TURN *** [8c 5d 8d] [3d]
GRAILKO: checks
lexishake: checks
*** RIVER *** [8c 5d 8d 3d] [9d]
GRAILKO: checks
lexishake: bets $6
GRAILKO: calls $6
*** SHOW DOWN ***
lexishake: shows [Kh Qd] (a flush, Queen high)
GRAILKO: mucks hand
lexishake collected $35.50 from pot
*** SUMMARY ***
Total pot $36 | Rake $0.50
Board [8c 5d 8d 3d 9d]
Seat 3: lexishake (button) (small blind) showed [Kh Qd] and won ($35.50) with a flush, Queen high
Seat 6: GRAILKO (big blind) mucked


PokerStars Hand #167685570434:  Hold'em Limit ($3/$6 USD) - 2017/03/16 18:57:25 ET
Table 'Sidonia' 6-max Seat #6 is the button
Seat 3: lexishake ($503.73 in chips)
Seat 6: GRAILKO ($162.82 in chips)
GRAILKO: posts small blind $1
lexishake: posts big blind $3
*** HOLE CARDS ***
GRAILKO: raises $3 to $6
lexishake: calls $3
*** FLOP *** [3s 3h 8c]
lexishake: checks
GRAILKO: bets $3
lexishake: calls $3
*** TURN *** [3s 3h 8c] [Ah]
lexishake: checks
GRAILKO: bets $6
lexishake: folds
Uncalled bet ($6) returned to GRAILKO
GRAILKO collected $17.64 from pot
GRAILKO: doesn't show hand
*** SUMMARY ***
Total pot $18 | Rake $0.36
Board [3s 3h 8c Ah]
Seat 3: lexishake (big blind) folded on the Turn
Seat 6: GRAILKO (button) (small blind) collected ($17.64)


PokerStars Hand #167685580166:  Hold'em Limit ($3/$6 USD) - 2017/03/16 18:57:41 ET
Table 'Sidonia' 6-max Seat #3 is the button
Seat 3: lexishake ($494.73 in chips)
Seat 6: GRAILKO ($171.46 in chips)
lexishake: posts small blind $1
GRAILKO: posts big blind $3
*** HOLE CARDS ***
lexishake: calls $2
GRAILKO: checks
*** FLOP *** [7d 3d 7h]
GRAILKO: bets $3
lexishake: calls $3
*** TURN *** [7d 3d 7h] [7c]
GRAILKO: bets $6
lexishake: calls $6
*** RIVER *** [7d 3d 7h 7c] [7s]
GRAILKO: checks
lexishake: bets $6
GRAILKO: folds
Uncalled bet ($6) returned to lexishake
lexishake collected $23.52 from pot
*** SUMMARY ***
Total pot $24 | Rake $0.48
Board [7d 3d 7h 7c 7s]
Seat 3: lexishake (button) (small blind) collected ($23.52)
Seat 6: GRAILKO (big blind) folded on the River


PokerStars Hand #167685592678:  Hold'em Limit ($3/$6 USD) - 2017/03/16 18:58:01 ET
Table 'Sidonia' 6-max Seat #6 is the button
Seat 3: lexishake ($506.25 in chips)
Seat 6: GRAILKO ($159.46 in chips)
GRAILKO: posts small blind $1
lexishake: posts big blind $3
*** HOLE CARDS ***
GRAILKO: folds
Uncalled bet ($2) returned to lexishake
lexishake collected $2 from pot
*** SUMMARY ***
Total pot $2 | Rake $0
Seat 3: lexishake (big blind) collected ($2)
Seat 6: GRAILKO (button) (small blind) folded before Flop


PokerStars Hand #167685608849:  Hold'em Limit ($3/$6 USD) - 2017/03/16 18:58:27 ET
Table 'Sidonia' 6-max Seat #6 is the button
Seat 3: lexishake ($521.75 in chips)
Seat 6: GRAILKO ($143.46 in chips)
GRAILKO: posts small blind $1
lexishake: posts big blind $3
*** HOLE CARDS ***
GRAILKO: folds
Uncalled bet ($2) returned to lexishake
lexishake collected $2 from pot
*** SUMMARY ***
Total pot $2 | Rake $0
Seat 3: lexishake (big blind) collected ($2)
Seat 6: GRAILKO (button) (small blind) folded before Flop


PokerStars Hand #167685596713:  Hold'em Limit ($3/$6 USD) - 2017/03/16 18:58:07 ET
Table 'Sidonia' 6-max Seat #3 is the button
Seat 3: lexishake ($507.25 in chips)
Seat 6: GRAILKO ($158.46 in chips)
lexishake: posts small blind $1
GRAILKO: posts big blind $3
*** HOLE CARDS ***
lexishake: calls $2
GRAILKO: raises $3 to $6
lexishake: calls $3
*** FLOP *** [6s 6d Kc]
GRAILKO: bets $3
lexishake: calls $3
*** TURN *** [6s 6d Kc] [6c]
GRAILKO: bets $6
lexishake: calls $6
*** RIVER *** [6s 6d Kc 6c] [Td]
GRAILKO: checks
lexishake: checks
*** SHOW DOWN ***
GRAILKO: shows [Qs 9s] (three of a kind, Sixes)
lexishake: shows [Qh Ah] (three of a kind, Sixes - Ace kicker)
lexishake collected $29.50 from pot
*** SUMMARY ***
Total pot $30 | Rake $0.50
Board [6s 6d Kc 6c Td]
Seat 3: lexishake (button) (small blind) showed [Qh Ah] and won ($29.50) with three of a kind, Sixes
Seat 6: GRAILKO (big blind) showed [Qs 9s] and lost with three of a kind, Sixes


PokerStars Hand #167685611962:  Hold'em Limit ($3/$6 USD) - 2017/03/16 18:58:32 ET
Table 'Sidonia' 6-max Seat #3 is the button
Seat 3: lexishake ($522.75 in chips)
Seat 6: GRAILKO ($142.46 in chips)
lexishake: posts small blind $1
GRAILKO: posts big blind $3
*** HOLE CARDS ***
lexishake: calls $2
GRAILKO: checks
*** FLOP *** [Qh 9h Qc]
GRAILKO: checks
lexishake: bets $3
GRAILKO: folds
Uncalled bet ($3) returned to lexishake
lexishake collected $5.88 from pot
*** SUMMARY ***
Total pot $6 | Rake $0.12
Board [Qh 9h Qc]
Seat 3: lexishake (button) (small blind) collected ($5.88)
Seat 6: GRAILKO (big blind) folded on the Flop


PokerStars Hand #167685619519:  Hold'em Limit ($3/$6 USD) - 2017/03/16 18:58:44 ET
Table 'Sidonia' 6-max Seat #6 is the button
Seat 3: lexishake ($525.63 in chips)
Seat 6: GRAILKO ($139.46 in chips)
GRAILKO: posts small blind $1
lexishake: posts big blind $3
*** HOLE CARDS ***
GRAILKO: folds
Uncalled bet ($2) returned to lexishake
lexishake collected $2 from pot
*** SUMMARY ***
Total pot $2 | Rake $0
Seat 3: lexishake (big blind) collected ($2)
Seat 6: GRAILKO (button) (small blind) folded before Flop


PokerStars Hand #167685622915:  Hold'em Limit ($3/$6 USD) - 2017/03/16 18:58:50 ET
Table 'Sidonia' 6-max Seat #3 is the button
Seat 3: lexishake ($526.63 in chips)
Seat 6: GRAILKO ($138.46 in chips)
lexishake: posts small blind $1
GRAILKO: posts big blind $3
*** HOLE CARDS ***
lexishake: calls $2
GRAILKO: raises $3 to $6
lexishake: calls $3
*** FLOP *** [Jd 5d Qh]
GRAILKO: bets $3
lexishake: calls $3
*** TURN *** [Jd 5d Qh] [Jh]
GRAILKO: bets $6
lexishake: calls $6
*** RIVER *** [Jd 5d Qh Jh] [8s]
GRAILKO: checks
lexishake: bets $6
GRAILKO: calls $6
*** SHOW DOWN ***
lexishake: shows [Jc 9d] (three of a kind, Jacks)
GRAILKO: mucks hand
lexishake collected $41.50 from pot
*** SUMMARY ***
Total pot $42 | Rake $0.50
Board [Jd 5d Qh Jh 8s]
Seat 3: lexishake (button) (small blind) showed [Jc 9d] and won ($41.50) with three of a kind, Jacks
Seat 6: GRAILKO (big blind) mucked


PokerStars Hand #167685633719:  Hold'em Limit ($3/$6 USD) - 2017/03/16 18:59:07 ET
Table 'Sidonia' 6-max Seat #6 is the button
Seat 3: lexishake ($547.13 in chips)
Seat 6: GRAILKO ($117.46 in chips)
GRAILKO: posts small blind $1
lexishake: posts big blind $3
*** HOLE CARDS ***
GRAILKO: raises $3 to $6
lexishake: raises $3 to $9
GRAILKO: calls $3
*** FLOP *** [Ks Jd 4c]
lexishake: bets $3
GRAILKO: folds
Uncalled bet ($3) returned to lexishake
lexishake collected $17.64 from pot
*** SUMMARY ***
Total pot $18 | Rake $0.36
Board [Ks Jd 4c]
Seat 3: lexishake (big blind) collected ($17.64)
Seat 6: GRAILKO (button) (small blind) folded on the Flop


PokerStars Hand #167685640188:  Hold'em Limit ($3/$6 USD) - 2017/03/16 18:59:18 ET
Table 'Sidonia' 6-max Seat #3 is the button
Seat 3: lexishake ($555.77 in chips)
Seat 6: GRAILKO ($108.46 in chips)
lexishake: posts small blind $1
GRAILKO: posts big blind $3
*** HOLE CARDS ***
lexishake: calls $2
GRAILKO: checks
*** FLOP *** [8s 6s 9s]
GRAILKO: bets $3
lexishake: calls $3
*** TURN *** [8s 6s 9s] [Qc]
GRAILKO: bets $6
lexishake: calls $6
*** RIVER *** [8s 6s 9s Qc] [7d]
GRAILKO: checks
lexishake: checks
*** SHOW DOWN ***
GRAILKO: shows [4d 6c] (a pair of Sixes)
lexishake: shows [Qh 5s] (a straight, Five to Nine)
lexishake collected $23.52 from pot
*** SUMMARY ***
Total pot $24 | Rake $0.48
Board [8s 6s 9s Qc 7d]
Seat 3: lexishake (button) (small blind) showed [Qh 5s] and won ($23.52) with a straight, Five to Nine
Seat 6: GRAILKO (big blind) showed [4d 6c] and lost with a pair of Sixes


PokerStars Hand #167685656639:  Hold'em Limit ($3/$6 USD) - 2017/03/16 18:59:44 ET
Table 'Sidonia' 6-max Seat #3 is the button
Seat 3: lexishake ($564.29 in chips)
Seat 6: GRAILKO ($99.46 in chips)
lexishake: posts small blind $1
GRAILKO: posts big blind $3
*** HOLE CARDS ***
lexishake: folds
Uncalled bet ($2) returned to GRAILKO
GRAILKO collected $2 from pot
GRAILKO: doesn't show hand
*** SUMMARY ***
Total pot $2 | Rake $0
Seat 3: lexishake (button) (small blind) folded before Flop
Seat 6: GRAILKO (big blind) collected ($2)


PokerStars Hand #167685659633:  Hold'em Limit ($3/$6 USD) - 2017/03/16 18:59:49 ET
Table 'Sidonia' 6-max Seat #6 is the button
Seat 3: lexishake ($563.29 in chips)
Seat 6: GRAILKO ($100.46 in chips)
GRAILKO: posts small blind $1
lexishake: posts big blind $3
*** HOLE CARDS ***
GRAILKO: raises $3 to $6
lexishake: folds
Uncalled bet ($3) returned to GRAILKO
GRAILKO collected $6 from pot
GRAILKO: doesn't show hand
*** SUMMARY ***
Total pot $6 | Rake $0
Seat 3: lexishake (big blind) folded before Flop
Seat 6: GRAILKO (button) (small blind) collected ($6)


PokerStars Hand #167685665372:  Hold'em Limit ($3/$6 USD) - 2017/03/16 18:59:58 ET
Table 'Sidonia' 6-max Seat #3 is the button
Seat 3: lexishake ($560.29 in chips)
Seat 6: GRAILKO ($103.46 in chips)
lexishake: posts small blind $1
GRAILKO: posts big blind $3
*** HOLE CARDS ***
lexishake: calls $2
GRAILKO: raises $3 to $6
lexishake: calls $3
*** FLOP *** [9h Jd 9d]
GRAILKO: bets $3
lexishake: folds
Uncalled bet ($3) returned to GRAILKO
GRAILKO collected $11.76 from pot
GRAILKO: doesn't show hand
lexishake leaves the table
*** SUMMARY ***
Total pot $12 | Rake $0.24
Board [9h Jd 9d]
Seat 3: lexishake (button) (small blind) folded on the Flop
Seat 6: GRAILKO (big blind) collected ($11.76)


PokerStars Hand #167685650571:  Hold'em Limit ($3/$6 USD) - 2017/03/16 18:59:34 ET
Table 'Sidonia' 6-max Seat #6 is the button
Seat 3: lexishake ($567.29 in chips)
Seat 6: GRAILKO ($96.46 in chips)
GRAILKO: posts small blind $1
lexishake: posts big blind $3
*** HOLE CARDS ***
GRAILKO: raises $3 to $6
lexishake: folds
Uncalled bet ($3) returned to GRAILKO
GRAILKO collected $6 from pot
GRAILKO: doesn't show hand
*** SUMMARY ***
Total pot $6 | Rake $0
Seat 3: lexishake (big blind) folded before Flop
Seat 6: GRAILKO (button) (small blind) collected ($6)


PokerStars Hand #167685703141:  Hold'em Limit ($3/$6 USD) - 2017/03/16 19:00:56 ET
Table 'Sidonia' 6-max Seat #6 is the button
Seat 3: 123ok ($120 in chips)
Seat 6: GRAILKO ($109.22 in chips)
GRAILKO: posts small blind $1
123ok: posts big blind $3
*** HOLE CARDS ***
GRAILKO: folds
Uncalled bet ($2) returned to 123ok
123ok collected $2 from pot
*** SUMMARY ***
Total pot $2 | Rake $0
Seat 3: 123ok (big blind) collected ($2)
Seat 6: GRAILKO (button) (small blind) folded before Flop


PokerStars Hand #167685706578:  Hold'em Limit ($3/$6 USD) - 2017/03/16 19:01:01 ET
Table 'Sidonia' 6-max Seat #3 is the button
Seat 3: 123ok ($121 in chips)
Seat 6: GRAILKO ($108.22 in chips)
123ok: posts small blind $1
GRAILKO: posts big blind $3
*** HOLE CARDS ***
123ok: raises $3 to $6
GRAILKO: raises $3 to $9
123ok: raises $3 to $12
Betting is capped
GRAILKO: calls $3
*** FLOP *** [Ac Qc 2c]
GRAILKO: checks
123ok: bets $3
GRAILKO: calls $3
*** TURN *** [Ac Qc 2c] [5s]
GRAILKO: checks
123ok: bets $6
GRAILKO: calls $6
*** RIVER *** [Ac Qc 2c 5s] [Td]
Fabulous108 joins the table at seat #4
GRAILKO: checks
123ok: checks
*** SHOW DOWN ***
GRAILKO: shows [Jd Js] (a pair of Jacks)
123ok: shows [Kd Ad] (a pair of Aces)
123ok collected $41.50 from pot
*** SUMMARY ***
Total pot $42 | Rake $0.50
Board [Ac Qc 2c 5s Td]
Seat 3: 123ok (button) (small blind) showed [Kd Ad] and won ($41.50) with a pair of Aces
Seat 6: GRAILKO (big blind) showed [Jd Js] and lost with a pair of Jacks


PokerStars Hand #167685725098:  Hold'em Limit ($3/$6 USD) - 2017/03/16 19:01:28 ET
Table 'Sidonia' 6-max Seat #6 is the button
Seat 3: 123ok ($141.50 in chips)
Seat 6: GRAILKO ($87.22 in chips)
GRAILKO: posts small blind $1
123ok: posts big blind $3
*** HOLE CARDS ***
GRAILKO: raises $3 to $6
123ok: calls $3
*** FLOP *** [9d Kd 3d]
123ok: checks
GRAILKO: bets $3
123ok: calls $3
*** TURN *** [9d Kd 3d] [2c]
123ok: checks
19woody58 joins the table at seat #5
GRAILKO: checks
*** RIVER *** [9d Kd 3d 2c] [6h]
123ok: checks
GRAILKO: bets $6
123ok: calls $6
*** SHOW DOWN ***
GRAILKO: shows [7d 8s] (high card King)
123ok: shows [9c 4s] (a pair of Nines)
123ok collected $29.50 from pot
*** SUMMARY ***
Total pot $30 | Rake $0.50
Board [9d Kd 3d 2c 6h]
Seat 3: 123ok (big blind) showed [9c 4s] and won ($29.50) with a pair of Nines
Seat 6: GRAILKO (button) (small blind) showed [7d 8s] and lost with high card King


PokerStars Hand #167687899803:  Hold'em Limit ($3/$6 USD) - 2017/03/16 19:54:11 ET
Table 'Sidonia' 6-max Seat #6 is the button
Seat 4: Fabulous108 ($137.83 in chips)
Seat 6: ``MULAT``86 ($158 in chips)
``MULAT``86: posts small blind $1
Fabulous108: posts big blind $3
*** HOLE CARDS ***
``MULAT``86: folds
Uncalled bet ($2) returned to Fabulous108
Fabulous108 collected $2 from pot
Fabulous108: doesn't show hand
*** SUMMARY ***
Total pot $2 | Rake $0
Seat 4: Fabulous108 (big blind) collected ($2)
Seat 6: ``MULAT``86 (button) (small blind) folded before Flop


PokerStars Hand #167687896791:  Hold'em Limit ($3/$6 USD) - 2017/03/16 19:54:07 ET
Table 'Sidonia' 6-max Seat #4 is the button
Seat 4: Fabulous108 ($138.83 in chips)
Seat 6: ``MULAT``86 ($157 in chips)
Fabulous108: posts small blind $1
boogi: is sitting out
``MULAT``86: posts big blind $3
*** HOLE CARDS ***
Fabulous108: folds
Uncalled bet ($2) returned to ``MULAT``86
boogi leaves the table
``MULAT``86 collected $2 from pot
*** SUMMARY ***
Total pot $2 | Rake $0
Seat 4: Fabulous108 (button) (small blind) folded before Flop
Seat 6: ``MULAT``86 (big blind) collected ($2)


PokerStars Hand #167687902716:  Hold'em Limit ($3/$6 USD) - 2017/03/16 19:54:16 ET
Table 'Sidonia' 6-max Seat #4 is the button
Seat 4: Fabulous108 ($138.83 in chips)
Seat 6: ``MULAT``86 ($157 in chips)
Fabulous108: posts small blind $1
``MULAT``86: posts big blind $3
*** HOLE CARDS ***
Fabulous108: folds
Uncalled bet ($2) returned to ``MULAT``86
``MULAT``86 collected $2 from pot
*** SUMMARY ***
Total pot $2 | Rake $0
Seat 4: Fabulous108 (button) (small blind) folded before Flop
Seat 6: ``MULAT``86 (big blind) collected ($2)


PokerStars Hand #167687905730:  Hold'em Limit ($3/$6 USD) - 2017/03/16 19:54:21 ET
Table 'Sidonia' 6-max Seat #6 is the button
Seat 4: Fabulous108 ($137.83 in chips)
Seat 6: ``MULAT``86 ($158 in chips)
``MULAT``86: posts small blind $1
Fabulous108: posts big blind $3
*** HOLE CARDS ***
``MULAT``86: raises $3 to $6
Fabulous108: calls $3
*** FLOP *** [7h 3s Qh]
Fabulous108: checks
``MULAT``86: bets $3
Fabulous108: calls $3
*** TURN *** [7h 3s Qh] [5d]
Fabulous108: checks
``MULAT``86: checks
*** RIVER *** [7h 3s Qh 5d] [Ah]
Fabulous108: bets $6
IamVictor30 joins the table at seat #3
``MULAT``86: calls $6
*** SHOW DOWN ***
Fabulous108: shows [2h Ac] (a pair of Aces)
``MULAT``86: shows [Ks As] (a pair of Aces - King kicker)
``MULAT``86 collected $29.50 from pot
*** SUMMARY ***
Total pot $30 | Rake $0.50
Board [7h 3s Qh 5d Ah]
Seat 4: Fabulous108 (big blind) showed [2h Ac] and lost with a pair of Aces
Seat 6: ``MULAT``86 (button) (small blind) showed [Ks As] and won ($29.50) with a pair of Aces


PokerStars Hand #167687916753:  Hold'em Limit ($3/$6 USD) - 2017/03/16 19:54:39 ET
Table 'Sidonia' 6-max Seat #4 is the button
Seat 4: Fabulous108 ($122.83 in chips)
Seat 6: ``MULAT``86 ($172.50 in chips)
Fabulous108: posts small blind $1
``MULAT``86: posts big blind $3
*** HOLE CARDS ***
Fabulous108: folds
Uncalled bet ($2) returned to ``MULAT``86
``MULAT``86 collected $2 from pot
*** SUMMARY ***
Total pot $2 | Rake $0
Seat 4: Fabulous108 (button) (small blind) folded before Flop
Seat 6: ``MULAT``86 (big blind) collected ($2)


