PokerStars Hand #152077086886:  Hold'em Limit ($3/$6 USD) - 2016/04/17 20:53:16 ET
Table 'Sidonia' 6-max Seat #1 is the button
Seat 1: Zubasa07 ($500 in chips)
Seat 3: 7 Huligan 7 ($30 in chips)
Zubasa07: posts small blind $1
7 Huligan 7: posts big blind $3
*** HOLE CARDS ***
Alan1918 joins the table at seat #4
Zubasa07: folds
Uncalled bet ($2) returned to 7 Huligan 7
7 Huligan 7 collected $2 from pot
7 Huligan 7: doesn't show hand
*** SUMMARY ***
Total pot $2 | Rake $0
Seat 1: Zubasa07 (button) (small blind) folded before Flop
Seat 3: 7 Huligan 7 (big blind) collected ($2)


PokerStars Hand #152078500684:  Hold'em Limit ($3/$6 USD) - 2016/04/17 21:53:48 ET
Table 'Sidonia' 6-max Seat #1 is the button
Seat 1: harrydonkey ($47.94 in chips)
Seat 4: Chessnok ($127.86 in chips)
harrydonkey: posts small blind $1
Chessnok: posts big blind $3
*** HOLE CARDS ***
harrydonkey: folds
Uncalled bet ($2) returned to Chessnok
Chessnok collected $2 from pot
Chessnok: doesn't show hand
*** SUMMARY ***
Total pot $2 | Rake $0
Seat 1: harrydonkey (button) (small blind) folded before Flop
Seat 4: Chessnok (big blind) collected ($2)


PokerStars Hand #152078518453:  Hold'em Limit ($3/$6 USD) - 2016/04/17 21:54:31 ET
Table 'Sidonia' 6-max Seat #1 is the button
Seat 1: harrydonkey ($31.94 in chips)
Seat 4: Chessnok ($143.36 in chips)
harrydonkey: posts small blind $1
Chessnok: posts big blind $3
*** HOLE CARDS ***
harrydonkey: calls $2
Chessnok: raises $3 to $6
harrydonkey: calls $3
*** FLOP *** [4d Kc 7d]
Chessnok: bets $3
harrydonkey: raises $3 to $6
Chessnok: folds
Uncalled bet ($3) returned to harrydonkey
harrydonkey collected $17.64 from pot
*** SUMMARY ***
Total pot $18 | Rake $0.36
Board [4d Kc 7d]
Seat 1: harrydonkey (button) (small blind) collected ($17.64)
Seat 4: Chessnok (big blind) folded on the Flop


PokerStars Hand #152078516473:  Hold'em Limit ($3/$6 USD) - 2016/04/17 21:54:25 ET
Table 'Sidonia' 6-max Seat #4 is the button
Seat 1: harrydonkey ($30.94 in chips)
Seat 4: Chessnok ($144.36 in chips)
Chessnok: posts small blind $1
harrydonkey: posts big blind $3
*** HOLE CARDS ***
Chessnok: folds
Uncalled bet ($2) returned to harrydonkey
harrydonkey collected $2 from pot
*** SUMMARY ***
Total pot $2 | Rake $0
Seat 1: harrydonkey (big blind) collected ($2)
Seat 4: Chessnok (button) (small blind) folded before Flop


PokerStars Hand #152078514402:  Hold'em Limit ($3/$6 USD) - 2016/04/17 21:54:19 ET
Table 'Sidonia' 6-max Seat #1 is the button
Seat 1: harrydonkey ($31.94 in chips)
Seat 4: Chessnok ($143.36 in chips)
harrydonkey: posts small blind $1
Chessnok: posts big blind $3
*** HOLE CARDS ***
harrydonkey: folds
Uncalled bet ($2) returned to Chessnok
Chessnok collected $2 from pot
Chessnok: doesn't show hand
*** SUMMARY ***
Total pot $2 | Rake $0
Seat 1: harrydonkey (button) (small blind) folded before Flop
Seat 4: Chessnok (big blind) collected ($2)


PokerStars Hand #152078502903:  Hold'em Limit ($3/$6 USD) - 2016/04/17 21:53:55 ET
Table 'Sidonia' 6-max Seat #4 is the button
Seat 1: harrydonkey ($46.94 in chips)
Seat 4: Chessnok ($128.86 in chips)
Chessnok: posts small blind $1
harrydonkey: posts big blind $3
*** HOLE CARDS ***
Chessnok: raises $3 to $6
harrydonkey: calls $3
*** FLOP *** [9h 8h 2h]
harrydonkey: checks
Chessnok: bets $3
harrydonkey: calls $3
*** TURN *** [9h 8h 2h] [Jc]
harrydonkey: checks
Chessnok: bets $6
harrydonkey: calls $6
*** RIVER *** [9h 8h 2h Jc] [Kc]
harrydonkey: checks
Chessnok: bets $6
harrydonkey: folds
Uncalled bet ($6) returned to Chessnok
Chessnok collected $29.50 from pot
Chessnok: doesn't show hand
*** SUMMARY ***
Total pot $30 | Rake $0.50
Board [9h 8h 2h Jc Kc]
Seat 1: harrydonkey (big blind) folded on the River
Seat 4: Chessnok (button) (small blind) collected ($29.50)


PokerStars Hand #152078536924:  Hold'em Limit ($3/$6 USD) - 2016/04/17 21:55:29 ET
Table 'Sidonia' 6-max Seat #1 is the button
Seat 1: harrydonkey ($12.58 in chips)
Seat 4: Chessnok ($161.62 in chips)
harrydonkey: posts small blind $1
Chessnok: posts big blind $3
*** HOLE CARDS ***
harrydonkey: folds
Uncalled bet ($2) returned to Chessnok
Chessnok collected $2 from pot
Chessnok: doesn't show hand
*** SUMMARY ***
Total pot $2 | Rake $0
Seat 1: harrydonkey (button) (small blind) folded before Flop
Seat 4: Chessnok (big blind) collected ($2)


PokerStars Hand #152078529795:  Hold'em Limit ($3/$6 USD) - 2016/04/17 21:55:04 ET
Table 'Sidonia' 6-max Seat #4 is the button
Seat 1: harrydonkey ($33.58 in chips)
Seat 4: Chessnok ($141.12 in chips)
Chessnok: posts small blind $1
harrydonkey: posts big blind $3
*** HOLE CARDS ***
Chessnok: raises $3 to $6
harrydonkey: calls $3
*** FLOP *** [4c 4d 9d]
harrydonkey: checks
Chessnok: bets $3
harrydonkey: calls $3
*** TURN *** [4c 4d 9d] [Th]
harrydonkey: checks
Chessnok: bets $6
harrydonkey: raises $6 to $12
Chessnok: calls $6
*** RIVER *** [4c 4d 9d Th] [2s]
harrydonkey: checks
Chessnok: checks
*** SHOW DOWN ***
harrydonkey: shows [7c Jc] (a pair of Fours)
Chessnok: shows [As Kd] (a pair of Fours - Ace kicker)
Chessnok collected $41.50 from pot
*** SUMMARY ***
Total pot $42 | Rake $0.50
Board [4c 4d 9d Th 2s]
Seat 1: harrydonkey (big blind) showed [7c Jc] and lost with a pair of Fours
Seat 4: Chessnok (button) (small blind) showed [As Kd] and won ($41.50) with a pair of Fours


PokerStars Hand #152078527645:  Hold'em Limit ($3/$6 USD) - 2016/04/17 21:54:58 ET
Table 'Sidonia' 6-max Seat #1 is the button
Seat 1: harrydonkey ($34.58 in chips)
Seat 4: Chessnok ($140.12 in chips)
harrydonkey: posts small blind $1
Chessnok: posts big blind $3
*** HOLE CARDS ***
harrydonkey: folds
Uncalled bet ($2) returned to Chessnok
Chessnok collected $2 from pot
Chessnok: doesn't show hand
*** SUMMARY ***
Total pot $2 | Rake $0
Seat 1: harrydonkey (button) (small blind) folded before Flop
Seat 4: Chessnok (big blind) collected ($2)


PokerStars Hand #152078524259:  Hold'em Limit ($3/$6 USD) - 2016/04/17 21:54:48 ET
Table 'Sidonia' 6-max Seat #4 is the button
Seat 1: harrydonkey ($40.58 in chips)
Seat 4: Chessnok ($134.36 in chips)
Chessnok: posts small blind $1
harrydonkey: posts big blind $3
*** HOLE CARDS ***
Chessnok: raises $3 to $6
harrydonkey: calls $3
*** FLOP *** [2h Jc 9s]
harrydonkey: checks
Chessnok: bets $3
harrydonkey: folds
Uncalled bet ($3) returned to Chessnok
Chessnok collected $11.76 from pot
Chessnok: doesn't show hand
*** SUMMARY ***
Total pot $12 | Rake $0.24
Board [2h Jc 9s]
Seat 1: harrydonkey (big blind) folded on the Flop
Seat 4: Chessnok (button) (small blind) collected ($11.76)


PokerStars Hand #152078538491:  Hold'em Limit ($3/$6 USD) - 2016/04/17 21:55:35 ET
Table 'Sidonia' 6-max Seat #4 is the button
Seat 1: harrydonkey ($11.58 in chips)
Seat 4: Chessnok ($162.62 in chips)
Chessnok: posts small blind $1
harrydonkey: posts big blind $3
*** HOLE CARDS ***
Chessnok: raises $3 to $6
harrydonkey: raises $3 to $9
Chessnok: calls $3
*** FLOP *** [7d 9d 2s]
harrydonkey: bets $2.58 and is all-in
Chessnok: calls $2.58
*** TURN *** [7d 9d 2s] [Qc]
*** RIVER *** [7d 9d 2s Qc] [9s]
*** SHOW DOWN ***
harrydonkey: shows [Qs 9c] (a full house, Nines full of Queens)
Chessnok: shows [Jh 8s] (a pair of Nines)
harrydonkey collected $22.70 from pot
*** SUMMARY ***
Total pot $23.16 | Rake $0.46
Board [7d 9d 2s Qc 9s]
Seat 1: harrydonkey (big blind) showed [Qs 9c] and won ($22.70) with a full house, Nines full of Queens
Seat 4: Chessnok (button) (small blind) showed [Jh 8s] and lost with a pair of Nines


PokerStars Hand #152078546108:  Hold'em Limit ($3/$6 USD) - 2016/04/17 21:56:02 ET
Table 'Sidonia' 6-max Seat #1 is the button
Seat 1: harrydonkey ($26.70 in chips)
Seat 4: Chessnok ($147.04 in chips)
harrydonkey: posts small blind $1
Chessnok: posts big blind $3
*** HOLE CARDS ***
harrydonkey: folds
Uncalled bet ($2) returned to Chessnok
Chessnok collected $2 from pot
Chessnok: doesn't show hand
*** SUMMARY ***
Total pot $2 | Rake $0
Seat 1: harrydonkey (button) (small blind) folded before Flop
Seat 4: Chessnok (big blind) collected ($2)


PokerStars Hand #152078544854:  Hold'em Limit ($3/$6 USD) - 2016/04/17 21:55:57 ET
Table 'Sidonia' 6-max Seat #4 is the button
Seat 1: harrydonkey ($25.70 in chips)
Seat 4: Chessnok ($148.04 in chips)
Chessnok: posts small blind $1
harrydonkey: posts big blind $3
*** HOLE CARDS ***
Chessnok: folds
Uncalled bet ($2) returned to harrydonkey
harrydonkey collected $2 from pot
*** SUMMARY ***
Total pot $2 | Rake $0
Seat 1: harrydonkey (big blind) collected ($2)
Seat 4: Chessnok (button) (small blind) folded before Flop


PokerStars Hand #152078543032:  Hold'em Limit ($3/$6 USD) - 2016/04/17 21:55:51 ET
Table 'Sidonia' 6-max Seat #1 is the button
Seat 1: harrydonkey ($22.70 in chips)
Seat 4: Chessnok ($151.04 in chips)
harrydonkey: posts small blind $1
Chessnok: posts big blind $3
*** HOLE CARDS ***
harrydonkey: raises $3 to $6
Chessnok: folds
Uncalled bet ($3) returned to harrydonkey
harrydonkey collected $6 from pot
*** SUMMARY ***
Total pot $6 | Rake $0
Seat 1: harrydonkey (button) (small blind) collected ($6)
Seat 4: Chessnok (big blind) folded before Flop


