PokerStars Hand #162051606923:  Hold'em Limit ($3/$6 USD) - 2016/11/27 14:26:51 ET
Table 'Sidonia II' 6-max Seat #3 is the button
Seat 3: leonthelion9 ($46.76 in chips)
Seat 4: MTails ($134.50 in chips)
leonthelion9: posts small blind $1
MTails: posts big blind $3
*** HOLE CARDS ***
leonthelion9: folds
Uncalled bet ($2) returned to MTails
MTails collected $2 from pot
*** SUMMARY ***
Total pot $2 | Rake $0
Seat 3: leonthelion9 (button) (small blind) folded before Flop
Seat 4: MTails (big blind) collected ($2)


PokerStars Hand #162051578904:  Hold'em Limit ($3/$6 USD) - 2016/11/27 14:26:23 ET
Table 'Sidonia II' 6-max Seat #4 is the button
Seat 3: leonthelion9 ($67.76 in chips)
Seat 4: MTails ($114 in chips)
MTails: posts small blind $1
leonthelion9: posts big blind $3
*** HOLE CARDS ***
MTails: raises $3 to $6
leonthelion9: calls $3
*** FLOP *** [4d 7c 8d]
leonthelion9: checks
MTails: bets $3
leonthelion9: calls $3
*** TURN *** [4d 7c 8d] [6d]
leonthelion9: checks
MTails: bets $6
leonthelion9: calls $6
*** RIVER *** [4d 7c 8d 6d] [6h]
leonthelion9: checks
MTails: bets $6
leonthelion9: calls $6
*** SHOW DOWN ***
MTails: shows [5d 4s] (a straight, Four to Eight)
leonthelion9: mucks hand
MTails collected $41.50 from pot
*** SUMMARY ***
Total pot $42 | Rake $0.50
Board [4d 7c 8d 6d 6h]
Seat 3: leonthelion9 (big blind) mucked
Seat 4: MTails (button) (small blind) showed [5d 4s] and won ($41.50) with a straight, Four to Eight


PokerStars Hand #162051556035:  Hold'em Limit ($3/$6 USD) - 2016/11/27 14:26:01 ET
Table 'Sidonia II' 6-max Seat #3 is the button
Seat 3: leonthelion9 ($62 in chips)
Seat 4: MTails ($120 in chips)
leonthelion9: posts small blind $1
MTails: posts big blind $3
*** HOLE CARDS ***
leonthelion9: raises $3 to $6
MTails: calls $3
*** FLOP *** [9c Qc Qh]
MTails: checks
leonthelion9: bets $3
MTails: folds
Uncalled bet ($3) returned to leonthelion9
leonthelion9 collected $11.76 from pot
leonthelion9: doesn't show hand
*** SUMMARY ***
Total pot $12 | Rake $0.24
Board [9c Qc Qh]
Seat 3: leonthelion9 (button) (small blind) collected ($11.76)
Seat 4: MTails (big blind) folded on the Flop


PokerStars Hand #162051667096:  Hold'em Limit ($3/$6 USD) - 2016/11/27 14:27:48 ET
Table 'Sidonia II' 6-max Seat #3 is the button
Seat 2: liamOS ($119 in chips)
Seat 3: leonthelion9 ($61.26 in chips)
leonthelion9: posts small blind $1
liamOS: posts big blind $3
*** HOLE CARDS ***
leonthelion9: raises $3 to $6
liamOS: folds
Uncalled bet ($3) returned to leonthelion9
leonthelion9 collected $6 from pot
leonthelion9: doesn't show hand
*** SUMMARY ***
Total pot $6 | Rake $0
Seat 2: liamOS (big blind) folded before Flop
Seat 3: leonthelion9 (button) (small blind) collected ($6)


PokerStars Hand #162051614957:  Hold'em Limit ($3/$6 USD) - 2016/11/27 14:26:58 ET
Table 'Sidonia II' 6-max Seat #4 is the button
Seat 3: leonthelion9 ($45.76 in chips)
Seat 4: MTails ($135.50 in chips)
MTails: posts small blind $1
leonthelion9: posts big blind $3
*** HOLE CARDS ***
MTails: raises $3 to $6
leonthelion9: calls $3
*** FLOP *** [2d 9d 6d]
leonthelion9: checks
MTails: bets $3
leonthelion9: calls $3
*** TURN *** [2d 9d 6d] [6c]
leonthelion9: checks
liamOS joins the table at seat #2
MTails: bets $6
leonthelion9: calls $6
*** RIVER *** [2d 9d 6d 6c] [4c]
leonthelion9: checks
MTails: checks
*** SHOW DOWN ***
leonthelion9: shows [2c Ah] (two pair, Sixes and Deuces)
MTails: mucks hand
leonthelion9 collected $29.50 from pot
*** SUMMARY ***
Total pot $30 | Rake $0.50
Board [2d 9d 6d 6c 4c]
Seat 3: leonthelion9 (big blind) showed [2c Ah] and won ($29.50) with two pair, Sixes and Deuces
Seat 4: MTails (button) (small blind) mucked


PokerStars Hand #162051697802:  Hold'em Limit ($3/$6 USD) - 2016/11/27 14:28:17 ET
Table 'Sidonia II' 6-max Seat #2 is the button
Seat 2: liamOS ($111 in chips)
Seat 3: leonthelion9 ($69.02 in chips)
liamOS: posts small blind $1
leonthelion9: posts big blind $3
vestimokrec joins the table at seat #4
*** HOLE CARDS ***
liamOS: folds
Uncalled bet ($2) returned to leonthelion9
leonthelion9 collected $2 from pot
leonthelion9: doesn't show hand
*** SUMMARY ***
Total pot $2 | Rake $0
Seat 2: liamOS (button) (small blind) folded before Flop
Seat 3: leonthelion9 (big blind) collected ($2)


PokerStars Hand #162051691248:  Hold'em Limit ($3/$6 USD) - 2016/11/27 14:28:11 ET
Table 'Sidonia II' 6-max Seat #3 is the button
Seat 2: liamOS ($110 in chips)
Seat 3: leonthelion9 ($70.02 in chips)
leonthelion9: posts small blind $1
liamOS: posts big blind $3
*** HOLE CARDS ***
leonthelion9: folds
Uncalled bet ($2) returned to liamOS
liamOS collected $2 from pot
liamOS: doesn't show hand
*** SUMMARY ***
Total pot $2 | Rake $0
Seat 2: liamOS (big blind) collected ($2)
Seat 3: leonthelion9 (button) (small blind) folded before Flop


PokerStars Hand #162051674076:  Hold'em Limit ($3/$6 USD) - 2016/11/27 14:27:55 ET
Table 'Sidonia II' 6-max Seat #2 is the button
Seat 2: liamOS ($116 in chips)
Seat 3: leonthelion9 ($64.26 in chips)
liamOS: posts small blind $1
leonthelion9: posts big blind $3
*** HOLE CARDS ***
liamOS: raises $3 to $6
leonthelion9: calls $3
*** FLOP *** [Qd 5h 5c]
leonthelion9: checks
liamOS: checks
*** TURN *** [Qd 5h 5c] [8s]
leonthelion9: checks
liamOS: checks
*** RIVER *** [Qd 5h 5c 8s] [2c]
leonthelion9: bets $6
liamOS: folds
Uncalled bet ($6) returned to leonthelion9
leonthelion9 collected $11.76 from pot
leonthelion9: doesn't show hand
*** SUMMARY ***
Total pot $12 | Rake $0.24
Board [Qd 5h 5c 8s 2c]
Seat 2: liamOS (button) (small blind) folded on the River
Seat 3: leonthelion9 (big blind) collected ($11.76)


PokerStars Hand #162054708002:  Hold'em Limit ($3/$6 USD) - 2016/11/27 15:17:43 ET
Table 'Sidonia II' 6-max Seat #3 is the button
Seat 3: Chessnok ($133.47 in chips)
Seat 5: jvc336 ($76.26 in chips)
Chessnok: posts small blind $1
vestimokrec: is sitting out
jvc336: posts big blind $3
*** HOLE CARDS ***
Chessnok: raises $3 to $6
vestimokrec leaves the table
jvc336: calls $3
*** FLOP *** [3h 9h 4d]
jvc336: bets $3
Chessnok: calls $3
*** TURN *** [3h 9h 4d] [Qd]
jvc336 is connected
jvc336: bets $6
Chessnok: calls $6
*** RIVER *** [3h 9h 4d Qd] [6h]
jvc336: bets $6
Chessnok: calls $6
*** SHOW DOWN ***
jvc336: shows [Kh Qc] (a pair of Queens)
Chessnok: mucks hand
jvc336 collected $41.50 from pot
*** SUMMARY ***
Total pot $42 | Rake $0.50
Board [3h 9h 4d Qd 6h]
Seat 3: Chessnok (button) (small blind) mucked
Seat 5: jvc336 (big blind) showed [Kh Qc] and won ($41.50) with a pair of Queens


PokerStars Hand #162055097349:  Hold'em Limit ($3/$6 USD) - 2016/11/27 15:23:55 ET
Table 'Sidonia II' 6-max Seat #2 is the button
Seat 2: Veter A. Y. ($79 in chips)
Seat 3: Chessnok ($132.97 in chips)
Veter A. Y.: posts small blind $1
Chessnok: posts big blind $3
*** HOLE CARDS ***
Veter A. Y.: folds
Uncalled bet ($2) returned to Chessnok
Chessnok collected $2 from pot
Chessnok: doesn't show hand
*** SUMMARY ***
Total pot $2 | Rake $0
Seat 2: Veter A. Y. (button) (small blind) folded before Flop
Seat 3: Chessnok (big blind) collected ($2)


PokerStars Hand #162055090984:  Hold'em Limit ($3/$6 USD) - 2016/11/27 15:23:49 ET
Table 'Sidonia II' 6-max Seat #3 is the button
Seat 2: Veter A. Y. ($82 in chips)
Seat 3: Chessnok ($129.97 in chips)
Chessnok: posts small blind $1
Veter A. Y.: posts big blind $3
*** HOLE CARDS ***
Chessnok: raises $3 to $6
Veter A. Y.: folds
Uncalled bet ($3) returned to Chessnok
Chessnok collected $6 from pot
Chessnok: doesn't show hand
*** SUMMARY ***
Total pot $6 | Rake $0
Seat 2: Veter A. Y. (big blind) folded before Flop
Seat 3: Chessnok (button) (small blind) collected ($6)


PokerStars Hand #162055063507:  Hold'em Limit ($3/$6 USD) - 2016/11/27 15:23:23 ET
Table 'Sidonia II' 6-max Seat #2 is the button
Seat 2: Veter A. Y. ($100 in chips)
Seat 3: Chessnok ($112.47 in chips)
Veter A. Y.: posts small blind $1
Chessnok: posts big blind $3
*** HOLE CARDS ***
Veter A. Y.: raises $3 to $6
Chessnok: raises $3 to $9
Veter A. Y.: calls $3
*** FLOP *** [9s 6d 7d]
Chessnok: bets $3
Veter A. Y.: raises $3 to $6
Chessnok: raises $3 to $9
Veter A. Y.: calls $3
*** TURN *** [9s 6d 7d] [Ks]
Chessnok: bets $6
Veter A. Y.: folds
Uncalled bet ($6) returned to Chessnok
Chessnok collected $35.50 from pot
Chessnok: doesn't show hand
*** SUMMARY ***
Total pot $36 | Rake $0.50
Board [9s 6d 7d Ks]
Seat 2: Veter A. Y. (button) (small blind) folded on the Turn
Seat 3: Chessnok (big blind) collected ($35.50)


PokerStars Hand #162055152022:  Hold'em Limit ($3/$6 USD) - 2016/11/27 15:24:44 ET
Table 'Sidonia II' 6-max Seat #2 is the button
Seat 2: Veter A. Y. ($95.16 in chips)
Seat 3: Chessnok ($115.97 in chips)
Veter A. Y.: posts small blind $1
Chessnok: posts big blind $3
*** HOLE CARDS ***
Veter A. Y.: folds
Uncalled bet ($2) returned to Chessnok
Chessnok collected $2 from pot
Chessnok: doesn't show hand
*** SUMMARY ***
Total pot $2 | Rake $0
Seat 2: Veter A. Y. (button) (small blind) folded before Flop
Seat 3: Chessnok (big blind) collected ($2)


PokerStars Hand #162055144798:  Hold'em Limit ($3/$6 USD) - 2016/11/27 15:24:38 ET
Table 'Sidonia II' 6-max Seat #3 is the button
Seat 2: Veter A. Y. ($98.16 in chips)
Seat 3: Chessnok ($112.97 in chips)
Chessnok: posts small blind $1
Veter A. Y.: posts big blind $3
*** HOLE CARDS ***
Chessnok: raises $3 to $6
Veter A. Y.: folds
Uncalled bet ($3) returned to Chessnok
Chessnok collected $6 from pot
Chessnok: doesn't show hand
*** SUMMARY ***
Total pot $6 | Rake $0
Seat 2: Veter A. Y. (big blind) folded before Flop
Seat 3: Chessnok (button) (small blind) collected ($6)


PokerStars Hand #162055118591:  Hold'em Limit ($3/$6 USD) - 2016/11/27 15:24:15 ET
Table 'Sidonia II' 6-max Seat #2 is the button
Seat 2: Veter A. Y. ($86.64 in chips)
Seat 3: Chessnok ($124.97 in chips)
Veter A. Y.: posts small blind $1
Chessnok: posts big blind $3
*** HOLE CARDS ***
Veter A. Y.: calls $2
Chessnok: raises $3 to $6
Veter A. Y.: calls $3
*** FLOP *** [3d 8d Ts]
Chessnok: bets $3
Veter A. Y.: raises $3 to $6
Chessnok: calls $3
*** TURN *** [3d 8d Ts] [Ah]
Chessnok: checks
Veter A. Y.: bets $6
Chessnok: folds
Uncalled bet ($6) returned to Veter A. Y.
Veter A. Y. collected $23.52 from pot
*** SUMMARY ***
Total pot $24 | Rake $0.48
Board [3d 8d Ts Ah]
Seat 2: Veter A. Y. (button) (small blind) collected ($23.52)
Seat 3: Chessnok (big blind) folded on the Turn


PokerStars Hand #162055105645:  Hold'em Limit ($3/$6 USD) - 2016/11/27 15:24:03 ET
Table 'Sidonia II' 6-max Seat #3 is the button
Seat 2: Veter A. Y. ($78 in chips)
Seat 3: Chessnok ($133.97 in chips)
Chessnok: posts small blind $1
Veter A. Y.: posts big blind $3
*** HOLE CARDS ***
Chessnok: raises $3 to $6
Veter A. Y.: raises $3 to $9
Chessnok: calls $3
*** FLOP *** [4h Qc 6h]
Veter A. Y.: bets $3
Chessnok: folds
Uncalled bet ($3) returned to Veter A. Y.
Veter A. Y. collected $17.64 from pot
*** SUMMARY ***
Total pot $18 | Rake $0.36
Board [4h Qc 6h]
Seat 2: Veter A. Y. (big blind) collected ($17.64)
Seat 3: Chessnok (button) (small blind) folded on the Flop


PokerStars Hand #162055197395:  Hold'em Limit ($3/$6 USD) - 2016/11/27 15:25:28 ET
Table 'Sidonia II' 6-max Seat #2 is the button
Seat 2: Veter A. Y. ($73.16 in chips)
Seat 3: Chessnok ($137.47 in chips)
Veter A. Y.: posts small blind $1
vestimokrec joins the table at seat #1
Chessnok: posts big blind $3
*** HOLE CARDS ***
Veter A. Y.: raises $3 to $6
Chessnok: calls $3
*** FLOP *** [4h 7s Ac]
Chessnok: checks
Veter A. Y.: bets $3
Chessnok: folds
Uncalled bet ($3) returned to Veter A. Y.
Veter A. Y. collected $11.76 from pot
*** SUMMARY ***
Total pot $12 | Rake $0.24
Board [4h 7s Ac]
Seat 2: Veter A. Y. (button) (small blind) collected ($11.76)
Seat 3: Chessnok (big blind) folded on the Flop


PokerStars Hand #162055157763:  Hold'em Limit ($3/$6 USD) - 2016/11/27 15:24:50 ET
Table 'Sidonia II' 6-max Seat #3 is the button
Seat 2: Veter A. Y. ($94.16 in chips)
Seat 3: Chessnok ($116.97 in chips)
Chessnok: posts small blind $1
Veter A. Y.: posts big blind $3
*** HOLE CARDS ***
Chessnok: raises $3 to $6
Veter A. Y.: calls $3
*** FLOP *** [6s 6c 2s]
Veter A. Y.: checks
Chessnok: bets $3
Veter A. Y.: calls $3
*** TURN *** [6s 6c 2s] [7h]
Veter A. Y.: checks
Chessnok: bets $6
Veter A. Y.: calls $6
*** RIVER *** [6s 6c 2s 7h] [2d]
Lexposterior joins the table at seat #6
Veter A. Y.: checks
Chessnok: bets $6
Veter A. Y.: calls $6
*** SHOW DOWN ***
Chessnok: shows [Ks 2h] (a full house, Deuces full of Sixes)
Veter A. Y.: mucks hand
Chessnok collected $41.50 from pot
*** SUMMARY ***
Total pot $42 | Rake $0.50
Board [6s 6c 2s 7h 2d]
Seat 2: Veter A. Y. (big blind) mucked
Seat 3: Chessnok (button) (small blind) showed [Ks 2h] and won ($41.50) with a full house, Deuces full of Sixes


PokerStars Hand #162056014151:  Hold'em Limit ($3/$6 USD) - 2016/11/27 15:38:31 ET
Table 'Sidonia II' 6-max Seat #5 is the button
Seat 3: Chessnok ($135.41 in chips)
Seat 5: liamOS ($96.05 in chips)
bigfish604 will be allowed to play after the button
liamOS: posts small blind $1
vestimokrec: is sitting out
TinaTurner72: is sitting out
Chessnok: posts big blind $3
*** HOLE CARDS ***
Veter A. Y. joins the table at seat #6
liamOS: folds
Uncalled bet ($2) returned to Chessnok
Chessnok collected $2 from pot
Chessnok: doesn't show hand
*** SUMMARY ***
Total pot $2 | Rake $0
Seat 3: Chessnok (big blind) collected ($2)
Seat 5: liamOS (button) (small blind) folded before Flop


PokerStars Hand #162057134294:  Hold'em Limit ($3/$6 USD) - 2016/11/27 15:57:12 ET
Table 'Sidonia II' 6-max Seat #5 is the button
Seat 3: Chessnok ($73.92 in chips)
Seat 5: liamOS ($396.28 in chips)
liamOS: posts small blind $1
TinaTurner72: is sitting out
Chessnok: posts big blind $3
*** HOLE CARDS ***
liamOS: folds
Uncalled bet ($2) returned to Chessnok
TinaTurner72 leaves the table
Chessnok collected $2 from pot
Chessnok: doesn't show hand
*** SUMMARY ***
Total pot $2 | Rake $0
Seat 3: Chessnok (big blind) collected ($2)
Seat 5: liamOS (button) (small blind) folded before Flop


PokerStars Hand #162057138738:  Hold'em Limit ($3/$6 USD) - 2016/11/27 15:57:18 ET
Table 'Sidonia II' 6-max Seat #3 is the button
Seat 3: Chessnok ($74.92 in chips)
Seat 5: liamOS ($395.28 in chips)
Chessnok: posts small blind $1
liamOS: posts big blind $3
*** HOLE CARDS ***
Chessnok: raises $3 to $6
liamOS: calls $3
*** FLOP *** [Td Qh Js]
liamOS: checks
Chessnok: bets $3
liamOS: calls $3
*** TURN *** [Td Qh Js] [6c]
liamOS: checks
Chessnok: bets $6
liamOS: calls $6
*** RIVER *** [Td Qh Js 6c] [5s]
liamOS: checks
Chessnok: bets $6
liamOS: calls $6
*** SHOW DOWN ***
Chessnok: shows [Ts Jh] (two pair, Jacks and Tens)
liamOS: mucks hand
Chessnok collected $41.50 from pot
*** SUMMARY ***
Total pot $42 | Rake $0.50
Board [Td Qh Js 6c 5s]
Seat 3: Chessnok (button) (small blind) showed [Ts Jh] and won ($41.50) with two pair, Jacks and Tens
Seat 5: liamOS (big blind) mucked


PokerStars Hand #162057156701:  Hold'em Limit ($3/$6 USD) - 2016/11/27 15:57:42 ET
Table 'Sidonia II' 6-max Seat #5 is the button
Seat 3: Chessnok ($95.42 in chips)
Seat 5: liamOS ($374.28 in chips)
liamOS: posts small blind $1
Chessnok: posts big blind $3
*** HOLE CARDS ***
liamOS: folds
Uncalled bet ($2) returned to Chessnok
Chessnok collected $2 from pot
Chessnok: doesn't show hand
*** SUMMARY ***
Total pot $2 | Rake $0
Seat 3: Chessnok (big blind) collected ($2)
Seat 5: liamOS (button) (small blind) folded before Flop


PokerStars Hand #162057190370:  Hold'em Limit ($3/$6 USD) - 2016/11/27 15:58:26 ET
Table 'Sidonia II' 6-max Seat #3 is the button
Seat 3: Chessnok ($115.92 in chips)
Seat 5: liamOS ($353.28 in chips)
Chessnok: posts small blind $1
liamOS: posts big blind $3
*** HOLE CARDS ***
Chessnok: raises $3 to $6
liamOS: folds
Uncalled bet ($3) returned to Chessnok
Chessnok collected $6 from pot
Chessnok: doesn't show hand
*** SUMMARY ***
Total pot $6 | Rake $0
Seat 3: Chessnok (button) (small blind) collected ($6)
Seat 5: liamOS (big blind) folded before Flop


PokerStars Hand #162057165669:  Hold'em Limit ($3/$6 USD) - 2016/11/27 15:57:54 ET
Table 'Sidonia II' 6-max Seat #5 is the button
Seat 3: Chessnok ($95.42 in chips)
Seat 5: liamOS ($374.28 in chips)
liamOS: posts small blind $1
Chessnok: posts big blind $3
*** HOLE CARDS ***
liamOS: raises $3 to $6
Chessnok: raises $3 to $9
liamOS: calls $3
*** FLOP *** [6s Ts 6d]
Chessnok: checks
liamOS: checks
*** TURN *** [6s Ts 6d] [6h]
Chessnok: bets $6
liamOS: calls $6
*** RIVER *** [6s Ts 6d 6h] [9d]
Chessnok: bets $6
liamOS: calls $6
*** SHOW DOWN ***
Chessnok: shows [7s 7d] (a full house, Sixes full of Sevens)
liamOS: mucks hand
Chessnok collected $41.50 from pot
*** SUMMARY ***
Total pot $42 | Rake $0.50
Board [6s Ts 6d 6h 9d]
Seat 3: Chessnok (big blind) showed [7s 7d] and won ($41.50) with a full house, Sixes full of Sevens
Seat 5: liamOS (button) (small blind) mucked


PokerStars Hand #162057195206:  Hold'em Limit ($3/$6 USD) - 2016/11/27 15:58:33 ET
Table 'Sidonia II' 6-max Seat #5 is the button
Seat 3: Chessnok ($118.92 in chips)
Seat 5: liamOS ($350.28 in chips)
liamOS: posts small blind $1
Chessnok: posts big blind $3
*** HOLE CARDS ***
liamOS: raises $3 to $6
Chessnok: calls $3
*** FLOP *** [Ac 5c Qd]
Chessnok: checks
liamOS: bets $3
Chessnok: calls $3
*** TURN *** [Ac 5c Qd] [9s]
Chessnok: checks
liamOS: bets $6
Chessnok: calls $6
*** RIVER *** [Ac 5c Qd 9s] [Ad]
Chessnok: checks
liamOS: bets $6
Chessnok: calls $6
*** SHOW DOWN ***
liamOS: shows [7d As] (three of a kind, Aces)
Chessnok: mucks hand
liamOS collected $41.50 from pot
*** SUMMARY ***
Total pot $42 | Rake $0.50
Board [Ac 5c Qd 9s Ad]
Seat 3: Chessnok (big blind) mucked
Seat 5: liamOS (button) (small blind) showed [7d As] and won ($41.50) with three of a kind, Aces


PokerStars Hand #162057241731:  Hold'em Limit ($3/$6 USD) - 2016/11/27 15:59:34 ET
Table 'Sidonia II' 6-max Seat #5 is the button
Seat 3: Chessnok ($114.42 in chips)
Seat 5: liamOS ($353.78 in chips)
liamOS: posts small blind $1
Chessnok: posts big blind $3
*** HOLE CARDS ***
liamOS: folds
Uncalled bet ($2) returned to Chessnok
Chessnok collected $2 from pot
Chessnok: doesn't show hand
*** SUMMARY ***
Total pot $2 | Rake $0
Seat 3: Chessnok (big blind) collected ($2)
Seat 5: liamOS (button) (small blind) folded before Flop


PokerStars Hand #162057236613:  Hold'em Limit ($3/$6 USD) - 2016/11/27 15:59:27 ET
Table 'Sidonia II' 6-max Seat #3 is the button
Seat 3: Chessnok ($111.42 in chips)
Seat 5: liamOS ($356.78 in chips)
Chessnok: posts small blind $1
liamOS: posts big blind $3
*** HOLE CARDS ***
Chessnok: raises $3 to $6
liamOS: folds
Uncalled bet ($3) returned to Chessnok
Chessnok collected $6 from pot
Chessnok: doesn't show hand
*** SUMMARY ***
Total pot $6 | Rake $0
Seat 3: Chessnok (button) (small blind) collected ($6)
Seat 5: liamOS (big blind) folded before Flop


PokerStars Hand #162057221599:  Hold'em Limit ($3/$6 USD) - 2016/11/27 15:59:08 ET
Table 'Sidonia II' 6-max Seat #5 is the button
Seat 3: Chessnok ($96.92 in chips)
Seat 5: liamOS ($371.78 in chips)
liamOS: posts small blind $1
Chessnok: posts big blind $3
*** HOLE CARDS ***
liamOS: raises $3 to $6
Chessnok: calls $3
*** FLOP *** [7c Qs 2d]
Chessnok: checks
liamOS: bets $3
Chessnok: calls $3
*** TURN *** [7c Qs 2d] [8h]
Chessnok: checks
liamOS: bets $6
Chessnok: calls $6
*** RIVER *** [7c Qs 2d 8h] [4s]
Chessnok: checks
liamOS: checks
*** SHOW DOWN ***
Chessnok: shows [Ah 4c] (a pair of Fours)
liamOS: mucks hand
Chessnok collected $29.50 from pot
*** SUMMARY ***
Total pot $30 | Rake $0.50
Board [7c Qs 2d 8h 4s]
Seat 3: Chessnok (big blind) showed [Ah 4c] and won ($29.50) with a pair of Fours
Seat 5: liamOS (button) (small blind) mucked


PokerStars Hand #162057246110:  Hold'em Limit ($3/$6 USD) - 2016/11/27 15:59:40 ET
Table 'Sidonia II' 6-max Seat #3 is the button
Seat 3: Chessnok ($115.42 in chips)
Seat 5: liamOS ($352.78 in chips)
Chessnok: posts small blind $1
liamOS: posts big blind $3
*** HOLE CARDS ***
Chessnok: raises $3 to $6
liamOS: calls $3
*** FLOP *** [Qc Kd Td]
liamOS: checks
Chessnok: bets $3
liamOS: calls $3
*** TURN *** [Qc Kd Td] [3h]
liamOS: checks
Chessnok: bets $6
liamOS: calls $6
*** RIVER *** [Qc Kd Td 3h] [4d]
liamOS: checks
Chessnok: bets $6
liamOS: calls $6
*** SHOW DOWN ***
Chessnok: shows [Ks Qh] (two pair, Kings and Queens)
liamOS: mucks hand
Chessnok collected $41.50 from pot
*** SUMMARY ***
Total pot $42 | Rake $0.50
Board [Qc Kd Td 3h 4d]
Seat 3: Chessnok (button) (small blind) showed [Ks Qh] and won ($41.50) with two pair, Kings and Queens
Seat 5: liamOS (big blind) mucked


PokerStars Hand #162057287103:  Hold'em Limit ($3/$6 USD) - 2016/11/27 16:00:33 ET
Table 'Sidonia II' 6-max Seat #5 is the button
Seat 3: Chessnok ($140.68 in chips)
Seat 5: liamOS ($326.78 in chips)
liamOS: posts small blind $1
Chessnok: posts big blind $3
*** HOLE CARDS ***
liamOS: raises $3 to $6
Chessnok: folds
Uncalled bet ($3) returned to liamOS
liamOS collected $6 from pot
liamOS: doesn't show hand
*** SUMMARY ***
Total pot $6 | Rake $0
Seat 3: Chessnok (big blind) folded before Flop
Seat 5: liamOS (button) (small blind) collected ($6)


PokerStars Hand #162057275819:  Hold'em Limit ($3/$6 USD) - 2016/11/27 16:00:18 ET
Table 'Sidonia II' 6-max Seat #3 is the button
Seat 3: Chessnok ($141.68 in chips)
Seat 5: liamOS ($325.78 in chips)
Chessnok: posts small blind $1
liamOS: posts big blind $3
*** HOLE CARDS ***
Chessnok: folds
Uncalled bet ($2) returned to liamOS
liamOS collected $2 from pot
liamOS: doesn't show hand
*** SUMMARY ***
Total pot $2 | Rake $0
Seat 3: Chessnok (button) (small blind) folded before Flop
Seat 5: liamOS (big blind) collected ($2)


PokerStars Hand #162057264114:  Hold'em Limit ($3/$6 USD) - 2016/11/27 16:00:03 ET
Table 'Sidonia II' 6-max Seat #5 is the button
Seat 3: Chessnok ($135.92 in chips)
Seat 5: liamOS ($331.78 in chips)
liamOS: posts small blind $1
Chessnok: posts big blind $3
*** HOLE CARDS ***
liamOS: raises $3 to $6
Chessnok: calls $3
*** FLOP *** [6s Qh 5c]
Chessnok: bets $3
liamOS: folds
Uncalled bet ($3) returned to Chessnok
Chessnok collected $11.76 from pot
Chessnok: doesn't show hand
*** SUMMARY ***
Total pot $12 | Rake $0.24
Board [6s Qh 5c]
Seat 3: Chessnok (big blind) collected ($11.76)
Seat 5: liamOS (button) (small blind) folded on the Flop


PokerStars Hand #162057310137:  Hold'em Limit ($3/$6 USD) - 2016/11/27 16:01:01 ET
Table 'Sidonia II' 6-max Seat #5 is the button
Seat 3: Chessnok ($110.68 in chips)
Seat 5: liamOS ($356.28 in chips)
liamOS: posts small blind $1
Chessnok: posts big blind $3
*** HOLE CARDS ***
liamOS: raises $3 to $6
Chessnok: raises $3 to $9
liamOS: calls $3
*** FLOP *** [Ts As 6s]
Chessnok: bets $3
liamOS: folds
Uncalled bet ($3) returned to Chessnok
Chessnok collected $17.64 from pot
Chessnok: doesn't show hand
*** SUMMARY ***
Total pot $18 | Rake $0.36
Board [Ts As 6s]
Seat 3: Chessnok (big blind) collected ($17.64)
Seat 5: liamOS (button) (small blind) folded on the Flop


PokerStars Hand #162057293332:  Hold'em Limit ($3/$6 USD) - 2016/11/27 16:00:41 ET
Table 'Sidonia II' 6-max Seat #3 is the button
Seat 3: Chessnok ($137.68 in chips)
Seat 5: liamOS ($329.78 in chips)
Chessnok: posts small blind $1
liamOS: posts big blind $3
*** HOLE CARDS ***
Chessnok: raises $3 to $6
liamOS: calls $3
*** FLOP *** [6d Tc Jh]
liamOS: checks
Chessnok: bets $3
liamOS: calls $3
*** TURN *** [6d Tc Jh] [8c]
liamOS: checks
Chessnok: bets $6
liamOS: raises $6 to $12
Chessnok: calls $6
*** RIVER *** [6d Tc Jh 8c] [2h]
liamOS: bets $6
Chessnok: calls $6
*** SHOW DOWN ***
liamOS: shows [8d Td] (two pair, Tens and Eights)
Chessnok: mucks hand
liamOS collected $53.50 from pot
*** SUMMARY ***
Total pot $54 | Rake $0.50
Board [6d Tc Jh 8c 2h]
Seat 3: Chessnok (button) (small blind) mucked
Seat 5: liamOS (big blind) showed [8d Td] and won ($53.50) with two pair, Tens and Eights


PokerStars Hand #162057325443:  Hold'em Limit ($3/$6 USD) - 2016/11/27 16:01:19 ET
Table 'Sidonia II' 6-max Seat #5 is the button
Seat 3: Chessnok ($118.32 in chips)
Seat 5: liamOS ($348.28 in chips)
liamOS: posts small blind $1
Chessnok: posts big blind $3
*** HOLE CARDS ***
liamOS: calls $2
Chessnok: raises $3 to $6
liamOS: calls $3
*** FLOP *** [Kh 5c 6d]
Chessnok: bets $3
liamOS: calls $3
*** TURN *** [Kh 5c 6d] [2s]
Chessnok: bets $6
liamOS: calls $6
*** RIVER *** [Kh 5c 6d 2s] [Ks]
Chessnok: checks
liamOS: checks
*** SHOW DOWN ***
Chessnok: shows [As 7c] (a pair of Kings)
liamOS: shows [8s 6h] (two pair, Kings and Sixes)
liamOS collected $29.50 from pot
*** SUMMARY ***
Total pot $30 | Rake $0.50
Board [Kh 5c 6d 2s Ks]
Seat 3: Chessnok (big blind) showed [As 7c] and lost with a pair of Kings
Seat 5: liamOS (button) (small blind) showed [8s 6h] and won ($29.50) with two pair, Kings and Sixes


PokerStars Hand #162057321717:  Hold'em Limit ($3/$6 USD) - 2016/11/27 16:01:15 ET
Table 'Sidonia II' 6-max Seat #3 is the button
Seat 3: Chessnok ($119.32 in chips)
Seat 5: liamOS ($347.28 in chips)
Chessnok: posts small blind $1
liamOS: posts big blind $3
*** HOLE CARDS ***
Chessnok: folds
Uncalled bet ($2) returned to liamOS
liamOS collected $2 from pot
liamOS: doesn't show hand
*** SUMMARY ***
Total pot $2 | Rake $0
Seat 3: Chessnok (button) (small blind) folded before Flop
Seat 5: liamOS (big blind) collected ($2)


PokerStars Hand #162057355873:  Hold'em Limit ($3/$6 USD) - 2016/11/27 16:01:54 ET
Table 'Sidonia II' 6-max Seat #5 is the button
Seat 3: Chessnok ($82.32 in chips)
Seat 5: liamOS ($383.28 in chips)
liamOS: posts small blind $1
Chessnok: posts big blind $3
*** HOLE CARDS ***
liamOS: raises $3 to $6
Chessnok: calls $3
*** FLOP *** [6s Qh Ts]
Chessnok: checks
liamOS: checks
*** TURN *** [6s Qh Ts] [2h]
Chessnok: bets $6
liamOS: folds
Uncalled bet ($6) returned to Chessnok
Chessnok collected $11.76 from pot
Chessnok: doesn't show hand
*** SUMMARY ***
Total pot $12 | Rake $0.24
Board [6s Qh Ts 2h]
Seat 3: Chessnok (big blind) collected ($11.76)
Seat 5: liamOS (button) (small blind) folded on the Turn


PokerStars Hand #162057340454:  Hold'em Limit ($3/$6 USD) - 2016/11/27 16:01:37 ET
Table 'Sidonia II' 6-max Seat #3 is the button
Seat 3: Chessnok ($103.32 in chips)
Seat 5: liamOS ($362.78 in chips)
Chessnok: posts small blind $1
liamOS: posts big blind $3
*** HOLE CARDS ***
Chessnok: raises $3 to $6
liamOS: calls $3
*** FLOP *** [Kh Qc Th]
liamOS: checks
Chessnok: bets $3
liamOS: calls $3
*** TURN *** [Kh Qc Th] [8d]
liamOS: checks
Chessnok: bets $6
liamOS: calls $6
*** RIVER *** [Kh Qc Th 8d] [Js]
liamOS: checks
Chessnok: bets $6
liamOS: calls $6
*** SHOW DOWN ***
Chessnok: shows [8h Qd] (two pair, Queens and Eights)
liamOS: shows [Qs Jc] (two pair, Queens and Jacks)
liamOS collected $41.50 from pot
*** SUMMARY ***
Total pot $42 | Rake $0.50
Board [Kh Qc Th 8d Js]
Seat 3: Chessnok (button) (small blind) showed [8h Qd] and lost with two pair, Queens and Eights
Seat 5: liamOS (big blind) showed [Qs Jc] and won ($41.50) with two pair, Queens and Jacks


PokerStars Hand #162057370891:  Hold'em Limit ($3/$6 USD) - 2016/11/27 16:02:11 ET
Table 'Sidonia II' 6-max Seat #3 is the button
Seat 3: Chessnok ($88.08 in chips)
Seat 5: liamOS ($377.28 in chips)
Chessnok: posts small blind $1
liamOS: posts big blind $3
*** HOLE CARDS ***
Chessnok: raises $3 to $6
liamOS: calls $3
*** FLOP *** [5c Jd Th]
liamOS: checks
Chessnok: bets $3
liamOS: calls $3
*** TURN *** [5c Jd Th] [9c]
liamOS: checks
Chessnok: checks
*** RIVER *** [5c Jd Th 9c] [6c]
liamOS: checks
Chessnok: bets $6
liamOS: calls $6
*** SHOW DOWN ***
Chessnok: shows [Ks 6s] (a pair of Sixes)
liamOS: shows [Ad Tc] (a pair of Tens)
liamOS collected $29.50 from pot
*** SUMMARY ***
Total pot $30 | Rake $0.50
Board [5c Jd Th 9c 6c]
Seat 3: Chessnok (button) (small blind) showed [Ks 6s] and lost with a pair of Sixes
Seat 5: liamOS (big blind) showed [Ad Tc] and won ($29.50) with a pair of Tens


PokerStars Hand #162057429525:  Hold'em Limit ($3/$6 USD) - 2016/11/27 16:03:11 ET
Table 'Sidonia II' 6-max Seat #5 is the button
Seat 3: Chessnok ($87.48 in chips)
Seat 5: liamOS ($376.78 in chips)
liamOS: posts small blind $1
Chessnok: posts big blind $3
*** HOLE CARDS ***
liamOS: folds
Uncalled bet ($2) returned to Chessnok
Chessnok collected $2 from pot
Chessnok: doesn't show hand
*** SUMMARY ***
Total pot $2 | Rake $0
Seat 3: Chessnok (big blind) collected ($2)
Seat 5: liamOS (button) (small blind) folded before Flop


PokerStars Hand #162057412725:  Hold'em Limit ($3/$6 USD) - 2016/11/27 16:02:54 ET
Table 'Sidonia II' 6-max Seat #3 is the button
Seat 3: Chessnok ($81.72 in chips)
Seat 5: liamOS ($382.78 in chips)
Chessnok: posts small blind $1
liamOS: posts big blind $3
*** HOLE CARDS ***
Chessnok: raises $3 to $6
liamOS: calls $3
*** FLOP *** [4c 5d 9c]
liamOS: checks
Chessnok: checks
*** TURN *** [4c 5d 9c] [Qc]
liamOS: checks
Chessnok: bets $6
liamOS: folds
Uncalled bet ($6) returned to Chessnok
Chessnok collected $11.76 from pot
Chessnok: doesn't show hand
*** SUMMARY ***
Total pot $12 | Rake $0.24
Board [4c 5d 9c Qc]
Seat 3: Chessnok (button) (small blind) collected ($11.76)
Seat 5: liamOS (big blind) folded on the Turn


PokerStars Hand #162057435155:  Hold'em Limit ($3/$6 USD) - 2016/11/27 16:03:16 ET
Table 'Sidonia II' 6-max Seat #3 is the button
Seat 3: Chessnok ($88.48 in chips)
Seat 5: liamOS ($375.78 in chips)
Chessnok: posts small blind $1
liamOS: posts big blind $3
*** HOLE CARDS ***
Chessnok: raises $3 to $6
liamOS: calls $3
*** FLOP *** [Th 7h 6c]
liamOS: checks
Chessnok: bets $3
liamOS: folds
Uncalled bet ($3) returned to Chessnok
Chessnok collected $11.76 from pot
Chessnok: doesn't show hand
*** SUMMARY ***
Total pot $12 | Rake $0.24
Board [Th 7h 6c]
Seat 3: Chessnok (button) (small blind) collected ($11.76)
Seat 5: liamOS (big blind) folded on the Flop


PokerStars Hand #162057447329:  Hold'em Limit ($3/$6 USD) - 2016/11/27 16:03:28 ET
Table 'Sidonia II' 6-max Seat #5 is the button
Seat 3: Chessnok ($94.24 in chips)
Seat 5: liamOS ($369.78 in chips)
liamOS: posts small blind $1
Chessnok: posts big blind $3
*** HOLE CARDS ***
liamOS: raises $3 to $6
Chessnok: calls $3
*** FLOP *** [3c 8s Ts]
Chessnok: bets $3
liamOS: calls $3
*** TURN *** [3c 8s Ts] [Js]
Chessnok: checks
liamOS: checks
*** RIVER *** [3c 8s Ts Js] [6h]
Chessnok: bets $6
liamOS: calls $6
*** SHOW DOWN ***
Chessnok: shows [8h 4h] (a pair of Eights)
liamOS: mucks hand
Chessnok collected $29.50 from pot
*** SUMMARY ***
Total pot $30 | Rake $0.50
Board [3c 8s Ts Js 6h]
Seat 3: Chessnok (big blind) showed [8h 4h] and won ($29.50) with a pair of Eights
Seat 5: liamOS (button) (small blind) mucked


