PokerStars Hand #165822407964:  Hold'em Limit ($3/$6 USD) - 2017/02/07 6:54:13 ET
Table 'Sidonia' 10-max Seat #6 is the button
Seat 5: KIT426 ($182.05 in chips)
Seat 6: belik555 ($90 in chips)
belik555: posts small blind $1
KIT426: posts big blind $3
*** HOLE CARDS ***
belik555: raises $3 to $6
KIT426: folds
Uncalled bet ($3) returned to belik555
belik555 collected $6 from pot
belik555: doesn't show hand
*** SUMMARY ***
Total pot $6 | Rake $0
Seat 5: KIT426 (big blind) folded before Flop
Seat 6: belik555 (button) (small blind) collected ($6)


PokerStars Hand #165822393211:  Hold'em Limit ($3/$6 USD) - 2017/02/07 6:53:46 ET
Table 'Sidonia' 10-max Seat #5 is the button
Seat 5: KIT426 ($182.23 in chips)
Seat 6: belik555 ($90 in chips)
KIT426: posts small blind $1
belik555: posts big blind $3
*** HOLE CARDS ***
KIT426: calls $2
belik555: raises $3 to $6
KIT426: calls $3
*** FLOP *** [8h 4h Qh]
belik555: bets $3
KIT426: calls $3
*** TURN *** [8h 4h Qh] [2h]
belik555: checks
KIT426: checks
*** RIVER *** [8h 4h Qh 2h] [9h]
belik555: checks
KIT426: checks
*** SHOW DOWN ***
belik555: shows [Qc 6d] (a flush, Queen high)
KIT426: shows [8s 9d] (a flush, Queen high)
belik555 collected $8.82 from pot
KIT426 collected $8.82 from pot
*** SUMMARY ***
Total pot $18 | Rake $0.36
Board [8h 4h Qh 2h 9h]
Seat 5: KIT426 (button) (small blind) showed [8s 9d] and won ($8.82) with a flush, Queen high
Seat 6: belik555 (big blind) showed [Qc 6d] and won ($8.82) with a flush, Queen high


PokerStars Hand #165822445207:  Hold'em Limit ($3/$6 USD) - 2017/02/07 6:55:26 ET
Table 'Sidonia' 10-max Seat #6 is the button
Seat 5: KIT426 ($181.05 in chips)
Seat 6: belik555 ($116.50 in chips)
belik555: posts small blind $1
KIT426: posts big blind $3
*** HOLE CARDS ***
belik555: raises $3 to $6
KIT426: folds
Uncalled bet ($3) returned to belik555
belik555 collected $6 from pot
belik555: doesn't show hand
*** SUMMARY ***
Total pot $6 | Rake $0
Seat 5: KIT426 (big blind) folded before Flop
Seat 6: belik555 (button) (small blind) collected ($6)


PokerStars Hand #165822434142:  Hold'em Limit ($3/$6 USD) - 2017/02/07 6:55:03 ET
Table 'Sidonia' 10-max Seat #5 is the button
Seat 5: KIT426 ($208.05 in chips)
Seat 6: belik555 ($90 in chips)
KIT426: posts small blind $1
belik555: posts big blind $3
*** HOLE CARDS ***
KIT426: raises $3 to $6
belik555: raises $3 to $9
KIT426: calls $3
*** FLOP *** [Js 9c 5c]
belik555: bets $3
KIT426: raises $3 to $6
belik555: calls $3
*** TURN *** [Js 9c 5c] [4h]
belik555: checks
KIT426: bets $6
belik555: calls $6
*** RIVER *** [Js 9c 5c 4h] [3d]
belik555: checks
KIT426: bets $6
belik555: calls $6
*** SHOW DOWN ***
KIT426: shows [Tc 8c] (high card Jack)
belik555: shows [9d 7d] (a pair of Nines)
belik555 collected $53.50 from pot
*** SUMMARY ***
Total pot $54 | Rake $0.50
Board [Js 9c 5c 4h 3d]
Seat 5: KIT426 (button) (small blind) showed [Tc 8c] and lost with high card Jack
Seat 6: belik555 (big blind) showed [9d 7d] and won ($53.50) with a pair of Nines


PokerStars Hand #165822422275:  Hold'em Limit ($3/$6 USD) - 2017/02/07 6:54:40 ET
Table 'Sidonia' 10-max Seat #6 is the button
Seat 5: KIT426 ($193.55 in chips)
Seat 6: belik555 ($90 in chips)
belik555: posts small blind $1
KIT426: posts big blind $3
*** HOLE CARDS ***
belik555: raises $3 to $6
KIT426: calls $3
*** FLOP *** [Kh 6s Qd]
KIT426: checks
belik555: bets $3
KIT426: calls $3
*** TURN *** [Kh 6s Qd] [4d]
KIT426: checks
belik555: checks
*** RIVER *** [Kh 6s Qd 4d] [7s]
KIT426: bets $6
belik555: calls $6
*** SHOW DOWN ***
KIT426: shows [Qc 5d] (a pair of Queens)
belik555: mucks hand
KIT426 collected $29.50 from pot
*** SUMMARY ***
Total pot $30 | Rake $0.50
Board [Kh 6s Qd 4d 7s]
Seat 5: KIT426 (big blind) showed [Qc 5d] and won ($29.50) with a pair of Queens
Seat 6: belik555 (button) (small blind) mucked


PokerStars Hand #165822411487:  Hold'em Limit ($3/$6 USD) - 2017/02/07 6:54:20 ET
Table 'Sidonia' 10-max Seat #5 is the button
Seat 5: KIT426 ($179.05 in chips)
Seat 6: belik555 ($93 in chips)
KIT426: posts small blind $1
belik555: posts big blind $3
*** HOLE CARDS ***
KIT426: raises $3 to $6
belik555: calls $3
*** FLOP *** [Tc Jh Qc]
belik555: checks
KIT426: bets $3
belik555: raises $3 to $6
KIT426: raises $3 to $9
belik555: calls $3
*** TURN *** [Tc Jh Qc] [4c]
belik555: checks
KIT426: bets $6
belik555: folds
Uncalled bet ($6) returned to KIT426
KIT426 collected $29.50 from pot
*** SUMMARY ***
Total pot $30 | Rake $0.50
Board [Tc Jh Qc 4c]
Seat 5: KIT426 (button) (small blind) collected ($29.50)
Seat 6: belik555 (big blind) folded on the Turn


PokerStars Hand #165822457984:  Hold'em Limit ($3/$6 USD) - 2017/02/07 6:55:53 ET
Table 'Sidonia' 10-max Seat #6 is the button
Seat 5: KIT426 ($198.55 in chips)
Seat 6: belik555 ($98.50 in chips)
belik555: posts small blind $1
KIT426: posts big blind $3
*** HOLE CARDS ***
belik555: raises $3 to $6
KIT426: calls $3
*** FLOP *** [Js Td As]
KIT426: checks
belik555: bets $3
KIT426: calls $3
*** TURN *** [Js Td As] [Ts]
KIT426: checks
belik555: checks
*** RIVER *** [Js Td As Ts] [7s]
KIT426: checks
belik555: checks
*** SHOW DOWN ***
KIT426: shows [Ad 2s] (a flush, Ace high)
belik555: mucks hand
KIT426 collected $17.64 from pot
*** SUMMARY ***
Total pot $18 | Rake $0.36
Board [Js Td As Ts 7s]
Seat 5: KIT426 (big blind) showed [Ad 2s] and won ($17.64) with a flush, Ace high
Seat 6: belik555 (button) (small blind) mucked


PokerStars Hand #165822448475:  Hold'em Limit ($3/$6 USD) - 2017/02/07 6:55:33 ET
Table 'Sidonia' 10-max Seat #5 is the button
Seat 5: KIT426 ($178.05 in chips)
Seat 6: belik555 ($119.50 in chips)
KIT426: posts small blind $1
belik555: posts big blind $3
*** HOLE CARDS ***
KIT426: raises $3 to $6
belik555: raises $3 to $9
KIT426: raises $3 to $12
Betting is capped
belik555: calls $3
*** FLOP *** [Ks 9s 6s]
belik555: checks
KIT426: bets $3
belik555: calls $3
*** TURN *** [Ks 9s 6s] [Qh]
belik555: checks
KIT426: bets $6
belik555: calls $6
*** RIVER *** [Ks 9s 6s Qh] [Ac]
belik555: checks
KIT426: checks
*** SHOW DOWN ***
belik555: shows [Jh 8s] (high card Ace)
KIT426: shows [Jc Kc] (a pair of Kings)
KIT426 collected $41.50 from pot
*** SUMMARY ***
Total pot $42 | Rake $0.50
Board [Ks 9s 6s Qh Ac]
Seat 5: KIT426 (button) (small blind) showed [Jc Kc] and won ($41.50) with a pair of Kings
Seat 6: belik555 (big blind) showed [Jh 8s] and lost with high card Ace


PokerStars Hand #165822495025:  Hold'em Limit ($3/$6 USD) - 2017/02/07 6:57:11 ET
Table 'Sidonia' 10-max Seat #5 is the button
Seat 5: KIT426 ($236.19 in chips)
Seat 6: belik555 ($90 in chips)
KIT426: posts small blind $1
belik555: posts big blind $3
*** HOLE CARDS ***
KIT426: calls $2
belik555: raises $3 to $6
KIT426: calls $3
*** FLOP *** [As 2d 8h]
belik555: bets $3
KIT426: folds
Uncalled bet ($3) returned to belik555
belik555 collected $11.76 from pot
belik555: doesn't show hand
*** SUMMARY ***
Total pot $12 | Rake $0.24
Board [As 2d 8h]
Seat 5: KIT426 (button) (small blind) folded on the Flop
Seat 6: belik555 (big blind) collected ($11.76)


PokerStars Hand #165822481442:  Hold'em Limit ($3/$6 USD) - 2017/02/07 6:56:42 ET
Table 'Sidonia' 10-max Seat #6 is the button
Seat 5: KIT426 ($221.69 in chips)
Seat 6: belik555 ($90 in chips)
belik555: posts small blind $1
KIT426: posts big blind $3
*** HOLE CARDS ***
belik555: raises $3 to $6
KIT426: calls $3
*** FLOP *** [Qh 8c Kh]
KIT426: checks
belik555: bets $3
KIT426: calls $3
*** TURN *** [Qh 8c Kh] [4d]
KIT426: checks
belik555: checks
*** RIVER *** [Qh 8c Kh 4d] [6s]
KIT426: checks
belik555: bets $6
KIT426: calls $6
*** SHOW DOWN ***
belik555: shows [7d 6d] (a pair of Sixes)
KIT426: shows [Jd 8d] (a pair of Eights)
KIT426 collected $29.50 from pot
*** SUMMARY ***
Total pot $30 | Rake $0.50
Board [Qh 8c Kh 4d 6s]
Seat 5: KIT426 (big blind) showed [Jd 8d] and won ($29.50) with a pair of Eights
Seat 6: belik555 (button) (small blind) showed [7d 6d] and lost with a pair of Sixes


PokerStars Hand #165822467153:  Hold'em Limit ($3/$6 USD) - 2017/02/07 6:56:12 ET
Table 'Sidonia' 10-max Seat #5 is the button
Seat 5: KIT426 ($207.19 in chips)
Seat 6: belik555 ($90 in chips)
KIT426: posts small blind $1
belik555: posts big blind $3
*** HOLE CARDS ***
KIT426: raises $3 to $6
belik555: raises $3 to $9
KIT426: raises $3 to $12
Betting is capped
belik555: calls $3
*** FLOP *** [3h Qs 5s]
belik555: checks
KIT426: bets $3
belik555: calls $3
*** TURN *** [3h Qs 5s] [Qd]
belik555: checks
KIT426: bets $6
belik555: folds
Uncalled bet ($6) returned to KIT426
KIT426 collected $29.50 from pot
*** SUMMARY ***
Total pot $30 | Rake $0.50
Board [3h Qs 5s Qd]
Seat 5: KIT426 (button) (small blind) collected ($29.50)
Seat 6: belik555 (big blind) folded on the Turn


PokerStars Hand #165822524247:  Hold'em Limit ($3/$6 USD) - 2017/02/07 6:58:11 ET
Table 'Sidonia' 10-max Seat #6 is the button
Seat 5: KIT426 ($243.69 in chips)
Seat 6: belik555 ($91 in chips)
belik555: posts small blind $1
KIT426: posts big blind $3
*** HOLE CARDS ***
belik555: raises $3 to $6
KIT426: folds
Uncalled bet ($3) returned to belik555
belik555 collected $6 from pot
belik555: doesn't show hand
*** SUMMARY ***
Total pot $6 | Rake $0
Seat 5: KIT426 (big blind) folded before Flop
Seat 6: belik555 (button) (small blind) collected ($6)


PokerStars Hand #165822521750:  Hold'em Limit ($3/$6 USD) - 2017/02/07 6:58:06 ET
Table 'Sidonia' 10-max Seat #5 is the button
Seat 5: KIT426 ($244.69 in chips)
Seat 6: belik555 ($90 in chips)
KIT426: posts small blind $1
belik555: posts big blind $3
*** HOLE CARDS ***
KIT426: folds
Uncalled bet ($2) returned to belik555
belik555 collected $2 from pot
belik555: doesn't show hand
*** SUMMARY ***
Total pot $2 | Rake $0
Seat 5: KIT426 (button) (small blind) folded before Flop
Seat 6: belik555 (big blind) collected ($2)


PokerStars Hand #165822505559:  Hold'em Limit ($3/$6 USD) - 2017/02/07 6:57:32 ET
Table 'Sidonia' 10-max Seat #6 is the button
Seat 5: KIT426 ($230.19 in chips)
Seat 6: belik555 ($95.76 in chips)
belik555: posts small blind $1
KIT426: posts big blind $3
*** HOLE CARDS ***
belik555: raises $3 to $6
KIT426: calls $3
*** FLOP *** [2c Qd 9d]
KIT426: checks
belik555: bets $3
KIT426: calls $3
*** TURN *** [2c Qd 9d] [5d]
KIT426: checks
belik555: checks
*** RIVER *** [2c Qd 9d 5d] [Kh]
KIT426: checks
belik555: bets $6
KIT426: calls $6
*** SHOW DOWN ***
belik555: shows [8d 4c] (high card King)
KIT426: shows [5c As] (a pair of Fives)
KIT426 collected $29.50 from pot
*** SUMMARY ***
Total pot $30 | Rake $0.50
Board [2c Qd 9d 5d Kh]
Seat 5: KIT426 (big blind) showed [5c As] and won ($29.50) with a pair of Fives
Seat 6: belik555 (button) (small blind) showed [8d 4c] and lost with high card King


PokerStars Hand #165822527575:  Hold'em Limit ($3/$6 USD) - 2017/02/07 6:58:18 ET
Table 'Sidonia' 10-max Seat #5 is the button
Seat 5: KIT426 ($240.69 in chips)
Seat 6: belik555 ($94 in chips)
KIT426: posts small blind $1
belik555: posts big blind $3
*** HOLE CARDS ***
KIT426: raises $3 to $6
belik555: raises $3 to $9
KIT426: calls $3
*** FLOP *** [3c 5d Qh]
millchar joins the table at seat #10
belik555: bets $3
KIT426: calls $3
*** TURN *** [3c 5d Qh] [6s]
belik555: bets $6
KIT426: folds
Uncalled bet ($6) returned to belik555
belik555 collected $23.52 from pot
belik555: doesn't show hand
*** SUMMARY ***
Total pot $24 | Rake $0.48
Board [3c 5d Qh 6s]
Seat 5: KIT426 (button) (small blind) folded on the Turn
Seat 6: belik555 (big blind) collected ($23.52)


PokerStars Hand #165822741919:  Hold'em Limit ($3/$6 USD) - 2017/02/07 7:05:14 ET
Table 'Sidonia' 10-max Seat #6 is the button
Seat 5: KIT426 ($300.64 in chips)
Seat 6: belik555 ($91 in chips)
belik555: posts small blind $1
millchar: is sitting out
KIT426: posts big blind $3
*** HOLE CARDS ***
belik555: raises $3 to $6
KIT426: folds
Uncalled bet ($3) returned to belik555
belik555 collected $6 from pot
belik555: doesn't show hand
*** SUMMARY ***
Total pot $6 | Rake $0
Seat 5: KIT426 (big blind) folded before Flop
Seat 6: belik555 (button) (small blind) collected ($6)


PokerStars Hand #165822760907:  Hold'em Limit ($3/$6 USD) - 2017/02/07 7:05:50 ET
Table 'Sidonia' 10-max Seat #6 is the button
Seat 5: KIT426 ($306.28 in chips)
Seat 6: belik555 ($90 in chips)
belik555: posts small blind $1
KIT426: posts big blind $3
*** HOLE CARDS ***
belik555: raises $3 to $6
KIT426: folds
Uncalled bet ($3) returned to belik555
belik555 collected $6 from pot
belik555: doesn't show hand
*** SUMMARY ***
Total pot $6 | Rake $0
Seat 5: KIT426 (big blind) folded before Flop
Seat 6: belik555 (button) (small blind) collected ($6)


PokerStars Hand #165822747454:  Hold'em Limit ($3/$6 USD) - 2017/02/07 7:05:24 ET
Table 'Sidonia' 10-max Seat #5 is the button
Seat 5: KIT426 ($297.64 in chips)
Seat 6: belik555 ($94 in chips)
KIT426: posts small blind $1
belik555: posts big blind $3
*** HOLE CARDS ***
KIT426: raises $3 to $6
belik555: raises $3 to $9
KIT426: calls $3
*** FLOP *** [3s 8d 6d]
belik555: checks
KIT426: checks
*** TURN *** [3s 8d 6d] [8s]
belik555: checks
KIT426: checks
*** RIVER *** [3s 8d 6d 8s] [6c]
belik555: checks
KIT426: checks
*** SHOW DOWN ***
belik555: shows [2h Qh] (two pair, Eights and Sixes)
KIT426: shows [Kh Qs] (two pair, Eights and Sixes - King kicker)
KIT426 collected $17.64 from pot
*** SUMMARY ***
Total pot $18 | Rake $0.36
Board [3s 8d 6d 8s 6c]
Seat 5: KIT426 (button) (small blind) showed [Kh Qs] and won ($17.64) with two pair, Eights and Sixes
Seat 6: belik555 (big blind) showed [2h Qh] and lost with two pair, Eights and Sixes


PokerStars Hand #165827983526:  Hold'em Limit ($3/$6 USD) - 2017/02/07 9:28:52 ET
Table 'Sidonia' 10-max Seat #6 is the button
Seat 5: xcgxcg2005 ($131.10 in chips)
Seat 6: belik555 ($90 in chips)
belik555: posts small blind $1
Actionni13: is sitting out
xcgxcg2005: posts big blind $3
*** HOLE CARDS ***
belik555: raises $3 to $6
xcgxcg2005: folds
Uncalled bet ($3) returned to belik555
belik555 collected $6 from pot
belik555: doesn't show hand
*** SUMMARY ***
Total pot $6 | Rake $0
Seat 5: xcgxcg2005 (big blind) folded before Flop
Seat 6: belik555 (button) (small blind) collected ($6)


PokerStars Hand #165832289507:  Hold'em Limit ($3/$6 USD) - 2017/02/07 11:09:19 ET
Table 'Sidonia' 10-max Seat #4 is the button
Seat 3: nikosha8 ($62.19 in chips)
Seat 4: Agrotait ($120 in chips)
Agrotait: posts small blind $1
belik555: is sitting out
nikosha8: posts big blind $3
*** HOLE CARDS ***
Agrotait: raises $3 to $6
nikosha8: calls $3
*** FLOP *** [5s 8d Qs]
nikosha8: checks
belik555 leaves the table
Agrotait: bets $3
nikosha8: raises $3 to $6
Agrotait: folds
Uncalled bet ($3) returned to nikosha8
nikosha8 collected $17.64 from pot
*** SUMMARY ***
Total pot $18 | Rake $0.36
Board [5s 8d Qs]
Seat 3: nikosha8 (big blind) collected ($17.64)
Seat 4: Agrotait (button) (small blind) folded on the Flop


PokerStars Hand #165832305884:  Hold'em Limit ($3/$6 USD) - 2017/02/07 11:09:40 ET
Table 'Sidonia' 10-max Seat #3 is the button
Seat 3: nikosha8 ($70.83 in chips)
Seat 4: Agrotait ($111 in chips)
nikosha8: posts small blind $1
Agrotait: posts big blind $3
*** HOLE CARDS ***
belik555 joins the table at seat #5
nikosha8: folds
Uncalled bet ($2) returned to Agrotait
Agrotait collected $2 from pot
Agrotait: doesn't show hand
*** SUMMARY ***
Total pot $2 | Rake $0
Seat 3: nikosha8 (button) (small blind) folded before Flop
Seat 4: Agrotait (big blind) collected ($2)


PokerStars Hand #165832393872:  Hold'em Limit ($3/$6 USD) - 2017/02/07 11:11:35 ET
Table 'Sidonia' 10-max Seat #5 is the button
Seat 4: Agrotait ($122.07 in chips)
Seat 5: belik555 ($99.55 in chips)
belik555: posts small blind $1
Agrotait: posts big blind $3
*** HOLE CARDS ***
belik555: raises $3 to $6
Agrotait: calls $3
*** FLOP *** [Jh 7h Qd]
Agrotait: checks
belik555: bets $3
Agrotait: calls $3
*** TURN *** [Jh 7h Qd] [6c]
Agrotait: checks
belik555: bets $6
Agrotait: calls $6
*** RIVER *** [Jh 7h Qd 6c] [3s]
Agrotait: checks
belik555: checks
*** SHOW DOWN ***
Agrotait: shows [Qh 2c] (a pair of Queens)
belik555: mucks hand
Agrotait collected $29.50 from pot
*** SUMMARY ***
Total pot $30 | Rake $0.50
Board [Jh 7h Qd 6c 3s]
Seat 4: Agrotait (big blind) showed [Qh 2c] and won ($29.50) with a pair of Queens
Seat 5: belik555 (button) (small blind) mucked


