PokerStars Hand #155775112143:  Hold'em Limit ($3/$6 USD) - 2016/07/09 19:59:18 ET
Table 'Siebohme' 6-max Seat #2 is the button
Seat 1: LifeisagameX ($84 in chips)
Seat 2: trojanmouse ($55.66 in chips)
trojanmouse: posts small blind $1
LifeisagameX: posts big blind $3
*** HOLE CARDS ***
trojanmouse: raises $3 to $6
LifeisagameX: raises $3 to $9
trojanmouse: calls $3
*** FLOP *** [8h 2h 7d]
LifeisagameX: bets $3
trojanmouse: raises $3 to $6
LifeisagameX: calls $3
*** TURN *** [8h 2h 7d] [Kc]
LifeisagameX: checks
trojanmouse: checks
*** RIVER *** [8h 2h 7d Kc] [3c]
LifeisagameX: checks
trojanmouse: bets $6
LifeisagameX: calls $6
*** SHOW DOWN ***
trojanmouse: shows [6d 7s] (a pair of Sevens)
LifeisagameX: mucks hand
trojanmouse collected $41.50 from pot
*** SUMMARY ***
Total pot $42 | Rake $0.50
Board [8h 2h 7d Kc 3c]
Seat 1: LifeisagameX (big blind) mucked
Seat 2: trojanmouse (button) (small blind) showed [6d 7s] and won ($41.50) with a pair of Sevens


PokerStars Hand #155775103365:  Hold'em Limit ($3/$6 USD) - 2016/07/09 19:58:57 ET
Table 'Siebohme' 6-max Seat #1 is the button
Seat 1: LifeisagameX ($91.76 in chips)
Seat 2: trojanmouse ($28.08 in chips)
LifeisagameX: posts small blind $1
trojanmouse: posts big blind $3
*** HOLE CARDS ***
LifeisagameX: raises $3 to $6
trojanmouse: raises $3 to $9
LifeisagameX: calls $3
*** FLOP *** [7h Js 7s]
trojanmouse: bets $3
LifeisagameX: calls $3
*** TURN *** [7h Js 7s] [3d]
trojanmouse: bets $6
LifeisagameX: calls $6
*** RIVER *** [7h Js 7s 3d] [5d]
trojanmouse: bets $6
LifeisagameX: raises $6 to $12
trojanmouse: calls $4.08 and is all-in
Uncalled bet ($1.92) returned to LifeisagameX
*** SHOW DOWN ***
LifeisagameX: shows [Jh Qc] (two pair, Jacks and Sevens)
trojanmouse: shows [5s 5c] (a full house, Fives full of Sevens)
trojanmouse collected $55.66 from pot
*** SUMMARY ***
Total pot $56.16 | Rake $0.50
Board [7h Js 7s 3d 5d]
Seat 1: LifeisagameX (button) (small blind) showed [Jh Qc] and lost with two pair, Jacks and Sevens
Seat 2: trojanmouse (big blind) showed [5s 5c] and won ($55.66) with a full house, Fives full of Sevens


PokerStars Hand #155775135121:  Hold'em Limit ($3/$6 USD) - 2016/07/09 20:00:14 ET
Table 'Siebohme' 6-max Seat #1 is the button
Seat 1: LifeisagameX ($84 in chips)
Seat 2: trojanmouse ($111.42 in chips)
LifeisagameX: posts small blind $1
trojanmouse: posts big blind $3
*** HOLE CARDS ***
corgal69 joins the table at seat #6
LifeisagameX: raises $3 to $6
trojanmouse: folds
Uncalled bet ($3) returned to LifeisagameX
LifeisagameX collected $6 from pot
LifeisagameX: doesn't show hand
*** SUMMARY ***
Total pot $6 | Rake $0
Seat 1: LifeisagameX (button) (small blind) collected ($6)
Seat 2: trojanmouse (big blind) folded before Flop


PokerStars Hand #155775128592:  Hold'em Limit ($3/$6 USD) - 2016/07/09 19:59:59 ET
Table 'Siebohme' 6-max Seat #2 is the button
Seat 1: LifeisagameX ($84 in chips)
Seat 2: trojanmouse ($105.66 in chips)
trojanmouse: posts small blind $1
LifeisagameX: posts big blind $3
*** HOLE CARDS ***
trojanmouse: raises $3 to $6
LifeisagameX: calls $3
*** FLOP *** [Qs 5s As]
LifeisagameX: checks
trojanmouse: bets $3
LifeisagameX: folds
Uncalled bet ($3) returned to trojanmouse
trojanmouse collected $11.76 from pot
*** SUMMARY ***
Total pot $12 | Rake $0.24
Board [Qs 5s As]
Seat 1: LifeisagameX (big blind) folded on the Flop
Seat 2: trojanmouse (button) (small blind) collected ($11.76)


PokerStars Hand #155775119493:  Hold'em Limit ($3/$6 USD) - 2016/07/09 19:59:36 ET
Table 'Siebohme' 6-max Seat #1 is the button
Seat 1: LifeisagameX ($84 in chips)
Seat 2: trojanmouse ($76.16 in chips)
LifeisagameX: posts small blind $1
trojanmouse: posts big blind $3
*** HOLE CARDS ***
LifeisagameX: raises $3 to $6
trojanmouse: calls $3
*** FLOP *** [7c 4h 8d]
trojanmouse: checks
LifeisagameX: bets $3
trojanmouse: raises $3 to $6
LifeisagameX: calls $3
*** TURN *** [7c 4h 8d] [8c]
trojanmouse: bets $6
LifeisagameX: calls $6
*** RIVER *** [7c 4h 8d 8c] [Ks]
trojanmouse: checks
LifeisagameX: bets $6
trojanmouse: raises $6 to $12
LifeisagameX: calls $6
*** SHOW DOWN ***
trojanmouse: shows [8s Ts] (three of a kind, Eights)
LifeisagameX: mucks hand
trojanmouse collected $59.50 from pot
*** SUMMARY ***
Total pot $60 | Rake $0.50
Board [7c 4h 8d 8c Ks]
Seat 1: LifeisagameX (button) (small blind) mucked
Seat 2: trojanmouse (big blind) showed [8s Ts] and won ($59.50) with three of a kind, Eights


PokerStars Hand #155775159648:  Hold'em Limit ($3/$6 USD) - 2016/07/09 20:01:12 ET
Table 'Siebohme' 6-max Seat #6 is the button
Seat 1: LifeisagameX ($98.64 in chips)
Seat 6: corgal69 ($25 in chips)
corgal69: posts small blind $1
LifeisagameX: posts big blind $3
*** HOLE CARDS ***
corgal69: raises $3 to $6
LifeisagameX: raises $3 to $9
corgal69: calls $3
*** FLOP *** [Td 2d 6d]
LifeisagameX: bets $3
corgal69: calls $3
*** TURN *** [Td 2d 6d] [7h]
LifeisagameX: checks
corgal69: bets $6
LifeisagameX: calls $6
*** RIVER *** [Td 2d 6d 7h] [Js]
LifeisagameX: checks
corgal69: bets $6
LifeisagameX: calls $6
*** SHOW DOWN ***
corgal69: shows [7c 9s] (a pair of Sevens)
LifeisagameX: mucks hand
corgal69 collected $47.50 from pot
*** SUMMARY ***
Total pot $48 | Rake $0.50
Board [Td 2d 6d 7h Js]
Seat 1: LifeisagameX (big blind) mucked
Seat 6: corgal69 (button) (small blind) showed [7c 9s] and won ($47.50) with a pair of Sevens


PokerStars Hand #155775157005:  Hold'em Limit ($3/$6 USD) - 2016/07/09 20:01:06 ET
Table 'Siebohme' 6-max Seat #1 is the button
Seat 1: LifeisagameX ($95.64 in chips)
Seat 6: corgal69 ($28 in chips)
LifeisagameX: posts small blind $1
corgal69: posts big blind $3
*** HOLE CARDS ***
LifeisagameX: raises $3 to $6
corgal69: folds
Uncalled bet ($3) returned to LifeisagameX
LifeisagameX collected $6 from pot
LifeisagameX: doesn't show hand
*** SUMMARY ***
Total pot $6 | Rake $0
Seat 1: LifeisagameX (button) (small blind) collected ($6)
Seat 6: corgal69 (big blind) folded before Flop


PokerStars Hand #155775145424:  Hold'em Limit ($3/$6 USD) - 2016/07/09 20:00:39 ET
Table 'Siebohme' 6-max Seat #6 is the button
Seat 1: LifeisagameX ($87 in chips)
Seat 6: corgal69 ($37 in chips)
corgal69: posts small blind $1
LifeisagameX: posts big blind $3
*** HOLE CARDS ***
corgal69: calls $2
LifeisagameX: raises $3 to $6
corgal69: calls $3
*** FLOP *** [Ah 3h 8d]
LifeisagameX: bets $3
corgal69: calls $3
*** TURN *** [Ah 3h 8d] [2s]
LifeisagameX: checks
corgal69: checks
*** RIVER *** [Ah 3h 8d 2s] [3c]
LifeisagameX: bets $6
corgal69: folds
Uncalled bet ($6) returned to LifeisagameX
LifeisagameX collected $17.64 from pot
LifeisagameX: doesn't show hand
*** SUMMARY ***
Total pot $18 | Rake $0.36
Board [Ah 3h 8d 2s 3c]
Seat 1: LifeisagameX (big blind) collected ($17.64)
Seat 6: corgal69 (button) (small blind) folded on the River


PokerStars Hand #155775190156:  Hold'em Limit ($3/$6 USD) - 2016/07/09 20:02:17 ET
Table 'Siebohme' 6-max Seat #1 is the button
Seat 1: LifeisagameX ($89.76 in chips)
Seat 6: corgal69 ($57 in chips)
LifeisagameX: posts small blind $1
corgal69: posts big blind $3
*** HOLE CARDS ***
LifeisagameX: raises $3 to $6
corgal69: raises $3 to $9
LifeisagameX: calls $3
*** FLOP *** [Kd 4h As]
corgal69: bets $3
LifeisagameX: raises $3 to $6
corgal69: calls $3
*** TURN *** [Kd 4h As] [Th]
corgal69: checks
LifeisagameX: bets $6
corgal69: calls $6
*** RIVER *** [Kd 4h As Th] [8c]
corgal69: checks
LifeisagameX: bets $6
corgal69: calls $6
*** SHOW DOWN ***
LifeisagameX: shows [6h Ah] (a pair of Aces)
corgal69: mucks hand
LifeisagameX collected $53.50 from pot
*** SUMMARY ***
Total pot $54 | Rake $0.50
Board [Kd 4h As Th 8c]
Seat 1: LifeisagameX (button) (small blind) showed [6h Ah] and won ($53.50) with a pair of Aces
Seat 6: corgal69 (big blind) mucked


PokerStars Hand #155775182455:  Hold'em Limit ($3/$6 USD) - 2016/07/09 20:02:01 ET
Table 'Siebohme' 6-max Seat #6 is the button
Seat 1: LifeisagameX ($84 in chips)
Seat 6: corgal69 ($63 in chips)
corgal69: posts small blind $1
LifeisagameX: posts big blind $3
*** HOLE CARDS ***
corgal69: calls $2
LifeisagameX: raises $3 to $6
corgal69: calls $3
*** FLOP *** [4h Js Qs]
LifeisagameX: bets $3
corgal69: folds
Uncalled bet ($3) returned to LifeisagameX
LifeisagameX collected $11.76 from pot
LifeisagameX: doesn't show hand
*** SUMMARY ***
Total pot $12 | Rake $0.24
Board [4h Js Qs]
Seat 1: LifeisagameX (big blind) collected ($11.76)
Seat 6: corgal69 (button) (small blind) folded on the Flop


PokerStars Hand #155775173486:  Hold'em Limit ($3/$6 USD) - 2016/07/09 20:01:42 ET
Table 'Siebohme' 6-max Seat #1 is the button
Seat 1: LifeisagameX ($84 in chips)
Seat 6: corgal69 ($48.50 in chips)
LifeisagameX: posts small blind $1
corgal69: posts big blind $3
*** HOLE CARDS ***
LifeisagameX: raises $3 to $6
corgal69: calls $3
*** FLOP *** [4d Ad 3c]
corgal69: checks
LifeisagameX: bets $3
corgal69: calls $3
*** TURN *** [4d Ad 3c] [Th]
corgal69: checks
LifeisagameX: checks
*** RIVER *** [4d Ad 3c Th] [4c]
corgal69: bets $6
LifeisagameX: calls $6
*** SHOW DOWN ***
corgal69: shows [Ks Jd] (a pair of Fours)
LifeisagameX: mucks hand
corgal69 collected $29.50 from pot
*** SUMMARY ***
Total pot $30 | Rake $0.50
Board [4d Ad 3c Th 4c]
Seat 1: LifeisagameX (button) (small blind) mucked
Seat 6: corgal69 (big blind) showed [Ks Jd] and won ($29.50) with a pair of Fours


PokerStars Hand #155775202094:  Hold'em Limit ($3/$6 USD) - 2016/07/09 20:02:43 ET
Table 'Siebohme' 6-max Seat #6 is the button
Seat 1: LifeisagameX ($116.26 in chips)
Seat 6: corgal69 ($30 in chips)
corgal69: posts small blind $1
LifeisagameX: posts big blind $3
*** HOLE CARDS ***
corgal69: calls $2
jackRizzar joins the table at seat #4
LifeisagameX: checks
*** FLOP *** [5h Kd 9d]
LifeisagameX: bets $3
corgal69: raises $3 to $6
LifeisagameX: folds
Uncalled bet ($3) returned to corgal69
corgal69 collected $11.76 from pot
*** SUMMARY ***
Total pot $12 | Rake $0.24
Board [5h Kd 9d]
Seat 1: LifeisagameX (big blind) folded on the Flop
Seat 6: corgal69 (button) (small blind) collected ($11.76)


PokerStars Hand #155775243230:  Hold'em Limit ($3/$6 USD) - 2016/07/09 20:04:09 ET
Table 'Siebohme' 6-max Seat #6 is the button
Seat 4: jackRizzar ($233 in chips)
Seat 6: corgal69 ($20.76 in chips)
corgal69: posts small blind $1
LifeisagameX: is sitting out
jackRizzar: posts big blind $3
*** HOLE CARDS ***
LifeisagameX leaves the table
corgal69: calls $2
jackRizzar: checks
*** FLOP *** [4h 5d Qd]
jackRizzar: bets $3
corgal69: calls $3
*** TURN *** [4h 5d Qd] [4s]
jackRizzar: bets $6
corgal69: calls $6
*** RIVER *** [4h 5d Qd 4s] [Ac]
jackRizzar: bets $6
corgal69: calls $6
*** SHOW DOWN ***
jackRizzar: shows [6h 3c] (a pair of Fours)
corgal69: shows [5h 6s] (two pair, Fives and Fours)
corgal69 collected $35.50 from pot
*** SUMMARY ***
Total pot $36 | Rake $0.50
Board [4h 5d Qd 4s Ac]
Seat 4: jackRizzar (big blind) showed [6h 3c] and lost with a pair of Fours
Seat 6: corgal69 (button) (small blind) showed [5h 6s] and won ($35.50) with two pair, Fives and Fours


PokerStars Hand #155775279278:  Hold'em Limit ($3/$6 USD) - 2016/07/09 20:05:25 ET
Table 'Siebohme' 6-max Seat #4 is the button
Seat 4: jackRizzar ($211.64 in chips)
Seat 6: corgal69 ($40.78 in chips)
jackRizzar: posts small blind $1
corgal69: posts big blind $3
*** HOLE CARDS ***
jackRizzar: raises $3 to $6
corgal69: calls $3
*** FLOP *** [5s 6d 3c]
corgal69: checks
jackRizzar: bets $3
corgal69: calls $3
*** TURN *** [5s 6d 3c] [Jh]
corgal69: checks
jackRizzar: bets $6
corgal69: raises $6 to $12
jackRizzar: calls $6
*** RIVER *** [5s 6d 3c Jh] [8h]
corgal69: bets $6
jackRizzar: calls $6
*** SHOW DOWN ***
corgal69: shows [Qc Th] (high card Queen)
jackRizzar: shows [7h 5h] (a pair of Fives)
jackRizzar collected $53.50 from pot
*** SUMMARY ***
Total pot $54 | Rake $0.50
Board [5s 6d 3c Jh 8h]
Seat 4: jackRizzar (button) (small blind) showed [7h 5h] and won ($53.50) with a pair of Fives
Seat 6: corgal69 (big blind) showed [Qc Th] and lost with high card Queen


PokerStars Hand #155775268605:  Hold'em Limit ($3/$6 USD) - 2016/07/09 20:05:02 ET
Table 'Siebohme' 6-max Seat #6 is the button
Seat 4: jackRizzar ($223.64 in chips)
Seat 6: corgal69 ($29.26 in chips)
corgal69: posts small blind $1
jackRizzar: posts big blind $3
*** HOLE CARDS ***
corgal69: calls $2
jackRizzar: checks
*** FLOP *** [9c 3s Kh]
jackRizzar: bets $3
corgal69: calls $3
*** TURN *** [9c 3s Kh] [Qc]
jackRizzar: bets $6
corgal69: raises $6 to $12
jackRizzar: folds
Uncalled bet ($6) returned to corgal69
corgal69 collected $23.52 from pot
corgal69: shows [Kd Ks] (three of a kind, Kings)
*** SUMMARY ***
Total pot $24 | Rake $0.48
Board [9c 3s Kh Qc]
Seat 4: jackRizzar (big blind) folded on the Turn
Seat 6: corgal69 (button) (small blind) collected ($23.52)


PokerStars Hand #155775257531:  Hold'em Limit ($3/$6 USD) - 2016/07/09 20:04:39 ET
Table 'Siebohme' 6-max Seat #4 is the button
Seat 4: jackRizzar ($215 in chips)
Seat 6: corgal69 ($38.26 in chips)
jackRizzar: posts small blind $1
corgal69: posts big blind $3
*** HOLE CARDS ***
jackRizzar: raises $3 to $6
corgal69: calls $3
*** FLOP *** [Qh Jh Ah]
corgal69: bets $3
jackRizzar: calls $3
*** TURN *** [Qh Jh Ah] [Ks]
corgal69: checks
jackRizzar: bets $6
corgal69: folds
Uncalled bet ($6) returned to jackRizzar
jackRizzar collected $17.64 from pot
*** SUMMARY ***
Total pot $18 | Rake $0.36
Board [Qh Jh Ah Ks]
Seat 4: jackRizzar (button) (small blind) collected ($17.64)
Seat 6: corgal69 (big blind) folded on the Turn


