PokerStars Hand #149384537889:  Hold'em Limit ($3/$6 USD) - 2016/02/25 7:26:52 ET
Table 'Siebohme II' 6-max Seat #3 is the button
Seat 1: VolkovDmitri ($126.76 in chips)
Seat 3: Jatha09 ($77.42 in chips)
Jatha09: posts small blind $1
VolkovDmitri: posts big blind $3
*** HOLE CARDS ***
tomhradil112 joins the table at seat #5
Jatha09: folds
Uncalled bet ($2) returned to VolkovDmitri
VolkovDmitri collected $2 from pot
VolkovDmitri: doesn't show hand
*** SUMMARY ***
Total pot $2 | Rake $0
Seat 1: VolkovDmitri (big blind) collected ($2)
Seat 3: Jatha09 (button) (small blind) folded before Flop


PokerStars Hand #149384532349:  Hold'em Limit ($3/$6 USD) - 2016/02/25 7:26:42 ET
Table 'Siebohme II' 6-max Seat #1 is the button
Seat 1: VolkovDmitri ($121 in chips)
Seat 3: Jatha09 ($83.42 in chips)
VolkovDmitri: posts small blind $1
Jatha09: posts big blind $3
*** HOLE CARDS ***
VolkovDmitri: raises $3 to $6
Jatha09: calls $3
*** FLOP *** [7d 7h Js]
Jatha09: checks
VolkovDmitri: bets $3
Jatha09: folds
Uncalled bet ($3) returned to VolkovDmitri
VolkovDmitri collected $11.76 from pot
VolkovDmitri: doesn't show hand
*** SUMMARY ***
Total pot $12 | Rake $0.24
Board [7d 7h Js]
Seat 1: VolkovDmitri (button) (small blind) collected ($11.76)
Seat 3: Jatha09 (big blind) folded on the Flop


PokerStars Hand #149384528667:  Hold'em Limit ($3/$6 USD) - 2016/02/25 7:26:35 ET
Table 'Siebohme II' 6-max Seat #3 is the button
Seat 1: VolkovDmitri ($120 in chips)
Seat 3: Jatha09 ($84.42 in chips)
Jatha09: posts small blind $1
VolkovDmitri: posts big blind $3
*** HOLE CARDS ***
Jatha09: folds
Uncalled bet ($2) returned to VolkovDmitri
VolkovDmitri collected $2 from pot
VolkovDmitri: doesn't show hand
*** SUMMARY ***
Total pot $2 | Rake $0
Seat 1: VolkovDmitri (big blind) collected ($2)
Seat 3: Jatha09 (button) (small blind) folded before Flop


PokerStars Hand #149384509237:  Hold'em Limit ($3/$6 USD) - 2016/02/25 7:26:01 ET
Table 'Siebohme II' 6-max Seat #1 is the button
Seat 1: VolkovDmitri ($120 in chips)
Seat 3: Jatha09 ($60.92 in chips)
VolkovDmitri: posts small blind $1
Jatha09: posts big blind $3
*** HOLE CARDS ***
VolkovDmitri: raises $3 to $6
Jatha09: raises $3 to $9
VolkovDmitri: calls $3
*** FLOP *** [9d Ah Jd]
Jatha09: bets $3
VolkovDmitri: calls $3
*** TURN *** [9d Ah Jd] [6s]
Jatha09: bets $6
VolkovDmitri: calls $6
*** RIVER *** [9d Ah Jd 6s] [Qs]
Jatha09: bets $6
VolkovDmitri: calls $6
*** SHOW DOWN ***
Jatha09: shows [Ad Qc] (two pair, Aces and Queens)
VolkovDmitri: mucks hand
Jatha09 collected $47.50 from pot
*** SUMMARY ***
Total pot $48 | Rake $0.50
Board [9d Ah Jd 6s Qs]
Seat 1: VolkovDmitri (button) (small blind) mucked
Seat 3: Jatha09 (big blind) showed [Ad Qc] and won ($47.50) with two pair, Aces and Queens


PokerStars Hand #149384564993:  Hold'em Limit ($3/$6 USD) - 2016/02/25 7:27:41 ET
Table 'Siebohme II' 6-max Seat #2 is the button
Seat 1: VolkovDmitri ($136.40 in chips)
Seat 2: tomhradil112 ($120 in chips)
B_loJkl: is sitting out
B_loJkl leaves the table
tomhradil112: posts small blind $1
VolkovDmitri: posts big blind $3
*** HOLE CARDS ***
B_loJkl joins the table at seat #4
tomhradil112: raises $3 to $6
VolkovDmitri: raises $3 to $9
tomhradil112: calls $3
*** FLOP *** [3d Th 4c]
VolkovDmitri: bets $3
tomhradil112: calls $3
*** TURN *** [3d Th 4c] [Js]
VolkovDmitri: bets $6
tomhradil112: calls $6
*** RIVER *** [3d Th 4c Js] [6s]
VolkovDmitri: bets $6
tomhradil112: raises $6 to $12
VolkovDmitri: calls $6
*** SHOW DOWN ***
tomhradil112: shows [5h 4h] (a pair of Fours)
VolkovDmitri: shows [Td Kc] (a pair of Tens)
VolkovDmitri collected $59.50 from pot
*** SUMMARY ***
Total pot $60 | Rake $0.50
Board [3d Th 4c Js 6s]
Seat 1: VolkovDmitri (big blind) showed [Td Kc] and won ($59.50) with a pair of Tens
Seat 2: tomhradil112 (button) (small blind) showed [5h 4h] and lost with a pair of Fours


PokerStars Hand #149384577655:  Hold'em Limit ($3/$6 USD) - 2016/02/25 7:28:03 ET
Table 'Siebohme II' 6-max Seat #1 is the button
Seat 1: VolkovDmitri ($165.90 in chips)
Seat 2: tomhradil112 ($90 in chips)
VolkovDmitri: posts small blind $1
tomhradil112: posts big blind $3
*** HOLE CARDS ***
tomhradil112 said, "lol"
Jatha09 leaves the table
VolkovDmitri: raises $3 to $6
tomhradil112: raises $3 to $9
VolkovDmitri: calls $3
*** FLOP *** [Js 7d 7s]
tomhradil112: bets $3
VolkovDmitri: folds
Uncalled bet ($3) returned to tomhradil112
tomhradil112 collected $17.64 from pot
tomhradil112: doesn't show hand
*** SUMMARY ***
Total pot $18 | Rake $0.36
Board [Js 7d 7s]
Seat 1: VolkovDmitri (button) (small blind) folded on the Flop
Seat 2: tomhradil112 (big blind) collected ($17.64)


PokerStars Hand #149384541221:  Hold'em Limit ($3/$6 USD) - 2016/02/25 7:26:58 ET
Table 'Siebohme II' 6-max Seat #1 is the button
Seat 1: VolkovDmitri ($127.76 in chips)
Seat 3: Jatha09 ($76.42 in chips)
VolkovDmitri: posts small blind $1
Jatha09: posts big blind $3
*** HOLE CARDS ***
B_loJkl joins the table at seat #6
VolkovDmitri: raises $3 to $6
Jatha09: raises $3 to $9
VolkovDmitri: calls $3
*** FLOP *** [7d 3d 4d]
Jatha09: checks
VolkovDmitri: bets $3
Jatha09: folds [Ac 8c]
Uncalled bet ($3) returned to VolkovDmitri
tomhradil112 leaves the table
VolkovDmitri collected $17.64 from pot
VolkovDmitri: doesn't show hand
*** SUMMARY ***
Total pot $18 | Rake $0.36
Board [7d 3d 4d]
Seat 1: VolkovDmitri (button) (small blind) collected ($17.64)
Seat 3: Jatha09 (big blind) folded on the Flop


PokerStars Hand #149384741945:  Hold'em Limit ($3/$6 USD) - 2016/02/25 7:32:56 ET
Table 'Siebohme II' 6-max Seat #2 is the button
Seat 1: VolkovDmitri ($158.71 in chips)
Seat 2: tomhradil112 ($137.64 in chips)
tomhradil112: posts small blind $1
B_loJkl: is sitting out
VolkovDmitri: posts big blind $3
*** HOLE CARDS ***
tomhradil112 said, "ll"
tomhradil112: folds
Uncalled bet ($2) returned to VolkovDmitri
VolkovDmitri collected $2 from pot
VolkovDmitri: doesn't show hand
*** SUMMARY ***
Total pot $2 | Rake $0
Seat 1: VolkovDmitri (big blind) collected ($2)
Seat 2: tomhradil112 (button) (small blind) folded before Flop


PokerStars Hand #149384751417:  Hold'em Limit ($3/$6 USD) - 2016/02/25 7:33:13 ET
Table 'Siebohme II' 6-max Seat #2 is the button
Seat 1: VolkovDmitri ($153.71 in chips)
Seat 2: tomhradil112 ($142.40 in chips)
tomhradil112: posts small blind $1
VolkovDmitri: posts big blind $3
*** HOLE CARDS ***
tomhradil112: folds
Uncalled bet ($2) returned to VolkovDmitri
B_loJkl leaves the table
VolkovDmitri collected $2 from pot
VolkovDmitri: doesn't show hand
*** SUMMARY ***
Total pot $2 | Rake $0
Seat 1: VolkovDmitri (big blind) collected ($2)
Seat 2: tomhradil112 (button) (small blind) folded before Flop


PokerStars Hand #149384745877:  Hold'em Limit ($3/$6 USD) - 2016/02/25 7:33:04 ET
Table 'Siebohme II' 6-max Seat #1 is the button
Seat 1: VolkovDmitri ($159.71 in chips)
Seat 2: tomhradil112 ($136.64 in chips)
VolkovDmitri: posts small blind $1
tomhradil112: posts big blind $3
*** HOLE CARDS ***
VolkovDmitri: raises $3 to $6
tomhradil112: calls $3
*** FLOP *** [Qh 4d Js]
tomhradil112: bets $3
VolkovDmitri: folds
Uncalled bet ($3) returned to tomhradil112
tomhradil112 collected $11.76 from pot
tomhradil112: doesn't show hand
*** SUMMARY ***
Total pot $12 | Rake $0.24
Board [Qh 4d Js]
Seat 1: VolkovDmitri (button) (small blind) folded on the Flop
Seat 2: tomhradil112 (big blind) collected ($11.76)


PokerStars Hand #149384754046:  Hold'em Limit ($3/$6 USD) - 2016/02/25 7:33:18 ET
Table 'Siebohme II' 6-max Seat #1 is the button
Seat 1: VolkovDmitri ($154.71 in chips)
Seat 2: tomhradil112 ($141.40 in chips)
VolkovDmitri: posts small blind $1
tomhradil112: posts big blind $3
*** HOLE CARDS ***
VolkovDmitri: raises $3 to $6
tomhradil112: calls $3
*** FLOP *** [7c Qh Jc]
B_loJkl joins the table at seat #3
tomhradil112: checks
VolkovDmitri: bets $3
tomhradil112: calls $3
*** TURN *** [7c Qh Jc] [Th]
tomhradil112: checks
VolkovDmitri: checks
*** RIVER *** [7c Qh Jc Th] [3s]
tomhradil112: bets $6
VolkovDmitri: calls $6
*** SHOW DOWN ***
tomhradil112: shows [8h 6h] (high card Queen)
VolkovDmitri: shows [8c 7d] (a pair of Sevens)
VolkovDmitri collected $29.50 from pot
*** SUMMARY ***
Total pot $30 | Rake $0.50
Board [7c Qh Jc Th 3s]
Seat 1: VolkovDmitri (button) (small blind) showed [8c 7d] and won ($29.50) with a pair of Sevens
Seat 2: tomhradil112 (big blind) showed [8h 6h] and lost with high card Queen


PokerStars Hand #149384811370:  Hold'em Limit ($3/$6 USD) - 2016/02/25 7:35:00 ET
Table 'Siebohme II' 6-max Seat #1 is the button
Seat 1: VolkovDmitri ($188.28 in chips)
Seat 3: B_loJkl ($128 in chips)
VolkovDmitri: posts small blind $1
B_loJkl: posts big blind $3
*** HOLE CARDS ***
VolkovDmitri: raises $3 to $6
B_loJkl: folds
Uncalled bet ($3) returned to VolkovDmitri
VolkovDmitri collected $6 from pot
VolkovDmitri: doesn't show hand
*** SUMMARY ***
Total pot $6 | Rake $0
Seat 1: VolkovDmitri (button) (small blind) collected ($6)
Seat 3: B_loJkl (big blind) folded before Flop


