PokerStars Hand #149498992275:  Hold'em Limit ($3/$6 USD) - 2016/02/27 10:14:50 ET
Table 'Siebohme' 6-max Seat #3 is the button
Seat 1: Puzanchik 11 ($52.29 in chips)
Seat 3: MartiniusIII ($77.36 in chips)
MartiniusIII: posts small blind $1
Puzanchik 11: posts big blind $3
*** HOLE CARDS ***
MartiniusIII: raises $3 to $6
Puzanchik 11: folds
Uncalled bet ($3) returned to MartiniusIII
MartiniusIII collected $6 from pot
MartiniusIII: doesn't show hand
*** SUMMARY ***
Total pot $6 | Rake $0
Seat 1: Puzanchik 11 (big blind) folded before Flop
Seat 3: MartiniusIII (button) (small blind) collected ($6)


PokerStars Hand #149498983678:  Hold'em Limit ($3/$6 USD) - 2016/02/27 10:14:39 ET
Table 'Siebohme' 6-max Seat #1 is the button
Seat 1: Puzanchik 11 ($53.29 in chips)
Seat 3: MartiniusIII ($76.36 in chips)
Puzanchik 11: posts small blind $1
MartiniusIII: posts big blind $3
*** HOLE CARDS ***
Puzanchik 11: folds
Uncalled bet ($2) returned to MartiniusIII
MartiniusIII collected $2 from pot
*** SUMMARY ***
Total pot $2 | Rake $0
Seat 1: Puzanchik 11 (button) (small blind) folded before Flop
Seat 3: MartiniusIII (big blind) collected ($2)


PokerStars Hand #149499012161:  Hold'em Limit ($3/$6 USD) - 2016/02/27 10:15:13 ET
Table 'Siebohme' 6-max Seat #3 is the button
Seat 1: Puzanchik 11 ($55.05 in chips)
Seat 3: MartiniusIII ($74.36 in chips)
MartiniusIII: posts small blind $1
Puzanchik 11: posts big blind $3
*** HOLE CARDS ***
MartiniusIII: raises $3 to $6
Puzanchik 11: calls $3
*** FLOP *** [2d 4c Td]
Puzanchik 11: bets $3
MartiniusIII: folds
Uncalled bet ($3) returned to Puzanchik 11
Puzanchik 11 collected $11.76 from pot
Puzanchik 11: doesn't show hand
*** SUMMARY ***
Total pot $12 | Rake $0.24
Board [2d 4c Td]
Seat 1: Puzanchik 11 (big blind) collected ($11.76)
Seat 3: MartiniusIII (button) (small blind) folded on the Flop


PokerStars Hand #149499008175:  Hold'em Limit ($3/$6 USD) - 2016/02/27 10:15:09 ET
Table 'Siebohme' 6-max Seat #1 is the button
Seat 1: Puzanchik 11 ($56.05 in chips)
Seat 3: MartiniusIII ($73.36 in chips)
Puzanchik 11: posts small blind $1
MartiniusIII: posts big blind $3
*** HOLE CARDS ***
Puzanchik 11: folds
Uncalled bet ($2) returned to MartiniusIII
MartiniusIII collected $2 from pot
MartiniusIII: doesn't show hand
*** SUMMARY ***
Total pot $2 | Rake $0
Seat 1: Puzanchik 11 (button) (small blind) folded before Flop
Seat 3: MartiniusIII (big blind) collected ($2)


PokerStars Hand #149499004515:  Hold'em Limit ($3/$6 USD) - 2016/02/27 10:15:04 ET
Table 'Siebohme' 6-max Seat #3 is the button
Seat 1: Puzanchik 11 ($55.05 in chips)
Seat 3: MartiniusIII ($74.36 in chips)
MartiniusIII: posts small blind $1
Puzanchik 11: posts big blind $3
*** HOLE CARDS ***
MartiniusIII: folds
Uncalled bet ($2) returned to Puzanchik 11
Puzanchik 11 collected $2 from pot
Puzanchik 11: doesn't show hand
*** SUMMARY ***
Total pot $2 | Rake $0
Seat 1: Puzanchik 11 (big blind) collected ($2)
Seat 3: MartiniusIII (button) (small blind) folded before Flop


PokerStars Hand #149499023156:  Hold'em Limit ($3/$6 USD) - 2016/02/27 10:15:27 ET
Table 'Siebohme' 6-max Seat #1 is the button
Seat 1: Puzanchik 11 ($60.81 in chips)
Seat 3: MartiniusIII ($68.36 in chips)
Puzanchik 11: posts small blind $1
MartiniusIII: posts big blind $3
*** HOLE CARDS ***
Puzanchik 11: raises $3 to $6
MartiniusIII: calls $3
*** FLOP *** [2d 8h Js]
MartiniusIII: bets $3
Puzanchik 11: calls $3
*** TURN *** [2d 8h Js] [2c]
MartiniusIII: bets $6
Puzanchik 11: calls $6
*** RIVER *** [2d 8h Js 2c] [8d]
MartiniusIII: checks
Puzanchik 11: bets $6
MartiniusIII: folds
Uncalled bet ($6) returned to Puzanchik 11
Puzanchik 11 collected $29.50 from pot
Puzanchik 11: doesn't show hand
*** SUMMARY ***
Total pot $30 | Rake $0.50
Board [2d 8h Js 2c 8d]
Seat 1: Puzanchik 11 (button) (small blind) collected ($29.50)
Seat 3: MartiniusIII (big blind) folded on the River


PokerStars Hand #149499044515:  Hold'em Limit ($3/$6 USD) - 2016/02/27 10:15:52 ET
Table 'Siebohme' 6-max Seat #1 is the button
Seat 1: Puzanchik 11 ($76.31 in chips)
Seat 3: MartiniusIII ($52.36 in chips)
Puzanchik 11: posts small blind $1
MartiniusIII: posts big blind $3
*** HOLE CARDS ***
Puzanchik 11: raises $3 to $6
MartiniusIII: folds
Uncalled bet ($3) returned to Puzanchik 11
Puzanchik 11 collected $6 from pot
Puzanchik 11: doesn't show hand
*** SUMMARY ***
Total pot $6 | Rake $0
Seat 1: Puzanchik 11 (button) (small blind) collected ($6)
Seat 3: MartiniusIII (big blind) folded before Flop


PokerStars Hand #149499040920:  Hold'em Limit ($3/$6 USD) - 2016/02/27 10:15:48 ET
Table 'Siebohme' 6-max Seat #3 is the button
Seat 1: Puzanchik 11 ($75.31 in chips)
Seat 3: MartiniusIII ($53.36 in chips)
MartiniusIII: posts small blind $1
Puzanchik 11: posts big blind $3
*** HOLE CARDS ***
MartiniusIII: folds
Uncalled bet ($2) returned to Puzanchik 11
Puzanchik 11 collected $2 from pot
Puzanchik 11: doesn't show hand
*** SUMMARY ***
Total pot $2 | Rake $0
Seat 1: Puzanchik 11 (big blind) collected ($2)
Seat 3: MartiniusIII (button) (small blind) folded before Flop


PokerStars Hand #149498997233:  Hold'em Limit ($3/$6 USD) - 2016/02/27 10:14:56 ET
Table 'Siebohme' 6-max Seat #1 is the button
Seat 1: Puzanchik 11 ($49.29 in chips)
Seat 3: MartiniusIII ($80.36 in chips)
Puzanchik 11: posts small blind $1
MartiniusIII: posts big blind $3
*** HOLE CARDS ***
Puzanchik 11: raises $3 to $6
MartiniusIII: calls $3
*** FLOP *** [Tc 2c 9h]
MartiniusIII: checks
Puzanchik 11: bets $3
MartiniusIII: folds
Uncalled bet ($3) returned to Puzanchik 11
Puzanchik 11 collected $11.76 from pot
Puzanchik 11: doesn't show hand
*** SUMMARY ***
Total pot $12 | Rake $0.24
Board [Tc 2c 9h]
Seat 1: Puzanchik 11 (button) (small blind) collected ($11.76)
Seat 3: MartiniusIII (big blind) folded on the Flop


PokerStars Hand #149499071531:  Hold'em Limit ($3/$6 USD) - 2016/02/27 10:16:25 ET
Table 'Siebohme' 6-max Seat #1 is the button
Seat 1: Puzanchik 11 ($87.95 in chips)
Seat 3: MartiniusIII ($40.36 in chips)
Puzanchik 11: posts small blind $1
MartiniusIII: posts big blind $3
*** HOLE CARDS ***
Puzanchik 11: raises $3 to $6
MartiniusIII: raises $3 to $9
Puzanchik 11: calls $3
*** FLOP *** [Jc 6c 5d]
MartiniusIII: bets $3
Puzanchik 11: calls $3
*** TURN *** [Jc 6c 5d] [2s]
MartiniusIII: bets $6
Puzanchik 11: folds
Uncalled bet ($6) returned to MartiniusIII
MartiniusIII collected $23.52 from pot
MartiniusIII: doesn't show hand
*** SUMMARY ***
Total pot $24 | Rake $0.48
Board [Jc 6c 5d 2s]
Seat 1: Puzanchik 11 (button) (small blind) folded on the Turn
Seat 3: MartiniusIII (big blind) collected ($23.52)


PokerStars Hand #149499048515:  Hold'em Limit ($3/$6 USD) - 2016/02/27 10:15:57 ET
Table 'Siebohme' 6-max Seat #3 is the button
Seat 1: Puzanchik 11 ($79.31 in chips)
Seat 3: MartiniusIII ($49.36 in chips)
MartiniusIII: posts small blind $1
Puzanchik 11: posts big blind $3
*** HOLE CARDS ***
MartiniusIII: raises $3 to $6
Puzanchik 11: calls $3
*** FLOP *** [9h 6h Jd]
Puzanchik 11: checks
MartiniusIII: bets $3
Puzanchik 11: calls $3
*** TURN *** [9h 6h Jd] [8d]
Puzanchik 11: checks
MartiniusIII: checks
*** RIVER *** [9h 6h Jd 8d] [2d]
Puzanchik 11: bets $6
MartiniusIII: folds
Uncalled bet ($6) returned to Puzanchik 11
Puzanchik 11 collected $17.64 from pot
Puzanchik 11: doesn't show hand
*** SUMMARY ***
Total pot $18 | Rake $0.36
Board [9h 6h Jd 8d 2d]
Seat 1: Puzanchik 11 (big blind) collected ($17.64)
Seat 3: MartiniusIII (button) (small blind) folded on the River


PokerStars Hand #149499067994:  Hold'em Limit ($3/$6 USD) - 2016/02/27 10:16:20 ET
Table 'Siebohme' 6-max Seat #3 is the button
Seat 1: Puzanchik 11 ($86.95 in chips)
Seat 3: MartiniusIII ($41.36 in chips)
MartiniusIII: posts small blind $1
Puzanchik 11: posts big blind $3
*** HOLE CARDS ***
MartiniusIII: folds
Uncalled bet ($2) returned to Puzanchik 11
Puzanchik 11 collected $2 from pot
Puzanchik 11: doesn't show hand
*** SUMMARY ***
Total pot $2 | Rake $0
Seat 1: Puzanchik 11 (big blind) collected ($2)
Seat 3: MartiniusIII (button) (small blind) folded before Flop


PokerStars Hand #149499063445:  Hold'em Limit ($3/$6 USD) - 2016/02/27 10:16:15 ET
Table 'Siebohme' 6-max Seat #1 is the button
Seat 1: Puzanchik 11 ($87.95 in chips)
Seat 3: MartiniusIII ($40.36 in chips)
Puzanchik 11: posts small blind $1
MartiniusIII: posts big blind $3
*** HOLE CARDS ***
Puzanchik 11: folds
Uncalled bet ($2) returned to MartiniusIII
MartiniusIII collected $2 from pot
MartiniusIII: doesn't show hand
*** SUMMARY ***
Total pot $2 | Rake $0
Seat 1: Puzanchik 11 (button) (small blind) folded before Flop
Seat 3: MartiniusIII (big blind) collected ($2)


PokerStars Hand #149499133898:  Hold'em Limit ($3/$6 USD) - 2016/02/27 10:17:39 ET
Table 'Siebohme' 6-max Seat #3 is the button
Seat 1: Puzanchik 11 ($67.45 in chips)
Seat 3: MartiniusIII ($59.38 in chips)
MartiniusIII: posts small blind $1
Puzanchik 11: posts big blind $3
*** HOLE CARDS ***
MartiniusIII: raises $3 to $6
Puzanchik 11: folds
Uncalled bet ($3) returned to MartiniusIII
MartiniusIII collected $6 from pot
MartiniusIII: doesn't show hand
*** SUMMARY ***
Total pot $6 | Rake $0
Seat 1: Puzanchik 11 (big blind) folded before Flop
Seat 3: MartiniusIII (button) (small blind) collected ($6)


PokerStars Hand #149499128743:  Hold'em Limit ($3/$6 USD) - 2016/02/27 10:17:33 ET
Table 'Siebohme' 6-max Seat #1 is the button
Seat 1: Puzanchik 11 ($68.45 in chips)
Seat 3: MartiniusIII ($58.38 in chips)
Puzanchik 11: posts small blind $1
MartiniusIII: posts big blind $3
*** HOLE CARDS ***
Puzanchik 11: folds
Uncalled bet ($2) returned to MartiniusIII
MartiniusIII collected $2 from pot
MartiniusIII: doesn't show hand
*** SUMMARY ***
Total pot $2 | Rake $0
Seat 1: Puzanchik 11 (button) (small blind) folded before Flop
Seat 3: MartiniusIII (big blind) collected ($2)


PokerStars Hand #149499124208:  Hold'em Limit ($3/$6 USD) - 2016/02/27 10:17:27 ET
Table 'Siebohme' 6-max Seat #3 is the button
Seat 1: Puzanchik 11 ($71.45 in chips)
Seat 3: MartiniusIII ($55.38 in chips)
MartiniusIII: posts small blind $1
Puzanchik 11: posts big blind $3
*** HOLE CARDS ***
MartiniusIII: raises $3 to $6
Puzanchik 11: folds
Uncalled bet ($3) returned to MartiniusIII
MartiniusIII collected $6 from pot
MartiniusIII: doesn't show hand
*** SUMMARY ***
Total pot $6 | Rake $0
Seat 1: Puzanchik 11 (big blind) folded before Flop
Seat 3: MartiniusIII (button) (small blind) collected ($6)


PokerStars Hand #149499100263:  Hold'em Limit ($3/$6 USD) - 2016/02/27 10:16:59 ET
Table 'Siebohme' 6-max Seat #1 is the button
Seat 1: Puzanchik 11 ($99.45 in chips)
Seat 3: MartiniusIII ($27.88 in chips)
Puzanchik 11: posts small blind $1
MartiniusIII: posts big blind $3
*** HOLE CARDS ***
Puzanchik 11: raises $3 to $6
MartiniusIII: raises $3 to $9
Puzanchik 11: raises $3 to $12
Betting is capped
MartiniusIII: calls $3
*** FLOP *** [5d 2d 3s]
MartiniusIII: checks
Puzanchik 11: checks
*** TURN *** [5d 2d 3s] [Jd]
MartiniusIII: bets $6
Puzanchik 11: calls $6
*** RIVER *** [5d 2d 3s Jd] [2s]
MartiniusIII: bets $6
Puzanchik 11: calls $6
*** SHOW DOWN ***
MartiniusIII: shows [9h Jc] (two pair, Jacks and Deuces)
Puzanchik 11: mucks hand
MartiniusIII collected $47.50 from pot
*** SUMMARY ***
Total pot $48 | Rake $0.50
Board [5d 2d 3s Jd 2s]
Seat 1: Puzanchik 11 (button) (small blind) mucked
Seat 3: MartiniusIII (big blind) showed [9h Jc] and won ($47.50) with two pair, Jacks and Deuces


PokerStars Hand #149499085073:  Hold'em Limit ($3/$6 USD) - 2016/02/27 10:16:41 ET
Table 'Siebohme' 6-max Seat #3 is the button
Seat 1: Puzanchik 11 ($75.95 in chips)
Seat 3: MartiniusIII ($51.88 in chips)
MartiniusIII: posts small blind $1
Puzanchik 11: posts big blind $3
*** HOLE CARDS ***
MartiniusIII: raises $3 to $6
Puzanchik 11: raises $3 to $9
MartiniusIII: calls $3
*** FLOP *** [6h 7h 5d]
Puzanchik 11: bets $3
MartiniusIII: calls $3
*** TURN *** [6h 7h 5d] [Qd]
Puzanchik 11: checks
MartiniusIII: bets $6
Puzanchik 11: calls $6
*** RIVER *** [6h 7h 5d Qd] [7c]
Puzanchik 11: checks
MartiniusIII: bets $6
Puzanchik 11: calls $6
*** SHOW DOWN ***
MartiniusIII: shows [Js 8h] (a pair of Sevens)
Puzanchik 11: shows [Ac 5c] (two pair, Sevens and Fives)
Puzanchik 11 collected $47.50 from pot
*** SUMMARY ***
Total pot $48 | Rake $0.50
Board [6h 7h 5d Qd 7c]
Seat 1: Puzanchik 11 (big blind) showed [Ac 5c] and won ($47.50) with two pair, Sevens and Fives
Seat 3: MartiniusIII (button) (small blind) showed [Js 8h] and lost with a pair of Sevens


PokerStars Hand #149499119699:  Hold'em Limit ($3/$6 USD) - 2016/02/27 10:17:22 ET
Table 'Siebohme' 6-max Seat #1 is the button
Seat 1: Puzanchik 11 ($72.45 in chips)
Seat 3: MartiniusIII ($54.38 in chips)
Puzanchik 11: posts small blind $1
MartiniusIII: posts big blind $3
*** HOLE CARDS ***
Puzanchik 11: folds
Uncalled bet ($2) returned to MartiniusIII
MartiniusIII collected $2 from pot
MartiniusIII: doesn't show hand
*** SUMMARY ***
Total pot $2 | Rake $0
Seat 1: Puzanchik 11 (button) (small blind) folded before Flop
Seat 3: MartiniusIII (big blind) collected ($2)


PokerStars Hand #149499114422:  Hold'em Limit ($3/$6 USD) - 2016/02/27 10:17:16 ET
Table 'Siebohme' 6-max Seat #3 is the button
Seat 1: Puzanchik 11 ($75.45 in chips)
Seat 3: MartiniusIII ($51.38 in chips)
MartiniusIII: posts small blind $1
Puzanchik 11: posts big blind $3
*** HOLE CARDS ***
MartiniusIII: raises $3 to $6
Puzanchik 11: folds
Uncalled bet ($3) returned to MartiniusIII
MartiniusIII collected $6 from pot
MartiniusIII: doesn't show hand
*** SUMMARY ***
Total pot $6 | Rake $0
Seat 1: Puzanchik 11 (big blind) folded before Flop
Seat 3: MartiniusIII (button) (small blind) collected ($6)


PokerStars Hand #149499158017:  Hold'em Limit ($3/$6 USD) - 2016/02/27 10:18:07 ET
Table 'Siebohme' 6-max Seat #1 is the button
Seat 1: Puzanchik 11 ($90.95 in chips)
Seat 3: MartiniusIII ($35.38 in chips)
Puzanchik 11: posts small blind $1
MartiniusIII: posts big blind $3
*** HOLE CARDS ***
Puzanchik 11: folds
Uncalled bet ($2) returned to MartiniusIII
MartiniusIII collected $2 from pot
MartiniusIII: doesn't show hand
*** SUMMARY ***
Total pot $2 | Rake $0
Seat 1: Puzanchik 11 (button) (small blind) folded before Flop
Seat 3: MartiniusIII (big blind) collected ($2)


PokerStars Hand #149499153851:  Hold'em Limit ($3/$6 USD) - 2016/02/27 10:18:02 ET
Table 'Siebohme' 6-max Seat #3 is the button
Seat 1: Puzanchik 11 ($93.95 in chips)
Seat 3: MartiniusIII ($32.38 in chips)
MartiniusIII: posts small blind $1
Puzanchik 11: posts big blind $3
*** HOLE CARDS ***
MartiniusIII: raises $3 to $6
Puzanchik 11: folds
Uncalled bet ($3) returned to MartiniusIII
MartiniusIII collected $6 from pot
MartiniusIII: doesn't show hand
*** SUMMARY ***
Total pot $6 | Rake $0
Seat 1: Puzanchik 11 (big blind) folded before Flop
Seat 3: MartiniusIII (button) (small blind) collected ($6)


PokerStars Hand #149499138672:  Hold'em Limit ($3/$6 USD) - 2016/02/27 10:17:44 ET
Table 'Siebohme' 6-max Seat #1 is the button
Seat 1: Puzanchik 11 ($64.45 in chips)
Seat 3: MartiniusIII ($62.38 in chips)
Puzanchik 11: posts small blind $1
MartiniusIII: posts big blind $3
*** HOLE CARDS ***
Puzanchik 11: raises $3 to $6
MartiniusIII: raises $3 to $9
Puzanchik 11: calls $3
*** FLOP *** [2c 8s 2s]
MartiniusIII: bets $3
Puzanchik 11: calls $3
*** TURN *** [2c 8s 2s] [7s]
MartiniusIII: bets $6
Puzanchik 11: calls $6
*** RIVER *** [2c 8s 2s 7s] [Ts]
MartiniusIII: bets $6
Puzanchik 11: raises $6 to $12
MartiniusIII: calls $6
*** SHOW DOWN ***
Puzanchik 11: shows [9d Ks] (a flush, King high)
MartiniusIII: mucks hand
Puzanchik 11 collected $59.50 from pot
*** SUMMARY ***
Total pot $60 | Rake $0.50
Board [2c 8s 2s 7s Ts]
Seat 1: Puzanchik 11 (button) (small blind) showed [9d Ks] and won ($59.50) with a flush, King high
Seat 3: MartiniusIII (big blind) mucked


PokerStars Hand #149499186197:  Hold'em Limit ($3/$6 USD) - 2016/02/27 10:18:41 ET
Table 'Siebohme' 6-max Seat #3 is the button
Seat 1: Puzanchik 11 ($58.95 in chips)
Seat 3: MartiniusIII ($66.88 in chips)
MartiniusIII: posts small blind $1
Puzanchik 11: posts big blind $3
*** HOLE CARDS ***
MartiniusIII: raises $3 to $6
Puzanchik 11: folds
Uncalled bet ($3) returned to MartiniusIII
MartiniusIII collected $6 from pot
MartiniusIII: doesn't show hand
*** SUMMARY ***
Total pot $6 | Rake $0
Seat 1: Puzanchik 11 (big blind) folded before Flop
Seat 3: MartiniusIII (button) (small blind) collected ($6)


PokerStars Hand #149499182679:  Hold'em Limit ($3/$6 USD) - 2016/02/27 10:18:37 ET
Table 'Siebohme' 6-max Seat #1 is the button
Seat 1: Puzanchik 11 ($59.95 in chips)
Seat 3: MartiniusIII ($65.88 in chips)
Puzanchik 11: posts small blind $1
MartiniusIII: posts big blind $3
*** HOLE CARDS ***
Puzanchik 11: folds
Uncalled bet ($2) returned to MartiniusIII
MartiniusIII collected $2 from pot
MartiniusIII: doesn't show hand
*** SUMMARY ***
Total pot $2 | Rake $0
Seat 1: Puzanchik 11 (button) (small blind) folded before Flop
Seat 3: MartiniusIII (big blind) collected ($2)


PokerStars Hand #149499162215:  Hold'em Limit ($3/$6 USD) - 2016/02/27 10:18:12 ET
Table 'Siebohme' 6-max Seat #3 is the button
Seat 1: Puzanchik 11 ($89.95 in chips)
Seat 3: MartiniusIII ($36.38 in chips)
MartiniusIII: posts small blind $1
Puzanchik 11: posts big blind $3
*** HOLE CARDS ***
MartiniusIII: raises $3 to $6
Puzanchik 11: raises $3 to $9
MartiniusIII: calls $3
*** FLOP *** [9c 7c Jd]
Puzanchik 11: bets $3
MartiniusIII: raises $3 to $6
Puzanchik 11: raises $3 to $9
MartiniusIII: calls $3
*** TURN *** [9c 7c Jd] [8c]
Puzanchik 11: checks
MartiniusIII: bets $6
Puzanchik 11: calls $6
*** RIVER *** [9c 7c Jd 8c] [3s]
Puzanchik 11: checks
MartiniusIII: bets $6
Puzanchik 11: calls $6
*** SHOW DOWN ***
MartiniusIII: shows [7s Th] (a straight, Seven to Jack)
Puzanchik 11: mucks hand
MartiniusIII collected $59.50 from pot
*** SUMMARY ***
Total pot $60 | Rake $0.50
Board [9c 7c Jd 8c 3s]
Seat 1: Puzanchik 11 (big blind) mucked
Seat 3: MartiniusIII (button) (small blind) showed [7s Th] and won ($59.50) with a straight, Seven to Jack


PokerStars Hand #149499203456:  Hold'em Limit ($3/$6 USD) - 2016/02/27 10:19:01 ET
Table 'Siebohme' 6-max Seat #1 is the button
Seat 1: Puzanchik 11 ($63.59 in chips)
Seat 3: MartiniusIII ($61.88 in chips)
Puzanchik 11: posts small blind $1
MartiniusIII: posts big blind $3
*** HOLE CARDS ***
Puzanchik 11: folds
Uncalled bet ($2) returned to MartiniusIII
MartiniusIII collected $2 from pot
MartiniusIII: doesn't show hand
*** SUMMARY ***
Total pot $2 | Rake $0
Seat 1: Puzanchik 11 (button) (small blind) folded before Flop
Seat 3: MartiniusIII (big blind) collected ($2)


PokerStars Hand #149499193564:  Hold'em Limit ($3/$6 USD) - 2016/02/27 10:18:50 ET
Table 'Siebohme' 6-max Seat #3 is the button
Seat 1: Puzanchik 11 ($54.95 in chips)
Seat 3: MartiniusIII ($70.88 in chips)
MartiniusIII: posts small blind $1
Puzanchik 11: posts big blind $3
*** HOLE CARDS ***
MartiniusIII: calls $2
Puzanchik 11: raises $3 to $6
MartiniusIII: calls $3
*** FLOP *** [4c 2s As]
Puzanchik 11: bets $3
MartiniusIII: calls $3
*** TURN *** [4c 2s As] [Qc]
Puzanchik 11: bets $6
MartiniusIII: folds
Uncalled bet ($6) returned to Puzanchik 11
Puzanchik 11 collected $17.64 from pot
Puzanchik 11: doesn't show hand
*** SUMMARY ***
Total pot $18 | Rake $0.36
Board [4c 2s As Qc]
Seat 1: Puzanchik 11 (big blind) collected ($17.64)
Seat 3: MartiniusIII (button) (small blind) folded on the Turn


PokerStars Hand #149499189857:  Hold'em Limit ($3/$6 USD) - 2016/02/27 10:18:45 ET
Table 'Siebohme' 6-max Seat #1 is the button
Seat 1: Puzanchik 11 ($55.95 in chips)
Seat 3: MartiniusIII ($69.88 in chips)
Puzanchik 11: posts small blind $1
MartiniusIII: posts big blind $3
*** HOLE CARDS ***
Puzanchik 11: folds
Uncalled bet ($2) returned to MartiniusIII
MartiniusIII collected $2 from pot
MartiniusIII: doesn't show hand
*** SUMMARY ***
Total pot $2 | Rake $0
Seat 1: Puzanchik 11 (button) (small blind) folded before Flop
Seat 3: MartiniusIII (big blind) collected ($2)


PokerStars Hand #149499210747:  Hold'em Limit ($3/$6 USD) - 2016/02/27 10:19:10 ET
Table 'Siebohme' 6-max Seat #1 is the button
Seat 1: Puzanchik 11 ($63.59 in chips)
Seat 3: MartiniusIII ($61.88 in chips)
Puzanchik 11: posts small blind $1
MartiniusIII: posts big blind $3
*** HOLE CARDS ***
Puzanchik 11: raises $3 to $6
MartiniusIII: calls $3
*** FLOP *** [2s 2d 8c]
MartiniusIII: checks
Puzanchik 11: bets $3
MartiniusIII: folds
Uncalled bet ($3) returned to Puzanchik 11
Puzanchik 11 collected $11.76 from pot
Puzanchik 11: doesn't show hand
*** SUMMARY ***
Total pot $12 | Rake $0.24
Board [2s 2d 8c]
Seat 1: Puzanchik 11 (button) (small blind) collected ($11.76)
Seat 3: MartiniusIII (big blind) folded on the Flop


PokerStars Hand #149499207197:  Hold'em Limit ($3/$6 USD) - 2016/02/27 10:19:06 ET
Table 'Siebohme' 6-max Seat #3 is the button
Seat 1: Puzanchik 11 ($62.59 in chips)
Seat 3: MartiniusIII ($62.88 in chips)
MartiniusIII: posts small blind $1
Puzanchik 11: posts big blind $3
*** HOLE CARDS ***
MartiniusIII: folds
Uncalled bet ($2) returned to Puzanchik 11
Puzanchik 11 collected $2 from pot
Puzanchik 11: doesn't show hand
*** SUMMARY ***
Total pot $2 | Rake $0
Seat 1: Puzanchik 11 (big blind) collected ($2)
Seat 3: MartiniusIII (button) (small blind) folded before Flop


PokerStars Hand #149499218080:  Hold'em Limit ($3/$6 USD) - 2016/02/27 10:19:19 ET
Table 'Siebohme' 6-max Seat #3 is the button
Seat 1: Puzanchik 11 ($69.35 in chips)
Seat 3: MartiniusIII ($55.88 in chips)
MartiniusIII: posts small blind $1
Puzanchik 11: posts big blind $3
*** HOLE CARDS ***
MartiniusIII: raises $3 to $6
Puzanchik 11: calls $3
*** FLOP *** [8h 4s Qd]
Puzanchik 11: checks
MartiniusIII: bets $3
Puzanchik 11: raises $3 to $6
MartiniusIII: calls $3
*** TURN *** [8h 4s Qd] [Kh]
Puzanchik 11: checks
MartiniusIII: checks
*** RIVER *** [8h 4s Qd Kh] [7s]
Puzanchik 11: bets $6
MartiniusIII: folds
Uncalled bet ($6) returned to Puzanchik 11
Puzanchik 11 collected $23.52 from pot
Puzanchik 11: doesn't show hand
*** SUMMARY ***
Total pot $24 | Rake $0.48
Board [8h 4s Qd Kh 7s]
Seat 1: Puzanchik 11 (big blind) collected ($23.52)
Seat 3: MartiniusIII (button) (small blind) folded on the River


PokerStars Hand #149499258976:  Hold'em Limit ($3/$6 USD) - 2016/02/27 10:20:08 ET
Table 'Siebohme' 6-max Seat #3 is the button
Seat 1: Puzanchik 11 ($94.27 in chips)
Seat 3: MartiniusIII ($29.88 in chips)
MartiniusIII: posts small blind $1
Puzanchik 11: posts big blind $3
*** HOLE CARDS ***
MartiniusIII: raises $3 to $6
Puzanchik 11: raises $3 to $9
MartiniusIII: calls $3
*** FLOP *** [Kh 3d 5c]
Puzanchik 11: bets $3
MartiniusIII: calls $3
*** TURN *** [Kh 3d 5c] [8h]
Puzanchik 11: bets $6
MartiniusIII: raises $6 to $12
Puzanchik 11: raises $6 to $18
MartiniusIII: calls $5.88 and is all-in
Uncalled bet ($0.12) returned to Puzanchik 11
*** RIVER *** [Kh 3d 5c 8h] [9s]
*** SHOW DOWN ***
Puzanchik 11: shows [5h 5d] (three of a kind, Fives)
MartiniusIII: shows [Kc 9d] (two pair, Kings and Nines)
Puzanchik 11 collected $59.26 from pot
*** SUMMARY ***
Total pot $59.76 | Rake $0.50
Board [Kh 3d 5c 8h 9s]
Seat 1: Puzanchik 11 (big blind) showed [5h 5d] and won ($59.26) with three of a kind, Fives
Seat 3: MartiniusIII (button) (small blind) showed [Kc 9d] and lost with two pair, Kings and Nines


PokerStars Hand #149499255315:  Hold'em Limit ($3/$6 USD) - 2016/02/27 10:20:03 ET
Table 'Siebohme' 6-max Seat #1 is the button
Seat 1: Puzanchik 11 ($95.27 in chips)
Seat 3: MartiniusIII ($28.88 in chips)
Puzanchik 11: posts small blind $1
MartiniusIII: posts big blind $3
*** HOLE CARDS ***
Puzanchik 11: folds
Uncalled bet ($2) returned to MartiniusIII
MartiniusIII collected $2 from pot
MartiniusIII: doesn't show hand
*** SUMMARY ***
Total pot $2 | Rake $0
Seat 1: Puzanchik 11 (button) (small blind) folded before Flop
Seat 3: MartiniusIII (big blind) collected ($2)


PokerStars Hand #149499247651:  Hold'em Limit ($3/$6 USD) - 2016/02/27 10:19:54 ET
Table 'Siebohme' 6-max Seat #3 is the button
Seat 1: Puzanchik 11 ($92.39 in chips)
Seat 3: MartiniusIII ($31.88 in chips)
MartiniusIII: posts small blind $1
Puzanchik 11: posts big blind $3
*** HOLE CARDS ***
MartiniusIII: calls $2
Puzanchik 11: checks
*** FLOP *** [8d 6h Th]
Puzanchik 11: bets $3
MartiniusIII: folds
Uncalled bet ($3) returned to Puzanchik 11
Puzanchik 11 collected $5.88 from pot
Puzanchik 11: doesn't show hand
*** SUMMARY ***
Total pot $6 | Rake $0.12
Board [8d 6h Th]
Seat 1: Puzanchik 11 (big blind) collected ($5.88)
Seat 3: MartiniusIII (button) (small blind) folded on the Flop


PokerStars Hand #149499237110:  Hold'em Limit ($3/$6 USD) - 2016/02/27 10:19:41 ET
Table 'Siebohme' 6-max Seat #1 is the button
Seat 1: Puzanchik 11 ($80.87 in chips)
Seat 3: MartiniusIII ($43.88 in chips)
Puzanchik 11: posts small blind $1
MartiniusIII: posts big blind $3
*** HOLE CARDS ***
Puzanchik 11: raises $3 to $6
MartiniusIII: calls $3
*** FLOP *** [Th Ac 4h]
MartiniusIII: checks
Puzanchik 11: bets $3
MartiniusIII: raises $3 to $6
Puzanchik 11: raises $3 to $9
MartiniusIII: folds
Uncalled bet ($3) returned to Puzanchik 11
Puzanchik 11 collected $23.52 from pot
Puzanchik 11: doesn't show hand
*** SUMMARY ***
Total pot $24 | Rake $0.48
Board [Th Ac 4h]
Seat 1: Puzanchik 11 (button) (small blind) collected ($23.52)
Seat 3: MartiniusIII (big blind) folded on the Flop


PokerStars Hand #149499309662:  Hold'em Limit ($3/$6 USD) - 2016/02/27 10:21:08 ET
Table 'Siebohme' 6-max Seat #2 is the button
Seat 1: Puzanchik 11 ($135.17 in chips)
Seat 2: Mordnilap ($72 in chips)
Mordnilap: posts small blind $1
Puzanchik 11: posts big blind $3
*** HOLE CARDS ***
Bouloux joins the table at seat #3
Mordnilap: raises $3 to $6
Puzanchik 11: raises $3 to $9
Mordnilap: calls $3
*** FLOP *** [6d 6s Qc]
Puzanchik 11: bets $3
Mordnilap: calls $3
*** TURN *** [6d 6s Qc] [Ah]
Puzanchik 11: bets $6
Mordnilap: folds
Uncalled bet ($6) returned to Puzanchik 11
Puzanchik 11 collected $23.52 from pot
Puzanchik 11: doesn't show hand
*** SUMMARY ***
Total pot $24 | Rake $0.48
Board [6d 6s Qc Ah]
Seat 1: Puzanchik 11 (big blind) collected ($23.52)
Seat 2: Mordnilap (button) (small blind) folded on the Turn


PokerStars Hand #149499293136:  Hold'em Limit ($3/$6 USD) - 2016/02/27 10:20:48 ET
Table 'Siebohme' 6-max Seat #1 is the button
Seat 1: Puzanchik 11 ($123.65 in chips)
Seat 2: Mordnilap ($72 in chips)
Puzanchik 11: posts small blind $1
Mordnilap: posts big blind $3
*** HOLE CARDS ***
Puzanchik 11: raises $3 to $6
Mordnilap: calls $3
*** FLOP *** [Td 7c 3d]
Mordnilap: checks
Puzanchik 11: checks
*** TURN *** [Td 7c 3d] [Kd]
Mordnilap: checks
Puzanchik 11: bets $6
Mordnilap: calls $6
*** RIVER *** [Td 7c 3d Kd] [9d]
Mordnilap: checks
Puzanchik 11: checks
*** SHOW DOWN ***
Mordnilap: shows [2c 3c] (a pair of Threes)
Puzanchik 11: shows [9s Ks] (two pair, Kings and Nines)
Puzanchik 11 collected $23.52 from pot
*** SUMMARY ***
Total pot $24 | Rake $0.48
Board [Td 7c 3d Kd 9d]
Seat 1: Puzanchik 11 (button) (small blind) showed [9s Ks] and won ($23.52) with two pair, Kings and Nines
Seat 2: Mordnilap (big blind) showed [2c 3c] and lost with a pair of Threes


PokerStars Hand #149499336088:  Hold'em Limit ($3/$6 USD) - 2016/02/27 10:21:39 ET
Table 'Siebohme' 6-max Seat #1 is the button
Seat 1: Puzanchik 11 ($146.69 in chips)
Seat 2: Mordnilap ($72 in chips)
Puzanchik 11: posts small blind $1
Mordnilap: posts big blind $3
*** HOLE CARDS ***
Puzanchik 11: raises $3 to $6
Mordnilap: calls $3
*** FLOP *** [4s Kc 5d]
Mordnilap: checks
Puzanchik 11: checks
*** TURN *** [4s Kc 5d] [7h]
Mordnilap: checks
Puzanchik 11: checks
*** RIVER *** [4s Kc 5d 7h] [4c]
Mordnilap: checks
Puzanchik 11: checks
*** SHOW DOWN ***
Mordnilap: shows [8h Jh] (a pair of Fours)
Puzanchik 11: shows [3h As] (a pair of Fours - Ace kicker)
Puzanchik 11 collected $11.76 from pot
*** SUMMARY ***
Total pot $12 | Rake $0.24
Board [4s Kc 5d 7h 4c]
Seat 1: Puzanchik 11 (button) (small blind) showed [3h As] and won ($11.76) with a pair of Fours
Seat 2: Mordnilap (big blind) showed [8h Jh] and lost with a pair of Fours


PokerStars Hand #149499861185:  Hold'em Limit ($3/$6 USD) - 2016/02/27 10:31:57 ET
Table 'Siebohme' 6-max Seat #5 is the button
Seat 3: Bouloux ($176.24 in chips)
Seat 5: killerfurbel ($296.71 in chips)
killerfurbel: posts small blind $1
Mordnilap: is sitting out
Bouloux: posts big blind $3
*** HOLE CARDS ***
killerfurbel: raises $3 to $6
Bouloux: calls $3
*** FLOP *** [2h Ad 6d]
Bouloux: bets $3
killerfurbel: calls $3
*** TURN *** [2h Ad 6d] [6s]
Bouloux: checks
killerfurbel: checks
*** RIVER *** [2h Ad 6d 6s] [4d]
Bouloux: bets $6
killerfurbel: folds
Uncalled bet ($6) returned to Bouloux
Mordnilap leaves the table
Bouloux collected $17.64 from pot
Bouloux: doesn't show hand
*** SUMMARY ***
Total pot $18 | Rake $0.36
Board [2h Ad 6d 6s 4d]
Seat 3: Bouloux (big blind) collected ($17.64)
Seat 5: killerfurbel (button) (small blind) folded on the River


PokerStars Hand #149499889185:  Hold'em Limit ($3/$6 USD) - 2016/02/27 10:32:29 ET
Table 'Siebohme' 6-max Seat #5 is the button
Seat 3: Bouloux ($169.88 in chips)
Seat 5: killerfurbel ($302.21 in chips)
killerfurbel: posts small blind $1
Bouloux: posts big blind $3
*** HOLE CARDS ***
killerfurbel: raises $3 to $6
Bouloux: calls $3
*** FLOP *** [4c Qs 6d]
Bouloux: checks
killerfurbel: bets $3
Bouloux: calls $3
*** TURN *** [4c Qs 6d] [5s]
Bouloux: checks
killerfurbel: checks
*** RIVER *** [4c Qs 6d 5s] [9h]
Bouloux: bets $6
killerfurbel: calls $6
*** SHOW DOWN ***
Bouloux: shows [4d Kd] (a pair of Fours)
killerfurbel: mucks hand
Bouloux collected $29.50 from pot
*** SUMMARY ***
Total pot $30 | Rake $0.50
Board [4c Qs 6d 5s 9h]
Seat 3: Bouloux (big blind) showed [4d Kd] and won ($29.50) with a pair of Fours
Seat 5: killerfurbel (button) (small blind) mucked


PokerStars Hand #149499874979:  Hold'em Limit ($3/$6 USD) - 2016/02/27 10:32:13 ET
Table 'Siebohme' 6-max Seat #3 is the button
Seat 3: Bouloux ($184.88 in chips)
Seat 5: killerfurbel ($287.71 in chips)
Bouloux: posts small blind $1
killerfurbel: posts big blind $3
*** HOLE CARDS ***
Bouloux: calls $2
killerfurbel: raises $3 to $6
Bouloux: calls $3
*** FLOP *** [Ac 4d Qd]
killerfurbel: bets $3
Bouloux: calls $3
*** TURN *** [Ac 4d Qd] [Td]
killerfurbel: bets $6
Bouloux: calls $6
*** RIVER *** [Ac 4d Qd Td] [3c]
killerfurbel: bets $6
Bouloux: folds
Uncalled bet ($6) returned to killerfurbel
killerfurbel collected $29.50 from pot
killerfurbel: doesn't show hand
*** SUMMARY ***
Total pot $30 | Rake $0.50
Board [Ac 4d Qd Td 3c]
Seat 3: Bouloux (button) (small blind) folded on the River
Seat 5: killerfurbel (big blind) collected ($29.50)


