PokerStars Hand #167449954539:  Hold'em Limit ($3/$6 USD) - 2017/03/11 16:31:27 ET
Table 'Siebohme' 6-max Seat #5 is the button
Seat 4: MTails ($160.40 in chips)
Seat 5: megabaitt ($77.64 in chips)
megabaitt: posts small blind $1
MTails: posts big blind $3
*** HOLE CARDS ***
megabaitt: folds
Uncalled bet ($2) returned to MTails
MTails collected $2 from pot
*** SUMMARY ***
Total pot $2 | Rake $0
Seat 4: MTails (big blind) collected ($2)
Seat 5: megabaitt (button) (small blind) folded before Flop


PokerStars Hand #167449933846:  Hold'em Limit ($3/$6 USD) - 2017/03/11 16:31:02 ET
Table 'Siebohme' 6-max Seat #4 is the button
Seat 4: MTails ($145.90 in chips)
Seat 5: megabaitt ($92.64 in chips)
MTails: posts small blind $1
megabaitt: posts big blind $3
*** HOLE CARDS ***
MTails: raises $3 to $6
megabaitt: calls $3
*** FLOP *** [Ah 5s Qs]
megabaitt: checks
MTails: bets $3
megabaitt: calls $3
*** TURN *** [Ah 5s Qs] [Kh]
megabaitt: checks
MTails: checks
*** RIVER *** [Ah 5s Qs Kh] [2s]
megabaitt: bets $6
MTails: raises $6 to $12
megabaitt: folds
Uncalled bet ($6) returned to MTails
MTails collected $29.50 from pot
*** SUMMARY ***
Total pot $30 | Rake $0.50
Board [Ah 5s Qs Kh 2s]
Seat 4: MTails (button) (small blind) collected ($29.50)
Seat 5: megabaitt (big blind) folded on the River


PokerStars Hand #167449920012:  Hold'em Limit ($3/$6 USD) - 2017/03/11 16:30:46 ET
Table 'Siebohme' 6-max Seat #5 is the button
Seat 4: MTails ($137.26 in chips)
Seat 5: megabaitt ($101.64 in chips)
megabaitt: posts small blind $1
MTails: posts big blind $3
*** HOLE CARDS ***
megabaitt: raises $3 to $6
MTails: calls $3
*** FLOP *** [3h 8h 2h]
MTails: checks
megabaitt: bets $3
MTails: raises $3 to $6
megabaitt: folds
Uncalled bet ($3) returned to MTails
MTails collected $17.64 from pot
*** SUMMARY ***
Total pot $18 | Rake $0.36
Board [3h 8h 2h]
Seat 4: MTails (big blind) collected ($17.64)
Seat 5: megabaitt (button) (small blind) folded on the Flop


PokerStars Hand #167449993529:  Hold'em Limit ($3/$6 USD) - 2017/03/11 16:32:13 ET
Table 'Siebohme' 6-max Seat #5 is the button
Seat 4: MTails ($144.40 in chips)
Seat 5: megabaitt ($92.92 in chips)
megabaitt: posts small blind $1
MTails: posts big blind $3
*** HOLE CARDS ***
megabaitt: folds
Uncalled bet ($2) returned to MTails
MTails collected $2 from pot
*** SUMMARY ***
Total pot $2 | Rake $0
Seat 4: MTails (big blind) collected ($2)
Seat 5: megabaitt (button) (small blind) folded before Flop


PokerStars Hand #167449975481:  Hold'em Limit ($3/$6 USD) - 2017/03/11 16:31:51 ET
Table 'Siebohme' 6-max Seat #4 is the button
Seat 4: MTails ($153.40 in chips)
Seat 5: megabaitt ($84.28 in chips)
MTails: posts small blind $1
megabaitt: posts big blind $3
*** HOLE CARDS ***
MTails: raises $3 to $6
megabaitt: calls $3
*** FLOP *** [6d 6c 2h]
megabaitt: checks
MTails: bets $3
megabaitt: calls $3
*** TURN *** [6d 6c 2h] [7c]
megabaitt: checks
MTails: checks
*** RIVER *** [6d 6c 2h 7c] [5c]
megabaitt: bets $6
MTails: folds
Uncalled bet ($6) returned to megabaitt
megabaitt collected $17.64 from pot
megabaitt: doesn't show hand
*** SUMMARY ***
Total pot $18 | Rake $0.36
Board [6d 6c 2h 7c 5c]
Seat 4: MTails (button) (small blind) folded on the River
Seat 5: megabaitt (big blind) collected ($17.64)


PokerStars Hand #167449971183:  Hold'em Limit ($3/$6 USD) - 2017/03/11 16:31:46 ET
Table 'Siebohme' 6-max Seat #5 is the button
Seat 4: MTails ($152.40 in chips)
Seat 5: megabaitt ($85.28 in chips)
megabaitt: posts small blind $1
MTails: posts big blind $3
*** HOLE CARDS ***
megabaitt: folds
Uncalled bet ($2) returned to MTails
MTails collected $2 from pot
*** SUMMARY ***
Total pot $2 | Rake $0
Seat 4: MTails (big blind) collected ($2)
Seat 5: megabaitt (button) (small blind) folded before Flop


PokerStars Hand #167449958639:  Hold'em Limit ($3/$6 USD) - 2017/03/11 16:31:32 ET
Table 'Siebohme' 6-max Seat #4 is the button
Seat 4: MTails ($161.40 in chips)
Seat 5: megabaitt ($76.64 in chips)
MTails: posts small blind $1
megabaitt: posts big blind $3
*** HOLE CARDS ***
MTails: raises $3 to $6
megabaitt: calls $3
*** FLOP *** [5d 9c 5s]
megabaitt: checks
MTails: bets $3
megabaitt: raises $3 to $6
MTails: folds
Uncalled bet ($3) returned to megabaitt
megabaitt collected $17.64 from pot
megabaitt: doesn't show hand
*** SUMMARY ***
Total pot $18 | Rake $0.36
Board [5d 9c 5s]
Seat 4: MTails (button) (small blind) folded on the Flop
Seat 5: megabaitt (big blind) collected ($17.64)


PokerStars Hand #167450025913:  Hold'em Limit ($3/$6 USD) - 2017/03/11 16:32:51 ET
Table 'Siebohme' 6-max Seat #4 is the button
Seat 4: MTails ($175.90 in chips)
Seat 5: megabaitt ($60.92 in chips)
MTails: posts small blind $1
megabaitt: posts big blind $3
*** HOLE CARDS ***
MTails: raises $3 to $6
megabaitt: calls $3
*** FLOP *** [9h 2c As]
megabaitt: checks
MTails: bets $3
megabaitt: calls $3
*** TURN *** [9h 2c As] [4d]
megabaitt: checks
MTails: checks
*** RIVER *** [9h 2c As 4d] [6s]
megabaitt: bets $6
MTails: calls $6
*** SHOW DOWN ***
megabaitt: shows [3c Ah] (a pair of Aces)
MTails: mucks hand
megabaitt collected $29.50 from pot
*** SUMMARY ***
Total pot $30 | Rake $0.50
Board [9h 2c As 4d 6s]
Seat 4: MTails (button) (small blind) mucked
Seat 5: megabaitt (big blind) showed [3c Ah] and won ($29.50) with a pair of Aces


PokerStars Hand #167450021431:  Hold'em Limit ($3/$6 USD) - 2017/03/11 16:32:45 ET
Table 'Siebohme' 6-max Seat #5 is the button
Seat 4: MTails ($174.90 in chips)
Seat 5: megabaitt ($61.92 in chips)
megabaitt: posts small blind $1
MTails: posts big blind $3
*** HOLE CARDS ***
megabaitt: folds
Uncalled bet ($2) returned to MTails
MTails collected $2 from pot
MTails: doesn't show hand
*** SUMMARY ***
Total pot $2 | Rake $0
Seat 4: MTails (big blind) collected ($2)
Seat 5: megabaitt (button) (small blind) folded before Flop


PokerStars Hand #167449997843:  Hold'em Limit ($3/$6 USD) - 2017/03/11 16:32:18 ET
Table 'Siebohme' 6-max Seat #4 is the button
Seat 4: MTails ($145.40 in chips)
Seat 5: megabaitt ($91.92 in chips)
MTails: posts small blind $1
megabaitt: posts big blind $3
*** HOLE CARDS ***
MTails: raises $3 to $6
megabaitt: calls $3
*** FLOP *** [Js 7h Ts]
megabaitt: checks
MTails: bets $3
megabaitt: raises $3 to $6
MTails: calls $3
*** TURN *** [Js 7h Ts] [8s]
megabaitt: bets $6
MTails: raises $6 to $12
megabaitt: calls $6
*** RIVER *** [Js 7h Ts 8s] [8c]
megabaitt: checks
MTails: bets $6
megabaitt: calls $6
*** SHOW DOWN ***
MTails: shows [Qs 2s] (a flush, Queen high)
megabaitt: mucks hand
MTails collected $59.50 from pot
*** SUMMARY ***
Total pot $60 | Rake $0.50
Board [Js 7h Ts 8s 8c]
Seat 4: MTails (button) (small blind) showed [Qs 2s] and won ($59.50) with a flush, Queen high
Seat 5: megabaitt (big blind) mucked


PokerStars Hand #167450090895:  Hold'em Limit ($3/$6 USD) - 2017/03/11 16:34:07 ET
Table 'Siebohme' 6-max Seat #5 is the button
Seat 4: MTails ($146.54 in chips)
Seat 5: megabaitt ($88.92 in chips)
megabaitt: posts small blind $1
MTails: posts big blind $3
*** HOLE CARDS ***
megabaitt: folds
Uncalled bet ($2) returned to MTails
MTails collected $2 from pot
*** SUMMARY ***
Total pot $2 | Rake $0
Seat 4: MTails (big blind) collected ($2)
Seat 5: megabaitt (button) (small blind) folded before Flop


PokerStars Hand #167450072277:  Hold'em Limit ($3/$6 USD) - 2017/03/11 16:33:45 ET
Table 'Siebohme' 6-max Seat #4 is the button
Seat 4: MTails ($137.90 in chips)
Seat 5: megabaitt ($97.92 in chips)
MTails: posts small blind $1
megabaitt: posts big blind $3
*** HOLE CARDS ***
MTails: raises $3 to $6
megabaitt: calls $3
*** FLOP *** [Tc 7h Jc]
megabaitt: checks
MTails: bets $3
megabaitt: calls $3
*** TURN *** [Tc 7h Jc] [8h]
megabaitt: checks
MTails: checks
*** RIVER *** [Tc 7h Jc 8h] [3s]
megabaitt: checks
MTails: bets $6
megabaitt: folds
Uncalled bet ($6) returned to MTails
MTails collected $17.64 from pot
*** SUMMARY ***
Total pot $18 | Rake $0.36
Board [Tc 7h Jc 8h 3s]
Seat 4: MTails (button) (small blind) collected ($17.64)
Seat 5: megabaitt (big blind) folded on the River


PokerStars Hand #167450068300:  Hold'em Limit ($3/$6 USD) - 2017/03/11 16:33:40 ET
Table 'Siebohme' 6-max Seat #5 is the button
Seat 4: MTails ($136.90 in chips)
Seat 5: megabaitt ($98.92 in chips)
megabaitt: posts small blind $1
MTails: posts big blind $3
*** HOLE CARDS ***
megabaitt: folds
Uncalled bet ($2) returned to MTails
MTails collected $2 from pot
*** SUMMARY ***
Total pot $2 | Rake $0
Seat 4: MTails (big blind) collected ($2)
Seat 5: megabaitt (button) (small blind) folded before Flop


PokerStars Hand #167450062980:  Hold'em Limit ($3/$6 USD) - 2017/03/11 16:33:34 ET
Table 'Siebohme' 6-max Seat #4 is the button
Seat 4: MTails ($133.90 in chips)
Seat 5: megabaitt ($101.92 in chips)
MTails: posts small blind $1
megabaitt: posts big blind $3
*** HOLE CARDS ***
MTails: raises $3 to $6
megabaitt: folds
Uncalled bet ($3) returned to MTails
MTails collected $6 from pot
*** SUMMARY ***
Total pot $6 | Rake $0
Seat 4: MTails (button) (small blind) collected ($6)
Seat 5: megabaitt (big blind) folded before Flop


PokerStars Hand #167450041857:  Hold'em Limit ($3/$6 USD) - 2017/03/11 16:33:09 ET
Table 'Siebohme' 6-max Seat #5 is the button
Seat 4: MTails ($160.90 in chips)
Seat 5: megabaitt ($75.42 in chips)
megabaitt: posts small blind $1
MTails: posts big blind $3
*** HOLE CARDS ***
megabaitt: raises $3 to $6
MTails: raises $3 to $9
megabaitt: raises $3 to $12
Betting is capped
MTails: calls $3
*** FLOP *** [9h Qs Js]
MTails: checks
megabaitt: bets $3
MTails: calls $3
*** TURN *** [9h Qs Js] [8c]
MTails: checks
megabaitt: bets $6
MTails: calls $6
*** RIVER *** [9h Qs Js 8c] [5d]
MTails: checks
megabaitt: bets $6
MTails: calls $6
*** SHOW DOWN ***
megabaitt: shows [Td 9d] (a straight, Eight to Queen)
MTails: mucks hand
megabaitt collected $53.50 from pot
*** SUMMARY ***
Total pot $54 | Rake $0.50
Board [9h Qs Js 8c 5d]
Seat 4: MTails (big blind) mucked
Seat 5: megabaitt (button) (small blind) showed [Td 9d] and won ($53.50) with a straight, Eight to Queen


PokerStars Hand #167450117913:  Hold'em Limit ($3/$6 USD) - 2017/03/11 16:34:39 ET
Table 'Siebohme' 6-max Seat #4 is the button
Seat 4: MTails ($133.54 in chips)
Seat 5: megabaitt ($101.42 in chips)
MTails: posts small blind $1
megabaitt: posts big blind $3
*** HOLE CARDS ***
MTails: raises $3 to $6
megabaitt: calls $3
*** FLOP *** [Ah Ad 3s]
megabaitt: checks
MTails: bets $3
megabaitt: raises $3 to $6
MTails: calls $3
*** TURN *** [Ah Ad 3s] [Kh]
megabaitt: bets $6
MTails: calls $6
*** RIVER *** [Ah Ad 3s Kh] [2s]
megabaitt: checks
MTails: bets $6
megabaitt: calls $6
*** SHOW DOWN ***
MTails: shows [3h 8h] (two pair, Aces and Threes)
megabaitt: mucks hand
MTails collected $47.50 from pot
*** SUMMARY ***
Total pot $48 | Rake $0.50
Board [Ah Ad 3s Kh 2s]
Seat 4: MTails (button) (small blind) showed [3h 8h] and won ($47.50) with two pair, Aces and Threes
Seat 5: megabaitt (big blind) mucked


PokerStars Hand #167450113633:  Hold'em Limit ($3/$6 USD) - 2017/03/11 16:34:34 ET
Table 'Siebohme' 6-max Seat #5 is the button
Seat 4: MTails ($132.54 in chips)
Seat 5: megabaitt ($102.42 in chips)
megabaitt: posts small blind $1
MTails: posts big blind $3
*** HOLE CARDS ***
megabaitt: folds
Uncalled bet ($2) returned to MTails
MTails collected $2 from pot
*** SUMMARY ***
Total pot $2 | Rake $0
Seat 4: MTails (big blind) collected ($2)
Seat 5: megabaitt (button) (small blind) folded before Flop


PokerStars Hand #167450095126:  Hold'em Limit ($3/$6 USD) - 2017/03/11 16:34:12 ET
Table 'Siebohme' 6-max Seat #4 is the button
Seat 4: MTails ($147.54 in chips)
Seat 5: megabaitt ($87.92 in chips)
MTails: posts small blind $1
megabaitt: posts big blind $3
*** HOLE CARDS ***
MTails: raises $3 to $6
megabaitt: calls $3
*** FLOP *** [Ks 2s Qc]
megabaitt: checks
MTails: bets $3
megabaitt: calls $3
*** TURN *** [Ks 2s Qc] [Ts]
megabaitt: checks
MTails: checks
*** RIVER *** [Ks 2s Qc Ts] [2c]
megabaitt: bets $6
MTails: calls $6
*** SHOW DOWN ***
megabaitt: shows [Jc Qh] (two pair, Queens and Deuces)
MTails: mucks hand
megabaitt collected $29.50 from pot
*** SUMMARY ***
Total pot $30 | Rake $0.50
Board [Ks 2s Qc Ts 2c]
Seat 4: MTails (button) (small blind) mucked
Seat 5: megabaitt (big blind) showed [Jc Qh] and won ($29.50) with two pair, Queens and Deuces


PokerStars Hand #167450750401:  Hold'em Limit ($3/$6 USD) - 2017/03/11 16:47:01 ET
Table 'Siebohme' 6-max Seat #5 is the button
Seat 4: MTails ($157.04 in chips)
Seat 5: megabaitt ($120 in chips)
megabaitt: posts small blind $1
MTails: posts big blind $3
*** HOLE CARDS ***
megabaitt: folds
Uncalled bet ($2) returned to MTails
MTails collected $2 from pot
*** SUMMARY ***
Total pot $2 | Rake $0
Seat 4: MTails (big blind) collected ($2)
Seat 5: megabaitt (button) (small blind) folded before Flop


PokerStars Hand #167450779057:  Hold'em Limit ($3/$6 USD) - 2017/03/11 16:47:36 ET
Table 'Siebohme' 6-max Seat #5 is the button
Seat 4: MTails ($166.68 in chips)
Seat 5: megabaitt ($110 in chips)
megabaitt: posts small blind $1
MTails: posts big blind $3
*** HOLE CARDS ***
megabaitt: raises $3 to $6
MTails: calls $3
*** FLOP *** [3s 5d Js]
MTails: checks
megabaitt: bets $3
MTails: calls $3
*** TURN *** [3s 5d Js] [6s]
MTails: checks
megabaitt: bets $6
MTails: raises $6 to $12
megabaitt: calls $6
*** RIVER *** [3s 5d Js 6s] [7d]
MTails: bets $6
megabaitt: calls $6
*** SHOW DOWN ***
MTails: shows [9s Ks] (a flush, King high)
megabaitt: mucks hand
MTails collected $53.50 from pot
*** SUMMARY ***
Total pot $54 | Rake $0.50
Board [3s 5d Js 6s 7d]
Seat 4: MTails (big blind) showed [9s Ks] and won ($53.50) with a flush, King high
Seat 5: megabaitt (button) (small blind) mucked


PokerStars Hand #167450799628:  Hold'em Limit ($3/$6 USD) - 2017/03/11 16:48:00 ET
Table 'Siebohme' 6-max Seat #4 is the button
Seat 4: MTails ($193.18 in chips)
Seat 5: megabaitt ($83 in chips)
MTails: posts small blind $1
megabaitt: posts big blind $3
*** HOLE CARDS ***
MTails: raises $3 to $6
megabaitt: calls $3
*** FLOP *** [4h 8h 5s]
megabaitt: checks
MTails: bets $3
megabaitt: calls $3
*** TURN *** [4h 8h 5s] [Th]
megabaitt: checks
MTails: bets $6
megabaitt: folds
Uncalled bet ($6) returned to MTails
MTails collected $17.64 from pot
*** SUMMARY ***
Total pot $18 | Rake $0.36
Board [4h 8h 5s Th]
Seat 4: MTails (button) (small blind) collected ($17.64)
Seat 5: megabaitt (big blind) folded on the Turn


PokerStars Hand #167450764582:  Hold'em Limit ($3/$6 USD) - 2017/03/11 16:47:18 ET
Table 'Siebohme' 6-max Seat #4 is the button
Seat 4: MTails ($158.04 in chips)
Seat 5: megabaitt ($119 in chips)
MTails: posts small blind $1
megabaitt: posts big blind $3
*** HOLE CARDS ***
MTails: raises $3 to $6
megabaitt: calls $3
*** FLOP *** [4d 2d Qc]
megabaitt: checks
MTails: bets $3
megabaitt: calls $3
*** TURN *** [4d 2d Qc] [2s]
megabaitt: checks
MTails: bets $6
megabaitt: folds
Uncalled bet ($6) returned to MTails
MTails collected $17.64 from pot
*** SUMMARY ***
Total pot $18 | Rake $0.36
Board [4d 2d Qc 2s]
Seat 4: MTails (button) (small blind) collected ($17.64)
Seat 5: megabaitt (big blind) folded on the Turn


PokerStars Hand #167450848259:  Hold'em Limit ($3/$6 USD) - 2017/03/11 16:48:59 ET
Table 'Siebohme' 6-max Seat #4 is the button
Seat 4: MTails ($198.46 in chips)
Seat 5: megabaitt ($76.50 in chips)
MTails: posts small blind $1
megabaitt: posts big blind $3
*** HOLE CARDS ***
MTails: raises $3 to $6
megabaitt: folds
Uncalled bet ($3) returned to MTails
MTails collected $6 from pot
*** SUMMARY ***
Total pot $6 | Rake $0
Seat 4: MTails (button) (small blind) collected ($6)
Seat 5: megabaitt (big blind) folded before Flop


PokerStars Hand #167450834576:  Hold'em Limit ($3/$6 USD) - 2017/03/11 16:48:42 ET
Table 'Siebohme' 6-max Seat #5 is the button
Seat 4: MTails ($213.46 in chips)
Seat 5: megabaitt ($62 in chips)
megabaitt: posts small blind $1
MTails: posts big blind $3
*** HOLE CARDS ***
megabaitt: raises $3 to $6
MTails: calls $3
*** FLOP *** [Qc 3s 8s]
MTails: checks
megabaitt: bets $3
MTails: calls $3
*** TURN *** [Qc 3s 8s] [4d]
MTails: checks
megabaitt: bets $6
MTails: calls $6
*** RIVER *** [Qc 3s 8s 4d] [5s]
MTails: checks
megabaitt: checks
*** SHOW DOWN ***
MTails: shows [4c Js] (a pair of Fours)
megabaitt: shows [6c 5h] (a pair of Fives)
megabaitt collected $29.50 from pot
*** SUMMARY ***
Total pot $30 | Rake $0.50
Board [Qc 3s 8s 4d 5s]
Seat 4: MTails (big blind) showed [4c Js] and lost with a pair of Fours
Seat 5: megabaitt (button) (small blind) showed [6c 5h] and won ($29.50) with a pair of Fives


PokerStars Hand #167450828970:  Hold'em Limit ($3/$6 USD) - 2017/03/11 16:48:35 ET
Table 'Siebohme' 6-max Seat #4 is the button
Seat 4: MTails ($210.46 in chips)
Seat 5: megabaitt ($65 in chips)
MTails: posts small blind $1
megabaitt: posts big blind $3
*** HOLE CARDS ***
MTails: raises $3 to $6
megabaitt: folds
Uncalled bet ($3) returned to MTails
MTails collected $6 from pot
*** SUMMARY ***
Total pot $6 | Rake $0
Seat 4: MTails (button) (small blind) collected ($6)
Seat 5: megabaitt (big blind) folded before Flop


PokerStars Hand #167450853866:  Hold'em Limit ($3/$6 USD) - 2017/03/11 16:49:05 ET
Table 'Siebohme' 6-max Seat #5 is the button
Seat 4: MTails ($201.46 in chips)
Seat 5: megabaitt ($73.50 in chips)
megabaitt: posts small blind $1
MTails: posts big blind $3
*** HOLE CARDS ***
megabaitt: raises $3 to $6
MTails: calls $3
*** FLOP *** [3s 9h Ad]
MTails: checks
megabaitt: bets $3
MTails: calls $3
*** TURN *** [3s 9h Ad] [Kh]
MTails: checks
megabaitt: bets $6
MTails: calls $6
*** RIVER *** [3s 9h Ad Kh] [Jc]
MTails: checks
megabaitt: bets $6
MTails: calls $6
*** SHOW DOWN ***
megabaitt: shows [As 4h] (a pair of Aces)
MTails: mucks hand
megabaitt collected $41.50 from pot
*** SUMMARY ***
Total pot $42 | Rake $0.50
Board [3s 9h Ad Kh Jc]
Seat 4: MTails (big blind) mucked
Seat 5: megabaitt (button) (small blind) showed [As 4h] and won ($41.50) with a pair of Aces


PokerStars Hand #167450814444:  Hold'em Limit ($3/$6 USD) - 2017/03/11 16:48:18 ET
Table 'Siebohme' 6-max Seat #5 is the button
Seat 4: MTails ($201.82 in chips)
Seat 5: megabaitt ($74 in chips)
megabaitt: posts small blind $1
MTails: posts big blind $3
*** HOLE CARDS ***
megabaitt: raises $3 to $6
MTails: calls $3
*** FLOP *** [6d 3d 4c]
MTails: checks
megabaitt: bets $3
MTails: calls $3
*** TURN *** [6d 3d 4c] [6s]
MTails: checks
megabaitt: checks
*** RIVER *** [6d 3d 4c 6s] [Kc]
MTails: bets $6
megabaitt: folds
Uncalled bet ($6) returned to MTails
MTails collected $17.64 from pot
*** SUMMARY ***
Total pot $18 | Rake $0.36
Board [6d 3d 4c 6s Kc]
Seat 4: MTails (big blind) collected ($17.64)
Seat 5: megabaitt (button) (small blind) folded on the River


PokerStars Hand #167450874067:  Hold'em Limit ($3/$6 USD) - 2017/03/11 16:49:30 ET
Table 'Siebohme' 6-max Seat #4 is the button
Seat 4: MTails ($180.46 in chips)
Seat 5: megabaitt ($94 in chips)
MTails: posts small blind $1
megabaitt: posts big blind $3
*** HOLE CARDS ***
MTails: raises $3 to $6
megabaitt: calls $3
*** FLOP *** [Js 9s Tc]
megabaitt: checks
MTails: bets $3
megabaitt: calls $3
*** TURN *** [Js 9s Tc] [8d]
megabaitt: checks
MTails: checks
*** RIVER *** [Js 9s Tc 8d] [9d]
megabaitt: checks
MTails: bets $6
megabaitt: calls $6
*** SHOW DOWN ***
MTails: shows [5d Ts] (two pair, Tens and Nines)
megabaitt: shows [3d Jd] (two pair, Jacks and Nines)
megabaitt collected $29.50 from pot
*** SUMMARY ***
Total pot $30 | Rake $0.50
Board [Js 9s Tc 8d 9d]
Seat 4: MTails (button) (small blind) showed [5d Ts] and lost with two pair, Tens and Nines
Seat 5: megabaitt (big blind) showed [3d Jd] and won ($29.50) with two pair, Jacks and Nines


