PokerStars Hand #150629763490:  Hold'em Limit ($3/$6 USD) - 2016/03/20 0:44:51 ET
Table 'Siebohme' 6-max Seat #3 is the button
Seat 3: cvillegurl ($30 in chips)
Seat 4: VolkovDmitri ($120 in chips)
cvillegurl: posts small blind $1
VolkovDmitri: posts big blind $3
*** HOLE CARDS ***
cvillegurl: calls $2
VolkovDmitri: raises $3 to $6
cvillegurl: calls $3
*** FLOP *** [2h 8h Js]
VolkovDmitri: bets $3
cvillegurl: calls $3
*** TURN *** [2h 8h Js] [2d]
VolkovDmitri: checks
cvillegurl: checks
*** RIVER *** [2h 8h Js 2d] [6d]
VolkovDmitri: bets $6
cvillegurl: calls $6
*** SHOW DOWN ***
VolkovDmitri: shows [9c 8d] (two pair, Eights and Deuces)
cvillegurl: shows [8c Qd] (two pair, Eights and Deuces - Queen kicker)
cvillegurl collected $29.50 from pot
*** SUMMARY ***
Total pot $30 | Rake $0.50
Board [2h 8h Js 2d 6d]
Seat 3: cvillegurl (button) (small blind) showed [8c Qd] and won ($29.50) with two pair, Eights and Deuces
Seat 4: VolkovDmitri (big blind) showed [9c 8d] and lost with two pair, Eights and Deuces


PokerStars Hand #150629776809:  Hold'em Limit ($3/$6 USD) - 2016/03/20 0:45:35 ET
Table 'Siebohme' 6-max Seat #4 is the button
Seat 3: cvillegurl ($44.50 in chips)
Seat 4: VolkovDmitri ($120 in chips)
VolkovDmitri: posts small blind $1
cvillegurl: posts big blind $3
*** HOLE CARDS ***
VolkovDmitri: raises $3 to $6
cvillegurl: calls $3
*** FLOP *** [3c 3h 3s]
cvillegurl: checks
VolkovDmitri: bets $3
cvillegurl: calls $3
*** TURN *** [3c 3h 3s] [Ad]
cvillegurl: checks
VolkovDmitri: checks
*** RIVER *** [3c 3h 3s Ad] [As]
cvillegurl: bets $6
VolkovDmitri: calls $6
*** SHOW DOWN ***
cvillegurl: shows [Tc 5h] (a full house, Threes full of Aces)
VolkovDmitri: shows [7h 9h] (a full house, Threes full of Aces)
cvillegurl collected $14.75 from pot
VolkovDmitri collected $14.75 from pot
*** SUMMARY ***
Total pot $30 | Rake $0.50
Board [3c 3h 3s Ad As]
Seat 3: cvillegurl (big blind) showed [Tc 5h] and won ($14.75) with a full house, Threes full of Aces
Seat 4: VolkovDmitri (button) (small blind) showed [7h 9h] and won ($14.75) with a full house, Threes full of Aces


PokerStars Hand #150629785867:  Hold'em Limit ($3/$6 USD) - 2016/03/20 0:46:05 ET
Table 'Siebohme' 6-max Seat #3 is the button
Seat 3: cvillegurl ($44.25 in chips)
Seat 4: VolkovDmitri ($120 in chips)
cvillegurl: posts small blind $1
VolkovDmitri: posts big blind $3
*** HOLE CARDS ***
cvillegurl: folds
Uncalled bet ($2) returned to VolkovDmitri
VolkovDmitri collected $2 from pot
VolkovDmitri: doesn't show hand
*** SUMMARY ***
Total pot $2 | Rake $0
Seat 3: cvillegurl (button) (small blind) folded before Flop
Seat 4: VolkovDmitri (big blind) collected ($2)


PokerStars Hand #150629787452:  Hold'em Limit ($3/$6 USD) - 2016/03/20 0:46:10 ET
Table 'Siebohme' 6-max Seat #4 is the button
Seat 3: cvillegurl ($43.25 in chips)
Seat 4: VolkovDmitri ($121 in chips)
VolkovDmitri: posts small blind $1
cvillegurl: posts big blind $3
*** HOLE CARDS ***
VolkovDmitri: raises $3 to $6
cvillegurl: calls $3
*** FLOP *** [7c 5d Qc]
cvillegurl: checks
VolkovDmitri: bets $3
cvillegurl: calls $3
*** TURN *** [7c 5d Qc] [Tc]
cvillegurl: checks
VolkovDmitri: checks
*** RIVER *** [7c 5d Qc Tc] [3d]
cvillegurl: checks
VolkovDmitri: checks
*** SHOW DOWN ***
cvillegurl: shows [Th As] (a pair of Tens)
VolkovDmitri: mucks hand
cvillegurl collected $17.64 from pot
*** SUMMARY ***
Total pot $18 | Rake $0.36
Board [7c 5d Qc Tc 3d]
Seat 3: cvillegurl (big blind) showed [Th As] and won ($17.64) with a pair of Tens
Seat 4: VolkovDmitri (button) (small blind) mucked


PokerStars Hand #150629797166:  Hold'em Limit ($3/$6 USD) - 2016/03/20 0:46:42 ET
Table 'Siebohme' 6-max Seat #3 is the button
Seat 3: cvillegurl ($51.89 in chips)
Seat 4: VolkovDmitri ($120 in chips)
cvillegurl: posts small blind $1
VolkovDmitri: posts big blind $3
*** HOLE CARDS ***
cvillegurl: calls $2
VolkovDmitri: raises $3 to $6
cvillegurl: calls $3
*** FLOP *** [6d 5c 7h]
VolkovDmitri: checks
cvillegurl: checks
*** TURN *** [6d 5c 7h] [4d]
VolkovDmitri: checks
cvillegurl: checks
*** RIVER *** [6d 5c 7h 4d] [3s]
VolkovDmitri: checks
cvillegurl: bets $6
VolkovDmitri: calls $6
*** SHOW DOWN ***
cvillegurl: shows [8h Js] (a straight, Four to Eight)
VolkovDmitri: mucks hand
cvillegurl collected $23.52 from pot
*** SUMMARY ***
Total pot $24 | Rake $0.48
Board [6d 5c 7h 4d 3s]
Seat 3: cvillegurl (button) (small blind) showed [8h Js] and won ($23.52) with a straight, Four to Eight
Seat 4: VolkovDmitri (big blind) mucked


PokerStars Hand #150629811730:  Hold'em Limit ($3/$6 USD) - 2016/03/20 0:47:30 ET
Table 'Siebohme' 6-max Seat #4 is the button
Seat 3: cvillegurl ($63.41 in chips)
Seat 4: VolkovDmitri ($120 in chips)
VolkovDmitri: posts small blind $1
cvillegurl: posts big blind $3
*** HOLE CARDS ***
VolkovDmitri: raises $3 to $6
cvillegurl: calls $3
*** FLOP *** [8s Ks 6s]
cvillegurl: checks
VolkovDmitri: bets $3
cvillegurl: calls $3
*** TURN *** [8s Ks 6s] [6c]
cvillegurl: checks
VolkovDmitri: bets $6
cvillegurl: calls $6
*** RIVER *** [8s Ks 6s 6c] [8c]
cvillegurl: bets $6
VolkovDmitri: calls $6
*** SHOW DOWN ***
cvillegurl: shows [Qh 6d] (a full house, Sixes full of Eights)
VolkovDmitri: mucks hand
cvillegurl collected $41.50 from pot
*** SUMMARY ***
Total pot $42 | Rake $0.50
Board [8s Ks 6s 6c 8c]
Seat 3: cvillegurl (big blind) showed [Qh 6d] and won ($41.50) with a full house, Sixes full of Eights
Seat 4: VolkovDmitri (button) (small blind) mucked


PokerStars Hand #150629821405:  Hold'em Limit ($3/$6 USD) - 2016/03/20 0:48:02 ET
Table 'Siebohme' 6-max Seat #3 is the button
Seat 3: cvillegurl ($83.91 in chips)
Seat 4: VolkovDmitri ($120 in chips)
cvillegurl: posts small blind $1
VolkovDmitri: posts big blind $3
*** HOLE CARDS ***
livenuncut joins the table at seat #2
cvillegurl: calls $2
VolkovDmitri: raises $3 to $6
cvillegurl: calls $3
*** FLOP *** [6d Kh 6h]
VolkovDmitri: bets $3
cvillegurl: calls $3
*** TURN *** [6d Kh 6h] [5c]
VolkovDmitri: bets $6
cvillegurl: calls $6
*** RIVER *** [6d Kh 6h 5c] [Jd]
VolkovDmitri: bets $6
cvillegurl: calls $6
*** SHOW DOWN ***
VolkovDmitri: shows [8c 6c] (three of a kind, Sixes)
cvillegurl: mucks hand
VolkovDmitri collected $41.50 from pot
*** SUMMARY ***
Total pot $42 | Rake $0.50
Board [6d Kh 6h 5c Jd]
Seat 3: cvillegurl (button) (small blind) mucked
Seat 4: VolkovDmitri (big blind) showed [8c 6c] and won ($41.50) with three of a kind, Sixes


PokerStars Hand #150630381394:  Hold'em Limit ($3/$6 USD) - 2016/03/20 1:20:55 ET
Table 'Siebohme' 6-max Seat #4 is the button
Seat 3: Chessnok ($116.71 in chips)
Seat 4: VolkovDmitri ($172.82 in chips)
VolkovDmitri: posts small blind $1
pksubban7600: is sitting out
Chessnok: posts big blind $3
*** HOLE CARDS ***
VolkovDmitri: raises $3 to $6
pksubban7600 leaves the table
Chessnok: calls $3
*** FLOP *** [3c Tc 7h]
Chessnok: checks
VolkovDmitri: bets $3
Chessnok: folds
Uncalled bet ($3) returned to VolkovDmitri
VolkovDmitri collected $11.76 from pot
VolkovDmitri: doesn't show hand
*** SUMMARY ***
Total pot $12 | Rake $0.24
Board [3c Tc 7h]
Seat 3: Chessnok (big blind) folded on the Flop
Seat 4: VolkovDmitri (button) (small blind) collected ($11.76)


