PokerStars Hand #145834085768:  Hold'em Limit ($3/$6 USD) - 2015/12/24 3:28:57 ET
Table 'Siebohme II' 2-max Seat #2 is the button
Seat 1: nrJitsu ($200 in chips)
Seat 2: liza3008 ($120 in chips)
liza3008: posts small blind $1
nrJitsu: posts big blind $3
*** HOLE CARDS ***
liza3008: raises $3 to $6
nrJitsu: calls $3
*** FLOP *** [Ah 2d 2h]
nrJitsu: checks
liza3008: checks
*** TURN *** [Ah 2d 2h] [6s]
nrJitsu: bets $6
liza3008: folds
Uncalled bet ($6) returned to nrJitsu
nrJitsu collected $11.76 from pot
nrJitsu: doesn't show hand
*** SUMMARY ***
Total pot $12 | Rake $0.24
Board [Ah 2d 2h 6s]
Seat 1: nrJitsu (big blind) collected ($11.76)
Seat 2: liza3008 (button) (small blind) folded on the Turn


PokerStars Hand #145834110751:  Hold'em Limit ($3/$6 USD) - 2015/12/24 3:30:09 ET
Table 'Siebohme II' 2-max Seat #2 is the button
Seat 1: nrJitsu ($181.76 in chips)
Seat 2: liza3008 ($137.16 in chips)
liza3008: posts small blind $1
nrJitsu: posts big blind $3
*** HOLE CARDS ***
liza3008: raises $3 to $6
nrJitsu: folds
Uncalled bet ($3) returned to liza3008
liza3008 collected $6 from pot
liza3008: doesn't show hand
*** SUMMARY ***
Total pot $6 | Rake $0
Seat 1: nrJitsu (big blind) folded before Flop
Seat 2: liza3008 (button) (small blind) collected ($6)


PokerStars Hand #145834104816:  Hold'em Limit ($3/$6 USD) - 2015/12/24 3:29:52 ET
Table 'Siebohme II' 2-max Seat #1 is the button
Seat 1: nrJitsu ($193.76 in chips)
Seat 2: liza3008 ($125.64 in chips)
nrJitsu: posts small blind $1
liza3008: posts big blind $3
*** HOLE CARDS ***
nrJitsu: raises $3 to $6
liza3008: calls $3
*** FLOP *** [7d 6c 5d]
liza3008: checks
nrJitsu: checks
*** TURN *** [7d 6c 5d] [Ks]
liza3008: bets $6
nrJitsu: calls $6
*** RIVER *** [7d 6c 5d Ks] [8h]
liza3008: bets $6
nrJitsu: folds
Uncalled bet ($6) returned to liza3008
liza3008 collected $23.52 from pot
liza3008: doesn't show hand
*** SUMMARY ***
Total pot $24 | Rake $0.48
Board [7d 6c 5d Ks 8h]
Seat 1: nrJitsu (button) (small blind) folded on the River
Seat 2: liza3008 (big blind) collected ($23.52)


PokerStars Hand #145834103256:  Hold'em Limit ($3/$6 USD) - 2015/12/24 3:29:47 ET
Table 'Siebohme II' 2-max Seat #2 is the button
Seat 1: nrJitsu ($192.76 in chips)
Seat 2: liza3008 ($126.64 in chips)
liza3008: posts small blind $1
nrJitsu: posts big blind $3
*** HOLE CARDS ***
liza3008: folds
Uncalled bet ($2) returned to nrJitsu
nrJitsu collected $2 from pot
nrJitsu: doesn't show hand
*** SUMMARY ***
Total pot $2 | Rake $0
Seat 1: nrJitsu (big blind) collected ($2)
Seat 2: liza3008 (button) (small blind) folded before Flop


PokerStars Hand #145834100993:  Hold'em Limit ($3/$6 USD) - 2015/12/24 3:29:41 ET
Table 'Siebohme II' 2-max Seat #1 is the button
Seat 1: nrJitsu ($193.76 in chips)
Seat 2: liza3008 ($125.64 in chips)
nrJitsu: posts small blind $1
liza3008: posts big blind $3
*** HOLE CARDS ***
nrJitsu: folds
Uncalled bet ($2) returned to liza3008
liza3008 collected $2 from pot
liza3008: doesn't show hand
*** SUMMARY ***
Total pot $2 | Rake $0
Seat 1: nrJitsu (button) (small blind) folded before Flop
Seat 2: liza3008 (big blind) collected ($2)


PokerStars Hand #145834096984:  Hold'em Limit ($3/$6 USD) - 2015/12/24 3:29:29 ET
Table 'Siebohme II' 2-max Seat #2 is the button
Seat 1: nrJitsu ($196.76 in chips)
Seat 2: liza3008 ($122.64 in chips)
liza3008: posts small blind $1
nrJitsu: posts big blind $3
*** HOLE CARDS ***
liza3008: raises $3 to $6
nrJitsu: folds
Uncalled bet ($3) returned to liza3008
liza3008 collected $6 from pot
liza3008: doesn't show hand
*** SUMMARY ***
Total pot $6 | Rake $0
Seat 1: nrJitsu (big blind) folded before Flop
Seat 2: liza3008 (button) (small blind) collected ($6)


PokerStars Hand #145834091165:  Hold'em Limit ($3/$6 USD) - 2015/12/24 3:29:13 ET
Table 'Siebohme II' 2-max Seat #1 is the button
Seat 1: nrJitsu ($205.76 in chips)
Seat 2: liza3008 ($114 in chips)
nrJitsu: posts small blind $1
liza3008: posts big blind $3
*** HOLE CARDS ***
nrJitsu: raises $3 to $6
liza3008: calls $3
*** FLOP *** [7d Js 8c]
liza3008: checks
nrJitsu: bets $3
liza3008: calls $3
*** TURN *** [7d Js 8c] [3s]
liza3008: checks
nrJitsu: checks
*** RIVER *** [7d Js 8c 3s] [2s]
liza3008: bets $6
nrJitsu: folds
Uncalled bet ($6) returned to liza3008
liza3008 collected $17.64 from pot
liza3008: doesn't show hand
*** SUMMARY ***
Total pot $18 | Rake $0.36
Board [7d Js 8c 3s 2s]
Seat 1: nrJitsu (button) (small blind) folded on the River
Seat 2: liza3008 (big blind) collected ($17.64)


PokerStars Hand #145834130184:  Hold'em Limit ($3/$6 USD) - 2015/12/24 3:31:04 ET
Table 'Siebohme II' 2-max Seat #1 is the button
Seat 1: nrJitsu ($214.78 in chips)
Seat 2: liza3008 ($103.16 in chips)
nrJitsu: posts small blind $1
liza3008: posts big blind $3
*** HOLE CARDS ***
nrJitsu: raises $3 to $6
liza3008: calls $3
*** FLOP *** [Kd 5d 6h]
liza3008: checks
nrJitsu: bets $3
liza3008: calls $3
*** TURN *** [Kd 5d 6h] [2d]
liza3008: checks
nrJitsu: bets $6
liza3008: calls $6
*** RIVER *** [Kd 5d 6h 2d] [Ks]
liza3008: checks
nrJitsu: bets $6
liza3008: calls $6
*** SHOW DOWN ***
nrJitsu: shows [Qh 6s] (two pair, Kings and Sixes)
liza3008: mucks hand
nrJitsu collected $41.50 from pot
*** SUMMARY ***
Total pot $42 | Rake $0.50
Board [Kd 5d 6h 2d Ks]
Seat 1: nrJitsu (button) (small blind) showed [Qh 6s] and won ($41.50) with two pair, Kings and Sixes
Seat 2: liza3008 (big blind) mucked


PokerStars Hand #145834128390:  Hold'em Limit ($3/$6 USD) - 2015/12/24 3:30:59 ET
Table 'Siebohme II' 2-max Seat #2 is the button
Seat 1: nrJitsu ($213.78 in chips)
Seat 2: liza3008 ($104.16 in chips)
liza3008: posts small blind $1
nrJitsu: posts big blind $3
*** HOLE CARDS ***
liza3008: folds
Uncalled bet ($2) returned to nrJitsu
nrJitsu collected $2 from pot
nrJitsu: doesn't show hand
*** SUMMARY ***
Total pot $2 | Rake $0
Seat 1: nrJitsu (big blind) collected ($2)
Seat 2: liza3008 (button) (small blind) folded before Flop


PokerStars Hand #145834125705:  Hold'em Limit ($3/$6 USD) - 2015/12/24 3:30:51 ET
Table 'Siebohme II' 2-max Seat #1 is the button
Seat 1: nrJitsu ($210.78 in chips)
Seat 2: liza3008 ($107.16 in chips)
nrJitsu: posts small blind $1
liza3008: posts big blind $3
*** HOLE CARDS ***
nrJitsu: raises $3 to $6
liza3008: folds
Uncalled bet ($3) returned to nrJitsu
nrJitsu collected $6 from pot
nrJitsu: doesn't show hand
*** SUMMARY ***
Total pot $6 | Rake $0
Seat 1: nrJitsu (button) (small blind) collected ($6)
Seat 2: liza3008 (big blind) folded before Flop


PokerStars Hand #145834118935:  Hold'em Limit ($3/$6 USD) - 2015/12/24 3:30:32 ET
Table 'Siebohme II' 2-max Seat #2 is the button
Seat 1: nrJitsu ($199.26 in chips)
Seat 2: liza3008 ($119.16 in chips)
liza3008: posts small blind $1
nrJitsu: posts big blind $3
*** HOLE CARDS ***
liza3008: raises $3 to $6
nrJitsu: calls $3
*** FLOP *** [Kh 2c 7c]
nrJitsu: checks
liza3008: checks
*** TURN *** [Kh 2c 7c] [9d]
nrJitsu: checks
liza3008: checks
*** RIVER *** [Kh 2c 7c 9d] [3d]
nrJitsu: bets $6
liza3008: calls $6
*** SHOW DOWN ***
nrJitsu: shows [3h 3c] (three of a kind, Threes)
liza3008: mucks hand
nrJitsu collected $23.52 from pot
*** SUMMARY ***
Total pot $24 | Rake $0.48
Board [Kh 2c 7c 9d 3d]
Seat 1: nrJitsu (big blind) showed [3h 3c] and won ($23.52) with three of a kind, Threes
Seat 2: liza3008 (button) (small blind) mucked


PokerStars Hand #145834112915:  Hold'em Limit ($3/$6 USD) - 2015/12/24 3:30:15 ET
Table 'Siebohme II' 2-max Seat #1 is the button
Seat 1: nrJitsu ($178.76 in chips)
Seat 2: liza3008 ($140.16 in chips)
nrJitsu: posts small blind $1
liza3008: posts big blind $3
*** HOLE CARDS ***
nrJitsu: raises $3 to $6
liza3008: calls $3
*** FLOP *** [3h 5d Jc]
liza3008: checks
nrJitsu: bets $3
liza3008: calls $3
*** TURN *** [3h 5d Jc] [Kh]
liza3008: checks
nrJitsu: bets $6
liza3008: calls $6
*** RIVER *** [3h 5d Jc Kh] [4d]
liza3008: checks
nrJitsu: bets $6
liza3008: calls $6
*** SHOW DOWN ***
nrJitsu: shows [Kc Ac] (a pair of Kings)
liza3008: mucks hand
nrJitsu collected $41.50 from pot
*** SUMMARY ***
Total pot $42 | Rake $0.50
Board [3h 5d Jc Kh 4d]
Seat 1: nrJitsu (button) (small blind) showed [Kc Ac] and won ($41.50) with a pair of Kings
Seat 2: liza3008 (big blind) mucked


PokerStars Hand #145834153658:  Hold'em Limit ($3/$6 USD) - 2015/12/24 3:32:11 ET
Table 'Siebohme II' 2-max Seat #2 is the button
Seat 1: nrJitsu ($199.28 in chips)
Seat 2: liza3008 ($117.30 in chips)
liza3008: posts small blind $1
nrJitsu: posts big blind $3
*** HOLE CARDS ***
liza3008: folds
Uncalled bet ($2) returned to nrJitsu
nrJitsu collected $2 from pot
nrJitsu: doesn't show hand
*** SUMMARY ***
Total pot $2 | Rake $0
Seat 1: nrJitsu (big blind) collected ($2)
Seat 2: liza3008 (button) (small blind) folded before Flop


PokerStars Hand #145834146494:  Hold'em Limit ($3/$6 USD) - 2015/12/24 3:31:51 ET
Table 'Siebohme II' 2-max Seat #1 is the button
Seat 1: nrJitsu ($208.28 in chips)
Seat 2: liza3008 ($108.66 in chips)
nrJitsu: posts small blind $1
liza3008: posts big blind $3
*** HOLE CARDS ***
nrJitsu: raises $3 to $6
liza3008: calls $3
*** FLOP *** [6h Tc Jd]
liza3008: checks
nrJitsu: bets $3
liza3008: calls $3
*** TURN *** [6h Tc Jd] [5c]
liza3008: checks
nrJitsu: checks
*** RIVER *** [6h Tc Jd 5c] [3s]
liza3008: bets $6
nrJitsu: folds
Uncalled bet ($6) returned to liza3008
liza3008 collected $17.64 from pot
liza3008: doesn't show hand
*** SUMMARY ***
Total pot $18 | Rake $0.36
Board [6h Tc Jd 5c 3s]
Seat 1: nrJitsu (button) (small blind) folded on the River
Seat 2: liza3008 (big blind) collected ($17.64)


PokerStars Hand #145834135320:  Hold'em Limit ($3/$6 USD) - 2015/12/24 3:31:19 ET
Table 'Siebohme II' 2-max Seat #2 is the button
Seat 1: nrJitsu ($235.28 in chips)
Seat 2: liza3008 ($82.16 in chips)
liza3008: posts small blind $1
nrJitsu: posts big blind $3
*** HOLE CARDS ***
liza3008: raises $3 to $6
nrJitsu: raises $3 to $9
liza3008: raises $3 to $12
Betting is capped
nrJitsu: calls $3
*** FLOP *** [9d 5h Kh]
nrJitsu: checks
liza3008: bets $3
nrJitsu: calls $3
*** TURN *** [9d 5h Kh] [6d]
nrJitsu: checks
liza3008: bets $6
nrJitsu: calls $6
*** RIVER *** [9d 5h Kh 6d] [2s]
nrJitsu: checks
liza3008: bets $6
nrJitsu: calls $6
*** SHOW DOWN ***
liza3008: shows [Js Jc] (a pair of Jacks)
nrJitsu: mucks hand
liza3008 collected $53.50 from pot
*** SUMMARY ***
Total pot $54 | Rake $0.50
Board [9d 5h Kh 6d 2s]
Seat 1: nrJitsu (big blind) mucked
Seat 2: liza3008 (button) (small blind) showed [Js Jc] and won ($53.50) with a pair of Jacks


PokerStars Hand #145834177685:  Hold'em Limit ($3/$6 USD) - 2015/12/24 3:33:20 ET
Table 'Siebohme II' 2-max Seat #2 is the button
Seat 1: nrJitsu ($226.42 in chips)
Seat 2: liza3008 ($89.30 in chips)
liza3008: posts small blind $1
nrJitsu: posts big blind $3
*** HOLE CARDS ***
liza3008: folds
Uncalled bet ($2) returned to nrJitsu
nrJitsu collected $2 from pot
nrJitsu: doesn't show hand
*** SUMMARY ***
Total pot $2 | Rake $0
Seat 1: nrJitsu (big blind) collected ($2)
Seat 2: liza3008 (button) (small blind) folded before Flop


PokerStars Hand #145834175117:  Hold'em Limit ($3/$6 USD) - 2015/12/24 3:33:12 ET
Table 'Siebohme II' 2-max Seat #1 is the button
Seat 1: nrJitsu ($227.42 in chips)
Seat 2: liza3008 ($88.30 in chips)
nrJitsu: posts small blind $1
liza3008: posts big blind $3
*** HOLE CARDS ***
nrJitsu: folds
Uncalled bet ($2) returned to liza3008
liza3008 collected $2 from pot
liza3008: doesn't show hand
*** SUMMARY ***
Total pot $2 | Rake $0
Seat 1: nrJitsu (button) (small blind) folded before Flop
Seat 2: liza3008 (big blind) collected ($2)


PokerStars Hand #145834173431:  Hold'em Limit ($3/$6 USD) - 2015/12/24 3:33:08 ET
Table 'Siebohme II' 2-max Seat #2 is the button
Seat 1: nrJitsu ($226.42 in chips)
Seat 2: liza3008 ($89.30 in chips)
liza3008: posts small blind $1
nrJitsu: posts big blind $3
*** HOLE CARDS ***
liza3008: folds
Uncalled bet ($2) returned to nrJitsu
nrJitsu collected $2 from pot
nrJitsu: doesn't show hand
*** SUMMARY ***
Total pot $2 | Rake $0
Seat 1: nrJitsu (big blind) collected ($2)
Seat 2: liza3008 (button) (small blind) folded before Flop


PokerStars Hand #145834171225:  Hold'em Limit ($3/$6 USD) - 2015/12/24 3:33:01 ET
Table 'Siebohme II' 2-max Seat #1 is the button
Seat 1: nrJitsu ($223.42 in chips)
Seat 2: liza3008 ($92.30 in chips)
nrJitsu: posts small blind $1
liza3008: posts big blind $3
*** HOLE CARDS ***
nrJitsu: raises $3 to $6
liza3008: folds
Uncalled bet ($3) returned to nrJitsu
nrJitsu collected $6 from pot
nrJitsu: doesn't show hand
*** SUMMARY ***
Total pot $6 | Rake $0
Seat 1: nrJitsu (button) (small blind) collected ($6)
Seat 2: liza3008 (big blind) folded before Flop


PokerStars Hand #145834163927:  Hold'em Limit ($3/$6 USD) - 2015/12/24 3:32:40 ET
Table 'Siebohme II' 2-max Seat #2 is the button
Seat 1: nrJitsu ($208.92 in chips)
Seat 2: liza3008 ($107.30 in chips)
liza3008: posts small blind $1
nrJitsu: posts big blind $3
*** HOLE CARDS ***
liza3008: raises $3 to $6
nrJitsu: calls $3
*** FLOP *** [Qs 2s Jc]
nrJitsu: checks
liza3008: bets $3
nrJitsu: calls $3
*** TURN *** [Qs 2s Jc] [8h]
nrJitsu: checks
liza3008: checks
*** RIVER *** [Qs 2s Jc 8h] [Jh]
nrJitsu: checks
liza3008: bets $6
nrJitsu: calls $6
*** SHOW DOWN ***
liza3008: shows [6c Tc] (a pair of Jacks)
nrJitsu: shows [6h 2h] (two pair, Jacks and Deuces)
nrJitsu collected $29.50 from pot
*** SUMMARY ***
Total pot $30 | Rake $0.50
Board [Qs 2s Jc 8h Jh]
Seat 1: nrJitsu (big blind) showed [6h 2h] and won ($29.50) with two pair, Jacks and Deuces
Seat 2: liza3008 (button) (small blind) showed [6c Tc] and lost with a pair of Jacks


PokerStars Hand #145834155281:  Hold'em Limit ($3/$6 USD) - 2015/12/24 3:32:15 ET
Table 'Siebohme II' 2-max Seat #1 is the button
Seat 1: nrJitsu ($200.28 in chips)
Seat 2: liza3008 ($116.30 in chips)
nrJitsu: posts small blind $1
liza3008: posts big blind $3
*** HOLE CARDS ***
nrJitsu: raises $3 to $6
liza3008: calls $3
*** FLOP *** [7h 5c Jh]
liza3008: checks
nrJitsu: bets $3
liza3008: calls $3
*** TURN *** [7h 5c Jh] [7s]
liza3008: checks
nrJitsu: bets $6
liza3008: folds
Uncalled bet ($6) returned to nrJitsu
nrJitsu collected $17.64 from pot
nrJitsu: doesn't show hand
*** SUMMARY ***
Total pot $18 | Rake $0.36
Board [7h 5c Jh 7s]
Seat 1: nrJitsu (button) (small blind) collected ($17.64)
Seat 2: liza3008 (big blind) folded on the Turn


PokerStars Hand #145834182732:  Hold'em Limit ($3/$6 USD) - 2015/12/24 3:33:34 ET
Table 'Siebohme II' 2-max Seat #2 is the button
Seat 1: nrJitsu ($226.42 in chips)
Seat 2: liza3008 ($89.30 in chips)
liza3008: posts small blind $1
nrJitsu: posts big blind $3
*** HOLE CARDS ***
liza3008: raises $3 to $6
nrJitsu: raises $3 to $9
liza3008: calls $3
*** FLOP *** [6s Ks 6c]
nrJitsu: bets $3
liza3008: calls $3
*** TURN *** [6s Ks 6c] [4h]
nrJitsu: bets $6
liza3008: calls $6
*** RIVER *** [6s Ks 6c 4h] [9c]
nrJitsu: bets $6
liza3008: folds
Uncalled bet ($6) returned to nrJitsu
nrJitsu collected $35.50 from pot
nrJitsu: doesn't show hand
*** SUMMARY ***
Total pot $36 | Rake $0.50
Board [6s Ks 6c 4h 9c]
Seat 1: nrJitsu (big blind) collected ($35.50)
Seat 2: liza3008 (button) (small blind) folded on the River


PokerStars Hand #145834179275:  Hold'em Limit ($3/$6 USD) - 2015/12/24 3:33:24 ET
Table 'Siebohme II' 2-max Seat #1 is the button
Seat 1: nrJitsu ($227.42 in chips)
Seat 2: liza3008 ($88.30 in chips)
nrJitsu: posts small blind $1
liza3008: posts big blind $3
*** HOLE CARDS ***
nrJitsu: folds
Uncalled bet ($2) returned to liza3008
liza3008 collected $2 from pot
liza3008: doesn't show hand
*** SUMMARY ***
Total pot $2 | Rake $0
Seat 1: nrJitsu (button) (small blind) folded before Flop
Seat 2: liza3008 (big blind) collected ($2)


PokerStars Hand #145834218440:  Hold'em Limit ($3/$6 USD) - 2015/12/24 3:35:17 ET
Table 'Siebohme II' 2-max Seat #1 is the button
Seat 1: nrJitsu ($276.42 in chips)
Seat 2: liza3008 ($38.30 in chips)
nrJitsu: posts small blind $1
liza3008: posts big blind $3
*** HOLE CARDS ***
nrJitsu: folds
Uncalled bet ($2) returned to liza3008
liza3008 collected $2 from pot
liza3008: doesn't show hand
*** SUMMARY ***
Total pot $2 | Rake $0
Seat 1: nrJitsu (button) (small blind) folded before Flop
Seat 2: liza3008 (big blind) collected ($2)


PokerStars Hand #145834202794:  Hold'em Limit ($3/$6 USD) - 2015/12/24 3:34:32 ET
Table 'Siebohme II' 2-max Seat #2 is the button
Seat 1: nrJitsu ($246.92 in chips)
Seat 2: liza3008 ($68.30 in chips)
liza3008: posts small blind $1
nrJitsu: posts big blind $3
*** HOLE CARDS ***
liza3008: raises $3 to $6
nrJitsu: raises $3 to $9
liza3008: calls $3
*** FLOP *** [9s 6h Js]
nrJitsu: bets $3
liza3008: calls $3
*** TURN *** [9s 6h Js] [Qh]
nrJitsu: checks
liza3008: bets $6
nrJitsu: calls $6
*** RIVER *** [9s 6h Js Qh] [Kc]
nrJitsu: checks
liza3008: bets $6
nrJitsu: raises $6 to $12
liza3008: calls $6
*** SHOW DOWN ***
nrJitsu: shows [Tc Ad] (a straight, Ten to Ace)
liza3008: mucks hand
nrJitsu collected $59.50 from pot
*** SUMMARY ***
Total pot $60 | Rake $0.50
Board [9s 6h Js Qh Kc]
Seat 1: nrJitsu (big blind) showed [Tc Ad] and won ($59.50) with a straight, Ten to Ace
Seat 2: liza3008 (button) (small blind) mucked


PokerStars Hand #145834199252:  Hold'em Limit ($3/$6 USD) - 2015/12/24 3:34:22 ET
Table 'Siebohme II' 2-max Seat #1 is the button
Seat 1: nrJitsu ($243.92 in chips)
Seat 2: liza3008 ($71.30 in chips)
nrJitsu: posts small blind $1
liza3008: posts big blind $3
*** HOLE CARDS ***
nrJitsu: raises $3 to $6
liza3008: folds
Uncalled bet ($3) returned to nrJitsu
nrJitsu collected $6 from pot
nrJitsu: doesn't show hand
*** SUMMARY ***
Total pot $6 | Rake $0
Seat 1: nrJitsu (button) (small blind) collected ($6)
Seat 2: liza3008 (big blind) folded before Flop


PokerStars Hand #145834232991:  Hold'em Limit ($3/$6 USD) - 2015/12/24 3:35:58 ET
Table 'Siebohme II' 2-max Seat #1 is the button
Seat 1: nrJitsu ($269.42 in chips)
Seat 2: liza3008 ($45.06 in chips)
nrJitsu: posts small blind $1
liza3008: posts big blind $3
*** HOLE CARDS ***
nrJitsu: folds
Uncalled bet ($2) returned to liza3008
liza3008 collected $2 from pot
liza3008: doesn't show hand
*** SUMMARY ***
Total pot $2 | Rake $0
Seat 1: nrJitsu (button) (small blind) folded before Flop
Seat 2: liza3008 (big blind) collected ($2)


PokerStars Hand #145834221348:  Hold'em Limit ($3/$6 USD) - 2015/12/24 3:35:25 ET
Table 'Siebohme II' 2-max Seat #2 is the button
Seat 1: nrJitsu ($275.42 in chips)
Seat 2: liza3008 ($39.30 in chips)
liza3008: posts small blind $1
nrJitsu: posts big blind $3
*** HOLE CARDS ***
liza3008: raises $3 to $6
nrJitsu: calls $3
*** FLOP *** [Kh Kc 4s]
nrJitsu: checks
liza3008: checks
*** TURN *** [Kh Kc 4s] [5d]
nrJitsu: checks
liza3008: checks
*** RIVER *** [Kh Kc 4s 5d] [3s]
nrJitsu: checks
liza3008: bets $6
nrJitsu: folds
Uncalled bet ($6) returned to liza3008
liza3008 collected $11.76 from pot
liza3008: doesn't show hand
*** SUMMARY ***
Total pot $12 | Rake $0.24
Board [Kh Kc 4s 5d 3s]
Seat 1: nrJitsu (big blind) folded on the River
Seat 2: liza3008 (button) (small blind) collected ($11.76)


PokerStars Hand #145834250527:  Hold'em Limit ($3/$6 USD) - 2015/12/24 3:36:48 ET
Table 'Siebohme II' 2-max Seat #1 is the button
Seat 1: nrJitsu ($256.42 in chips)
Seat 2: liza3008 ($57.58 in chips)
nrJitsu: posts small blind $1
liza3008: posts big blind $3
*** HOLE CARDS ***
nrJitsu: raises $3 to $6
liza3008: calls $3
*** FLOP *** [3h Qh 2s]
liza3008: checks
nrJitsu: bets $3
liza3008: folds
Uncalled bet ($3) returned to nrJitsu
nrJitsu collected $11.76 from pot
nrJitsu: doesn't show hand
*** SUMMARY ***
Total pot $12 | Rake $0.24
Board [3h Qh 2s]
Seat 1: nrJitsu (button) (small blind) collected ($11.76)
Seat 2: liza3008 (big blind) folded on the Flop


PokerStars Hand #145834236821:  Hold'em Limit ($3/$6 USD) - 2015/12/24 3:36:09 ET
Table 'Siebohme II' 2-max Seat #2 is the button
Seat 1: nrJitsu ($268.42 in chips)
Seat 2: liza3008 ($46.06 in chips)
liza3008: posts small blind $1
nrJitsu: posts big blind $3
*** HOLE CARDS ***
liza3008: raises $3 to $6
nrJitsu: calls $3
*** FLOP *** [7c 9h Qs]
nrJitsu: checks
liza3008: checks
*** TURN *** [7c 9h Qs] [8d]
nrJitsu: checks
liza3008: bets $6
nrJitsu: calls $6
*** RIVER *** [7c 9h Qs 8d] [2h]
nrJitsu: checks
liza3008: bets $6
nrJitsu: folds
Uncalled bet ($6) returned to liza3008
liza3008 collected $23.52 from pot
liza3008: doesn't show hand
*** SUMMARY ***
Total pot $24 | Rake $0.48
Board [7c 9h Qs 8d 2h]
Seat 1: nrJitsu (big blind) folded on the River
Seat 2: liza3008 (button) (small blind) collected ($23.52)


PokerStars Hand #145834267975:  Hold'em Limit ($3/$6 USD) - 2015/12/24 3:37:38 ET
Table 'Siebohme II' 2-max Seat #1 is the button
Seat 1: nrJitsu ($282.68 in chips)
Seat 2: liza3008 ($30.58 in chips)
nrJitsu: posts small blind $1
liza3008: posts big blind $3
*** HOLE CARDS ***
nrJitsu: raises $3 to $6
liza3008: raises $3 to $9
nrJitsu: calls $3
*** FLOP *** [3c Jc 4d]
liza3008: bets $3
nrJitsu: calls $3
*** TURN *** [3c Jc 4d] [9c]
liza3008: bets $6
nrJitsu: calls $6
*** RIVER *** [3c Jc 4d 9c] [5c]
liza3008: bets $6
nrJitsu: raises $6 to $12
liza3008: raises $0.58 to $12.58 and is all-in
nrJitsu: calls $0.58
*** SHOW DOWN ***
liza3008: shows [Td Th] (a pair of Tens)
nrJitsu: shows [Kc 3h] (a flush, King high)
nrJitsu collected $60.66 from pot
*** SUMMARY ***
Total pot $61.16 | Rake $0.50
Board [3c Jc 4d 9c 5c]
Seat 1: nrJitsu (button) (small blind) showed [Kc 3h] and won ($60.66) with a flush, King high
Seat 2: liza3008 (big blind) showed [Td Th] and lost with a pair of Tens


PokerStars Hand #145834254336:  Hold'em Limit ($3/$6 USD) - 2015/12/24 3:36:59 ET
Table 'Siebohme II' 2-max Seat #2 is the button
Seat 1: nrJitsu ($262.18 in chips)
Seat 2: liza3008 ($51.58 in chips)
liza3008: posts small blind $1
nrJitsu: posts big blind $3
*** HOLE CARDS ***
liza3008: raises $3 to $6
nrJitsu: calls $3
*** FLOP *** [Js 4s 2c]
nrJitsu: checks
liza3008: bets $3
nrJitsu: calls $3
*** TURN *** [Js 4s 2c] [2s]
nrJitsu: checks
liza3008: bets $6
nrJitsu: calls $6
*** RIVER *** [Js 4s 2c 2s] [Kc]
nrJitsu: bets $6
liza3008: calls $6
*** SHOW DOWN ***
nrJitsu: shows [8s Kh] (two pair, Kings and Deuces)
liza3008: mucks hand
nrJitsu collected $41.50 from pot
*** SUMMARY ***
Total pot $42 | Rake $0.50
Board [Js 4s 2c 2s Kc]
Seat 1: nrJitsu (big blind) showed [8s Kh] and won ($41.50) with two pair, Kings and Deuces
Seat 2: liza3008 (button) (small blind) mucked


PokerStars Hand #145836106854:  Hold'em Limit ($3/$6 USD) - 2015/12/24 4:56:30 ET
Table 'Siebohme II' 2-max Seat #1 is the button
Seat 1: nrJitsu ($306.76 in chips)
Seat 2: Zabmenas ($78.44 in chips)
nrJitsu: posts small blind $1
Zabmenas: posts big blind $3
*** HOLE CARDS ***
nrJitsu: raises $3 to $6
Zabmenas: calls $3
*** FLOP *** [8c Jh 2c]
Zabmenas: checks
nrJitsu: bets $3
Zabmenas: folds
Uncalled bet ($3) returned to nrJitsu
nrJitsu collected $11.76 from pot
nrJitsu: doesn't show hand
*** SUMMARY ***
Total pot $12 | Rake $0.24
Board [8c Jh 2c]
Seat 1: nrJitsu (button) (small blind) collected ($11.76)
Seat 2: Zabmenas (big blind) folded on the Flop


PokerStars Hand #145836116722:  Hold'em Limit ($3/$6 USD) - 2015/12/24 4:56:56 ET
Table 'Siebohme II' 2-max Seat #1 is the button
Seat 1: nrJitsu ($309.52 in chips)
Seat 2: Zabmenas ($75.44 in chips)
nrJitsu: posts small blind $1
Zabmenas: posts big blind $3
*** HOLE CARDS ***
nrJitsu: raises $3 to $6
Zabmenas: folds
Uncalled bet ($3) returned to nrJitsu
nrJitsu collected $6 from pot
nrJitsu: doesn't show hand
*** SUMMARY ***
Total pot $6 | Rake $0
Seat 1: nrJitsu (button) (small blind) collected ($6)
Seat 2: Zabmenas (big blind) folded before Flop


PokerStars Hand #145836111879:  Hold'em Limit ($3/$6 USD) - 2015/12/24 4:56:43 ET
Table 'Siebohme II' 2-max Seat #2 is the button
Seat 1: nrJitsu ($312.52 in chips)
Seat 2: Zabmenas ($72.44 in chips)
Zabmenas: posts small blind $1
nrJitsu: posts big blind $3
*** HOLE CARDS ***
Zabmenas: raises $3 to $6
nrJitsu: folds
Uncalled bet ($3) returned to Zabmenas
Zabmenas collected $6 from pot
Zabmenas: doesn't show hand
*** SUMMARY ***
Total pot $6 | Rake $0
Seat 1: nrJitsu (big blind) folded before Flop
Seat 2: Zabmenas (button) (small blind) collected ($6)


PokerStars Hand #145836118577:  Hold'em Limit ($3/$6 USD) - 2015/12/24 4:57:01 ET
Table 'Siebohme II' 2-max Seat #2 is the button
Seat 1: nrJitsu ($312.52 in chips)
Seat 2: Zabmenas ($72.44 in chips)
Zabmenas: posts small blind $1
nrJitsu: posts big blind $3
*** HOLE CARDS ***
Zabmenas: raises $3 to $6
nrJitsu: raises $3 to $9
Zabmenas: calls $3
*** FLOP *** [Ac 3d Kc]
nrJitsu: bets $3
Zabmenas: calls $3
*** TURN *** [Ac 3d Kc] [As]
nrJitsu: bets $6
Zabmenas: raises $6 to $12
nrJitsu: calls $6
*** RIVER *** [Ac 3d Kc As] [Ts]
nrJitsu: checks
Zabmenas: bets $6
nrJitsu: calls $6
*** SHOW DOWN ***
Zabmenas: shows [Th Ah] (a full house, Aces full of Tens)
nrJitsu: mucks hand
Zabmenas collected $59.50 from pot
*** SUMMARY ***
Total pot $60 | Rake $0.50
Board [Ac 3d Kc As Ts]
Seat 1: nrJitsu (big blind) mucked
Seat 2: Zabmenas (button) (small blind) showed [Th Ah] and won ($59.50) with a full house, Aces full of Tens


PokerStars Hand #145836137875:  Hold'em Limit ($3/$6 USD) - 2015/12/24 4:57:51 ET
Table 'Siebohme II' 2-max Seat #1 is the button
Seat 1: nrJitsu ($282.52 in chips)
Seat 2: Zabmenas ($101.94 in chips)
nrJitsu: posts small blind $1
Zabmenas: posts big blind $3
*** HOLE CARDS ***
nrJitsu: raises $3 to $6
Zabmenas: calls $3
*** FLOP *** [4s Qc 7d]
Zabmenas: checks
nrJitsu: bets $3
Zabmenas: calls $3
*** TURN *** [4s Qc 7d] [3d]
Zabmenas: checks
nrJitsu: bets $6
Zabmenas: calls $6
*** RIVER *** [4s Qc 7d 3d] [Ah]
Zabmenas: checks
nrJitsu: checks
*** SHOW DOWN ***
Zabmenas: shows [3c 8c] (a pair of Threes)
nrJitsu: shows [7c Td] (a pair of Sevens)
nrJitsu collected $29.50 from pot
*** SUMMARY ***
Total pot $30 | Rake $0.50
Board [4s Qc 7d 3d Ah]
Seat 1: nrJitsu (button) (small blind) showed [7c Td] and won ($29.50) with a pair of Sevens
Seat 2: Zabmenas (big blind) showed [3c 8c] and lost with a pair of Threes


PokerStars Hand #145836146317:  Hold'em Limit ($3/$6 USD) - 2015/12/24 4:58:12 ET
Table 'Siebohme II' 2-max Seat #2 is the button
Seat 1: nrJitsu ($297.02 in chips)
Seat 2: Zabmenas ($86.94 in chips)
Zabmenas: posts small blind $1
nrJitsu: posts big blind $3
*** HOLE CARDS ***
Zabmenas: raises $3 to $6
nrJitsu: calls $3
*** FLOP *** [5c 5h 7s]
nrJitsu: checks
Zabmenas: bets $3
nrJitsu: calls $3
*** TURN *** [5c 5h 7s] [Ah]
nrJitsu: checks
Zabmenas: bets $6
nrJitsu: folds
Uncalled bet ($6) returned to Zabmenas
Zabmenas collected $17.64 from pot
Zabmenas: doesn't show hand
*** SUMMARY ***
Total pot $18 | Rake $0.36
Board [5c 5h 7s Ah]
Seat 1: nrJitsu (big blind) folded on the Turn
Seat 2: Zabmenas (button) (small blind) collected ($17.64)


PokerStars Hand #145836156353:  Hold'em Limit ($3/$6 USD) - 2015/12/24 4:58:38 ET
Table 'Siebohme II' 2-max Seat #1 is the button
Seat 1: nrJitsu ($288.02 in chips)
Seat 2: Zabmenas ($95.58 in chips)
nrJitsu: posts small blind $1
Zabmenas: posts big blind $3
*** HOLE CARDS ***
nrJitsu: raises $3 to $6
Zabmenas: folds
Uncalled bet ($3) returned to nrJitsu
nrJitsu collected $6 from pot
nrJitsu: doesn't show hand
*** SUMMARY ***
Total pot $6 | Rake $0
Seat 1: nrJitsu (button) (small blind) collected ($6)
Seat 2: Zabmenas (big blind) folded before Flop


PokerStars Hand #145836160422:  Hold'em Limit ($3/$6 USD) - 2015/12/24 4:58:49 ET
Table 'Siebohme II' 2-max Seat #2 is the button
Seat 1: nrJitsu ($291.02 in chips)
Seat 2: Zabmenas ($92.58 in chips)
Zabmenas: posts small blind $1
nrJitsu: posts big blind $3
*** HOLE CARDS ***
Zabmenas: raises $3 to $6
nrJitsu: raises $3 to $9
Zabmenas: calls $3
*** FLOP *** [6s 8c 8h]
nrJitsu: bets $3
Zabmenas: calls $3
*** TURN *** [6s 8c 8h] [6h]
nrJitsu: bets $6
Zabmenas: raises $6 to $12
nrJitsu: calls $6
*** RIVER *** [6s 8c 8h 6h] [7c]
nrJitsu: checks
Zabmenas: bets $6
nrJitsu: calls $6
*** SHOW DOWN ***
Zabmenas: shows [6d Js] (a full house, Sixes full of Eights)
nrJitsu: mucks hand
Zabmenas collected $59.50 from pot
*** SUMMARY ***
Total pot $60 | Rake $0.50
Board [6s 8c 8h 6h 7c]
Seat 1: nrJitsu (big blind) mucked
Seat 2: Zabmenas (button) (small blind) showed [6d Js] and won ($59.50) with a full house, Sixes full of Eights


PokerStars Hand #145836178022:  Hold'em Limit ($3/$6 USD) - 2015/12/24 4:59:34 ET
Table 'Siebohme II' 2-max Seat #1 is the button
Seat 1: nrJitsu ($261.02 in chips)
Seat 2: Zabmenas ($122.08 in chips)
nrJitsu: posts small blind $1
Zabmenas: posts big blind $3
*** HOLE CARDS ***
nrJitsu: raises $3 to $6
Zabmenas: folds
Uncalled bet ($3) returned to nrJitsu
nrJitsu collected $6 from pot
nrJitsu: doesn't show hand
*** SUMMARY ***
Total pot $6 | Rake $0
Seat 1: nrJitsu (button) (small blind) collected ($6)
Seat 2: Zabmenas (big blind) folded before Flop


PokerStars Hand #145836176269:  Hold'em Limit ($3/$6 USD) - 2015/12/24 4:59:30 ET
Table 'Siebohme II' 2-max Seat #2 is the button
Seat 1: nrJitsu ($260.02 in chips)
Seat 2: Zabmenas ($123.08 in chips)
Zabmenas: posts small blind $1
nrJitsu: posts big blind $3
*** HOLE CARDS ***
Zabmenas: folds
Uncalled bet ($2) returned to nrJitsu
nrJitsu collected $2 from pot
nrJitsu: doesn't show hand
*** SUMMARY ***
Total pot $2 | Rake $0
Seat 1: nrJitsu (big blind) collected ($2)
Seat 2: Zabmenas (button) (small blind) folded before Flop


PokerStars Hand #145836180006:  Hold'em Limit ($3/$6 USD) - 2015/12/24 4:59:40 ET
Table 'Siebohme II' 2-max Seat #2 is the button
Seat 1: nrJitsu ($264.02 in chips)
Seat 2: Zabmenas ($119.08 in chips)
Zabmenas: posts small blind $1
nrJitsu: posts big blind $3
*** HOLE CARDS ***
Zabmenas: raises $3 to $6
nrJitsu: calls $3
*** FLOP *** [6s 9h Jh]
nrJitsu: checks
Zabmenas: bets $3
nrJitsu: calls $3
*** TURN *** [6s 9h Jh] [6c]
nrJitsu: checks
Zabmenas: bets $6
nrJitsu: folds
Uncalled bet ($6) returned to Zabmenas
Zabmenas collected $17.64 from pot
Zabmenas: doesn't show hand
*** SUMMARY ***
Total pot $18 | Rake $0.36
Board [6s 9h Jh 6c]
Seat 1: nrJitsu (big blind) folded on the Turn
Seat 2: Zabmenas (button) (small blind) collected ($17.64)


PokerStars Hand #145836193259:  Hold'em Limit ($3/$6 USD) - 2015/12/24 5:00:12 ET
Table 'Siebohme II' 2-max Seat #1 is the button
Seat 1: nrJitsu ($255.02 in chips)
Seat 2: Zabmenas ($127.72 in chips)
nrJitsu: posts small blind $1
Zabmenas: posts big blind $3
*** HOLE CARDS ***
nrJitsu: folds
Uncalled bet ($2) returned to Zabmenas
Zabmenas collected $2 from pot
Zabmenas: doesn't show hand
*** SUMMARY ***
Total pot $2 | Rake $0
Seat 1: nrJitsu (button) (small blind) folded before Flop
Seat 2: Zabmenas (big blind) collected ($2)


PokerStars Hand #145836195318:  Hold'em Limit ($3/$6 USD) - 2015/12/24 5:00:17 ET
Table 'Siebohme II' 2-max Seat #2 is the button
Seat 1: nrJitsu ($254.02 in chips)
Seat 2: Zabmenas ($128.72 in chips)
Zabmenas: posts small blind $1
nrJitsu: posts big blind $3
*** HOLE CARDS ***
Zabmenas: raises $3 to $6
nrJitsu: raises $3 to $9
Zabmenas: calls $3
*** FLOP *** [5c Ah Ac]
nrJitsu: bets $3
Zabmenas: folds
Uncalled bet ($3) returned to nrJitsu
nrJitsu collected $17.64 from pot
nrJitsu: doesn't show hand
*** SUMMARY ***
Total pot $18 | Rake $0.36
Board [5c Ah Ac]
Seat 1: nrJitsu (big blind) collected ($17.64)
Seat 2: Zabmenas (button) (small blind) folded on the Flop


PokerStars Hand #145836211545:  Hold'em Limit ($3/$6 USD) - 2015/12/24 5:00:57 ET
Table 'Siebohme II' 2-max Seat #2 is the button
Seat 1: nrJitsu ($241.66 in chips)
Seat 2: Zabmenas ($140.22 in chips)
Zabmenas: posts small blind $1
nrJitsu: posts big blind $3
*** HOLE CARDS ***
Zabmenas: folds
Uncalled bet ($2) returned to nrJitsu
nrJitsu collected $2 from pot
nrJitsu: doesn't show hand
*** SUMMARY ***
Total pot $2 | Rake $0
Seat 1: nrJitsu (big blind) collected ($2)
Seat 2: Zabmenas (button) (small blind) folded before Flop


PokerStars Hand #145836200677:  Hold'em Limit ($3/$6 USD) - 2015/12/24 5:00:30 ET
Table 'Siebohme II' 2-max Seat #1 is the button
Seat 1: nrJitsu ($262.66 in chips)
Seat 2: Zabmenas ($119.72 in chips)
nrJitsu: posts small blind $1
Zabmenas: posts big blind $3
*** HOLE CARDS ***
nrJitsu: raises $3 to $6
Zabmenas: calls $3
*** FLOP *** [8d 7h 4c]
Zabmenas: checks
nrJitsu: bets $3
Zabmenas: calls $3
*** TURN *** [8d 7h 4c] [Th]
Zabmenas: checks
nrJitsu: bets $6
Zabmenas: raises $6 to $12
nrJitsu: calls $6
*** RIVER *** [8d 7h 4c Th] [Td]
Zabmenas: bets $6
nrJitsu: folds
Uncalled bet ($6) returned to Zabmenas
Zabmenas collected $41.50 from pot
Zabmenas: doesn't show hand
*** SUMMARY ***
Total pot $42 | Rake $0.50
Board [8d 7h 4c Th Td]
Seat 1: nrJitsu (button) (small blind) folded on the River
Seat 2: Zabmenas (big blind) collected ($41.50)


PokerStars Hand #145836213459:  Hold'em Limit ($3/$6 USD) - 2015/12/24 5:01:01 ET
Table 'Siebohme II' 2-max Seat #1 is the button
Seat 1: nrJitsu ($242.66 in chips)
Seat 2: Zabmenas ($139.22 in chips)
nrJitsu: posts small blind $1
Zabmenas: posts big blind $3
*** HOLE CARDS ***
nrJitsu: folds
Uncalled bet ($2) returned to Zabmenas
Zabmenas collected $2 from pot
Zabmenas: doesn't show hand
*** SUMMARY ***
Total pot $2 | Rake $0
Seat 1: nrJitsu (button) (small blind) folded before Flop
Seat 2: Zabmenas (big blind) collected ($2)


PokerStars Hand #145836215176:  Hold'em Limit ($3/$6 USD) - 2015/12/24 5:01:05 ET
Table 'Siebohme II' 2-max Seat #2 is the button
Seat 1: nrJitsu ($241.66 in chips)
Seat 2: Zabmenas ($140.22 in chips)
Zabmenas: posts small blind $1
nrJitsu: posts big blind $3
*** HOLE CARDS ***
Zabmenas: raises $3 to $6
nrJitsu: calls $3
*** FLOP *** [Js 8s Jc]
nrJitsu: checks
Zabmenas: checks
*** TURN *** [Js 8s Jc] [7d]
nrJitsu: bets $6
Zabmenas: calls $6
*** RIVER *** [Js 8s Jc 7d] [5s]
nrJitsu: checks
Zabmenas: checks
*** SHOW DOWN ***
nrJitsu: shows [Kh 9d] (a pair of Jacks)
Zabmenas: mucks hand
nrJitsu collected $23.52 from pot
*** SUMMARY ***
Total pot $24 | Rake $0.48
Board [Js 8s Jc 7d 5s]
Seat 1: nrJitsu (big blind) showed [Kh 9d] and won ($23.52) with a pair of Jacks
Seat 2: Zabmenas (button) (small blind) mucked


PokerStars Hand #145836241333:  Hold'em Limit ($3/$6 USD) - 2015/12/24 5:02:06 ET
Table 'Siebohme II' 2-max Seat #2 is the button
Seat 1: nrJitsu ($229.18 in chips)
Seat 2: Zabmenas ($151.72 in chips)
Zabmenas: posts small blind $1
nrJitsu: posts big blind $3
*** HOLE CARDS ***
Zabmenas: raises $3 to $6
nrJitsu: folds
Uncalled bet ($3) returned to Zabmenas
Zabmenas collected $6 from pot
Zabmenas: doesn't show hand
*** SUMMARY ***
Total pot $6 | Rake $0
Seat 1: nrJitsu (big blind) folded before Flop
Seat 2: Zabmenas (button) (small blind) collected ($6)


PokerStars Hand #145836223468:  Hold'em Limit ($3/$6 USD) - 2015/12/24 5:01:25 ET
Table 'Siebohme II' 2-max Seat #1 is the button
Seat 1: nrJitsu ($253.18 in chips)
Seat 2: Zabmenas ($128.22 in chips)
nrJitsu: posts small blind $1
Zabmenas: posts big blind $3
*** HOLE CARDS ***
nrJitsu: raises $3 to $6
Zabmenas: raises $3 to $9
nrJitsu: calls $3
*** FLOP *** [Ad Kc 3h]
Zabmenas: bets $3
nrJitsu: calls $3
*** TURN *** [Ad Kc 3h] [2c]
Zabmenas: bets $6
nrJitsu: raises $6 to $12
Zabmenas: calls $6
*** RIVER *** [Ad Kc 3h 2c] [8h]
Zabmenas: checks
nrJitsu: checks
*** SHOW DOWN ***
Zabmenas: shows [4s 8s] (a pair of Eights)
nrJitsu: mucks hand
Zabmenas collected $47.50 from pot
*** SUMMARY ***
Total pot $48 | Rake $0.50
Board [Ad Kc 3h 2c 8h]
Seat 1: nrJitsu (button) (small blind) mucked
Seat 2: Zabmenas (big blind) showed [4s 8s] and won ($47.50) with a pair of Eights


PokerStars Hand #145836244011:  Hold'em Limit ($3/$6 USD) - 2015/12/24 5:02:12 ET
Table 'Siebohme II' 2-max Seat #1 is the button
Seat 1: nrJitsu ($226.18 in chips)
Seat 2: Zabmenas ($154.72 in chips)
nrJitsu: posts small blind $1
Zabmenas: posts big blind $3
*** HOLE CARDS ***
nrJitsu: raises $3 to $6
Zabmenas: calls $3
*** FLOP *** [9d Qc 4d]
Zabmenas: checks
nrJitsu: bets $3
Zabmenas: calls $3
*** TURN *** [9d Qc 4d] [5c]
Zabmenas: checks
nrJitsu: checks
*** RIVER *** [9d Qc 4d 5c] [4h]
Zabmenas: bets $6
nrJitsu: folds
Uncalled bet ($6) returned to Zabmenas
Zabmenas collected $17.64 from pot
Zabmenas: doesn't show hand
*** SUMMARY ***
Total pot $18 | Rake $0.36
Board [9d Qc 4d 5c 4h]
Seat 1: nrJitsu (button) (small blind) folded on the River
Seat 2: Zabmenas (big blind) collected ($17.64)


PokerStars Hand #145836258555:  Hold'em Limit ($3/$6 USD) - 2015/12/24 5:02:45 ET
Table 'Siebohme II' 2-max Seat #1 is the button
Seat 1: nrJitsu ($214.18 in chips)
Seat 2: Zabmenas ($166.36 in chips)
nrJitsu: posts small blind $1
Zabmenas: posts big blind $3
*** HOLE CARDS ***
nrJitsu: raises $3 to $6
Zabmenas: folds
Uncalled bet ($3) returned to nrJitsu
nrJitsu collected $6 from pot
nrJitsu: doesn't show hand
*** SUMMARY ***
Total pot $6 | Rake $0
Seat 1: nrJitsu (button) (small blind) collected ($6)
Seat 2: Zabmenas (big blind) folded before Flop


PokerStars Hand #145836255916:  Hold'em Limit ($3/$6 USD) - 2015/12/24 5:02:39 ET
Table 'Siebohme II' 2-max Seat #2 is the button
Seat 1: nrJitsu ($217.18 in chips)
Seat 2: Zabmenas ($163.36 in chips)
Zabmenas: posts small blind $1
nrJitsu: posts big blind $3
*** HOLE CARDS ***
Zabmenas: raises $3 to $6
nrJitsu: folds
Uncalled bet ($3) returned to Zabmenas
Zabmenas collected $6 from pot
Zabmenas: doesn't show hand
*** SUMMARY ***
Total pot $6 | Rake $0
Seat 1: nrJitsu (big blind) folded before Flop
Seat 2: Zabmenas (button) (small blind) collected ($6)


PokerStars Hand #145836260906:  Hold'em Limit ($3/$6 USD) - 2015/12/24 5:02:50 ET
Table 'Siebohme II' 2-max Seat #2 is the button
Seat 1: nrJitsu ($217.18 in chips)
Seat 2: Zabmenas ($163.36 in chips)
Zabmenas: posts small blind $1
nrJitsu: posts big blind $3
*** HOLE CARDS ***
Zabmenas: raises $3 to $6
nrJitsu: calls $3
*** FLOP *** [2c 9h Kh]
nrJitsu: checks
Zabmenas: checks
*** TURN *** [2c 9h Kh] [Td]
nrJitsu: checks
Zabmenas: checks
*** RIVER *** [2c 9h Kh Td] [2d]
nrJitsu: bets $6
Zabmenas: folds
Uncalled bet ($6) returned to nrJitsu
nrJitsu collected $11.76 from pot
nrJitsu: doesn't show hand
*** SUMMARY ***
Total pot $12 | Rake $0.24
Board [2c 9h Kh Td 2d]
Seat 1: nrJitsu (big blind) collected ($11.76)
Seat 2: Zabmenas (button) (small blind) folded on the River


PokerStars Hand #145836270822:  Hold'em Limit ($3/$6 USD) - 2015/12/24 5:03:12 ET
Table 'Siebohme II' 2-max Seat #1 is the button
Seat 1: nrJitsu ($222.94 in chips)
Seat 2: Zabmenas ($157.36 in chips)
nrJitsu: posts small blind $1
Zabmenas: posts big blind $3
*** HOLE CARDS ***
nrJitsu: raises $3 to $6
Zabmenas: raises $3 to $9
nrJitsu: calls $3
*** FLOP *** [9c Tc 4c]
Zabmenas: bets $3
nrJitsu: calls $3
*** TURN *** [9c Tc 4c] [Kh]
Zabmenas: bets $6
nrJitsu: calls $6
*** RIVER *** [9c Tc 4c Kh] [2h]
Zabmenas: bets $6
nrJitsu: folds
Uncalled bet ($6) returned to Zabmenas
Zabmenas collected $35.50 from pot
Zabmenas: doesn't show hand
*** SUMMARY ***
Total pot $36 | Rake $0.50
Board [9c Tc 4c Kh 2h]
Seat 1: nrJitsu (button) (small blind) folded on the River
Seat 2: Zabmenas (big blind) collected ($35.50)


PokerStars Hand #145836278769:  Hold'em Limit ($3/$6 USD) - 2015/12/24 5:03:30 ET
Table 'Siebohme II' 2-max Seat #2 is the button
Seat 1: nrJitsu ($204.94 in chips)
Seat 2: Zabmenas ($174.86 in chips)
Zabmenas: posts small blind $1
nrJitsu: posts big blind $3
*** HOLE CARDS ***
Zabmenas: raises $3 to $6
nrJitsu: folds
Uncalled bet ($3) returned to Zabmenas
Zabmenas collected $6 from pot
Zabmenas: doesn't show hand
*** SUMMARY ***
Total pot $6 | Rake $0
Seat 1: nrJitsu (big blind) folded before Flop
Seat 2: Zabmenas (button) (small blind) collected ($6)


PokerStars Hand #145836281627:  Hold'em Limit ($3/$6 USD) - 2015/12/24 5:03:36 ET
Table 'Siebohme II' 2-max Seat #1 is the button
Seat 1: nrJitsu ($201.94 in chips)
Seat 2: Zabmenas ($177.86 in chips)
nrJitsu: posts small blind $1
Zabmenas: posts big blind $3
*** HOLE CARDS ***
nrJitsu: raises $3 to $6
Zabmenas: calls $3
*** FLOP *** [Jd 5s Kd]
Zabmenas: checks
nrJitsu: bets $3
Zabmenas: calls $3
*** TURN *** [Jd 5s Kd] [5d]
Zabmenas: checks
nrJitsu: bets $6
Zabmenas: raises $6 to $12
nrJitsu: raises $6 to $18
Zabmenas: calls $6
*** RIVER *** [Jd 5s Kd 5d] [6h]
Zabmenas: checks
nrJitsu: bets $6
Zabmenas: calls $6
*** SHOW DOWN ***
nrJitsu: shows [Jh Jc] (a full house, Jacks full of Fives)
Zabmenas: mucks hand
nrJitsu collected $65.50 from pot
*** SUMMARY ***
Total pot $66 | Rake $0.50
Board [Jd 5s Kd 5d 6h]
Seat 1: nrJitsu (button) (small blind) showed [Jh Jc] and won ($65.50) with a full house, Jacks full of Fives
Seat 2: Zabmenas (big blind) mucked


PokerStars Hand #145836300222:  Hold'em Limit ($3/$6 USD) - 2015/12/24 5:04:16 ET
Table 'Siebohme II' 2-max Seat #1 is the button
Seat 1: nrJitsu ($225.44 in chips)
Seat 2: Zabmenas ($153.50 in chips)
nrJitsu: posts small blind $1
Zabmenas: posts big blind $3
*** HOLE CARDS ***
nrJitsu: folds
Uncalled bet ($2) returned to Zabmenas
Zabmenas collected $2 from pot
Zabmenas: doesn't show hand
*** SUMMARY ***
Total pot $2 | Rake $0
Seat 1: nrJitsu (button) (small blind) folded before Flop
Seat 2: Zabmenas (big blind) collected ($2)


PokerStars Hand #145836291554:  Hold'em Limit ($3/$6 USD) - 2015/12/24 5:03:58 ET
Table 'Siebohme II' 2-max Seat #2 is the button
Seat 1: nrJitsu ($234.44 in chips)
Seat 2: Zabmenas ($144.86 in chips)
Zabmenas: posts small blind $1
nrJitsu: posts big blind $3
*** HOLE CARDS ***
Zabmenas: raises $3 to $6
nrJitsu: calls $3
*** FLOP *** [7h 5c 2c]
nrJitsu: checks
Zabmenas: bets $3
nrJitsu: calls $3
*** TURN *** [7h 5c 2c] [Ks]
nrJitsu: checks
Zabmenas: checks
*** RIVER *** [7h 5c 2c Ks] [4d]
nrJitsu: checks
Zabmenas: checks
*** SHOW DOWN ***
nrJitsu: shows [Qc 6s] (high card King)
Zabmenas: shows [Th As] (high card Ace)
Zabmenas collected $17.64 from pot
*** SUMMARY ***
Total pot $18 | Rake $0.36
Board [7h 5c 2c Ks 4d]
Seat 1: nrJitsu (big blind) showed [Qc 6s] and lost with high card King
Seat 2: Zabmenas (button) (small blind) showed [Th As] and won ($17.64) with high card Ace


PokerStars Hand #145836321326:  Hold'em Limit ($3/$6 USD) - 2015/12/24 5:05:03 ET
Table 'Siebohme II' 2-max Seat #1 is the button
Seat 1: nrJitsu ($192.44 in chips)
Seat 2: Zabmenas ($185.64 in chips)
nrJitsu: posts small blind $1
Zabmenas: posts big blind $3
*** HOLE CARDS ***
nrJitsu: raises $3 to $6
Zabmenas: calls $3
*** FLOP *** [8s 5h 5s]
Zabmenas: checks
nrJitsu: bets $3
Zabmenas: calls $3
*** TURN *** [8s 5h 5s] [4s]
Zabmenas: checks
nrJitsu: bets $6
Zabmenas: raises $6 to $12
nrJitsu: calls $6
*** RIVER *** [8s 5h 5s 4s] [2d]
Zabmenas: bets $6
nrJitsu: calls $6
*** SHOW DOWN ***
Zabmenas: shows [8h 6h] (two pair, Eights and Fives)
nrJitsu: shows [Jc 8d] (two pair, Eights and Fives - Jack kicker)
nrJitsu collected $53.50 from pot
*** SUMMARY ***
Total pot $54 | Rake $0.50
Board [8s 5h 5s 4s 2d]
Seat 1: nrJitsu (button) (small blind) showed [Jc 8d] and won ($53.50) with two pair, Eights and Fives
Seat 2: Zabmenas (big blind) showed [8h 6h] and lost with two pair, Eights and Fives


PokerStars Hand #145836302117:  Hold'em Limit ($3/$6 USD) - 2015/12/24 5:04:21 ET
Table 'Siebohme II' 2-max Seat #2 is the button
Seat 1: nrJitsu ($224.44 in chips)
Seat 2: Zabmenas ($154.50 in chips)
Zabmenas: posts small blind $1
nrJitsu: posts big blind $3
*** HOLE CARDS ***
Zabmenas: raises $3 to $6
nrJitsu: raises $3 to $9
Zabmenas: calls $3
*** FLOP *** [Kh 9h 6h]
nrJitsu: bets $3
Zabmenas: calls $3
*** TURN *** [Kh 9h 6h] [7d]
nrJitsu: bets $6
Zabmenas: raises $6 to $12
nrJitsu: calls $6
*** RIVER *** [Kh 9h 6h 7d] [3s]
nrJitsu: checks
Zabmenas: bets $6
nrJitsu: folds
Uncalled bet ($6) returned to Zabmenas
Zabmenas collected $47.50 from pot
Zabmenas: doesn't show hand
*** SUMMARY ***
Total pot $48 | Rake $0.50
Board [Kh 9h 6h 7d 3s]
Seat 1: nrJitsu (big blind) folded on the River
Seat 2: Zabmenas (button) (small blind) collected ($47.50)


PokerStars Hand #145836319151:  Hold'em Limit ($3/$6 USD) - 2015/12/24 5:04:58 ET
Table 'Siebohme II' 2-max Seat #2 is the button
Seat 1: nrJitsu ($191.44 in chips)
Seat 2: Zabmenas ($186.64 in chips)
Zabmenas: posts small blind $1
nrJitsu: posts big blind $3
*** HOLE CARDS ***
Zabmenas: folds
Uncalled bet ($2) returned to nrJitsu
nrJitsu collected $2 from pot
nrJitsu: doesn't show hand
*** SUMMARY ***
Total pot $2 | Rake $0
Seat 1: nrJitsu (big blind) collected ($2)
Seat 2: Zabmenas (button) (small blind) folded before Flop


PokerStars Hand #145836311551:  Hold'em Limit ($3/$6 USD) - 2015/12/24 5:04:41 ET
Table 'Siebohme II' 2-max Seat #1 is the button
Seat 1: nrJitsu ($200.44 in chips)
Seat 2: Zabmenas ($178 in chips)
nrJitsu: posts small blind $1
Zabmenas: posts big blind $3
*** HOLE CARDS ***
nrJitsu: raises $3 to $6
Zabmenas: raises $3 to $9
nrJitsu: calls $3
*** FLOP *** [Qc Tc 7d]
Zabmenas: bets $3
nrJitsu: folds
Uncalled bet ($3) returned to Zabmenas
Zabmenas collected $17.64 from pot
Zabmenas: doesn't show hand
*** SUMMARY ***
Total pot $18 | Rake $0.36
Board [Qc Tc 7d]
Seat 1: nrJitsu (button) (small blind) folded on the Flop
Seat 2: Zabmenas (big blind) collected ($17.64)


PokerStars Hand #145836335323:  Hold'em Limit ($3/$6 USD) - 2015/12/24 5:05:33 ET
Table 'Siebohme II' 2-max Seat #2 is the button
Seat 1: nrJitsu ($218.94 in chips)
Seat 2: Zabmenas ($158.64 in chips)
Zabmenas: posts small blind $1
nrJitsu: posts big blind $3
*** HOLE CARDS ***
Zabmenas: raises $3 to $6
nrJitsu: calls $3
*** FLOP *** [Jc 4s Th]
nrJitsu: checks
Zabmenas: checks
*** TURN *** [Jc 4s Th] [6s]
nrJitsu: checks
Zabmenas: bets $6
nrJitsu: folds
Uncalled bet ($6) returned to Zabmenas
Zabmenas collected $11.76 from pot
Zabmenas: doesn't show hand
*** SUMMARY ***
Total pot $12 | Rake $0.24
Board [Jc 4s Th 6s]
Seat 1: nrJitsu (big blind) folded on the Turn
Seat 2: Zabmenas (button) (small blind) collected ($11.76)


PokerStars Hand #145836343228:  Hold'em Limit ($3/$6 USD) - 2015/12/24 5:05:51 ET
Table 'Siebohme II' 2-max Seat #1 is the button
Seat 1: nrJitsu ($212.94 in chips)
Seat 2: Zabmenas ($164.40 in chips)
nrJitsu: posts small blind $1
Zabmenas: posts big blind $3
*** HOLE CARDS ***
nrJitsu: folds
Uncalled bet ($2) returned to Zabmenas
Zabmenas collected $2 from pot
Zabmenas: doesn't show hand
*** SUMMARY ***
Total pot $2 | Rake $0
Seat 1: nrJitsu (button) (small blind) folded before Flop
Seat 2: Zabmenas (big blind) collected ($2)


PokerStars Hand #145836346432:  Hold'em Limit ($3/$6 USD) - 2015/12/24 5:05:58 ET
Table 'Siebohme II' 2-max Seat #2 is the button
Seat 1: nrJitsu ($211.94 in chips)
Seat 2: Zabmenas ($165.40 in chips)
Zabmenas: posts small blind $1
nrJitsu: posts big blind $3
*** HOLE CARDS ***
Zabmenas: raises $3 to $6
nrJitsu: calls $3
*** FLOP *** [8d 5d 7h]
nrJitsu: checks
Zabmenas: bets $3
nrJitsu: raises $3 to $6
Zabmenas: calls $3
*** TURN *** [8d 5d 7h] [5h]
nrJitsu: bets $6
Zabmenas: calls $6
*** RIVER *** [8d 5d 7h 5h] [Qh]
nrJitsu: bets $6
Zabmenas: folds
Uncalled bet ($6) returned to nrJitsu
nrJitsu collected $35.50 from pot
nrJitsu: doesn't show hand
*** SUMMARY ***
Total pot $36 | Rake $0.50
Board [8d 5d 7h 5h Qh]
Seat 1: nrJitsu (big blind) collected ($35.50)
Seat 2: Zabmenas (button) (small blind) folded on the River


PokerStars Hand #145836362728:  Hold'em Limit ($3/$6 USD) - 2015/12/24 5:06:33 ET
Table 'Siebohme II' 2-max Seat #1 is the button
Seat 1: nrJitsu ($229.44 in chips)
Seat 2: Zabmenas ($147.40 in chips)
nrJitsu: posts small blind $1
Zabmenas: posts big blind $3
*** HOLE CARDS ***
nrJitsu: raises $3 to $6
Zabmenas: calls $3
*** FLOP *** [5s 2d 4h]
Zabmenas: checks
nrJitsu: checks
*** TURN *** [5s 2d 4h] [Ks]
Zabmenas: checks
nrJitsu: checks
*** RIVER *** [5s 2d 4h Ks] [Js]
Zabmenas: bets $6
nrJitsu: folds
Uncalled bet ($6) returned to Zabmenas
Zabmenas collected $11.76 from pot
Zabmenas: doesn't show hand
*** SUMMARY ***
Total pot $12 | Rake $0.24
Board [5s 2d 4h Ks Js]
Seat 1: nrJitsu (button) (small blind) folded on the River
Seat 2: Zabmenas (big blind) collected ($11.76)


PokerStars Hand #145836371606:  Hold'em Limit ($3/$6 USD) - 2015/12/24 5:06:53 ET
Table 'Siebohme II' 2-max Seat #2 is the button
Seat 1: nrJitsu ($223.44 in chips)
Seat 2: Zabmenas ($153.16 in chips)
Zabmenas: posts small blind $1
nrJitsu: posts big blind $3
*** HOLE CARDS ***
Zabmenas: raises $3 to $6
nrJitsu: calls $3
*** FLOP *** [4h 4d 5h]
nrJitsu: checks
Zabmenas: bets $3
nrJitsu: raises $3 to $6
Zabmenas: calls $3
*** TURN *** [4h 4d 5h] [3h]
nrJitsu: bets $6
Zabmenas: calls $6
*** RIVER *** [4h 4d 5h 3h] [2h]
nrJitsu: checks
Zabmenas: bets $6
nrJitsu: calls $6
*** SHOW DOWN ***
Zabmenas: shows [Qs 6s] (a straight, Deuce to Six)
nrJitsu: mucks hand
Zabmenas collected $47.50 from pot
*** SUMMARY ***
Total pot $48 | Rake $0.50
Board [4h 4d 5h 3h 2h]
Seat 1: nrJitsu (big blind) mucked
Seat 2: Zabmenas (button) (small blind) showed [Qs 6s] and won ($47.50) with a straight, Deuce to Six


PokerStars Hand #145836429652:  Hold'em Limit ($3/$6 USD) - 2015/12/24 5:09:00 ET
Table 'Siebohme II' 2-max Seat #1 is the button
Seat 1: nrJitsu ($232.44 in chips)
Seat 2: Zabmenas ($142.42 in chips)
nrJitsu: posts small blind $1
Zabmenas: posts big blind $3
*** HOLE CARDS ***
nrJitsu: raises $3 to $6
Zabmenas: raises $3 to $9
nrJitsu: calls $3
*** FLOP *** [Qc Jh 3s]
Zabmenas: bets $3
nrJitsu: calls $3
*** TURN *** [Qc Jh 3s] [8h]
Zabmenas: bets $6
nrJitsu: calls $6
*** RIVER *** [Qc Jh 3s 8h] [3d]
Zabmenas: bets $6
nrJitsu: calls $6
*** SHOW DOWN ***
Zabmenas: shows [Kd 8d] (two pair, Eights and Threes)
nrJitsu: shows [5d Jc] (two pair, Jacks and Threes)
nrJitsu collected $47.50 from pot
*** SUMMARY ***
Total pot $48 | Rake $0.50
Board [Qc Jh 3s 8h 3d]
Seat 1: nrJitsu (button) (small blind) showed [5d Jc] and won ($47.50) with two pair, Jacks and Threes
Seat 2: Zabmenas (big blind) showed [Kd 8d] and lost with two pair, Eights and Threes


PokerStars Hand #145836422547:  Hold'em Limit ($3/$6 USD) - 2015/12/24 5:08:44 ET
Table 'Siebohme II' 2-max Seat #2 is the button
Seat 1: nrJitsu ($238.44 in chips)
Seat 2: Zabmenas ($136.66 in chips)
Zabmenas: posts small blind $1
nrJitsu: posts big blind $3
*** HOLE CARDS ***
Zabmenas: raises $3 to $6
nrJitsu: calls $3
*** FLOP *** [3h 5d 3c]
nrJitsu: checks
Zabmenas: bets $3
nrJitsu: folds
Uncalled bet ($3) returned to Zabmenas
Zabmenas collected $11.76 from pot
Zabmenas: doesn't show hand
*** SUMMARY ***
Total pot $12 | Rake $0.24
Board [3h 5d 3c]
Seat 1: nrJitsu (big blind) folded on the Flop
Seat 2: Zabmenas (button) (small blind) collected ($11.76)


PokerStars Hand #145836407523:  Hold'em Limit ($3/$6 USD) - 2015/12/24 5:08:11 ET
Table 'Siebohme II' 2-max Seat #1 is the button
Seat 1: nrJitsu ($214.94 in chips)
Seat 2: Zabmenas ($160.66 in chips)
nrJitsu: posts small blind $1
Zabmenas: posts big blind $3
*** HOLE CARDS ***
nrJitsu: raises $3 to $6
Zabmenas: raises $3 to $9
nrJitsu: calls $3
*** FLOP *** [4c 5d 6s]
Zabmenas: bets $3
nrJitsu: calls $3
*** TURN *** [4c 5d 6s] [Ts]
Zabmenas: bets $6
nrJitsu: calls $6
*** RIVER *** [4c 5d 6s Ts] [9d]
Zabmenas: bets $6
nrJitsu: calls $6
*** SHOW DOWN ***
Zabmenas: shows [Ah 5s] (a pair of Fives)
nrJitsu: shows [9s 7s] (a pair of Nines)
nrJitsu collected $47.50 from pot
*** SUMMARY ***
Total pot $48 | Rake $0.50
Board [4c 5d 6s Ts 9d]
Seat 1: nrJitsu (button) (small blind) showed [9s 7s] and won ($47.50) with a pair of Nines
Seat 2: Zabmenas (big blind) showed [Ah 5s] and lost with a pair of Fives


PokerStars Hand #145836439502:  Hold'em Limit ($3/$6 USD) - 2015/12/24 5:09:22 ET
Table 'Siebohme II' 2-max Seat #2 is the button
Seat 1: nrJitsu ($255.94 in chips)
Seat 2: Zabmenas ($118.42 in chips)
Zabmenas: posts small blind $1
nrJitsu: posts big blind $3
*** HOLE CARDS ***
Zabmenas: raises $3 to $6
nrJitsu: folds
Uncalled bet ($3) returned to Zabmenas
Zabmenas collected $6 from pot
Zabmenas: doesn't show hand
*** SUMMARY ***
Total pot $6 | Rake $0
Seat 1: nrJitsu (big blind) folded before Flop
Seat 2: Zabmenas (button) (small blind) collected ($6)


PokerStars Hand #145836459171:  Hold'em Limit ($3/$6 USD) - 2015/12/24 5:10:05 ET
Table 'Siebohme II' 2-max Seat #1 is the button
Seat 1: nrJitsu ($264.44 in chips)
Seat 2: Zabmenas ($108.92 in chips)
nrJitsu: posts small blind $1
Zabmenas: posts big blind $3
*** HOLE CARDS ***
nrJitsu: raises $3 to $6
Zabmenas: raises $3 to $9
nrJitsu: calls $3
*** FLOP *** [Ks Qd 5c]
Zabmenas: bets $3
nrJitsu: folds
Uncalled bet ($3) returned to Zabmenas
Zabmenas collected $17.64 from pot
Zabmenas: doesn't show hand
*** SUMMARY ***
Total pot $18 | Rake $0.36
Board [Ks Qd 5c]
Seat 1: nrJitsu (button) (small blind) folded on the Flop
Seat 2: Zabmenas (big blind) collected ($17.64)


PokerStars Hand #145836452717:  Hold'em Limit ($3/$6 USD) - 2015/12/24 5:09:51 ET
Table 'Siebohme II' 2-max Seat #2 is the button
Seat 1: nrJitsu ($282.44 in chips)
Seat 2: Zabmenas ($91.42 in chips)
Zabmenas: posts small blind $1
nrJitsu: posts big blind $3
*** HOLE CARDS ***
Zabmenas: raises $3 to $6
nrJitsu: calls $3
*** FLOP *** [9h 7c 5s]
nrJitsu: checks
Zabmenas: bets $3
nrJitsu: raises $3 to $6
Zabmenas: calls $3
*** TURN *** [9h 7c 5s] [7s]
nrJitsu: bets $6
Zabmenas: calls $6
*** RIVER *** [9h 7c 5s 7s] [7h]
nrJitsu: checks
Zabmenas: checks
*** SHOW DOWN ***
nrJitsu: shows [Jh 8s] (three of a kind, Sevens)
Zabmenas: shows [Ah 6s] (three of a kind, Sevens - Ace kicker)
Zabmenas collected $35.50 from pot
*** SUMMARY ***
Total pot $36 | Rake $0.50
Board [9h 7c 5s 7s 7h]
Seat 1: nrJitsu (big blind) showed [Jh 8s] and lost with three of a kind, Sevens
Seat 2: Zabmenas (button) (small blind) showed [Ah 6s] and won ($35.50) with three of a kind, Sevens


PokerStars Hand #145836442191:  Hold'em Limit ($3/$6 USD) - 2015/12/24 5:09:28 ET
Table 'Siebohme II' 2-max Seat #1 is the button
Seat 1: nrJitsu ($252.94 in chips)
Seat 2: Zabmenas ($121.42 in chips)
nrJitsu: posts small blind $1
Zabmenas: posts big blind $3
*** HOLE CARDS ***
nrJitsu: raises $3 to $6
Zabmenas: raises $3 to $9
nrJitsu: calls $3
*** FLOP *** [Qh 4h 3h]
Zabmenas: bets $3
nrJitsu: calls $3
*** TURN *** [Qh 4h 3h] [3s]
Zabmenas: bets $6
nrJitsu: raises $6 to $12
Zabmenas: calls $6
*** RIVER *** [Qh 4h 3h 3s] [Ts]
Zabmenas: checks
nrJitsu: bets $6
Zabmenas: calls $6
*** SHOW DOWN ***
nrJitsu: shows [Kc Qs] (two pair, Queens and Threes)
Zabmenas: mucks hand
nrJitsu collected $59.50 from pot
*** SUMMARY ***
Total pot $60 | Rake $0.50
Board [Qh 4h 3h 3s Ts]
Seat 1: nrJitsu (button) (small blind) showed [Kc Qs] and won ($59.50) with two pair, Queens and Threes
Seat 2: Zabmenas (big blind) mucked


PokerStars Hand #145836491998:  Hold'em Limit ($3/$6 USD) - 2015/12/24 5:11:18 ET
Table 'Siebohme II' 2-max Seat #1 is the button
Seat 1: nrJitsu ($215.44 in chips)
Seat 2: Zabmenas ($156.56 in chips)
nrJitsu: posts small blind $1
Zabmenas: posts big blind $3
*** HOLE CARDS ***
nrJitsu: raises $3 to $6
Zabmenas: folds
Uncalled bet ($3) returned to nrJitsu
nrJitsu collected $6 from pot
nrJitsu: doesn't show hand
*** SUMMARY ***
Total pot $6 | Rake $0
Seat 1: nrJitsu (button) (small blind) collected ($6)
Seat 2: Zabmenas (big blind) folded before Flop


PokerStars Hand #145836478921:  Hold'em Limit ($3/$6 USD) - 2015/12/24 5:10:49 ET
Table 'Siebohme II' 2-max Seat #2 is the button
Seat 1: nrJitsu ($236.44 in chips)
Seat 2: Zabmenas ($136.06 in chips)
Zabmenas: posts small blind $1
nrJitsu: posts big blind $3
*** HOLE CARDS ***
Zabmenas: raises $3 to $6
nrJitsu: calls $3
*** FLOP *** [Td 3d 5s]
nrJitsu: checks
Zabmenas: bets $3
nrJitsu: calls $3
*** TURN *** [Td 3d 5s] [Qc]
nrJitsu: checks
Zabmenas: bets $6
nrJitsu: calls $6
*** RIVER *** [Td 3d 5s Qc] [7s]
nrJitsu: checks
Zabmenas: bets $6
nrJitsu: calls $6
*** SHOW DOWN ***
Zabmenas: shows [Tc 9s] (a pair of Tens)
nrJitsu: mucks hand
Zabmenas collected $41.50 from pot
*** SUMMARY ***
Total pot $42 | Rake $0.50
Board [Td 3d 5s Qc 7s]
Seat 1: nrJitsu (big blind) mucked
Seat 2: Zabmenas (button) (small blind) showed [Tc 9s] and won ($41.50) with a pair of Tens


PokerStars Hand #145836475260:  Hold'em Limit ($3/$6 USD) - 2015/12/24 5:10:41 ET
Table 'Siebohme II' 2-max Seat #1 is the button
Seat 1: nrJitsu ($237.44 in chips)
Seat 2: Zabmenas ($135.06 in chips)
nrJitsu: posts small blind $1
Zabmenas: posts big blind $3
*** HOLE CARDS ***
nrJitsu: folds
Uncalled bet ($2) returned to Zabmenas
Zabmenas collected $2 from pot
Zabmenas: doesn't show hand
*** SUMMARY ***
Total pot $2 | Rake $0
Seat 1: nrJitsu (button) (small blind) folded before Flop
Seat 2: Zabmenas (big blind) collected ($2)


PokerStars Hand #145836466644:  Hold'em Limit ($3/$6 USD) - 2015/12/24 5:10:22 ET
Table 'Siebohme II' 2-max Seat #2 is the button
Seat 1: nrJitsu ($255.44 in chips)
Seat 2: Zabmenas ($117.56 in chips)
Zabmenas: posts small blind $1
nrJitsu: posts big blind $3
*** HOLE CARDS ***
Zabmenas: raises $3 to $6
nrJitsu: raises $3 to $9
Zabmenas: calls $3
*** FLOP *** [7s 6d Qc]
nrJitsu: bets $3
Zabmenas: calls $3
*** TURN *** [7s 6d Qc] [7h]
nrJitsu: bets $6
Zabmenas: raises $6 to $12
nrJitsu: folds
Uncalled bet ($6) returned to Zabmenas
Zabmenas collected $35.50 from pot
Zabmenas: doesn't show hand
*** SUMMARY ***
Total pot $36 | Rake $0.50
Board [7s 6d Qc 7h]
Seat 1: nrJitsu (big blind) folded on the Turn
Seat 2: Zabmenas (button) (small blind) collected ($35.50)


PokerStars Hand #145836517445:  Hold'em Limit ($3/$6 USD) - 2015/12/24 5:12:14 ET
Table 'Siebohme II' 2-max Seat #2 is the button
Seat 1: nrJitsu ($222.96 in chips)
Seat 2: Zabmenas ($148.20 in chips)
Zabmenas: posts small blind $1
nrJitsu: posts big blind $3
*** HOLE CARDS ***
Zabmenas: folds
Uncalled bet ($2) returned to nrJitsu
nrJitsu collected $2 from pot
nrJitsu: doesn't show hand
*** SUMMARY ***
Total pot $2 | Rake $0
Seat 1: nrJitsu (big blind) collected ($2)
Seat 2: Zabmenas (button) (small blind) folded before Flop


PokerStars Hand #145836505418:  Hold'em Limit ($3/$6 USD) - 2015/12/24 5:11:48 ET
Table 'Siebohme II' 2-max Seat #1 is the button
Seat 1: nrJitsu ($211.44 in chips)
Seat 2: Zabmenas ($160.20 in chips)
nrJitsu: posts small blind $1
Zabmenas: posts big blind $3
*** HOLE CARDS ***
nrJitsu: raises $3 to $6
Zabmenas: calls $3
*** FLOP *** [Kc 4s 9s]
Zabmenas: checks
nrJitsu: checks
*** TURN *** [Kc 4s 9s] [6s]
Zabmenas: checks
nrJitsu: bets $6
Zabmenas: calls $6
*** RIVER *** [Kc 4s 9s 6s] [Ac]
Zabmenas: checks
nrJitsu: checks
*** SHOW DOWN ***
Zabmenas: shows [2c 4c] (a pair of Fours)
nrJitsu: shows [6c Js] (a pair of Sixes)
nrJitsu collected $23.52 from pot
*** SUMMARY ***
Total pot $24 | Rake $0.48
Board [Kc 4s 9s 6s Ac]
Seat 1: nrJitsu (button) (small blind) showed [6c Js] and won ($23.52) with a pair of Sixes
Seat 2: Zabmenas (big blind) showed [2c 4c] and lost with a pair of Fours


PokerStars Hand #145836497439:  Hold'em Limit ($3/$6 USD) - 2015/12/24 5:11:30 ET
Table 'Siebohme II' 2-max Seat #1 is the button
Seat 1: nrJitsu ($219.44 in chips)
Seat 2: Zabmenas ($152.56 in chips)
nrJitsu: posts small blind $1
Zabmenas: posts big blind $3
*** HOLE CARDS ***
nrJitsu: raises $3 to $6
Zabmenas: raises $3 to $9
nrJitsu: calls $3
*** FLOP *** [8d Ac 9c]
Zabmenas: bets $3
nrJitsu: folds
Uncalled bet ($3) returned to Zabmenas
Zabmenas collected $17.64 from pot
Zabmenas: doesn't show hand
*** SUMMARY ***
Total pot $18 | Rake $0.36
Board [8d Ac 9c]
Seat 1: nrJitsu (button) (small blind) folded on the Flop
Seat 2: Zabmenas (big blind) collected ($17.64)


PokerStars Hand #145836546314:  Hold'em Limit ($3/$6 USD) - 2015/12/24 5:13:18 ET
Table 'Siebohme II' 2-max Seat #2 is the button
Seat 1: nrJitsu ($194.96 in chips)
Seat 2: Zabmenas ($175.46 in chips)
Zabmenas: posts small blind $1
nrJitsu: posts big blind $3
*** HOLE CARDS ***
Zabmenas: raises $3 to $6
nrJitsu: folds
Uncalled bet ($3) returned to Zabmenas
Zabmenas collected $6 from pot
Zabmenas: doesn't show hand
*** SUMMARY ***
Total pot $6 | Rake $0
Seat 1: nrJitsu (big blind) folded before Flop
Seat 2: Zabmenas (button) (small blind) collected ($6)


PokerStars Hand #145836533820:  Hold'em Limit ($3/$6 USD) - 2015/12/24 5:12:50 ET
Table 'Siebohme II' 2-max Seat #1 is the button
Seat 1: nrJitsu ($200.96 in chips)
Seat 2: Zabmenas ($169.70 in chips)
nrJitsu: posts small blind $1
Zabmenas: posts big blind $3
*** HOLE CARDS ***
nrJitsu: raises $3 to $6
Zabmenas: calls $3
*** FLOP *** [9h 9c 8d]
Zabmenas: checks
nrJitsu: checks
*** TURN *** [9h 9c 8d] [5d]
Zabmenas: bets $6
nrJitsu: folds
Uncalled bet ($6) returned to Zabmenas
Zabmenas collected $11.76 from pot
Zabmenas: doesn't show hand
*** SUMMARY ***
Total pot $12 | Rake $0.24
Board [9h 9c 8d 5d]
Seat 1: nrJitsu (button) (small blind) folded on the Turn
Seat 2: Zabmenas (big blind) collected ($11.76)


PokerStars Hand #145836531800:  Hold'em Limit ($3/$6 USD) - 2015/12/24 5:12:46 ET
Table 'Siebohme II' 2-max Seat #2 is the button
Seat 1: nrJitsu ($199.96 in chips)
Seat 2: Zabmenas ($170.70 in chips)
Zabmenas: posts small blind $1
nrJitsu: posts big blind $3
*** HOLE CARDS ***
Zabmenas: folds
Uncalled bet ($2) returned to nrJitsu
nrJitsu collected $2 from pot
nrJitsu: doesn't show hand
*** SUMMARY ***
Total pot $2 | Rake $0
Seat 1: nrJitsu (big blind) collected ($2)
Seat 2: Zabmenas (button) (small blind) folded before Flop


PokerStars Hand #145836519664:  Hold'em Limit ($3/$6 USD) - 2015/12/24 5:12:19 ET
Table 'Siebohme II' 2-max Seat #1 is the button
Seat 1: nrJitsu ($223.96 in chips)
Seat 2: Zabmenas ($147.20 in chips)
nrJitsu: posts small blind $1
Zabmenas: posts big blind $3
*** HOLE CARDS ***
nrJitsu: raises $3 to $6
Zabmenas: raises $3 to $9
nrJitsu: calls $3
*** FLOP *** [Kc 6c 4d]
Zabmenas: bets $3
nrJitsu: calls $3
*** TURN *** [Kc 6c 4d] [3h]
Zabmenas: bets $6
nrJitsu: calls $6
*** RIVER *** [Kc 6c 4d 3h] [Ts]
Zabmenas: bets $6
nrJitsu: calls $6
*** SHOW DOWN ***
Zabmenas: shows [Qc Kd] (a pair of Kings)
nrJitsu: mucks hand
Zabmenas collected $47.50 from pot
*** SUMMARY ***
Total pot $48 | Rake $0.50
Board [Kc 6c 4d 3h Ts]
Seat 1: nrJitsu (button) (small blind) mucked
Seat 2: Zabmenas (big blind) showed [Qc Kd] and won ($47.50) with a pair of Kings


PokerStars Hand #145836571837:  Hold'em Limit ($3/$6 USD) - 2015/12/24 5:14:14 ET
Table 'Siebohme II' 2-max Seat #1 is the button
Seat 1: nrJitsu ($167.96 in chips)
Seat 2: Zabmenas ($201.60 in chips)
nrJitsu: posts small blind $1
Zabmenas: posts big blind $3
*** HOLE CARDS ***
nrJitsu: raises $3 to $6
Zabmenas: calls $3
*** FLOP *** [Ks Ts 2c]
Zabmenas: checks
nrJitsu: bets $3
Zabmenas: folds
Uncalled bet ($3) returned to nrJitsu
nrJitsu collected $11.76 from pot
nrJitsu: doesn't show hand
*** SUMMARY ***
Total pot $12 | Rake $0.24
Board [Ks Ts 2c]
Seat 1: nrJitsu (button) (small blind) collected ($11.76)
Seat 2: Zabmenas (big blind) folded on the Flop


PokerStars Hand #145836561063:  Hold'em Limit ($3/$6 USD) - 2015/12/24 5:13:50 ET
Table 'Siebohme II' 2-max Seat #2 is the button
Seat 1: nrJitsu ($182.96 in chips)
Seat 2: Zabmenas ($187.10 in chips)
Zabmenas: posts small blind $1
nrJitsu: posts big blind $3
*** HOLE CARDS ***
Zabmenas: raises $3 to $6
nrJitsu: calls $3
*** FLOP *** [3d 2c Ad]
nrJitsu: checks
Zabmenas: bets $3
nrJitsu: calls $3
*** TURN *** [3d 2c Ad] [6s]
nrJitsu: checks
Zabmenas: bets $6
nrJitsu: calls $6
*** RIVER *** [3d 2c Ad 6s] [8c]
nrJitsu: checks
Zabmenas: bets $6
nrJitsu: folds
Uncalled bet ($6) returned to Zabmenas
Zabmenas collected $29.50 from pot
Zabmenas: doesn't show hand
*** SUMMARY ***
Total pot $30 | Rake $0.50
Board [3d 2c Ad 6s 8c]
Seat 1: nrJitsu (big blind) folded on the River
Seat 2: Zabmenas (button) (small blind) collected ($29.50)


PokerStars Hand #145836557583:  Hold'em Limit ($3/$6 USD) - 2015/12/24 5:13:42 ET
Table 'Siebohme II' 2-max Seat #1 is the button
Seat 1: nrJitsu ($179.96 in chips)
Seat 2: Zabmenas ($190.10 in chips)
nrJitsu: posts small blind $1
Zabmenas: posts big blind $3
*** HOLE CARDS ***
nrJitsu: raises $3 to $6
Zabmenas: folds
Uncalled bet ($3) returned to nrJitsu
nrJitsu collected $6 from pot
nrJitsu: doesn't show hand
*** SUMMARY ***
Total pot $6 | Rake $0
Seat 1: nrJitsu (button) (small blind) collected ($6)
Seat 2: Zabmenas (big blind) folded before Flop


PokerStars Hand #145836549007:  Hold'em Limit ($3/$6 USD) - 2015/12/24 5:13:24 ET
Table 'Siebohme II' 2-max Seat #1 is the button
Seat 1: nrJitsu ($191.96 in chips)
Seat 2: Zabmenas ($178.46 in chips)
nrJitsu: posts small blind $1
Zabmenas: posts big blind $3
*** HOLE CARDS ***
nrJitsu: raises $3 to $6
Zabmenas: raises $3 to $9
nrJitsu: calls $3
*** FLOP *** [Th Ad Qd]
Zabmenas: bets $3
nrJitsu: folds
Uncalled bet ($3) returned to Zabmenas
Zabmenas collected $17.64 from pot
Zabmenas: doesn't show hand
*** SUMMARY ***
Total pot $18 | Rake $0.36
Board [Th Ad Qd]
Seat 1: nrJitsu (button) (small blind) folded on the Flop
Seat 2: Zabmenas (big blind) collected ($17.64)


PokerStars Hand #145836593258:  Hold'em Limit ($3/$6 USD) - 2015/12/24 5:15:00 ET
Table 'Siebohme II' 2-max Seat #2 is the button
Seat 1: nrJitsu ($191.22 in chips)
Seat 2: Zabmenas ($177.60 in chips)
Zabmenas: posts small blind $1
nrJitsu: posts big blind $3
*** HOLE CARDS ***
Zabmenas: raises $3 to $6
nrJitsu: calls $3
*** FLOP *** [3s 3c Ks]
nrJitsu: checks
Zabmenas: bets $3
nrJitsu: folds
Uncalled bet ($3) returned to Zabmenas
Zabmenas collected $11.76 from pot
Zabmenas: doesn't show hand
*** SUMMARY ***
Total pot $12 | Rake $0.24
Board [3s 3c Ks]
Seat 1: nrJitsu (big blind) folded on the Flop
Seat 2: Zabmenas (button) (small blind) collected ($11.76)


PokerStars Hand #145836590538:  Hold'em Limit ($3/$6 USD) - 2015/12/24 5:14:54 ET
Table 'Siebohme II' 2-max Seat #1 is the button
Seat 1: nrJitsu ($188.22 in chips)
Seat 2: Zabmenas ($180.60 in chips)
nrJitsu: posts small blind $1
Zabmenas: posts big blind $3
*** HOLE CARDS ***
nrJitsu: raises $3 to $6
Zabmenas: folds
Uncalled bet ($3) returned to nrJitsu
nrJitsu collected $6 from pot
nrJitsu: doesn't show hand
*** SUMMARY ***
Total pot $6 | Rake $0
Seat 1: nrJitsu (button) (small blind) collected ($6)
Seat 2: Zabmenas (big blind) folded before Flop


PokerStars Hand #145836587186:  Hold'em Limit ($3/$6 USD) - 2015/12/24 5:14:47 ET
Table 'Siebohme II' 2-max Seat #2 is the button
Seat 1: nrJitsu ($191.22 in chips)
Seat 2: Zabmenas ($177.60 in chips)
Zabmenas: posts small blind $1
nrJitsu: posts big blind $3
*** HOLE CARDS ***
Zabmenas: raises $3 to $6
nrJitsu: folds
Uncalled bet ($3) returned to Zabmenas
Zabmenas collected $6 from pot
Zabmenas: doesn't show hand
*** SUMMARY ***
Total pot $6 | Rake $0
Seat 1: nrJitsu (big blind) folded before Flop
Seat 2: Zabmenas (button) (small blind) collected ($6)


PokerStars Hand #145836584224:  Hold'em Limit ($3/$6 USD) - 2015/12/24 5:14:41 ET
Table 'Siebohme II' 2-max Seat #1 is the button
Seat 1: nrJitsu ($188.22 in chips)
Seat 2: Zabmenas ($180.60 in chips)
nrJitsu: posts small blind $1
Zabmenas: posts big blind $3
*** HOLE CARDS ***
nrJitsu: raises $3 to $6
Zabmenas: folds
Uncalled bet ($3) returned to nrJitsu
nrJitsu collected $6 from pot
nrJitsu: doesn't show hand
*** SUMMARY ***
Total pot $6 | Rake $0
Seat 1: nrJitsu (button) (small blind) collected ($6)
Seat 2: Zabmenas (big blind) folded before Flop


PokerStars Hand #145836575939:  Hold'em Limit ($3/$6 USD) - 2015/12/24 5:14:23 ET
Table 'Siebohme II' 2-max Seat #2 is the button
Seat 1: nrJitsu ($173.72 in chips)
Seat 2: Zabmenas ($195.60 in chips)
Zabmenas: posts small blind $1
nrJitsu: posts big blind $3
*** HOLE CARDS ***
Zabmenas: raises $3 to $6
nrJitsu: calls $3
*** FLOP *** [9h 8s Td]
nrJitsu: checks
Zabmenas: bets $3
nrJitsu: calls $3
*** TURN *** [9h 8s Td] [6h]
nrJitsu: checks
Zabmenas: bets $6
nrJitsu: calls $6
*** RIVER *** [9h 8s Td 6h] [5c]
nrJitsu: checks
Zabmenas: checks
*** SHOW DOWN ***
nrJitsu: shows [9c 8d] (two pair, Nines and Eights)
Zabmenas: mucks hand
nrJitsu collected $29.50 from pot
*** SUMMARY ***
Total pot $30 | Rake $0.50
Board [9h 8s Td 6h 5c]
Seat 1: nrJitsu (big blind) showed [9c 8d] and won ($29.50) with two pair, Nines and Eights
Seat 2: Zabmenas (button) (small blind) mucked


PokerStars Hand #145836613357:  Hold'em Limit ($3/$6 USD) - 2015/12/24 5:15:43 ET
Table 'Siebohme II' 2-max Seat #2 is the button
Seat 1: nrJitsu ($176.22 in chips)
Seat 2: Zabmenas ($192 in chips)
Zabmenas: posts small blind $1
nrJitsu: posts big blind $3
*** HOLE CARDS ***
Zabmenas: raises $3 to $6
nrJitsu: calls $3
*** FLOP *** [3d 2h 6h]
nrJitsu: checks
Zabmenas: bets $3
nrJitsu: calls $3
*** TURN *** [3d 2h 6h] [6d]
nrJitsu: checks
Zabmenas: bets $6
nrJitsu: folds
Uncalled bet ($6) returned to Zabmenas
Zabmenas collected $17.64 from pot
Zabmenas: doesn't show hand
*** SUMMARY ***
Total pot $18 | Rake $0.36
Board [3d 2h 6h 6d]
Seat 1: nrJitsu (big blind) folded on the Turn
Seat 2: Zabmenas (button) (small blind) collected ($17.64)


PokerStars Hand #145836600735:  Hold'em Limit ($3/$6 USD) - 2015/12/24 5:15:16 ET
Table 'Siebohme II' 2-max Seat #1 is the button
Seat 1: nrJitsu ($185.22 in chips)
Seat 2: Zabmenas ($183.36 in chips)
nrJitsu: posts small blind $1
Zabmenas: posts big blind $3
*** HOLE CARDS ***
nrJitsu: raises $3 to $6
Zabmenas: raises $3 to $9
nrJitsu: calls $3
*** FLOP *** [Jd 2c 7d]
Zabmenas: bets $3
nrJitsu: folds
Uncalled bet ($3) returned to Zabmenas
Zabmenas collected $17.64 from pot
Zabmenas: doesn't show hand
*** SUMMARY ***
Total pot $18 | Rake $0.36
Board [Jd 2c 7d]
Seat 1: nrJitsu (button) (small blind) folded on the Flop
Seat 2: Zabmenas (big blind) collected ($17.64)


PokerStars Hand #145836657990:  Hold'em Limit ($3/$6 USD) - 2015/12/24 5:17:20 ET
Table 'Siebohme II' 2-max Seat #1 is the button
Seat 1: nrJitsu ($159.98 in chips)
Seat 2: Zabmenas ($207.14 in chips)
nrJitsu: posts small blind $1
Zabmenas: posts big blind $3
*** HOLE CARDS ***
nrJitsu: raises $3 to $6
Zabmenas: folds
Uncalled bet ($3) returned to nrJitsu
nrJitsu collected $6 from pot
nrJitsu: doesn't show hand
*** SUMMARY ***
Total pot $6 | Rake $0
Seat 1: nrJitsu (button) (small blind) collected ($6)
Seat 2: Zabmenas (big blind) folded before Flop


PokerStars Hand #145836655759:  Hold'em Limit ($3/$6 USD) - 2015/12/24 5:17:15 ET
Table 'Siebohme II' 2-max Seat #2 is the button
Seat 1: nrJitsu ($158.98 in chips)
Seat 2: Zabmenas ($208.14 in chips)
Zabmenas: posts small blind $1
nrJitsu: posts big blind $3
*** HOLE CARDS ***
Zabmenas: folds
Uncalled bet ($2) returned to nrJitsu
nrJitsu collected $2 from pot
nrJitsu: doesn't show hand
*** SUMMARY ***
Total pot $2 | Rake $0
Seat 1: nrJitsu (big blind) collected ($2)
Seat 2: Zabmenas (button) (small blind) folded before Flop


PokerStars Hand #145836648118:  Hold'em Limit ($3/$6 USD) - 2015/12/24 5:16:58 ET
Table 'Siebohme II' 2-max Seat #1 is the button
Seat 1: nrJitsu ($153.22 in chips)
Seat 2: Zabmenas ($214.14 in chips)
nrJitsu: posts small blind $1
Zabmenas: posts big blind $3
*** HOLE CARDS ***
nrJitsu: raises $3 to $6
Zabmenas: calls $3
*** FLOP *** [Ah 8c Td]
Zabmenas: checks
nrJitsu: bets $3
Zabmenas: folds
Uncalled bet ($3) returned to nrJitsu
nrJitsu collected $11.76 from pot
nrJitsu: doesn't show hand
*** SUMMARY ***
Total pot $12 | Rake $0.24
Board [Ah 8c Td]
Seat 1: nrJitsu (button) (small blind) collected ($11.76)
Seat 2: Zabmenas (big blind) folded on the Flop


PokerStars Hand #145836646048:  Hold'em Limit ($3/$6 USD) - 2015/12/24 5:16:54 ET
Table 'Siebohme II' 2-max Seat #2 is the button
Seat 1: nrJitsu ($152.22 in chips)
Seat 2: Zabmenas ($215.14 in chips)
Zabmenas: posts small blind $1
nrJitsu: posts big blind $3
*** HOLE CARDS ***
Zabmenas: folds
Uncalled bet ($2) returned to nrJitsu
nrJitsu collected $2 from pot
nrJitsu: doesn't show hand
*** SUMMARY ***
Total pot $2 | Rake $0
Seat 1: nrJitsu (big blind) collected ($2)
Seat 2: Zabmenas (button) (small blind) folded before Flop


PokerStars Hand #145836642332:  Hold'em Limit ($3/$6 USD) - 2015/12/24 5:16:46 ET
Table 'Siebohme II' 2-max Seat #1 is the button
Seat 1: nrJitsu ($153.22 in chips)
Seat 2: Zabmenas ($214.14 in chips)
nrJitsu: posts small blind $1
Zabmenas: posts big blind $3
*** HOLE CARDS ***
nrJitsu: folds
Uncalled bet ($2) returned to Zabmenas
Zabmenas collected $2 from pot
Zabmenas: doesn't show hand
*** SUMMARY ***
Total pot $2 | Rake $0
Seat 1: nrJitsu (button) (small blind) folded before Flop
Seat 2: Zabmenas (big blind) collected ($2)


PokerStars Hand #145836640002:  Hold'em Limit ($3/$6 USD) - 2015/12/24 5:16:41 ET
Table 'Siebohme II' 2-max Seat #2 is the button
Seat 1: nrJitsu ($152.22 in chips)
Seat 2: Zabmenas ($215.14 in chips)
Zabmenas: posts small blind $1
nrJitsu: posts big blind $3
*** HOLE CARDS ***
Zabmenas: folds
Uncalled bet ($2) returned to nrJitsu
nrJitsu collected $2 from pot
nrJitsu: doesn't show hand
*** SUMMARY ***
Total pot $2 | Rake $0
Seat 1: nrJitsu (big blind) collected ($2)
Seat 2: Zabmenas (button) (small blind) folded before Flop


PokerStars Hand #145836622545:  Hold'em Limit ($3/$6 USD) - 2015/12/24 5:16:03 ET
Table 'Siebohme II' 2-max Seat #1 is the button
Seat 1: nrJitsu ($167.22 in chips)
Seat 2: Zabmenas ($200.64 in chips)
nrJitsu: posts small blind $1
Zabmenas: posts big blind $3
*** HOLE CARDS ***
nrJitsu: raises $3 to $6
Zabmenas: calls $3
*** FLOP *** [8s 6d 5h]
Zabmenas: checks
nrJitsu: bets $3
Zabmenas: calls $3
*** TURN *** [8s 6d 5h] [3d]
Zabmenas: checks
nrJitsu: bets $6
Zabmenas: raises $6 to $12
nrJitsu: folds
Uncalled bet ($6) returned to Zabmenas
Zabmenas collected $29.50 from pot
Zabmenas: doesn't show hand
*** SUMMARY ***
Total pot $30 | Rake $0.50
Board [8s 6d 5h 3d]
Seat 1: nrJitsu (button) (small blind) folded on the Turn
Seat 2: Zabmenas (big blind) collected ($29.50)


PokerStars Hand #145836675239:  Hold'em Limit ($3/$6 USD) - 2015/12/24 5:17:57 ET
Table 'Siebohme II' 2-max Seat #1 is the button
Seat 1: nrJitsu ($186.48 in chips)
Seat 2: Zabmenas ($180.14 in chips)
nrJitsu: posts small blind $1
Zabmenas: posts big blind $3
*** HOLE CARDS ***
nrJitsu: raises $3 to $6
Zabmenas: calls $3
*** FLOP *** [6c Ad 4c]
Zabmenas: checks
nrJitsu: bets $3
Zabmenas: calls $3
*** TURN *** [6c Ad 4c] [5c]
Zabmenas: checks
nrJitsu: bets $6
Zabmenas: calls $6
*** RIVER *** [6c Ad 4c 5c] [9c]
Zabmenas: checks
nrJitsu: bets $6
Zabmenas: folds
Uncalled bet ($6) returned to nrJitsu
nrJitsu collected $29.50 from pot
nrJitsu: doesn't show hand
*** SUMMARY ***
Total pot $30 | Rake $0.50
Board [6c Ad 4c 5c 9c]
Seat 1: nrJitsu (button) (small blind) collected ($29.50)
Seat 2: Zabmenas (big blind) folded on the River


PokerStars Hand #145836660722:  Hold'em Limit ($3/$6 USD) - 2015/12/24 5:17:26 ET
Table 'Siebohme II' 2-max Seat #2 is the button
Seat 1: nrJitsu ($162.98 in chips)
Seat 2: Zabmenas ($204.14 in chips)
Zabmenas: posts small blind $1
nrJitsu: posts big blind $3
*** HOLE CARDS ***
Zabmenas: raises $3 to $6
nrJitsu: raises $3 to $9
Zabmenas: calls $3
*** FLOP *** [9h Td 4s]
nrJitsu: bets $3
Zabmenas: calls $3
*** TURN *** [9h Td 4s] [Ts]
nrJitsu: checks
Zabmenas: bets $6
nrJitsu: calls $6
*** RIVER *** [9h Td 4s Ts] [2d]
nrJitsu: checks
Zabmenas: bets $6
nrJitsu: calls $6
*** SHOW DOWN ***
Zabmenas: shows [As Kd] (a pair of Tens)
nrJitsu: shows [8c 8d] (two pair, Tens and Eights)
nrJitsu collected $47.50 from pot
*** SUMMARY ***
Total pot $48 | Rake $0.50
Board [9h Td 4s Ts 2d]
Seat 1: nrJitsu (big blind) showed [8c 8d] and won ($47.50) with two pair, Tens and Eights
Seat 2: Zabmenas (button) (small blind) showed [As Kd] and lost with a pair of Tens


PokerStars Hand #145836711832:  Hold'em Limit ($3/$6 USD) - 2015/12/24 5:19:17 ET
Table 'Siebohme II' 2-max Seat #2 is the button
Seat 1: nrJitsu ($210.62 in chips)
Seat 2: Zabmenas ($155.14 in chips)
Zabmenas: posts small blind $1
nrJitsu: posts big blind $3
*** HOLE CARDS ***
Zabmenas: raises $3 to $6
nrJitsu: calls $3
*** FLOP *** [9s 9h 4h]
nrJitsu: checks
Zabmenas: bets $3
nrJitsu: folds
Uncalled bet ($3) returned to Zabmenas
Zabmenas collected $11.76 from pot
Zabmenas: doesn't show hand
*** SUMMARY ***
Total pot $12 | Rake $0.24
Board [9s 9h 4h]
Seat 1: nrJitsu (big blind) folded on the Flop
Seat 2: Zabmenas (button) (small blind) collected ($11.76)


PokerStars Hand #145836708676:  Hold'em Limit ($3/$6 USD) - 2015/12/24 5:19:10 ET
Table 'Siebohme II' 2-max Seat #1 is the button
Seat 1: nrJitsu ($211.62 in chips)
Seat 2: Zabmenas ($154.14 in chips)
nrJitsu: posts small blind $1
Zabmenas: posts big blind $3
*** HOLE CARDS ***
nrJitsu: folds
Uncalled bet ($2) returned to Zabmenas
Zabmenas collected $2 from pot
Zabmenas: doesn't show hand
*** SUMMARY ***
Total pot $2 | Rake $0
Seat 1: nrJitsu (button) (small blind) folded before Flop
Seat 2: Zabmenas (big blind) collected ($2)


PokerStars Hand #145836706538:  Hold'em Limit ($3/$6 USD) - 2015/12/24 5:19:05 ET
Table 'Siebohme II' 2-max Seat #2 is the button
Seat 1: nrJitsu ($210.62 in chips)
Seat 2: Zabmenas ($155.14 in chips)
Zabmenas: posts small blind $1
nrJitsu: posts big blind $3
*** HOLE CARDS ***
Zabmenas: folds
Uncalled bet ($2) returned to nrJitsu
nrJitsu collected $2 from pot
nrJitsu: doesn't show hand
*** SUMMARY ***
Total pot $2 | Rake $0
Seat 1: nrJitsu (big blind) collected ($2)
Seat 2: Zabmenas (button) (small blind) folded before Flop


PokerStars Hand #145836704268:  Hold'em Limit ($3/$6 USD) - 2015/12/24 5:19:00 ET
Table 'Siebohme II' 2-max Seat #1 is the button
Seat 1: nrJitsu ($211.62 in chips)
Seat 2: Zabmenas ($154.14 in chips)
nrJitsu: posts small blind $1
Zabmenas: posts big blind $3
*** HOLE CARDS ***
nrJitsu: folds
Uncalled bet ($2) returned to Zabmenas
Zabmenas collected $2 from pot
Zabmenas: doesn't show hand
*** SUMMARY ***
Total pot $2 | Rake $0
Seat 1: nrJitsu (button) (small blind) folded before Flop
Seat 2: Zabmenas (big blind) collected ($2)


PokerStars Hand #145836702092:  Hold'em Limit ($3/$6 USD) - 2015/12/24 5:18:56 ET
Table 'Siebohme II' 2-max Seat #2 is the button
Seat 1: nrJitsu ($210.62 in chips)
Seat 2: Zabmenas ($155.14 in chips)
Zabmenas: posts small blind $1
nrJitsu: posts big blind $3
*** HOLE CARDS ***
Zabmenas: folds
Uncalled bet ($2) returned to nrJitsu
nrJitsu collected $2 from pot
nrJitsu: doesn't show hand
*** SUMMARY ***
Total pot $2 | Rake $0
Seat 1: nrJitsu (big blind) collected ($2)
Seat 2: Zabmenas (button) (small blind) folded before Flop


PokerStars Hand #145836692154:  Hold'em Limit ($3/$6 USD) - 2015/12/24 5:18:34 ET
Table 'Siebohme II' 2-max Seat #1 is the button
Seat 1: nrJitsu ($201.98 in chips)
Seat 2: Zabmenas ($164.14 in chips)
nrJitsu: posts small blind $1
Zabmenas: posts big blind $3
*** HOLE CARDS ***
nrJitsu: raises $3 to $6
Zabmenas: calls $3
*** FLOP *** [6d Kc 8d]
Zabmenas: checks
nrJitsu: bets $3
Zabmenas: calls $3
*** TURN *** [6d Kc 8d] [Qd]
Zabmenas: checks
nrJitsu: checks
*** RIVER *** [6d Kc 8d Qd] [Ad]
Zabmenas: checks
nrJitsu: checks
*** SHOW DOWN ***
Zabmenas: shows [Th 9s] (high card Ace)
nrJitsu: shows [7h Jh] (high card Ace - King+Queen+Jack kicker)
nrJitsu collected $17.64 from pot
*** SUMMARY ***
Total pot $18 | Rake $0.36
Board [6d Kc 8d Qd Ad]
Seat 1: nrJitsu (button) (small blind) showed [7h Jh] and won ($17.64) with high card Ace
Seat 2: Zabmenas (big blind) showed [Th 9s] and lost with high card Ace


PokerStars Hand #145836690007:  Hold'em Limit ($3/$6 USD) - 2015/12/24 5:18:29 ET
Table 'Siebohme II' 2-max Seat #2 is the button
Seat 1: nrJitsu ($200.98 in chips)
Seat 2: Zabmenas ($165.14 in chips)
Zabmenas: posts small blind $1
nrJitsu: posts big blind $3
*** HOLE CARDS ***
Zabmenas: folds
Uncalled bet ($2) returned to nrJitsu
nrJitsu collected $2 from pot
nrJitsu: doesn't show hand
*** SUMMARY ***
Total pot $2 | Rake $0
Seat 1: nrJitsu (big blind) collected ($2)
Seat 2: Zabmenas (button) (small blind) folded before Flop


PokerStars Hand #145836735437:  Hold'em Limit ($3/$6 USD) - 2015/12/24 5:20:08 ET
Table 'Siebohme II' 2-max Seat #1 is the button
Seat 1: nrJitsu ($196.62 in chips)
Seat 2: Zabmenas ($168.54 in chips)
nrJitsu: posts small blind $1
Zabmenas: posts big blind $3
*** HOLE CARDS ***
nrJitsu: raises $3 to $6
Zabmenas: raises $3 to $9
nrJitsu: calls $3
*** FLOP *** [8h Qc Ah]
Zabmenas: bets $3
nrJitsu: folds
Uncalled bet ($3) returned to Zabmenas
Zabmenas collected $17.64 from pot
Zabmenas: doesn't show hand
*** SUMMARY ***
Total pot $18 | Rake $0.36
Board [8h Qc Ah]
Seat 1: nrJitsu (button) (small blind) folded on the Flop
Seat 2: Zabmenas (big blind) collected ($17.64)


PokerStars Hand #145836733149:  Hold'em Limit ($3/$6 USD) - 2015/12/24 5:20:03 ET
Table 'Siebohme II' 2-max Seat #2 is the button
Seat 1: nrJitsu ($195.62 in chips)
Seat 2: Zabmenas ($169.54 in chips)
Zabmenas: posts small blind $1
nrJitsu: posts big blind $3
*** HOLE CARDS ***
Zabmenas: folds
Uncalled bet ($2) returned to nrJitsu
nrJitsu collected $2 from pot
nrJitsu: doesn't show hand
*** SUMMARY ***
Total pot $2 | Rake $0
Seat 1: nrJitsu (big blind) collected ($2)
Seat 2: Zabmenas (button) (small blind) folded before Flop


PokerStars Hand #145836717343:  Hold'em Limit ($3/$6 USD) - 2015/12/24 5:19:28 ET
Table 'Siebohme II' 2-max Seat #1 is the button
Seat 1: nrJitsu ($204.62 in chips)
Seat 2: Zabmenas ($160.90 in chips)
nrJitsu: posts small blind $1
Zabmenas: posts big blind $3
*** HOLE CARDS ***
nrJitsu: raises $3 to $6
Zabmenas: raises $3 to $9
nrJitsu: calls $3
*** FLOP *** [9d 7c Ts]
Zabmenas: bets $3
nrJitsu: folds
Uncalled bet ($3) returned to Zabmenas
Zabmenas collected $17.64 from pot
Zabmenas: doesn't show hand
*** SUMMARY ***
Total pot $18 | Rake $0.36
Board [9d 7c Ts]
Seat 1: nrJitsu (button) (small blind) folded on the Flop
Seat 2: Zabmenas (big blind) collected ($17.64)


PokerStars Hand #145836762003:  Hold'em Limit ($3/$6 USD) - 2015/12/24 5:21:05 ET
Table 'Siebohme II' 2-max Seat #2 is the button
Seat 1: nrJitsu ($184.62 in chips)
Seat 2: Zabmenas ($179.94 in chips)
Zabmenas: posts small blind $1
nrJitsu: posts big blind $3
*** HOLE CARDS ***
Zabmenas: raises $3 to $6
nrJitsu: folds
Uncalled bet ($3) returned to Zabmenas
Zabmenas collected $6 from pot
Zabmenas: doesn't show hand
*** SUMMARY ***
Total pot $6 | Rake $0
Seat 1: nrJitsu (big blind) folded before Flop
Seat 2: Zabmenas (button) (small blind) collected ($6)


PokerStars Hand #145836752378:  Hold'em Limit ($3/$6 USD) - 2015/12/24 5:20:44 ET
Table 'Siebohme II' 2-max Seat #1 is the button
Seat 1: nrJitsu ($181.62 in chips)
Seat 2: Zabmenas ($182.94 in chips)
nrJitsu: posts small blind $1
Zabmenas: posts big blind $3
*** HOLE CARDS ***
nrJitsu: raises $3 to $6
Zabmenas: folds
Uncalled bet ($3) returned to nrJitsu
nrJitsu collected $6 from pot
nrJitsu: doesn't show hand
*** SUMMARY ***
Total pot $6 | Rake $0
Seat 1: nrJitsu (button) (small blind) collected ($6)
Seat 2: Zabmenas (big blind) folded before Flop


PokerStars Hand #145836743960:  Hold'em Limit ($3/$6 USD) - 2015/12/24 5:20:26 ET
Table 'Siebohme II' 2-max Seat #2 is the button
Seat 1: nrJitsu ($187.62 in chips)
Seat 2: Zabmenas ($177.18 in chips)
Zabmenas: posts small blind $1
nrJitsu: posts big blind $3
*** HOLE CARDS ***
Zabmenas: raises $3 to $6
nrJitsu: calls $3
*** FLOP *** [3s 4s Ac]
nrJitsu: checks
Zabmenas: bets $3
nrJitsu: folds
Uncalled bet ($3) returned to Zabmenas
Zabmenas collected $11.76 from pot
Zabmenas: doesn't show hand
*** SUMMARY ***
Total pot $12 | Rake $0.24
Board [3s 4s Ac]
Seat 1: nrJitsu (big blind) folded on the Flop
Seat 2: Zabmenas (button) (small blind) collected ($11.76)


PokerStars Hand #145836789756:  Hold'em Limit ($3/$6 USD) - 2015/12/24 5:22:05 ET
Table 'Siebohme II' 2-max Seat #1 is the button
Seat 1: nrJitsu ($204.12 in chips)
Seat 2: Zabmenas ($159.94 in chips)
nrJitsu: posts small blind $1
Zabmenas: posts big blind $3
*** HOLE CARDS ***
nrJitsu: raises $3 to $6
Zabmenas: calls $3
*** FLOP *** [8h Ad 9c]
Zabmenas: checks
nrJitsu: checks
*** TURN *** [8h Ad 9c] [7c]
Zabmenas: bets $6
nrJitsu: folds
Uncalled bet ($6) returned to Zabmenas
Zabmenas collected $11.76 from pot
Zabmenas: doesn't show hand
*** SUMMARY ***
Total pot $12 | Rake $0.24
Board [8h Ad 9c 7c]
Seat 1: nrJitsu (button) (small blind) folded on the Turn
Seat 2: Zabmenas (big blind) collected ($11.76)


PokerStars Hand #145836779259:  Hold'em Limit ($3/$6 USD) - 2015/12/24 5:21:42 ET
Table 'Siebohme II' 2-max Seat #2 is the button
Seat 1: nrJitsu ($180.62 in chips)
Seat 2: Zabmenas ($183.94 in chips)
Zabmenas: posts small blind $1
nrJitsu: posts big blind $3
*** HOLE CARDS ***
Zabmenas: raises $3 to $6
nrJitsu: calls $3
*** FLOP *** [Qs 7d 7c]
nrJitsu: checks
Zabmenas: bets $3
nrJitsu: raises $3 to $6
Zabmenas: calls $3
*** TURN *** [Qs 7d 7c] [8c]
nrJitsu: bets $6
Zabmenas: calls $6
*** RIVER *** [Qs 7d 7c 8c] [3d]
nrJitsu: bets $6
Zabmenas: calls $6
*** SHOW DOWN ***
nrJitsu: shows [Js Qh] (two pair, Queens and Sevens)
Zabmenas: mucks hand
nrJitsu collected $47.50 from pot
*** SUMMARY ***
Total pot $48 | Rake $0.50
Board [Qs 7d 7c 8c 3d]
Seat 1: nrJitsu (big blind) showed [Js Qh] and won ($47.50) with two pair, Queens and Sevens
Seat 2: Zabmenas (button) (small blind) mucked


PokerStars Hand #145836765146:  Hold'em Limit ($3/$6 USD) - 2015/12/24 5:21:12 ET
Table 'Siebohme II' 2-max Seat #1 is the button
Seat 1: nrJitsu ($181.62 in chips)
Seat 2: Zabmenas ($182.94 in chips)
nrJitsu: posts small blind $1
Zabmenas: posts big blind $3
*** HOLE CARDS ***
nrJitsu: folds
Uncalled bet ($2) returned to Zabmenas
Zabmenas collected $2 from pot
Zabmenas: doesn't show hand
*** SUMMARY ***
Total pot $2 | Rake $0
Seat 1: nrJitsu (button) (small blind) folded before Flop
Seat 2: Zabmenas (big blind) collected ($2)


PokerStars Hand #145836817353:  Hold'em Limit ($3/$6 USD) - 2015/12/24 5:23:04 ET
Table 'Siebohme II' 2-max Seat #2 is the button
Seat 1: nrJitsu ($187.12 in chips)
Seat 2: Zabmenas ($176.22 in chips)
Zabmenas: posts small blind $1
nrJitsu: posts big blind $3
*** HOLE CARDS ***
Zabmenas: folds
Uncalled bet ($2) returned to nrJitsu
nrJitsu collected $2 from pot
nrJitsu: doesn't show hand
*** SUMMARY ***
Total pot $2 | Rake $0
Seat 1: nrJitsu (big blind) collected ($2)
Seat 2: Zabmenas (button) (small blind) folded before Flop


PokerStars Hand #145836803285:  Hold'em Limit ($3/$6 USD) - 2015/12/24 5:22:34 ET
Table 'Siebohme II' 2-max Seat #1 is the button
Seat 1: nrJitsu ($199.12 in chips)
Seat 2: Zabmenas ($164.70 in chips)
nrJitsu: posts small blind $1
Zabmenas: posts big blind $3
*** HOLE CARDS ***
nrJitsu: raises $3 to $6
Zabmenas: raises $3 to $9
nrJitsu: calls $3
*** FLOP *** [9s Jd 6c]
Zabmenas: bets $3
nrJitsu: calls $3
*** TURN *** [9s Jd 6c] [9h]
Zabmenas: bets $6
nrJitsu: folds
Uncalled bet ($6) returned to Zabmenas
Zabmenas collected $23.52 from pot
Zabmenas: doesn't show hand
*** SUMMARY ***
Total pot $24 | Rake $0.48
Board [9s Jd 6c 9h]
Seat 1: nrJitsu (button) (small blind) folded on the Turn
Seat 2: Zabmenas (big blind) collected ($23.52)


PokerStars Hand #145836819419:  Hold'em Limit ($3/$6 USD) - 2015/12/24 5:23:09 ET
Table 'Siebohme II' 2-max Seat #1 is the button
Seat 1: nrJitsu ($188.12 in chips)
Seat 2: Zabmenas ($175.22 in chips)
nrJitsu: posts small blind $1
Zabmenas: posts big blind $3
*** HOLE CARDS ***
nrJitsu: raises $3 to $6
Zabmenas: folds
Uncalled bet ($3) returned to nrJitsu
nrJitsu collected $6 from pot
nrJitsu: doesn't show hand
*** SUMMARY ***
Total pot $6 | Rake $0
Seat 1: nrJitsu (button) (small blind) collected ($6)
Seat 2: Zabmenas (big blind) folded before Flop


PokerStars Hand #145836801187:  Hold'em Limit ($3/$6 USD) - 2015/12/24 5:22:29 ET
Table 'Siebohme II' 2-max Seat #2 is the button
Seat 1: nrJitsu ($198.12 in chips)
Seat 2: Zabmenas ($165.70 in chips)
Zabmenas: posts small blind $1
nrJitsu: posts big blind $3
*** HOLE CARDS ***
Zabmenas: folds
Uncalled bet ($2) returned to nrJitsu
nrJitsu collected $2 from pot
nrJitsu: doesn't show hand
*** SUMMARY ***
Total pot $2 | Rake $0
Seat 1: nrJitsu (big blind) collected ($2)
Seat 2: Zabmenas (button) (small blind) folded before Flop


PokerStars Hand #145836841533:  Hold'em Limit ($3/$6 USD) - 2015/12/24 5:23:57 ET
Table 'Siebohme II' 2-max Seat #1 is the button
Seat 1: nrJitsu ($173.12 in chips)
Seat 2: Zabmenas ($189.72 in chips)
nrJitsu: posts small blind $1
Zabmenas: posts big blind $3
*** HOLE CARDS ***
nrJitsu: folds
Uncalled bet ($2) returned to Zabmenas
Zabmenas collected $2 from pot
Zabmenas: doesn't show hand
*** SUMMARY ***
Total pot $2 | Rake $0
Seat 1: nrJitsu (button) (small blind) folded before Flop
Seat 2: Zabmenas (big blind) collected ($2)


PokerStars Hand #145836827486:  Hold'em Limit ($3/$6 USD) - 2015/12/24 5:23:27 ET
Table 'Siebohme II' 2-max Seat #2 is the button
Seat 1: nrJitsu ($191.12 in chips)
Seat 2: Zabmenas ($172.22 in chips)
Zabmenas: posts small blind $1
nrJitsu: posts big blind $3
*** HOLE CARDS ***
Zabmenas: raises $3 to $6
nrJitsu: calls $3
*** FLOP *** [4c Tc Qh]
nrJitsu: checks
Zabmenas: bets $3
nrJitsu: raises $3 to $6
Zabmenas: calls $3
*** TURN *** [4c Tc Qh] [7h]
nrJitsu: bets $6
Zabmenas: raises $6 to $12
nrJitsu: folds
Uncalled bet ($6) returned to Zabmenas
Zabmenas collected $35.50 from pot
Zabmenas: doesn't show hand
*** SUMMARY ***
Total pot $36 | Rake $0.50
Board [4c Tc Qh 7h]
Seat 1: nrJitsu (big blind) folded on the Turn
Seat 2: Zabmenas (button) (small blind) collected ($35.50)


PokerStars Hand #145836843520:  Hold'em Limit ($3/$6 USD) - 2015/12/24 5:24:01 ET
Table 'Siebohme II' 2-max Seat #2 is the button
Seat 1: nrJitsu ($172.12 in chips)
Seat 2: Zabmenas ($190.72 in chips)
Zabmenas: posts small blind $1
nrJitsu: posts big blind $3
*** HOLE CARDS ***
Zabmenas: raises $3 to $6
nrJitsu: calls $3
*** FLOP *** [8s 5c 9s]
nrJitsu: checks
Zabmenas: checks
*** TURN *** [8s 5c 9s] [6d]
nrJitsu: checks
Zabmenas: bets $6
nrJitsu: folds
Uncalled bet ($6) returned to Zabmenas
Zabmenas collected $11.76 from pot
Zabmenas: doesn't show hand
*** SUMMARY ***
Total pot $12 | Rake $0.24
Board [8s 5c 9s 6d]
Seat 1: nrJitsu (big blind) folded on the Turn
Seat 2: Zabmenas (button) (small blind) collected ($11.76)


PokerStars Hand #145836852426:  Hold'em Limit ($3/$6 USD) - 2015/12/24 5:24:20 ET
Table 'Siebohme II' 2-max Seat #1 is the button
Seat 1: nrJitsu ($166.12 in chips)
Seat 2: Zabmenas ($196.48 in chips)
nrJitsu: posts small blind $1
Zabmenas: posts big blind $3
*** HOLE CARDS ***
nrJitsu: raises $3 to $6
Zabmenas: raises $3 to $9
nrJitsu: calls $3
*** FLOP *** [8h 8s Jc]
Zabmenas: bets $3
nrJitsu: calls $3
*** TURN *** [8h 8s Jc] [2s]
Zabmenas: bets $6
nrJitsu: calls $6
*** RIVER *** [8h 8s Jc 2s] [3s]
Zabmenas: bets $6
nrJitsu: calls $6
*** SHOW DOWN ***
Zabmenas: shows [Ts Js] (a flush, Jack high)
nrJitsu: mucks hand
Zabmenas collected $47.50 from pot
*** SUMMARY ***
Total pot $48 | Rake $0.50
Board [8h 8s Jc 2s 3s]
Seat 1: nrJitsu (button) (small blind) mucked
Seat 2: Zabmenas (big blind) showed [Ts Js] and won ($47.50) with a flush, Jack high


PokerStars Hand #145836870106:  Hold'em Limit ($3/$6 USD) - 2015/12/24 5:24:58 ET
Table 'Siebohme II' 2-max Seat #2 is the button
Seat 1: nrJitsu ($146.12 in chips)
Seat 2: Zabmenas ($215.98 in chips)
Zabmenas: posts small blind $1
nrJitsu: posts big blind $3
*** HOLE CARDS ***
Zabmenas: folds
Uncalled bet ($2) returned to nrJitsu
nrJitsu collected $2 from pot
nrJitsu: doesn't show hand
*** SUMMARY ***
Total pot $2 | Rake $0
Seat 1: nrJitsu (big blind) collected ($2)
Seat 2: Zabmenas (button) (small blind) folded before Flop


PokerStars Hand #145836866924:  Hold'em Limit ($3/$6 USD) - 2015/12/24 5:24:51 ET
Table 'Siebohme II' 2-max Seat #1 is the button
Seat 1: nrJitsu ($143.12 in chips)
Seat 2: Zabmenas ($218.98 in chips)
nrJitsu: posts small blind $1
Zabmenas: posts big blind $3
*** HOLE CARDS ***
nrJitsu: raises $3 to $6
Zabmenas: folds
Uncalled bet ($3) returned to nrJitsu
nrJitsu collected $6 from pot
nrJitsu: doesn't show hand
*** SUMMARY ***
Total pot $6 | Rake $0
Seat 1: nrJitsu (button) (small blind) collected ($6)
Seat 2: Zabmenas (big blind) folded before Flop


PokerStars Hand #145836872239:  Hold'em Limit ($3/$6 USD) - 2015/12/24 5:25:02 ET
Table 'Siebohme II' 2-max Seat #1 is the button
Seat 1: nrJitsu ($147.12 in chips)
Seat 2: Zabmenas ($214.98 in chips)
nrJitsu: posts small blind $1
Zabmenas: posts big blind $3
*** HOLE CARDS ***
nrJitsu: raises $3 to $6
Zabmenas: calls $3
*** FLOP *** [3s 4c Jc]
Zabmenas: checks
nrJitsu: bets $3
Zabmenas: calls $3
*** TURN *** [3s 4c Jc] [Jd]
Zabmenas: checks
nrJitsu: checks
*** RIVER *** [3s 4c Jc Jd] [2h]
Zabmenas: bets $6
nrJitsu: calls $6
*** SHOW DOWN ***
Zabmenas: shows [8d Ks] (a pair of Jacks)
nrJitsu: shows [Ac 7d] (a pair of Jacks - Ace kicker)
nrJitsu collected $29.50 from pot
*** SUMMARY ***
Total pot $30 | Rake $0.50
Board [3s 4c Jc Jd 2h]
Seat 1: nrJitsu (button) (small blind) showed [Ac 7d] and won ($29.50) with a pair of Jacks
Seat 2: Zabmenas (big blind) showed [8d Ks] and lost with a pair of Jacks


PokerStars Hand #145836893639:  Hold'em Limit ($3/$6 USD) - 2015/12/24 5:25:48 ET
Table 'Siebohme II' 2-max Seat #2 is the button
Seat 1: nrJitsu ($143.62 in chips)
Seat 2: Zabmenas ($217.26 in chips)
Zabmenas: posts small blind $1
nrJitsu: posts big blind $3
*** HOLE CARDS ***
Zabmenas: folds
Uncalled bet ($2) returned to nrJitsu
nrJitsu collected $2 from pot
nrJitsu: doesn't show hand
*** SUMMARY ***
Total pot $2 | Rake $0
Seat 1: nrJitsu (big blind) collected ($2)
Seat 2: Zabmenas (button) (small blind) folded before Flop


PokerStars Hand #145836888025:  Hold'em Limit ($3/$6 USD) - 2015/12/24 5:25:36 ET
Table 'Siebohme II' 2-max Seat #1 is the button
Seat 1: nrJitsu ($152.62 in chips)
Seat 2: Zabmenas ($208.62 in chips)
nrJitsu: posts small blind $1
Zabmenas: posts big blind $3
*** HOLE CARDS ***
nrJitsu: raises $3 to $6
Zabmenas: raises $3 to $9
nrJitsu: calls $3
*** FLOP *** [Kd 7h As]
Zabmenas: bets $3
nrJitsu: folds
Uncalled bet ($3) returned to Zabmenas
Zabmenas collected $17.64 from pot
Zabmenas: doesn't show hand
*** SUMMARY ***
Total pot $18 | Rake $0.36
Board [Kd 7h As]
Seat 1: nrJitsu (button) (small blind) folded on the Flop
Seat 2: Zabmenas (big blind) collected ($17.64)


PokerStars Hand #145836895803:  Hold'em Limit ($3/$6 USD) - 2015/12/24 5:25:53 ET
Table 'Siebohme II' 2-max Seat #1 is the button
Seat 1: nrJitsu ($144.62 in chips)
Seat 2: Zabmenas ($216.26 in chips)
nrJitsu: posts small blind $1
Zabmenas: posts big blind $3
*** HOLE CARDS ***
nrJitsu: raises $3 to $6
Zabmenas: raises $3 to $9
nrJitsu: calls $3
*** FLOP *** [Jc 4s Qh]
Zabmenas: bets $3
nrJitsu: calls $3
*** TURN *** [Jc 4s Qh] [Ah]
Zabmenas: bets $6
nrJitsu: folds
Uncalled bet ($6) returned to Zabmenas
Zabmenas collected $23.52 from pot
Zabmenas: doesn't show hand
*** SUMMARY ***
Total pot $24 | Rake $0.48
Board [Jc 4s Qh Ah]
Seat 1: nrJitsu (button) (small blind) folded on the Turn
Seat 2: Zabmenas (big blind) collected ($23.52)


PokerStars Hand #145836907774:  Hold'em Limit ($3/$6 USD) - 2015/12/24 5:26:18 ET
Table 'Siebohme II' 2-max Seat #1 is the button
Seat 1: nrJitsu ($129.62 in chips)
Seat 2: Zabmenas ($230.78 in chips)
nrJitsu: posts small blind $1
Zabmenas: posts big blind $3
*** HOLE CARDS ***
nrJitsu: folds
Uncalled bet ($2) returned to Zabmenas
Zabmenas collected $2 from pot
Zabmenas: doesn't show hand
*** SUMMARY ***
Total pot $2 | Rake $0
Seat 1: nrJitsu (button) (small blind) folded before Flop
Seat 2: Zabmenas (big blind) collected ($2)


PokerStars Hand #145836904960:  Hold'em Limit ($3/$6 USD) - 2015/12/24 5:26:12 ET
Table 'Siebohme II' 2-max Seat #2 is the button
Seat 1: nrJitsu ($132.62 in chips)
Seat 2: Zabmenas ($227.78 in chips)
Zabmenas: posts small blind $1
nrJitsu: posts big blind $3
*** HOLE CARDS ***
Zabmenas: raises $3 to $6
nrJitsu: folds
Uncalled bet ($3) returned to Zabmenas
Zabmenas collected $6 from pot
Zabmenas: doesn't show hand
*** SUMMARY ***
Total pot $6 | Rake $0
Seat 1: nrJitsu (big blind) folded before Flop
Seat 2: Zabmenas (button) (small blind) collected ($6)


PokerStars Hand #145836910451:  Hold'em Limit ($3/$6 USD) - 2015/12/24 5:26:24 ET
Table 'Siebohme II' 2-max Seat #2 is the button
Seat 1: nrJitsu ($128.62 in chips)
Seat 2: Zabmenas ($231.78 in chips)
Zabmenas: posts small blind $1
nrJitsu: posts big blind $3
*** HOLE CARDS ***
Zabmenas: folds
Uncalled bet ($2) returned to nrJitsu
nrJitsu collected $2 from pot
nrJitsu: doesn't show hand
*** SUMMARY ***
Total pot $2 | Rake $0
Seat 1: nrJitsu (big blind) collected ($2)
Seat 2: Zabmenas (button) (small blind) folded before Flop


PokerStars Hand #145836879941:  Hold'em Limit ($3/$6 USD) - 2015/12/24 5:25:19 ET
Table 'Siebohme II' 2-max Seat #2 is the button
Seat 1: nrJitsu ($161.62 in chips)
Seat 2: Zabmenas ($199.98 in chips)
Zabmenas: posts small blind $1
nrJitsu: posts big blind $3
*** HOLE CARDS ***
Zabmenas: raises $3 to $6
nrJitsu: calls $3
*** FLOP *** [Qd 3h Jc]
nrJitsu: checks
Zabmenas: bets $3
nrJitsu: calls $3
*** TURN *** [Qd 3h Jc] [5d]
nrJitsu: checks
Zabmenas: bets $6
nrJitsu: folds
Uncalled bet ($6) returned to Zabmenas
Zabmenas collected $17.64 from pot
Zabmenas: doesn't show hand
*** SUMMARY ***
Total pot $18 | Rake $0.36
Board [Qd 3h Jc 5d]
Seat 1: nrJitsu (big blind) folded on the Turn
Seat 2: Zabmenas (button) (small blind) collected ($17.64)


PokerStars Hand #145836931175:  Hold'em Limit ($3/$6 USD) - 2015/12/24 5:27:08 ET
Table 'Siebohme II' 2-max Seat #1 is the button
Seat 1: nrJitsu ($117.38 in chips)
Seat 2: Zabmenas ($242.28 in chips)
nrJitsu: posts small blind $1
Zabmenas: posts big blind $3
*** HOLE CARDS ***
nrJitsu: raises $3 to $6
Zabmenas: folds
Uncalled bet ($3) returned to nrJitsu
nrJitsu collected $6 from pot
nrJitsu: doesn't show hand
*** SUMMARY ***
Total pot $6 | Rake $0
Seat 1: nrJitsu (button) (small blind) collected ($6)
Seat 2: Zabmenas (big blind) folded before Flop


PokerStars Hand #145836917410:  Hold'em Limit ($3/$6 USD) - 2015/12/24 5:26:39 ET
Table 'Siebohme II' 2-max Seat #2 is the button
Seat 1: nrJitsu ($135.38 in chips)
Seat 2: Zabmenas ($224.78 in chips)
Zabmenas: posts small blind $1
nrJitsu: posts big blind $3
*** HOLE CARDS ***
Zabmenas: raises $3 to $6
nrJitsu: raises $3 to $9
Zabmenas: calls $3
*** FLOP *** [4h Qs 8h]
nrJitsu: bets $3
Zabmenas: calls $3
*** TURN *** [4h Qs 8h] [9c]
nrJitsu: checks
Zabmenas: bets $6
nrJitsu: calls $6
*** RIVER *** [4h Qs 8h 9c] [Kd]
nrJitsu: checks
Zabmenas: bets $6
nrJitsu: folds
Uncalled bet ($6) returned to Zabmenas
Zabmenas collected $35.50 from pot
Zabmenas: doesn't show hand
*** SUMMARY ***
Total pot $36 | Rake $0.50
Board [4h Qs 8h 9c Kd]
Seat 1: nrJitsu (big blind) folded on the River
Seat 2: Zabmenas (button) (small blind) collected ($35.50)


PokerStars Hand #145836934222:  Hold'em Limit ($3/$6 USD) - 2015/12/24 5:27:14 ET
Table 'Siebohme II' 2-max Seat #2 is the button
Seat 1: nrJitsu ($120.38 in chips)
Seat 2: Zabmenas ($239.28 in chips)
Zabmenas: posts small blind $1
nrJitsu: posts big blind $3
*** HOLE CARDS ***
Zabmenas: raises $3 to $6
nrJitsu: folds
Uncalled bet ($3) returned to Zabmenas
Zabmenas collected $6 from pot
Zabmenas: doesn't show hand
*** SUMMARY ***
Total pot $6 | Rake $0
Seat 1: nrJitsu (big blind) folded before Flop
Seat 2: Zabmenas (button) (small blind) collected ($6)


PokerStars Hand #145836912535:  Hold'em Limit ($3/$6 USD) - 2015/12/24 5:26:28 ET
Table 'Siebohme II' 2-max Seat #1 is the button
Seat 1: nrJitsu ($129.62 in chips)
Seat 2: Zabmenas ($230.78 in chips)
nrJitsu: posts small blind $1
Zabmenas: posts big blind $3
*** HOLE CARDS ***
nrJitsu: raises $3 to $6
Zabmenas: calls $3
*** FLOP *** [Jd Ac Ah]
Zabmenas: checks
nrJitsu: bets $3
Zabmenas: folds
Uncalled bet ($3) returned to nrJitsu
nrJitsu collected $11.76 from pot
nrJitsu: doesn't show hand
*** SUMMARY ***
Total pot $12 | Rake $0.24
Board [Jd Ac Ah]
Seat 1: nrJitsu (button) (small blind) collected ($11.76)
Seat 2: Zabmenas (big blind) folded on the Flop


PokerStars Hand #145836944111:  Hold'em Limit ($3/$6 USD) - 2015/12/24 5:27:36 ET
Table 'Siebohme II' 2-max Seat #2 is the button
Seat 1: nrJitsu ($137.88 in chips)
Seat 2: Zabmenas ($221.28 in chips)
Zabmenas: posts small blind $1
nrJitsu: posts big blind $3
*** HOLE CARDS ***
Zabmenas: raises $3 to $6
nrJitsu: raises $3 to $9
Zabmenas: calls $3
*** FLOP *** [Qd 9h 6h]
nrJitsu: bets $3
Zabmenas: calls $3
*** TURN *** [Qd 9h 6h] [Ks]
nrJitsu: bets $6
Zabmenas: calls $6
*** RIVER *** [Qd 9h 6h Ks] [9c]
nrJitsu: bets $6
Zabmenas: raises $6 to $12
nrJitsu: calls $6
*** SHOW DOWN ***
Zabmenas: shows [9d Jh] (three of a kind, Nines)
nrJitsu: mucks hand
Zabmenas collected $59.50 from pot
*** SUMMARY ***
Total pot $60 | Rake $0.50
Board [Qd 9h 6h Ks 9c]
Seat 1: nrJitsu (big blind) mucked
Seat 2: Zabmenas (button) (small blind) showed [9d Jh] and won ($59.50) with three of a kind, Nines


PokerStars Hand #145836954667:  Hold'em Limit ($3/$6 USD) - 2015/12/24 5:27:58 ET
Table 'Siebohme II' 2-max Seat #1 is the button
Seat 1: nrJitsu ($107.88 in chips)
Seat 2: Zabmenas ($250.78 in chips)
nrJitsu: posts small blind $1
Zabmenas: posts big blind $3
*** HOLE CARDS ***
nrJitsu: raises $3 to $6
Zabmenas: calls $3
*** FLOP *** [7c Js 7h]
Zabmenas: checks
nrJitsu: bets $3
Zabmenas: calls $3
*** TURN *** [7c Js 7h] [Jh]
Zabmenas: checks
nrJitsu: checks
*** RIVER *** [7c Js 7h Jh] [4d]
Zabmenas: checks
nrJitsu: checks
*** SHOW DOWN ***
Zabmenas: shows [Ts 8c] (two pair, Jacks and Sevens)
nrJitsu: mucks hand
Zabmenas collected $17.64 from pot
*** SUMMARY ***
Total pot $18 | Rake $0.36
Board [7c Js 7h Jh 4d]
Seat 1: nrJitsu (button) (small blind) mucked
Seat 2: Zabmenas (big blind) showed [Ts 8c] and won ($17.64) with two pair, Jacks and Sevens


PokerStars Hand #145836965576:  Hold'em Limit ($3/$6 USD) - 2015/12/24 5:28:21 ET
Table 'Siebohme II' 2-max Seat #2 is the button
Seat 1: nrJitsu ($98.88 in chips)
Seat 2: Zabmenas ($259.42 in chips)
Zabmenas: posts small blind $1
nrJitsu: posts big blind $3
*** HOLE CARDS ***
Zabmenas: raises $3 to $6
nrJitsu: calls $3
*** FLOP *** [Qh 4s Kc]
nrJitsu: checks
Zabmenas: bets $3
nrJitsu: calls $3
*** TURN *** [Qh 4s Kc] [2h]
nrJitsu: checks
Zabmenas: bets $6
nrJitsu: calls $6
*** RIVER *** [Qh 4s Kc 2h] [6c]
nrJitsu: checks
Zabmenas: checks
*** SHOW DOWN ***
nrJitsu: shows [7c 4c] (a pair of Fours)
Zabmenas: mucks hand
nrJitsu collected $29.50 from pot
*** SUMMARY ***
Total pot $30 | Rake $0.50
Board [Qh 4s Kc 2h 6c]
Seat 1: nrJitsu (big blind) showed [7c 4c] and won ($29.50) with a pair of Fours
Seat 2: Zabmenas (button) (small blind) mucked


PokerStars Hand #145836936276:  Hold'em Limit ($3/$6 USD) - 2015/12/24 5:27:19 ET
Table 'Siebohme II' 2-max Seat #1 is the button
Seat 1: nrJitsu ($117.38 in chips)
Seat 2: Zabmenas ($242.28 in chips)
nrJitsu: posts small blind $1
Zabmenas: posts big blind $3
*** HOLE CARDS ***
nrJitsu: raises $3 to $6
Zabmenas: calls $3
*** FLOP *** [Th 2h Ac]
Zabmenas: checks
nrJitsu: bets $3
Zabmenas: calls $3
*** TURN *** [Th 2h Ac] [3h]
Zabmenas: checks
nrJitsu: bets $6
Zabmenas: calls $6
*** RIVER *** [Th 2h Ac 3h] [5c]
Zabmenas: checks
nrJitsu: bets $6
Zabmenas: calls $6
*** SHOW DOWN ***
nrJitsu: shows [Td 7h] (a pair of Tens)
Zabmenas: mucks hand
nrJitsu collected $41.50 from pot
*** SUMMARY ***
Total pot $42 | Rake $0.50
Board [Th 2h Ac 3h 5c]
Seat 1: nrJitsu (button) (small blind) showed [Td 7h] and won ($41.50) with a pair of Tens
Seat 2: Zabmenas (big blind) mucked


PokerStars Hand #145836975133:  Hold'em Limit ($3/$6 USD) - 2015/12/24 5:28:41 ET
Table 'Siebohme II' 2-max Seat #2 is the button
Seat 1: nrJitsu ($116.38 in chips)
Seat 2: Zabmenas ($241.42 in chips)
Zabmenas: posts small blind $1
nrJitsu: posts big blind $3
*** HOLE CARDS ***
Zabmenas: raises $3 to $6
nrJitsu: raises $3 to $9
Zabmenas: calls $3
*** FLOP *** [4d Ac Ad]
nrJitsu: bets $3
Zabmenas: calls $3
*** TURN *** [4d Ac Ad] [7c]
nrJitsu: bets $6
Zabmenas: raises $6 to $12
nrJitsu: calls $6
*** RIVER *** [4d Ac Ad 7c] [6s]
nrJitsu: checks
Zabmenas: checks
*** SHOW DOWN ***
nrJitsu: shows [Jd Jc] (two pair, Aces and Jacks)
Zabmenas: mucks hand
nrJitsu collected $47.50 from pot
*** SUMMARY ***
Total pot $48 | Rake $0.50
Board [4d Ac Ad 7c 6s]
Seat 1: nrJitsu (big blind) showed [Jd Jc] and won ($47.50) with two pair, Aces and Jacks
Seat 2: Zabmenas (button) (small blind) mucked


PokerStars Hand #145837002569:  Hold'em Limit ($3/$6 USD) - 2015/12/24 5:29:38 ET
Table 'Siebohme II' 2-max Seat #2 is the button
Seat 1: nrJitsu ($169.38 in chips)
Seat 2: Zabmenas ($187.42 in chips)
Zabmenas: posts small blind $1
nrJitsu: posts big blind $3
*** HOLE CARDS ***
Zabmenas: raises $3 to $6
nrJitsu: calls $3
*** FLOP *** [8s 8d Jh]
nrJitsu: checks
Zabmenas: bets $3
nrJitsu: calls $3
*** TURN *** [8s 8d Jh] [Kc]
nrJitsu: checks
Zabmenas: bets $6
nrJitsu: raises $6 to $12
Zabmenas: calls $6
*** RIVER *** [8s 8d Jh Kc] [Ac]
nrJitsu: bets $6
Zabmenas: raises $6 to $12
nrJitsu: calls $6
*** SHOW DOWN ***
Zabmenas: shows [As Qc] (two pair, Aces and Eights)
nrJitsu: mucks hand
Zabmenas collected $65.50 from pot
*** SUMMARY ***
Total pot $66 | Rake $0.50
Board [8s 8d Jh Kc Ac]
Seat 1: nrJitsu (big blind) mucked
Seat 2: Zabmenas (button) (small blind) showed [As Qc] and won ($65.50) with two pair, Aces and Eights


PokerStars Hand #145837018295:  Hold'em Limit ($3/$6 USD) - 2015/12/24 5:30:11 ET
Table 'Siebohme II' 2-max Seat #1 is the button
Seat 1: nrJitsu ($136.38 in chips)
Seat 2: Zabmenas ($219.92 in chips)
nrJitsu: posts small blind $1
Zabmenas: posts big blind $3
*** HOLE CARDS ***
nrJitsu: raises $3 to $6
Zabmenas: folds
Uncalled bet ($3) returned to nrJitsu
nrJitsu collected $6 from pot
nrJitsu: doesn't show hand
*** SUMMARY ***
Total pot $6 | Rake $0
Seat 1: nrJitsu (button) (small blind) collected ($6)
Seat 2: Zabmenas (big blind) folded before Flop


PokerStars Hand #145836982410:  Hold'em Limit ($3/$6 USD) - 2015/12/24 5:28:56 ET
Table 'Siebohme II' 2-max Seat #1 is the button
Seat 1: nrJitsu ($139.88 in chips)
Seat 2: Zabmenas ($217.42 in chips)
nrJitsu: posts small blind $1
Zabmenas: posts big blind $3
*** HOLE CARDS ***
nrJitsu: raises $3 to $6
Zabmenas: raises $3 to $9
nrJitsu: calls $3
*** FLOP *** [Qs Tc 6h]
Zabmenas: bets $3
nrJitsu: calls $3
*** TURN *** [Qs Tc 6h] [Kd]
Zabmenas: bets $6
nrJitsu: raises $6 to $12
Zabmenas: calls $6
*** RIVER *** [Qs Tc 6h Kd] [5c]
Zabmenas: checks
nrJitsu: bets $6
Zabmenas: calls $6
*** SHOW DOWN ***
nrJitsu: shows [Jc As] (a straight, Ten to Ace)
Zabmenas: mucks hand
nrJitsu collected $59.50 from pot
*** SUMMARY ***
Total pot $60 | Rake $0.50
Board [Qs Tc 6h Kd 5c]
Seat 1: nrJitsu (button) (small blind) showed [Jc As] and won ($59.50) with a straight, Ten to Ace
Seat 2: Zabmenas (big blind) mucked


PokerStars Hand #145837032699:  Hold'em Limit ($3/$6 USD) - 2015/12/24 5:30:41 ET
Table 'Siebohme II' 2-max Seat #1 is the button
Seat 1: nrJitsu ($124.38 in chips)
Seat 2: Zabmenas ($231.42 in chips)
nrJitsu: posts small blind $1
Zabmenas: posts big blind $3
*** HOLE CARDS ***
nrJitsu: raises $3 to $6
Zabmenas: calls $3
*** FLOP *** [Jh Kd Ts]
Zabmenas: checks
nrJitsu: bets $3
Zabmenas: calls $3
*** TURN *** [Jh Kd Ts] [Js]
Zabmenas: checks
nrJitsu: bets $6
Zabmenas: folds
Uncalled bet ($6) returned to nrJitsu
nrJitsu collected $17.64 from pot
nrJitsu: doesn't show hand
*** SUMMARY ***
Total pot $18 | Rake $0.36
Board [Jh Kd Ts Js]
Seat 1: nrJitsu (button) (small blind) collected ($17.64)
Seat 2: Zabmenas (big blind) folded on the Turn


PokerStars Hand #145837041716:  Hold'em Limit ($3/$6 USD) - 2015/12/24 5:31:00 ET
Table 'Siebohme II' 2-max Seat #1 is the button
Seat 1: nrJitsu ($134.02 in chips)
Seat 2: Zabmenas ($221.42 in chips)
nrJitsu: posts small blind $1
Zabmenas: posts big blind $3
*** HOLE CARDS ***
nrJitsu: raises $3 to $6
Zabmenas: folds
Uncalled bet ($3) returned to nrJitsu
nrJitsu collected $6 from pot
nrJitsu: doesn't show hand
*** SUMMARY ***
Total pot $6 | Rake $0
Seat 1: nrJitsu (button) (small blind) collected ($6)
Seat 2: Zabmenas (big blind) folded before Flop


PokerStars Hand #145837039511:  Hold'em Limit ($3/$6 USD) - 2015/12/24 5:30:55 ET
Table 'Siebohme II' 2-max Seat #2 is the button
Seat 1: nrJitsu ($133.02 in chips)
Seat 2: Zabmenas ($222.42 in chips)
Zabmenas: posts small blind $1
nrJitsu: posts big blind $3
*** HOLE CARDS ***
Zabmenas: folds
Uncalled bet ($2) returned to nrJitsu
nrJitsu collected $2 from pot
nrJitsu: doesn't show hand
*** SUMMARY ***
Total pot $2 | Rake $0
Seat 1: nrJitsu (big blind) collected ($2)
Seat 2: Zabmenas (button) (small blind) folded before Flop


PokerStars Hand #145837044294:  Hold'em Limit ($3/$6 USD) - 2015/12/24 5:31:05 ET
Table 'Siebohme II' 2-max Seat #2 is the button
Seat 1: nrJitsu ($137.02 in chips)
Seat 2: Zabmenas ($218.42 in chips)
Zabmenas: posts small blind $1
nrJitsu: posts big blind $3
*** HOLE CARDS ***
Zabmenas: raises $3 to $6
nrJitsu: calls $3
*** FLOP *** [Td 3h 9s]
nrJitsu: checks
Zabmenas: bets $3
nrJitsu: calls $3
*** TURN *** [Td 3h 9s] [Jh]
nrJitsu: checks
Zabmenas: bets $6
nrJitsu: folds
Uncalled bet ($6) returned to Zabmenas
Zabmenas collected $17.64 from pot
Zabmenas: doesn't show hand
*** SUMMARY ***
Total pot $18 | Rake $0.36
Board [Td 3h 9s Jh]
Seat 1: nrJitsu (big blind) folded on the Turn
Seat 2: Zabmenas (button) (small blind) collected ($17.64)


PokerStars Hand #145837052394:  Hold'em Limit ($3/$6 USD) - 2015/12/24 5:31:22 ET
Table 'Siebohme II' 2-max Seat #1 is the button
Seat 1: nrJitsu ($128.02 in chips)
Seat 2: Zabmenas ($227.06 in chips)
nrJitsu: posts small blind $1
Zabmenas: posts big blind $3
*** HOLE CARDS ***
nrJitsu: raises $3 to $6
Zabmenas: folds
Uncalled bet ($3) returned to nrJitsu
nrJitsu collected $6 from pot
nrJitsu: doesn't show hand
*** SUMMARY ***
Total pot $6 | Rake $0
Seat 1: nrJitsu (button) (small blind) collected ($6)
Seat 2: Zabmenas (big blind) folded before Flop


PokerStars Hand #145837021890:  Hold'em Limit ($3/$6 USD) - 2015/12/24 5:30:18 ET
Table 'Siebohme II' 2-max Seat #2 is the button
Seat 1: nrJitsu ($139.38 in chips)
Seat 2: Zabmenas ($216.92 in chips)
Zabmenas: posts small blind $1
nrJitsu: posts big blind $3
*** HOLE CARDS ***
Zabmenas: raises $3 to $6
nrJitsu: calls $3
*** FLOP *** [7d 9d Jc]
nrJitsu: checks
Zabmenas: bets $3
nrJitsu: calls $3
*** TURN *** [7d 9d Jc] [Ac]
nrJitsu: checks
Zabmenas: checks
*** RIVER *** [7d 9d Jc Ac] [Ad]
nrJitsu: checks
Zabmenas: bets $6
nrJitsu: calls $6
*** SHOW DOWN ***
Zabmenas: shows [7s Kc] (two pair, Aces and Sevens)
nrJitsu: mucks hand
Zabmenas collected $29.50 from pot
*** SUMMARY ***
Total pot $30 | Rake $0.50
Board [7d 9d Jc Ac Ad]
Seat 1: nrJitsu (big blind) mucked
Seat 2: Zabmenas (button) (small blind) showed [7s Kc] and won ($29.50) with two pair, Aces and Sevens


PokerStars Hand #145837055093:  Hold'em Limit ($3/$6 USD) - 2015/12/24 5:31:28 ET
Table 'Siebohme II' 2-max Seat #2 is the button
Seat 1: nrJitsu ($131.02 in chips)
Seat 2: Zabmenas ($224.06 in chips)
Zabmenas: posts small blind $1
nrJitsu: posts big blind $3
*** HOLE CARDS ***
Zabmenas: raises $3 to $6
nrJitsu: calls $3
*** FLOP *** [5h 6h 9h]
nrJitsu: checks
Zabmenas: bets $3
nrJitsu: folds
Uncalled bet ($3) returned to Zabmenas
Zabmenas collected $11.76 from pot
Zabmenas: doesn't show hand
*** SUMMARY ***
Total pot $12 | Rake $0.24
Board [5h 6h 9h]
Seat 1: nrJitsu (big blind) folded on the Flop
Seat 2: Zabmenas (button) (small blind) collected ($11.76)


PokerStars Hand #145837060166:  Hold'em Limit ($3/$6 USD) - 2015/12/24 5:31:39 ET
Table 'Siebohme II' 2-max Seat #1 is the button
Seat 1: nrJitsu ($125.02 in chips)
Seat 2: Zabmenas ($229.82 in chips)
nrJitsu: posts small blind $1
Zabmenas: posts big blind $3
*** HOLE CARDS ***
nrJitsu: raises $3 to $6
Zabmenas: calls $3
*** FLOP *** [As 6s Kd]
Zabmenas: checks
nrJitsu: bets $3
Zabmenas: calls $3
*** TURN *** [As 6s Kd] [9c]
Zabmenas: checks
nrJitsu: bets $6
Zabmenas: raises $6 to $12
nrJitsu: raises $6 to $18
Zabmenas: calls $6
*** RIVER *** [As 6s Kd 9c] [9h]
Zabmenas: checks
nrJitsu: bets $6
Zabmenas: calls $6
*** SHOW DOWN ***
nrJitsu: shows [8h 7h] (a pair of Nines)
Zabmenas: shows [4h Ac] (two pair, Aces and Nines)
Zabmenas collected $65.50 from pot
*** SUMMARY ***
Total pot $66 | Rake $0.50
Board [As 6s Kd 9c 9h]
Seat 1: nrJitsu (button) (small blind) showed [8h 7h] and lost with a pair of Nines
Seat 2: Zabmenas (big blind) showed [4h Ac] and won ($65.50) with two pair, Aces and Nines


PokerStars Hand #145837069341:  Hold'em Limit ($3/$6 USD) - 2015/12/24 5:31:58 ET
Table 'Siebohme II' 2-max Seat #2 is the button
Seat 1: nrJitsu ($92.02 in chips)
Seat 2: Zabmenas ($262.32 in chips)
Zabmenas: posts small blind $1
nrJitsu: posts big blind $3
*** HOLE CARDS ***
Zabmenas: raises $3 to $6
nrJitsu: raises $3 to $9
Zabmenas: raises $3 to $12
Betting is capped
nrJitsu: calls $3
*** FLOP *** [Qs 4d 8d]
nrJitsu: checks
Zabmenas: bets $3
nrJitsu: calls $3
*** TURN *** [Qs 4d 8d] [9h]
nrJitsu: checks
Zabmenas: bets $6
nrJitsu: calls $6
*** RIVER *** [Qs 4d 8d 9h] [5d]
nrJitsu: checks
Zabmenas: bets $6
nrJitsu: folds
Uncalled bet ($6) returned to Zabmenas
Zabmenas collected $41.50 from pot
Zabmenas: doesn't show hand
*** SUMMARY ***
Total pot $42 | Rake $0.50
Board [Qs 4d 8d 9h 5d]
Seat 1: nrJitsu (big blind) folded on the River
Seat 2: Zabmenas (button) (small blind) collected ($41.50)


PokerStars Hand #145837077800:  Hold'em Limit ($3/$6 USD) - 2015/12/24 5:32:16 ET
Table 'Siebohme II' 2-max Seat #1 is the button
Seat 1: nrJitsu ($71.02 in chips)
Seat 2: Zabmenas ($282.82 in chips)
nrJitsu: posts small blind $1
Zabmenas: posts big blind $3
*** HOLE CARDS ***
nrJitsu: folds
Uncalled bet ($2) returned to Zabmenas
Zabmenas collected $2 from pot
Zabmenas: doesn't show hand
*** SUMMARY ***
Total pot $2 | Rake $0
Seat 1: nrJitsu (button) (small blind) folded before Flop
Seat 2: Zabmenas (big blind) collected ($2)


PokerStars Hand #145837079935:  Hold'em Limit ($3/$6 USD) - 2015/12/24 5:32:20 ET
Table 'Siebohme II' 2-max Seat #2 is the button
Seat 1: nrJitsu ($70.02 in chips)
Seat 2: Zabmenas ($283.82 in chips)
Zabmenas: posts small blind $1
nrJitsu: posts big blind $3
*** HOLE CARDS ***
Zabmenas: raises $3 to $6
nrJitsu: raises $3 to $9
Zabmenas: calls $3
*** FLOP *** [8d Kd 6h]
nrJitsu: bets $3
Zabmenas: calls $3
*** TURN *** [8d Kd 6h] [Ks]
nrJitsu: bets $6
Zabmenas: raises $6 to $12
nrJitsu: calls $6
*** RIVER *** [8d Kd 6h Ks] [Qs]
nrJitsu: checks
Zabmenas: bets $6
nrJitsu: calls $6
*** SHOW DOWN ***
Zabmenas: shows [7h 8s] (two pair, Kings and Eights)
nrJitsu: mucks hand
Zabmenas collected $59.50 from pot
*** SUMMARY ***
Total pot $60 | Rake $0.50
Board [8d Kd 6h Ks Qs]
Seat 1: nrJitsu (big blind) mucked
Seat 2: Zabmenas (button) (small blind) showed [7h 8s] and won ($59.50) with two pair, Kings and Eights


PokerStars Hand #145837096090:  Hold'em Limit ($3/$6 USD) - 2015/12/24 5:32:54 ET
Table 'Siebohme II' 2-max Seat #2 is the button
Seat 1: nrJitsu ($563.52 in chips)
Seat 2: Zabmenas ($289.32 in chips)
Zabmenas: posts small blind $1
nrJitsu: posts big blind $3
*** HOLE CARDS ***
Zabmenas: raises $3 to $6
nrJitsu: raises $3 to $9
Zabmenas: calls $3
*** FLOP *** [Qd Jd 3d]
nrJitsu: bets $3
Zabmenas: calls $3
*** TURN *** [Qd Jd 3d] [5h]
nrJitsu: bets $6
Zabmenas: calls $6
*** RIVER *** [Qd Jd 3d 5h] [8c]
nrJitsu: bets $6
Zabmenas: calls $6
*** SHOW DOWN ***
nrJitsu: shows [Kd Td] (a flush, King high)
Zabmenas: mucks hand
nrJitsu collected $47.50 from pot
*** SUMMARY ***
Total pot $48 | Rake $0.50
Board [Qd Jd 3d 5h 8c]
Seat 1: nrJitsu (big blind) showed [Kd Td] and won ($47.50) with a flush, King high
Seat 2: Zabmenas (button) (small blind) mucked


PokerStars Hand #145837104583:  Hold'em Limit ($3/$6 USD) - 2015/12/24 5:33:12 ET
Table 'Siebohme II' 2-max Seat #1 is the button
Seat 1: nrJitsu ($587.02 in chips)
Seat 2: Zabmenas ($265.32 in chips)
nrJitsu: posts small blind $1
Zabmenas: posts big blind $3
*** HOLE CARDS ***
nrJitsu: raises $3 to $6
Zabmenas: folds
Uncalled bet ($3) returned to nrJitsu
nrJitsu collected $6 from pot
nrJitsu: doesn't show hand
*** SUMMARY ***
Total pot $6 | Rake $0
Seat 1: nrJitsu (button) (small blind) collected ($6)
Seat 2: Zabmenas (big blind) folded before Flop


PokerStars Hand #145837107369:  Hold'em Limit ($3/$6 USD) - 2015/12/24 5:33:17 ET
Table 'Siebohme II' 2-max Seat #2 is the button
Seat 1: nrJitsu ($590.02 in chips)
Seat 2: Zabmenas ($262.32 in chips)
Zabmenas: posts small blind $1
nrJitsu: posts big blind $3
*** HOLE CARDS ***
Zabmenas: raises $3 to $6
nrJitsu: calls $3
*** FLOP *** [Td Ks Ah]
nrJitsu: checks
Zabmenas: bets $3
nrJitsu: calls $3
*** TURN *** [Td Ks Ah] [Qh]
nrJitsu: checks
Zabmenas: checks
*** RIVER *** [Td Ks Ah Qh] [Qs]
nrJitsu: bets $6
Zabmenas: raises $6 to $12
nrJitsu: calls $6
*** SHOW DOWN ***
Zabmenas: shows [4c Jc] (a straight, Ten to Ace)
nrJitsu: mucks hand
Zabmenas collected $41.50 from pot
*** SUMMARY ***
Total pot $42 | Rake $0.50
Board [Td Ks Ah Qh Qs]
Seat 1: nrJitsu (big blind) mucked
Seat 2: Zabmenas (button) (small blind) showed [4c Jc] and won ($41.50) with a straight, Ten to Ace


PokerStars Hand #145837122982:  Hold'em Limit ($3/$6 USD) - 2015/12/24 5:33:50 ET
Table 'Siebohme II' 2-max Seat #1 is the button
Seat 1: nrJitsu ($569.02 in chips)
Seat 2: Zabmenas ($282.82 in chips)
nrJitsu: posts small blind $1
Zabmenas: posts big blind $3
*** HOLE CARDS ***
nrJitsu: raises $3 to $6
Zabmenas: raises $3 to $9
nrJitsu: calls $3
*** FLOP *** [7c 9d Kd]
Zabmenas: bets $3
nrJitsu: calls $3
*** TURN *** [7c 9d Kd] [Th]
Zabmenas: bets $6
nrJitsu: calls $6
*** RIVER *** [7c 9d Kd Th] [Js]
Zabmenas: bets $6
nrJitsu: calls $6
*** SHOW DOWN ***
Zabmenas: shows [Jd Kc] (two pair, Kings and Jacks)
nrJitsu: mucks hand
Zabmenas collected $47.50 from pot
*** SUMMARY ***
Total pot $48 | Rake $0.50
Board [7c 9d Kd Th Js]
Seat 1: nrJitsu (button) (small blind) mucked
Seat 2: Zabmenas (big blind) showed [Jd Kc] and won ($47.50) with two pair, Kings and Jacks


PokerStars Hand #145837162798:  Hold'em Limit ($3/$6 USD) - 2015/12/24 5:35:13 ET
Table 'Siebohme II' 2-max Seat #1 is the button
Seat 1: nrJitsu ($552.52 in chips)
Seat 2: Zabmenas ($298.08 in chips)
nrJitsu: posts small blind $1
Zabmenas: posts big blind $3
*** HOLE CARDS ***
nrJitsu: raises $3 to $6
Zabmenas: raises $3 to $9
nrJitsu: calls $3
*** FLOP *** [4c Ts 8s]
Zabmenas: bets $3
nrJitsu: calls $3
*** TURN *** [4c Ts 8s] [6s]
Zabmenas: bets $6
nrJitsu: calls $6
*** RIVER *** [4c Ts 8s 6s] [6h]
Zabmenas: bets $6
nrJitsu: folds
Uncalled bet ($6) returned to Zabmenas
Zabmenas collected $35.50 from pot
Zabmenas: doesn't show hand
*** SUMMARY ***
Total pot $36 | Rake $0.50
Board [4c Ts 8s 6s 6h]
Seat 1: nrJitsu (button) (small blind) folded on the River
Seat 2: Zabmenas (big blind) collected ($35.50)


PokerStars Hand #145837133556:  Hold'em Limit ($3/$6 USD) - 2015/12/24 5:34:12 ET
Table 'Siebohme II' 2-max Seat #2 is the button
Seat 1: nrJitsu ($545.02 in chips)
Seat 2: Zabmenas ($306.32 in chips)
Zabmenas: posts small blind $1
nrJitsu: posts big blind $3
*** HOLE CARDS ***
Zabmenas: raises $3 to $6
nrJitsu: calls $3
*** FLOP *** [9h Jh 8h]
nrJitsu: checks
Zabmenas: bets $3
nrJitsu: calls $3
*** TURN *** [9h Jh 8h] [7s]
nrJitsu: checks
Zabmenas: bets $6
nrJitsu: calls $6
*** RIVER *** [9h Jh 8h 7s] [Td]
nrJitsu: checks
Zabmenas: checks
*** SHOW DOWN ***
nrJitsu: shows [Qh 6c] (a straight, Eight to Queen)
Zabmenas: mucks hand
nrJitsu collected $29.50 from pot
*** SUMMARY ***
Total pot $30 | Rake $0.50
Board [9h Jh 8h 7s Td]
Seat 1: nrJitsu (big blind) showed [Qh 6c] and won ($29.50) with a straight, Eight to Queen
Seat 2: Zabmenas (button) (small blind) mucked


PokerStars Hand #145837152003:  Hold'em Limit ($3/$6 USD) - 2015/12/24 5:34:51 ET
Table 'Siebohme II' 2-max Seat #2 is the button
Seat 1: nrJitsu ($562.52 in chips)
Seat 2: Zabmenas ($288.32 in chips)
Zabmenas: posts small blind $1
nrJitsu: posts big blind $3
*** HOLE CARDS ***
Zabmenas: raises $3 to $6
nrJitsu: folds
Uncalled bet ($3) returned to Zabmenas
Zabmenas collected $6 from pot
Zabmenas: doesn't show hand
*** SUMMARY ***
Total pot $6 | Rake $0
Seat 1: nrJitsu (big blind) folded before Flop
Seat 2: Zabmenas (button) (small blind) collected ($6)


PokerStars Hand #145837145839:  Hold'em Limit ($3/$6 USD) - 2015/12/24 5:34:38 ET
Table 'Siebohme II' 2-max Seat #1 is the button
Seat 1: nrJitsu ($559.52 in chips)
Seat 2: Zabmenas ($291.32 in chips)
nrJitsu: posts small blind $1
Zabmenas: posts big blind $3
*** HOLE CARDS ***
nrJitsu: raises $3 to $6
Zabmenas: folds
Uncalled bet ($3) returned to nrJitsu
nrJitsu collected $6 from pot
nrJitsu: doesn't show hand
*** SUMMARY ***
Total pot $6 | Rake $0
Seat 1: nrJitsu (button) (small blind) collected ($6)
Seat 2: Zabmenas (big blind) folded before Flop


PokerStars Hand #145837155200:  Hold'em Limit ($3/$6 USD) - 2015/12/24 5:34:57 ET
Table 'Siebohme II' 2-max Seat #1 is the button
Seat 1: nrJitsu ($559.52 in chips)
Seat 2: Zabmenas ($291.32 in chips)
nrJitsu: posts small blind $1
Zabmenas: posts big blind $3
*** HOLE CARDS ***
nrJitsu: folds
Uncalled bet ($2) returned to Zabmenas
Zabmenas collected $2 from pot
Zabmenas: doesn't show hand
*** SUMMARY ***
Total pot $2 | Rake $0
Seat 1: nrJitsu (button) (small blind) folded before Flop
Seat 2: Zabmenas (big blind) collected ($2)


PokerStars Hand #145837157346:  Hold'em Limit ($3/$6 USD) - 2015/12/24 5:35:02 ET
Table 'Siebohme II' 2-max Seat #2 is the button
Seat 1: nrJitsu ($558.52 in chips)
Seat 2: Zabmenas ($292.32 in chips)
Zabmenas: posts small blind $1
nrJitsu: posts big blind $3
*** HOLE CARDS ***
Zabmenas: raises $3 to $6
nrJitsu: calls $3
*** FLOP *** [5c 7h Qd]
nrJitsu: checks
Zabmenas: bets $3
nrJitsu: folds
Uncalled bet ($3) returned to Zabmenas
Zabmenas collected $11.76 from pot
Zabmenas: doesn't show hand
*** SUMMARY ***
Total pot $12 | Rake $0.24
Board [5c 7h Qd]
Seat 1: nrJitsu (big blind) folded on the Flop
Seat 2: Zabmenas (button) (small blind) collected ($11.76)


PokerStars Hand #145837175079:  Hold'em Limit ($3/$6 USD) - 2015/12/24 5:35:39 ET
Table 'Siebohme II' 2-max Seat #1 is the button
Seat 1: nrJitsu ($535.52 in chips)
Seat 2: Zabmenas ($314.58 in chips)
nrJitsu: posts small blind $1
Zabmenas: posts big blind $3
*** HOLE CARDS ***
nrJitsu: raises $3 to $6
Zabmenas: folds
Uncalled bet ($3) returned to nrJitsu
nrJitsu collected $6 from pot
nrJitsu: doesn't show hand
*** SUMMARY ***
Total pot $6 | Rake $0
Seat 1: nrJitsu (button) (small blind) collected ($6)
Seat 2: Zabmenas (big blind) folded before Flop


PokerStars Hand #145837172865:  Hold'em Limit ($3/$6 USD) - 2015/12/24 5:35:34 ET
Table 'Siebohme II' 2-max Seat #2 is the button
Seat 1: nrJitsu ($534.52 in chips)
Seat 2: Zabmenas ($315.58 in chips)
Zabmenas: posts small blind $1
nrJitsu: posts big blind $3
*** HOLE CARDS ***
Zabmenas: folds
Uncalled bet ($2) returned to nrJitsu
nrJitsu collected $2 from pot
nrJitsu: doesn't show hand
*** SUMMARY ***
Total pot $2 | Rake $0
Seat 1: nrJitsu (big blind) collected ($2)
Seat 2: Zabmenas (button) (small blind) folded before Flop


PokerStars Hand #145837180493:  Hold'em Limit ($3/$6 USD) - 2015/12/24 5:35:50 ET
Table 'Siebohme II' 2-max Seat #1 is the button
Seat 1: nrJitsu ($535.52 in chips)
Seat 2: Zabmenas ($314.58 in chips)
nrJitsu: posts small blind $1
Zabmenas: posts big blind $3
*** HOLE CARDS ***
nrJitsu: raises $3 to $6
Zabmenas: folds
Uncalled bet ($3) returned to nrJitsu
nrJitsu collected $6 from pot
nrJitsu: doesn't show hand
*** SUMMARY ***
Total pot $6 | Rake $0
Seat 1: nrJitsu (button) (small blind) collected ($6)
Seat 2: Zabmenas (big blind) folded before Flop


PokerStars Hand #145837178015:  Hold'em Limit ($3/$6 USD) - 2015/12/24 5:35:44 ET
Table 'Siebohme II' 2-max Seat #2 is the button
Seat 1: nrJitsu ($538.52 in chips)
Seat 2: Zabmenas ($311.58 in chips)
Zabmenas: posts small blind $1
nrJitsu: posts big blind $3
*** HOLE CARDS ***
Zabmenas: raises $3 to $6
nrJitsu: folds
Uncalled bet ($3) returned to Zabmenas
Zabmenas collected $6 from pot
Zabmenas: doesn't show hand
*** SUMMARY ***
Total pot $6 | Rake $0
Seat 1: nrJitsu (big blind) folded before Flop
Seat 2: Zabmenas (button) (small blind) collected ($6)


PokerStars Hand #145837200850:  Hold'em Limit ($3/$6 USD) - 2015/12/24 5:36:32 ET
Table 'Siebohme II' 2-max Seat #1 is the button
Seat 1: nrJitsu ($583.52 in chips)
Seat 2: Zabmenas ($265.58 in chips)
nrJitsu: posts small blind $1
Zabmenas: posts big blind $3
*** HOLE CARDS ***
nrJitsu: raises $3 to $6
Zabmenas: folds
Uncalled bet ($3) returned to nrJitsu
nrJitsu collected $6 from pot
nrJitsu: doesn't show hand
*** SUMMARY ***
Total pot $6 | Rake $0
Seat 1: nrJitsu (button) (small blind) collected ($6)
Seat 2: Zabmenas (big blind) folded before Flop


PokerStars Hand #145837192873:  Hold'em Limit ($3/$6 USD) - 2015/12/24 5:36:15 ET
Table 'Siebohme II' 2-max Seat #2 is the button
Seat 1: nrJitsu ($566.02 in chips)
Seat 2: Zabmenas ($283.58 in chips)
Zabmenas: posts small blind $1
nrJitsu: posts big blind $3
*** HOLE CARDS ***
Zabmenas: raises $3 to $6
nrJitsu: calls $3
*** FLOP *** [Qh 7d 4s]
nrJitsu: checks
Zabmenas: checks
*** TURN *** [Qh 7d 4s] [Jd]
nrJitsu: checks
Zabmenas: bets $6
nrJitsu: raises $6 to $12
Zabmenas: calls $6
*** RIVER *** [Qh 7d 4s Jd] [Ad]
nrJitsu: bets $6
Zabmenas: folds
Uncalled bet ($6) returned to nrJitsu
nrJitsu collected $35.50 from pot
nrJitsu: doesn't show hand
*** SUMMARY ***
Total pot $36 | Rake $0.50
Board [Qh 7d 4s Jd Ad]
Seat 1: nrJitsu (big blind) collected ($35.50)
Seat 2: Zabmenas (button) (small blind) folded on the River


PokerStars Hand #145837183442:  Hold'em Limit ($3/$6 USD) - 2015/12/24 5:35:56 ET
Table 'Siebohme II' 2-max Seat #2 is the button
Seat 1: nrJitsu ($538.52 in chips)
Seat 2: Zabmenas ($311.58 in chips)
Zabmenas: posts small blind $1
nrJitsu: posts big blind $3
*** HOLE CARDS ***
Zabmenas: folds
Uncalled bet ($2) returned to nrJitsu
nrJitsu collected $2 from pot
nrJitsu: doesn't show hand
*** SUMMARY ***
Total pot $2 | Rake $0
Seat 1: nrJitsu (big blind) collected ($2)
Seat 2: Zabmenas (button) (small blind) folded before Flop


PokerStars Hand #145837185767:  Hold'em Limit ($3/$6 USD) - 2015/12/24 5:36:01 ET
Table 'Siebohme II' 2-max Seat #1 is the button
Seat 1: nrJitsu ($539.52 in chips)
Seat 2: Zabmenas ($310.58 in chips)
nrJitsu: posts small blind $1
Zabmenas: posts big blind $3
*** HOLE CARDS ***
nrJitsu: raises $3 to $6
Zabmenas: calls $3
*** FLOP *** [2h 5s 2d]
Zabmenas: checks
nrJitsu: bets $3
Zabmenas: calls $3
*** TURN *** [2h 5s 2d] [3d]
Zabmenas: checks
nrJitsu: bets $6
Zabmenas: raises $6 to $12
nrJitsu: calls $6
*** RIVER *** [2h 5s 2d 3d] [3c]
Zabmenas: bets $6
nrJitsu: calls $6
*** SHOW DOWN ***
Zabmenas: shows [4c Kc] (two pair, Threes and Deuces)
nrJitsu: shows [8h As] (two pair, Threes and Deuces - Ace kicker)
nrJitsu collected $53.50 from pot
*** SUMMARY ***
Total pot $54 | Rake $0.50
Board [2h 5s 2d 3d 3c]
Seat 1: nrJitsu (button) (small blind) showed [8h As] and won ($53.50) with two pair, Threes and Deuces
Seat 2: Zabmenas (big blind) showed [4c Kc] and lost with two pair, Threes and Deuces


PokerStars Hand #145837208811:  Hold'em Limit ($3/$6 USD) - 2015/12/24 5:36:49 ET
Table 'Siebohme II' 2-max Seat #1 is the button
Seat 1: nrJitsu ($565.52 in chips)
Seat 2: Zabmenas ($283.08 in chips)
nrJitsu: posts small blind $1
Zabmenas: posts big blind $3
*** HOLE CARDS ***
nrJitsu: raises $3 to $6
Zabmenas: raises $3 to $9
nrJitsu: calls $3
*** FLOP *** [7h 6s 2h]
Zabmenas: bets $3
nrJitsu: folds
Uncalled bet ($3) returned to Zabmenas
Zabmenas collected $17.64 from pot
Zabmenas: doesn't show hand
*** SUMMARY ***
Total pot $18 | Rake $0.36
Board [7h 6s 2h]
Seat 1: nrJitsu (button) (small blind) folded on the Flop
Seat 2: Zabmenas (big blind) collected ($17.64)


PokerStars Hand #145837203222:  Hold'em Limit ($3/$6 USD) - 2015/12/24 5:36:37 ET
Table 'Siebohme II' 2-max Seat #2 is the button
Seat 1: nrJitsu ($586.52 in chips)
Seat 2: Zabmenas ($262.58 in chips)
Zabmenas: posts small blind $1
nrJitsu: posts big blind $3
*** HOLE CARDS ***
Zabmenas: raises $3 to $6
nrJitsu: calls $3
*** FLOP *** [Kc 6c Kh]
nrJitsu: checks
Zabmenas: bets $3
nrJitsu: calls $3
*** TURN *** [Kc 6c Kh] [6h]
nrJitsu: checks
Zabmenas: bets $6
nrJitsu: calls $6
*** RIVER *** [Kc 6c Kh 6h] [2s]
nrJitsu: checks
Zabmenas: bets $6
nrJitsu: calls $6
*** SHOW DOWN ***
Zabmenas: shows [Jh Jc] (two pair, Kings and Jacks)
nrJitsu: mucks hand
Zabmenas collected $41.50 from pot
*** SUMMARY ***
Total pot $42 | Rake $0.50
Board [Kc 6c Kh 6h 2s]
Seat 1: nrJitsu (big blind) mucked
Seat 2: Zabmenas (button) (small blind) showed [Jh Jc] and won ($41.50) with two pair, Kings and Jacks


PokerStars Hand #145837215109:  Hold'em Limit ($3/$6 USD) - 2015/12/24 5:37:02 ET
Table 'Siebohme II' 2-max Seat #1 is the button
Seat 1: nrJitsu ($557.52 in chips)
Seat 2: Zabmenas ($290.72 in chips)
nrJitsu: posts small blind $1
Zabmenas: posts big blind $3
*** HOLE CARDS ***
nrJitsu: raises $3 to $6
Zabmenas: folds
Uncalled bet ($3) returned to nrJitsu
nrJitsu collected $6 from pot
nrJitsu: doesn't show hand
*** SUMMARY ***
Total pot $6 | Rake $0
Seat 1: nrJitsu (button) (small blind) collected ($6)
Seat 2: Zabmenas (big blind) folded before Flop


PokerStars Hand #145837212886:  Hold'em Limit ($3/$6 USD) - 2015/12/24 5:36:57 ET
Table 'Siebohme II' 2-max Seat #2 is the button
Seat 1: nrJitsu ($556.52 in chips)
Seat 2: Zabmenas ($291.72 in chips)
Zabmenas: posts small blind $1
nrJitsu: posts big blind $3
*** HOLE CARDS ***
Zabmenas: folds
Uncalled bet ($2) returned to nrJitsu
nrJitsu collected $2 from pot
nrJitsu: doesn't show hand
*** SUMMARY ***
Total pot $2 | Rake $0
Seat 1: nrJitsu (big blind) collected ($2)
Seat 2: Zabmenas (button) (small blind) folded before Flop


PokerStars Hand #145837223157:  Hold'em Limit ($3/$6 USD) - 2015/12/24 5:37:18 ET
Table 'Siebohme II' 2-max Seat #1 is the button
Seat 1: nrJitsu ($572.04 in chips)
Seat 2: Zabmenas ($275.72 in chips)
nrJitsu: posts small blind $1
Zabmenas: posts big blind $3
*** HOLE CARDS ***
nrJitsu: raises $3 to $6
Zabmenas: folds
Uncalled bet ($3) returned to nrJitsu
nrJitsu collected $6 from pot
nrJitsu: doesn't show hand
*** SUMMARY ***
Total pot $6 | Rake $0
Seat 1: nrJitsu (button) (small blind) collected ($6)
Seat 2: Zabmenas (big blind) folded before Flop


PokerStars Hand #145837225499:  Hold'em Limit ($3/$6 USD) - 2015/12/24 5:37:23 ET
Table 'Siebohme II' 2-max Seat #2 is the button
Seat 1: nrJitsu ($575.04 in chips)
Seat 2: Zabmenas ($272.72 in chips)
Zabmenas: posts small blind $1
nrJitsu: posts big blind $3
*** HOLE CARDS ***
Zabmenas: raises $3 to $6
nrJitsu: calls $3
*** FLOP *** [4d Ks 4s]
nrJitsu: checks
Zabmenas: bets $3
nrJitsu: calls $3
*** TURN *** [4d Ks 4s] [Qh]
nrJitsu: checks
Zabmenas: bets $6
nrJitsu: calls $6
*** RIVER *** [4d Ks 4s Qh] [7d]
nrJitsu: checks
Zabmenas: bets $6
nrJitsu: calls $6
*** SHOW DOWN ***
Zabmenas: shows [9c 2c] (a pair of Fours)
nrJitsu: shows [Qd Jh] (two pair, Queens and Fours)
nrJitsu collected $41.50 from pot
*** SUMMARY ***
Total pot $42 | Rake $0.50
Board [4d Ks 4s Qh 7d]
Seat 1: nrJitsu (big blind) showed [Qd Jh] and won ($41.50) with two pair, Queens and Fours
Seat 2: Zabmenas (button) (small blind) showed [9c 2c] and lost with a pair of Fours


PokerStars Hand #145837248276:  Hold'em Limit ($3/$6 USD) - 2015/12/24 5:38:10 ET
Table 'Siebohme II' 2-max Seat #1 is the button
Seat 1: nrJitsu ($624.68 in chips)
Seat 2: Zabmenas ($221.72 in chips)
nrJitsu: posts small blind $1
Zabmenas: posts big blind $3
*** HOLE CARDS ***
nrJitsu: folds
Uncalled bet ($2) returned to Zabmenas
Zabmenas collected $2 from pot
Zabmenas: doesn't show hand
*** SUMMARY ***
Total pot $2 | Rake $0
Seat 1: nrJitsu (button) (small blind) folded before Flop
Seat 2: Zabmenas (big blind) collected ($2)


PokerStars Hand #145837241760:  Hold'em Limit ($3/$6 USD) - 2015/12/24 5:37:57 ET
Table 'Siebohme II' 2-max Seat #2 is the button
Seat 1: nrJitsu ($616.04 in chips)
Seat 2: Zabmenas ($230.72 in chips)
Zabmenas: posts small blind $1
nrJitsu: posts big blind $3
*** HOLE CARDS ***
Zabmenas: raises $3 to $6
nrJitsu: calls $3
*** FLOP *** [Qs Ks Ac]
nrJitsu: checks
Zabmenas: bets $3
nrJitsu: raises $3 to $6
Zabmenas: folds
Uncalled bet ($3) returned to nrJitsu
nrJitsu collected $17.64 from pot
nrJitsu: doesn't show hand
*** SUMMARY ***
Total pot $18 | Rake $0.36
Board [Qs Ks Ac]
Seat 1: nrJitsu (big blind) collected ($17.64)
Seat 2: Zabmenas (button) (small blind) folded on the Flop


PokerStars Hand #145837232586:  Hold'em Limit ($3/$6 USD) - 2015/12/24 5:37:38 ET
Table 'Siebohme II' 2-max Seat #1 is the button
Seat 1: nrJitsu ($595.54 in chips)
Seat 2: Zabmenas ($251.72 in chips)
nrJitsu: posts small blind $1
Zabmenas: posts big blind $3
*** HOLE CARDS ***
nrJitsu: raises $3 to $6
Zabmenas: calls $3
*** FLOP *** [Qd 5s Th]
Zabmenas: checks
nrJitsu: bets $3
Zabmenas: calls $3
*** TURN *** [Qd 5s Th] [Jc]
Zabmenas: checks
nrJitsu: bets $6
Zabmenas: calls $6
*** RIVER *** [Qd 5s Th Jc] [4c]
Zabmenas: checks
nrJitsu: bets $6
Zabmenas: calls $6
*** SHOW DOWN ***
nrJitsu: shows [Qc 7c] (a pair of Queens)
Zabmenas: mucks hand
nrJitsu collected $41.50 from pot
*** SUMMARY ***
Total pot $42 | Rake $0.50
Board [Qd 5s Th Jc 4c]
Seat 1: nrJitsu (button) (small blind) showed [Qc 7c] and won ($41.50) with a pair of Queens
Seat 2: Zabmenas (big blind) mucked


PokerStars Hand #145837250422:  Hold'em Limit ($3/$6 USD) - 2015/12/24 5:38:15 ET
Table 'Siebohme II' 2-max Seat #2 is the button
Seat 1: nrJitsu ($623.68 in chips)
Seat 2: Zabmenas ($222.72 in chips)
Zabmenas: posts small blind $1
nrJitsu: posts big blind $3
*** HOLE CARDS ***
Zabmenas: raises $3 to $6
nrJitsu: calls $3
*** FLOP *** [4c 6c 9c]
nrJitsu: checks
Zabmenas: bets $3
nrJitsu: calls $3
*** TURN *** [4c 6c 9c] [Ad]
nrJitsu: checks
Zabmenas: bets $6
nrJitsu: folds
Uncalled bet ($6) returned to Zabmenas
Zabmenas collected $17.64 from pot
Zabmenas: doesn't show hand
*** SUMMARY ***
Total pot $18 | Rake $0.36
Board [4c 6c 9c Ad]
Seat 1: nrJitsu (big blind) folded on the Turn
Seat 2: Zabmenas (button) (small blind) collected ($17.64)


PokerStars Hand #145837267513:  Hold'em Limit ($3/$6 USD) - 2015/12/24 5:38:50 ET
Table 'Siebohme II' 2-max Seat #1 is the button
Seat 1: nrJitsu ($624.32 in chips)
Seat 2: Zabmenas ($221.36 in chips)
nrJitsu: posts small blind $1
Zabmenas: posts big blind $3
*** HOLE CARDS ***
nrJitsu: raises $3 to $6
Zabmenas: raises $3 to $9
nrJitsu: calls $3
*** FLOP *** [Th Js 7s]
Zabmenas: bets $3
nrJitsu: calls $3
*** TURN *** [Th Js 7s] [As]
Zabmenas: bets $6
nrJitsu: raises $6 to $12
Zabmenas: calls $6
*** RIVER *** [Th Js 7s As] [6h]
Zabmenas: checks
nrJitsu: bets $6
Zabmenas: calls $6
*** SHOW DOWN ***
nrJitsu: shows [Qd Ah] (a pair of Aces)
Zabmenas: mucks hand
nrJitsu collected $59.50 from pot
*** SUMMARY ***
Total pot $60 | Rake $0.50
Board [Th Js 7s As 6h]
Seat 1: nrJitsu (button) (small blind) showed [Qd Ah] and won ($59.50) with a pair of Aces
Seat 2: Zabmenas (big blind) mucked


PokerStars Hand #145837265295:  Hold'em Limit ($3/$6 USD) - 2015/12/24 5:38:45 ET
Table 'Siebohme II' 2-max Seat #2 is the button
Seat 1: nrJitsu ($623.32 in chips)
Seat 2: Zabmenas ($222.36 in chips)
Zabmenas: posts small blind $1
nrJitsu: posts big blind $3
*** HOLE CARDS ***
Zabmenas: folds
Uncalled bet ($2) returned to nrJitsu
nrJitsu collected $2 from pot
nrJitsu: doesn't show hand
*** SUMMARY ***
Total pot $2 | Rake $0
Seat 1: nrJitsu (big blind) collected ($2)
Seat 2: Zabmenas (button) (small blind) folded before Flop


PokerStars Hand #145837257928:  Hold'em Limit ($3/$6 USD) - 2015/12/24 5:38:30 ET
Table 'Siebohme II' 2-max Seat #1 is the button
Seat 1: nrJitsu ($614.68 in chips)
Seat 2: Zabmenas ($231.36 in chips)
nrJitsu: posts small blind $1
Zabmenas: posts big blind $3
*** HOLE CARDS ***
nrJitsu: raises $3 to $6
Zabmenas: calls $3
*** FLOP *** [3h 2h 3s]
Zabmenas: checks
nrJitsu: bets $3
Zabmenas: calls $3
*** TURN *** [3h 2h 3s] [Ks]
Zabmenas: checks
nrJitsu: bets $6
Zabmenas: folds
Uncalled bet ($6) returned to nrJitsu
nrJitsu collected $17.64 from pot
nrJitsu: doesn't show hand
*** SUMMARY ***
Total pot $18 | Rake $0.36
Board [3h 2h 3s Ks]
Seat 1: nrJitsu (button) (small blind) collected ($17.64)
Seat 2: Zabmenas (big blind) folded on the Turn


PokerStars Hand #145837277859:  Hold'em Limit ($3/$6 USD) - 2015/12/24 5:39:11 ET
Table 'Siebohme II' 2-max Seat #2 is the button
Seat 1: nrJitsu ($653.82 in chips)
Seat 2: Zabmenas ($191.36 in chips)
Zabmenas: posts small blind $1
nrJitsu: posts big blind $3
*** HOLE CARDS ***
Zabmenas: raises $3 to $6
nrJitsu: raises $3 to $9
Zabmenas: calls $3
*** FLOP *** [Td Jd Kd]
nrJitsu: bets $3
Zabmenas: calls $3
*** TURN *** [Td Jd Kd] [Qh]
nrJitsu: bets $6
Zabmenas: calls $6
*** RIVER *** [Td Jd Kd Qh] [3s]
nrJitsu: checks
Zabmenas: bets $6
nrJitsu: folds
Uncalled bet ($6) returned to Zabmenas
Zabmenas collected $35.50 from pot
Zabmenas: doesn't show hand
*** SUMMARY ***
Total pot $36 | Rake $0.50
Board [Td Jd Kd Qh 3s]
Seat 1: nrJitsu (big blind) folded on the River
Seat 2: Zabmenas (button) (small blind) collected ($35.50)


PokerStars Hand #145837308639:  Hold'em Limit ($3/$6 USD) - 2015/12/24 5:40:15 ET
Table 'Siebohme II' 2-max Seat #1 is the button
Seat 1: nrJitsu ($638.57 in chips)
Seat 2: Zabmenas ($205.61 in chips)
nrJitsu: posts small blind $1
Zabmenas: posts big blind $3
*** HOLE CARDS ***
nrJitsu: raises $3 to $6
Zabmenas: folds
Uncalled bet ($3) returned to nrJitsu
nrJitsu collected $6 from pot
nrJitsu: doesn't show hand
*** SUMMARY ***
Total pot $6 | Rake $0
Seat 1: nrJitsu (button) (small blind) collected ($6)
Seat 2: Zabmenas (big blind) folded before Flop


PokerStars Hand #145837293987:  Hold'em Limit ($3/$6 USD) - 2015/12/24 5:39:45 ET
Table 'Siebohme II' 2-max Seat #2 is the button
Seat 1: nrJitsu ($638.82 in chips)
Seat 2: Zabmenas ($205.86 in chips)
Zabmenas: posts small blind $1
nrJitsu: posts big blind $3
*** HOLE CARDS ***
Zabmenas: raises $3 to $6
nrJitsu: calls $3
*** FLOP *** [Ts Th 8c]
nrJitsu: checks
Zabmenas: bets $3
nrJitsu: raises $3 to $6
Zabmenas: calls $3
*** TURN *** [Ts Th 8c] [Kd]
nrJitsu: checks
Zabmenas: bets $6
nrJitsu: calls $6
*** RIVER *** [Ts Th 8c Kd] [Td]
nrJitsu: checks
Zabmenas: bets $6
nrJitsu: calls $6
*** SHOW DOWN ***
Zabmenas: shows [4s 8s] (a full house, Tens full of Eights)
nrJitsu: shows [5h 8h] (a full house, Tens full of Eights)
nrJitsu collected $23.75 from pot
Zabmenas collected $23.75 from pot
*** SUMMARY ***
Total pot $48 | Rake $0.50
Board [Ts Th 8c Kd Td]
Seat 1: nrJitsu (big blind) showed [5h 8h] and won ($23.75) with a full house, Tens full of Eights
Seat 2: Zabmenas (button) (small blind) showed [4s 8s] and won ($23.75) with a full house, Tens full of Eights


PokerStars Hand #145837287656:  Hold'em Limit ($3/$6 USD) - 2015/12/24 5:39:31 ET
Table 'Siebohme II' 2-max Seat #1 is the button
Seat 1: nrJitsu ($635.82 in chips)
Seat 2: Zabmenas ($208.86 in chips)
nrJitsu: posts small blind $1
Zabmenas: posts big blind $3
*** HOLE CARDS ***
nrJitsu: raises $3 to $6
Zabmenas: folds
Uncalled bet ($3) returned to nrJitsu
nrJitsu collected $6 from pot
nrJitsu: doesn't show hand
*** SUMMARY ***
Total pot $6 | Rake $0
Seat 1: nrJitsu (button) (small blind) collected ($6)
Seat 2: Zabmenas (big blind) folded before Flop


PokerStars Hand #145837337998:  Hold'em Limit ($3/$6 USD) - 2015/12/24 5:41:16 ET
Table 'Siebohme II' 2-max Seat #2 is the button
Seat 1: nrJitsu ($679.57 in chips)
Seat 2: Zabmenas ($163.61 in chips)
Zabmenas: posts small blind $1
nrJitsu: posts big blind $3
*** HOLE CARDS ***
Zabmenas: raises $3 to $6
nrJitsu: calls $3
*** FLOP *** [As 9d 5s]
nrJitsu: checks
Zabmenas: bets $3
nrJitsu: folds
Uncalled bet ($3) returned to Zabmenas
Zabmenas collected $11.76 from pot
Zabmenas: doesn't show hand
*** SUMMARY ***
Total pot $12 | Rake $0.24
Board [As 9d 5s]
Seat 1: nrJitsu (big blind) folded on the Flop
Seat 2: Zabmenas (button) (small blind) collected ($11.76)


PokerStars Hand #145837335479:  Hold'em Limit ($3/$6 USD) - 2015/12/24 5:41:11 ET
Table 'Siebohme II' 2-max Seat #1 is the button
Seat 1: nrJitsu ($676.57 in chips)
Seat 2: Zabmenas ($166.61 in chips)
nrJitsu: posts small blind $1
Zabmenas: posts big blind $3
*** HOLE CARDS ***
nrJitsu: raises $3 to $6
Zabmenas: folds
Uncalled bet ($3) returned to nrJitsu
nrJitsu collected $6 from pot
nrJitsu: doesn't show hand
*** SUMMARY ***
Total pot $6 | Rake $0
Seat 1: nrJitsu (button) (small blind) collected ($6)
Seat 2: Zabmenas (big blind) folded before Flop


PokerStars Hand #145837327274:  Hold'em Limit ($3/$6 USD) - 2015/12/24 5:40:54 ET
Table 'Siebohme II' 2-max Seat #2 is the button
Seat 1: nrJitsu ($659.07 in chips)
Seat 2: Zabmenas ($184.61 in chips)
Zabmenas: posts small blind $1
nrJitsu: posts big blind $3
*** HOLE CARDS ***
Zabmenas: raises $3 to $6
nrJitsu: calls $3
*** FLOP *** [4d 7c 8c]
nrJitsu: checks
Zabmenas: checks
*** TURN *** [4d 7c 8c] [3h]
nrJitsu: bets $6
Zabmenas: calls $6
*** RIVER *** [4d 7c 8c 3h] [Th]
nrJitsu: bets $6
Zabmenas: calls $6
*** SHOW DOWN ***
nrJitsu: shows [6s 5c] (a straight, Four to Eight)
Zabmenas: mucks hand
nrJitsu collected $35.50 from pot
*** SUMMARY ***
Total pot $36 | Rake $0.50
Board [4d 7c 8c 3h Th]
Seat 1: nrJitsu (big blind) showed [6s 5c] and won ($35.50) with a straight, Four to Eight
Seat 2: Zabmenas (button) (small blind) mucked


PokerStars Hand #145837324027:  Hold'em Limit ($3/$6 USD) - 2015/12/24 5:40:47 ET
Table 'Siebohme II' 2-max Seat #1 is the button
Seat 1: nrJitsu ($656.07 in chips)
Seat 2: Zabmenas ($187.61 in chips)
nrJitsu: posts small blind $1
Zabmenas: posts big blind $3
*** HOLE CARDS ***
nrJitsu: raises $3 to $6
Zabmenas: folds
Uncalled bet ($3) returned to nrJitsu
nrJitsu collected $6 from pot
nrJitsu: doesn't show hand
*** SUMMARY ***
Total pot $6 | Rake $0
Seat 1: nrJitsu (button) (small blind) collected ($6)
Seat 2: Zabmenas (big blind) folded before Flop


PokerStars Hand #145837312878:  Hold'em Limit ($3/$6 USD) - 2015/12/24 5:40:24 ET
Table 'Siebohme II' 2-max Seat #2 is the button
Seat 1: nrJitsu ($641.57 in chips)
Seat 2: Zabmenas ($202.61 in chips)
Zabmenas: posts small blind $1
nrJitsu: posts big blind $3
*** HOLE CARDS ***
Zabmenas: raises $3 to $6
nrJitsu: calls $3
*** FLOP *** [Kh 6c 8s]
nrJitsu: checks
Zabmenas: bets $3
nrJitsu: calls $3
*** TURN *** [Kh 6c 8s] [8h]
nrJitsu: checks
Zabmenas: bets $6
nrJitsu: calls $6
*** RIVER *** [Kh 6c 8s 8h] [Qs]
nrJitsu: checks
Zabmenas: checks
*** SHOW DOWN ***
nrJitsu: shows [9h 6d] (two pair, Eights and Sixes)
Zabmenas: mucks hand
nrJitsu collected $29.50 from pot
*** SUMMARY ***
Total pot $30 | Rake $0.50
Board [Kh 6c 8s 8h Qs]
Seat 1: nrJitsu (big blind) showed [9h 6d] and won ($29.50) with two pair, Eights and Sixes
Seat 2: Zabmenas (button) (small blind) mucked


PokerStars Hand #145837345667:  Hold'em Limit ($3/$6 USD) - 2015/12/24 5:41:32 ET
Table 'Siebohme II' 2-max Seat #2 is the button
Seat 1: nrJitsu ($676.57 in chips)
Seat 2: Zabmenas ($166.37 in chips)
Zabmenas: posts small blind $1
nrJitsu: posts big blind $3
*** HOLE CARDS ***
Zabmenas: folds
Uncalled bet ($2) returned to nrJitsu
nrJitsu collected $2 from pot
nrJitsu: doesn't show hand
*** SUMMARY ***
Total pot $2 | Rake $0
Seat 1: nrJitsu (big blind) collected ($2)
Seat 2: Zabmenas (button) (small blind) folded before Flop


PokerStars Hand #145837371552:  Hold'em Limit ($3/$6 USD) - 2015/12/24 5:42:25 ET
Table 'Siebohme II' 2-max Seat #2 is the button
Seat 1: nrJitsu ($695.07 in chips)
Seat 2: Zabmenas ($147.01 in chips)
Zabmenas: posts small blind $1
nrJitsu: posts big blind $3
*** HOLE CARDS ***
Zabmenas: folds
Uncalled bet ($2) returned to nrJitsu
nrJitsu collected $2 from pot
nrJitsu: doesn't show hand
*** SUMMARY ***
Total pot $2 | Rake $0
Seat 1: nrJitsu (big blind) collected ($2)
Seat 2: Zabmenas (button) (small blind) folded before Flop


PokerStars Hand #145837364215:  Hold'em Limit ($3/$6 USD) - 2015/12/24 5:42:09 ET
Table 'Siebohme II' 2-max Seat #1 is the button
Seat 1: nrJitsu ($704.07 in chips)
Seat 2: Zabmenas ($138.37 in chips)
nrJitsu: posts small blind $1
Zabmenas: posts big blind $3
*** HOLE CARDS ***
nrJitsu: raises $3 to $6
Zabmenas: raises $3 to $9
nrJitsu: calls $3
*** FLOP *** [2c 4c 9s]
Zabmenas: bets $3
nrJitsu: folds
Uncalled bet ($3) returned to Zabmenas
Zabmenas collected $17.64 from pot
Zabmenas: doesn't show hand
*** SUMMARY ***
Total pot $18 | Rake $0.36
Board [2c 4c 9s]
Seat 1: nrJitsu (button) (small blind) folded on the Flop
Seat 2: Zabmenas (big blind) collected ($17.64)


PokerStars Hand #145837352347:  Hold'em Limit ($3/$6 USD) - 2015/12/24 5:41:45 ET
Table 'Siebohme II' 2-max Seat #2 is the button
Seat 1: nrJitsu ($680.57 in chips)
Seat 2: Zabmenas ($162.37 in chips)
Zabmenas: posts small blind $1
nrJitsu: posts big blind $3
*** HOLE CARDS ***
Zabmenas: raises $3 to $6
nrJitsu: calls $3
*** FLOP *** [3h 7s Kd]
nrJitsu: checks
Zabmenas: bets $3
nrJitsu: raises $3 to $6
Zabmenas: calls $3
*** TURN *** [3h 7s Kd] [Ks]
nrJitsu: bets $6
Zabmenas: calls $6
*** RIVER *** [3h 7s Kd Ks] [Kc]
nrJitsu: bets $6
Zabmenas: calls $6
*** SHOW DOWN ***
nrJitsu: shows [8c 7h] (a full house, Kings full of Sevens)
Zabmenas: mucks hand
nrJitsu collected $47.50 from pot
*** SUMMARY ***
Total pot $48 | Rake $0.50
Board [3h 7s Kd Ks Kc]
Seat 1: nrJitsu (big blind) showed [8c 7h] and won ($47.50) with a full house, Kings full of Sevens
Seat 2: Zabmenas (button) (small blind) mucked


PokerStars Hand #145837348447:  Hold'em Limit ($3/$6 USD) - 2015/12/24 5:41:37 ET
Table 'Siebohme II' 2-max Seat #1 is the button
Seat 1: nrJitsu ($677.57 in chips)
Seat 2: Zabmenas ($165.37 in chips)
nrJitsu: posts small blind $1
Zabmenas: posts big blind $3
*** HOLE CARDS ***
nrJitsu: raises $3 to $6
Zabmenas: folds
Uncalled bet ($3) returned to nrJitsu
nrJitsu collected $6 from pot
nrJitsu: doesn't show hand
*** SUMMARY ***
Total pot $6 | Rake $0
Seat 1: nrJitsu (button) (small blind) collected ($6)
Seat 2: Zabmenas (big blind) folded before Flop


PokerStars Hand #145837400727:  Hold'em Limit ($3/$6 USD) - 2015/12/24 5:43:25 ET
Table 'Siebohme II' 2-max Seat #1 is the button
Seat 1: nrJitsu ($732.33 in chips)
Seat 2: Zabmenas ($109.01 in chips)
nrJitsu: posts small blind $1
Zabmenas: posts big blind $3
*** HOLE CARDS ***
nrJitsu: raises $3 to $6
Zabmenas: folds
Uncalled bet ($3) returned to nrJitsu
nrJitsu collected $6 from pot
nrJitsu: doesn't show hand
*** SUMMARY ***
Total pot $6 | Rake $0
Seat 1: nrJitsu (button) (small blind) collected ($6)
Seat 2: Zabmenas (big blind) folded before Flop


PokerStars Hand #145837398257:  Hold'em Limit ($3/$6 USD) - 2015/12/24 5:43:20 ET
Table 'Siebohme II' 2-max Seat #2 is the button
Seat 1: nrJitsu ($731.33 in chips)
Seat 2: Zabmenas ($110.01 in chips)
Zabmenas: posts small blind $1
nrJitsu: posts big blind $3
*** HOLE CARDS ***
Zabmenas: folds
Uncalled bet ($2) returned to nrJitsu
nrJitsu collected $2 from pot
nrJitsu: doesn't show hand
*** SUMMARY ***
Total pot $2 | Rake $0
Seat 1: nrJitsu (big blind) collected ($2)
Seat 2: Zabmenas (button) (small blind) folded before Flop


PokerStars Hand #145837392162:  Hold'em Limit ($3/$6 USD) - 2015/12/24 5:43:07 ET
Table 'Siebohme II' 2-max Seat #1 is the button
Seat 1: nrJitsu ($725.57 in chips)
Seat 2: Zabmenas ($116.01 in chips)
nrJitsu: posts small blind $1
Zabmenas: posts big blind $3
*** HOLE CARDS ***
nrJitsu: raises $3 to $6
Zabmenas: calls $3
*** FLOP *** [7h Kc Jc]
Zabmenas: checks
nrJitsu: bets $3
Zabmenas: folds
Uncalled bet ($3) returned to nrJitsu
nrJitsu collected $11.76 from pot
nrJitsu: doesn't show hand
*** SUMMARY ***
Total pot $12 | Rake $0.24
Board [7h Kc Jc]
Seat 1: nrJitsu (button) (small blind) collected ($11.76)
Seat 2: Zabmenas (big blind) folded on the Flop


PokerStars Hand #145837387939:  Hold'em Limit ($3/$6 USD) - 2015/12/24 5:42:58 ET
Table 'Siebohme II' 2-max Seat #2 is the button
Seat 1: nrJitsu ($728.57 in chips)
Seat 2: Zabmenas ($113.01 in chips)
Zabmenas: posts small blind $1
nrJitsu: posts big blind $3
*** HOLE CARDS ***
Zabmenas: raises $3 to $6
nrJitsu: folds
Uncalled bet ($3) returned to Zabmenas
Zabmenas collected $6 from pot
Zabmenas: doesn't show hand
*** SUMMARY ***
Total pot $6 | Rake $0
Seat 1: nrJitsu (big blind) folded before Flop
Seat 2: Zabmenas (button) (small blind) collected ($6)


PokerStars Hand #145837373971:  Hold'em Limit ($3/$6 USD) - 2015/12/24 5:42:30 ET
Table 'Siebohme II' 2-max Seat #1 is the button
Seat 1: nrJitsu ($696.07 in chips)
Seat 2: Zabmenas ($146.01 in chips)
nrJitsu: posts small blind $1
Zabmenas: posts big blind $3
*** HOLE CARDS ***
nrJitsu: raises $3 to $6
Zabmenas: calls $3
*** FLOP *** [Qs Ts Kc]
Zabmenas: checks
nrJitsu: bets $3
Zabmenas: calls $3
*** TURN *** [Qs Ts Kc] [5h]
Zabmenas: checks
nrJitsu: bets $6
Zabmenas: raises $6 to $12
nrJitsu: calls $6
*** RIVER *** [Qs Ts Kc 5h] [2s]
Zabmenas: bets $6
nrJitsu: raises $6 to $12
Zabmenas: calls $6
*** SHOW DOWN ***
nrJitsu: shows [As 8s] (a flush, Ace high)
Zabmenas: mucks hand
nrJitsu collected $65.50 from pot
*** SUMMARY ***
Total pot $66 | Rake $0.50
Board [Qs Ts Kc 5h 2s]
Seat 1: nrJitsu (button) (small blind) showed [As 8s] and won ($65.50) with a flush, Ace high
Seat 2: Zabmenas (big blind) mucked


PokerStars Hand #145837429800:  Hold'em Limit ($3/$6 USD) - 2015/12/24 5:44:24 ET
Table 'Siebohme II' 2-max Seat #1 is the button
Seat 1: nrJitsu ($748.83 in chips)
Seat 2: Zabmenas ($91.65 in chips)
nrJitsu: posts small blind $1
Zabmenas: posts big blind $3
*** HOLE CARDS ***
nrJitsu: folds
Uncalled bet ($2) returned to Zabmenas
Zabmenas collected $2 from pot
Zabmenas: doesn't show hand
*** SUMMARY ***
Total pot $2 | Rake $0
Seat 1: nrJitsu (button) (small blind) folded before Flop
Seat 2: Zabmenas (big blind) collected ($2)


PokerStars Hand #145837421534:  Hold'em Limit ($3/$6 USD) - 2015/12/24 5:44:07 ET
Table 'Siebohme II' 2-max Seat #1 is the button
Seat 1: nrJitsu ($756.83 in chips)
Seat 2: Zabmenas ($84.01 in chips)
nrJitsu: posts small blind $1
Zabmenas: posts big blind $3
*** HOLE CARDS ***
nrJitsu: raises $3 to $6
Zabmenas: raises $3 to $9
nrJitsu: calls $3
*** FLOP *** [7c 4h 6c]
Zabmenas: bets $3
nrJitsu: folds
Uncalled bet ($3) returned to Zabmenas
Zabmenas collected $17.64 from pot
Zabmenas: doesn't show hand
*** SUMMARY ***
Total pot $18 | Rake $0.36
Board [7c 4h 6c]
Seat 1: nrJitsu (button) (small blind) folded on the Flop
Seat 2: Zabmenas (big blind) collected ($17.64)


PokerStars Hand #145837419087:  Hold'em Limit ($3/$6 USD) - 2015/12/24 5:44:02 ET
Table 'Siebohme II' 2-max Seat #2 is the button
Seat 1: nrJitsu ($755.83 in chips)
Seat 2: Zabmenas ($85.01 in chips)
Zabmenas: posts small blind $1
nrJitsu: posts big blind $3
*** HOLE CARDS ***
Zabmenas: folds
Uncalled bet ($2) returned to nrJitsu
nrJitsu collected $2 from pot
nrJitsu: doesn't show hand
*** SUMMARY ***
Total pot $2 | Rake $0
Seat 1: nrJitsu (big blind) collected ($2)
Seat 2: Zabmenas (button) (small blind) folded before Flop


PokerStars Hand #145837403822:  Hold'em Limit ($3/$6 USD) - 2015/12/24 5:43:31 ET
Table 'Siebohme II' 2-max Seat #2 is the button
Seat 1: nrJitsu ($735.33 in chips)
Seat 2: Zabmenas ($106.01 in chips)
Zabmenas: posts small blind $1
nrJitsu: posts big blind $3
*** HOLE CARDS ***
Zabmenas: raises $3 to $6
nrJitsu: calls $3
*** FLOP *** [Th 7c 8c]
nrJitsu: checks
Zabmenas: bets $3
nrJitsu: raises $3 to $6
Zabmenas: calls $3
*** TURN *** [Th 7c 8c] [Ad]
nrJitsu: bets $6
Zabmenas: calls $6
*** RIVER *** [Th 7c 8c Ad] [8s]
nrJitsu: bets $6
Zabmenas: folds
Uncalled bet ($6) returned to nrJitsu
nrJitsu collected $35.50 from pot
nrJitsu: doesn't show hand
*** SUMMARY ***
Total pot $36 | Rake $0.50
Board [Th 7c 8c Ad 8s]
Seat 1: nrJitsu (big blind) collected ($35.50)
Seat 2: Zabmenas (button) (small blind) folded on the River


PokerStars Hand #145837458628:  Hold'em Limit ($3/$6 USD) - 2015/12/24 5:45:23 ET
Table 'Siebohme II' 2-max Seat #1 is the button
Seat 1: nrJitsu ($748.33 in chips)
Seat 2: Zabmenas ($91.15 in chips)
nrJitsu: posts small blind $1
Zabmenas: posts big blind $3
*** HOLE CARDS ***
nrJitsu: folds
Uncalled bet ($2) returned to Zabmenas
Zabmenas collected $2 from pot
Zabmenas: doesn't show hand
*** SUMMARY ***
Total pot $2 | Rake $0
Seat 1: nrJitsu (button) (small blind) folded before Flop
Seat 2: Zabmenas (big blind) collected ($2)


PokerStars Hand #145837444053:  Hold'em Limit ($3/$6 USD) - 2015/12/24 5:44:53 ET
Table 'Siebohme II' 2-max Seat #1 is the button
Seat 1: nrJitsu ($723.83 in chips)
Seat 2: Zabmenas ($116.15 in chips)
nrJitsu: posts small blind $1
Zabmenas: posts big blind $3
*** HOLE CARDS ***
nrJitsu: raises $3 to $6
Zabmenas: raises $3 to $9
nrJitsu: calls $3
*** FLOP *** [5c 3s 5s]
Zabmenas: bets $3
nrJitsu: calls $3
*** TURN *** [5c 3s 5s] [As]
Zabmenas: bets $6
nrJitsu: calls $6
*** RIVER *** [5c 3s 5s As] [4c]
Zabmenas: checks
nrJitsu: bets $6
Zabmenas: calls $6
*** SHOW DOWN ***
nrJitsu: shows [Ac 7h] (two pair, Aces and Fives)
Zabmenas: mucks hand
nrJitsu collected $47.50 from pot
*** SUMMARY ***
Total pot $48 | Rake $0.50
Board [5c 3s 5s As 4c]
Seat 1: nrJitsu (button) (small blind) showed [Ac 7h] and won ($47.50) with two pair, Aces and Fives
Seat 2: Zabmenas (big blind) mucked


PokerStars Hand #145837431769:  Hold'em Limit ($3/$6 USD) - 2015/12/24 5:44:28 ET
Table 'Siebohme II' 2-max Seat #2 is the button
Seat 1: nrJitsu ($747.83 in chips)
Seat 2: Zabmenas ($92.65 in chips)
Zabmenas: posts small blind $1
nrJitsu: posts big blind $3
*** HOLE CARDS ***
Zabmenas: raises $3 to $6
nrJitsu: raises $3 to $9
Zabmenas: calls $3
*** FLOP *** [Qh 6s Jd]
nrJitsu: bets $3
Zabmenas: calls $3
*** TURN *** [Qh 6s Jd] [Jh]
nrJitsu: bets $6
Zabmenas: calls $6
*** RIVER *** [Qh 6s Jd Jh] [5d]
nrJitsu: checks
Zabmenas: bets $6
nrJitsu: calls $6
*** SHOW DOWN ***
Zabmenas: shows [9s 9d] (two pair, Jacks and Nines)
nrJitsu: mucks hand
Zabmenas collected $47.50 from pot
*** SUMMARY ***
Total pot $48 | Rake $0.50
Board [Qh 6s Jd Jh 5d]
Seat 1: nrJitsu (big blind) mucked
Seat 2: Zabmenas (button) (small blind) showed [9s 9d] and won ($47.50) with two pair, Jacks and Nines


PokerStars Hand #145837479299:  Hold'em Limit ($3/$6 USD) - 2015/12/24 5:46:05 ET
Table 'Siebohme II' 2-max Seat #1 is the button
Seat 1: nrJitsu ($728.33 in chips)
Seat 2: Zabmenas ($110.65 in chips)
nrJitsu: posts small blind $1
Zabmenas: posts big blind $3
*** HOLE CARDS ***
nrJitsu: raises $3 to $6
Zabmenas: calls $3
*** FLOP *** [7h 7c Kh]
Zabmenas: checks
nrJitsu: bets $3
Zabmenas: calls $3
*** TURN *** [7h 7c Kh] [Js]
Zabmenas: checks
nrJitsu: bets $6
Zabmenas: raises $6 to $12
nrJitsu: folds
Uncalled bet ($6) returned to Zabmenas
Zabmenas collected $29.50 from pot
Zabmenas: doesn't show hand
*** SUMMARY ***
Total pot $30 | Rake $0.50
Board [7h 7c Kh Js]
Seat 1: nrJitsu (button) (small blind) folded on the Turn
Seat 2: Zabmenas (big blind) collected ($29.50)


PokerStars Hand #145837475646:  Hold'em Limit ($3/$6 USD) - 2015/12/24 5:45:57 ET
Table 'Siebohme II' 2-max Seat #2 is the button
Seat 1: nrJitsu ($731.33 in chips)
Seat 2: Zabmenas ($107.65 in chips)
Zabmenas: posts small blind $1
nrJitsu: posts big blind $3
*** HOLE CARDS ***
Zabmenas: raises $3 to $6
nrJitsu: folds
Uncalled bet ($3) returned to Zabmenas
Zabmenas collected $6 from pot
Zabmenas: doesn't show hand
*** SUMMARY ***
Total pot $6 | Rake $0
Seat 1: nrJitsu (big blind) folded before Flop
Seat 2: Zabmenas (button) (small blind) collected ($6)


PokerStars Hand #145837473556:  Hold'em Limit ($3/$6 USD) - 2015/12/24 5:45:53 ET
Table 'Siebohme II' 2-max Seat #1 is the button
Seat 1: nrJitsu ($732.33 in chips)
Seat 2: Zabmenas ($106.65 in chips)
nrJitsu: posts small blind $1
Zabmenas: posts big blind $3
*** HOLE CARDS ***
nrJitsu: folds
Uncalled bet ($2) returned to Zabmenas
Zabmenas collected $2 from pot
Zabmenas: doesn't show hand
*** SUMMARY ***
Total pot $2 | Rake $0
Seat 1: nrJitsu (button) (small blind) folded before Flop
Seat 2: Zabmenas (big blind) collected ($2)


PokerStars Hand #145837471190:  Hold'em Limit ($3/$6 USD) - 2015/12/24 5:45:48 ET
Table 'Siebohme II' 2-max Seat #2 is the button
Seat 1: nrJitsu ($731.33 in chips)
Seat 2: Zabmenas ($107.65 in chips)
Zabmenas: posts small blind $1
nrJitsu: posts big blind $3
*** HOLE CARDS ***
Zabmenas: folds
Uncalled bet ($2) returned to nrJitsu
nrJitsu collected $2 from pot
nrJitsu: doesn't show hand
*** SUMMARY ***
Total pot $2 | Rake $0
Seat 1: nrJitsu (big blind) collected ($2)
Seat 2: Zabmenas (button) (small blind) folded before Flop


PokerStars Hand #145837468951:  Hold'em Limit ($3/$6 USD) - 2015/12/24 5:45:44 ET
Table 'Siebohme II' 2-max Seat #1 is the button
Seat 1: nrJitsu ($732.33 in chips)
Seat 2: Zabmenas ($106.65 in chips)
nrJitsu: posts small blind $1
Zabmenas: posts big blind $3
*** HOLE CARDS ***
nrJitsu: folds
Uncalled bet ($2) returned to Zabmenas
Zabmenas collected $2 from pot
Zabmenas: doesn't show hand
*** SUMMARY ***
Total pot $2 | Rake $0
Seat 1: nrJitsu (button) (small blind) folded before Flop
Seat 2: Zabmenas (big blind) collected ($2)


PokerStars Hand #145837460692:  Hold'em Limit ($3/$6 USD) - 2015/12/24 5:45:27 ET
Table 'Siebohme II' 2-max Seat #2 is the button
Seat 1: nrJitsu ($747.33 in chips)
Seat 2: Zabmenas ($92.15 in chips)
Zabmenas: posts small blind $1
nrJitsu: posts big blind $3
*** HOLE CARDS ***
Zabmenas: raises $3 to $6
nrJitsu: calls $3
*** FLOP *** [Jh Ad 3h]
nrJitsu: checks
Zabmenas: bets $3
nrJitsu: calls $3
*** TURN *** [Jh Ad 3h] [9h]
nrJitsu: checks
Zabmenas: bets $6
nrJitsu: calls $6
*** RIVER *** [Jh Ad 3h 9h] [5h]
nrJitsu: checks
Zabmenas: checks
*** SHOW DOWN ***
nrJitsu: shows [Kd 9d] (a pair of Nines)
Zabmenas: shows [Ts Ac] (a pair of Aces)
Zabmenas collected $29.50 from pot
*** SUMMARY ***
Total pot $30 | Rake $0.50
Board [Jh Ad 3h 9h 5h]
Seat 1: nrJitsu (big blind) showed [Kd 9d] and lost with a pair of Nines
Seat 2: Zabmenas (button) (small blind) showed [Ts Ac] and won ($29.50) with a pair of Aces


PokerStars Hand #145837513892:  Hold'em Limit ($3/$6 USD) - 2015/12/24 5:47:14 ET
Table 'Siebohme II' 2-max Seat #1 is the button
Seat 1: nrJitsu ($741.83 in chips)
Seat 2: Zabmenas ($95.79 in chips)
nrJitsu: posts small blind $1
Zabmenas: posts big blind $3
*** HOLE CARDS ***
nrJitsu: raises $3 to $6
Zabmenas: folds
Uncalled bet ($3) returned to nrJitsu
nrJitsu collected $6 from pot
nrJitsu: doesn't show hand
*** SUMMARY ***
Total pot $6 | Rake $0
Seat 1: nrJitsu (button) (small blind) collected ($6)
Seat 2: Zabmenas (big blind) folded before Flop


PokerStars Hand #145837505821:  Hold'em Limit ($3/$6 USD) - 2015/12/24 5:46:58 ET
Table 'Siebohme II' 2-max Seat #2 is the button
Seat 1: nrJitsu ($750.83 in chips)
Seat 2: Zabmenas ($87.15 in chips)
Zabmenas: posts small blind $1
nrJitsu: posts big blind $3
*** HOLE CARDS ***
Zabmenas: raises $3 to $6
nrJitsu: calls $3
*** FLOP *** [6c 5d 5h]
nrJitsu: checks
Zabmenas: bets $3
nrJitsu: calls $3
*** TURN *** [6c 5d 5h] [Ts]
nrJitsu: checks
Zabmenas: bets $6
nrJitsu: folds
Uncalled bet ($6) returned to Zabmenas
Zabmenas collected $17.64 from pot
Zabmenas: doesn't show hand
*** SUMMARY ***
Total pot $18 | Rake $0.36
Board [6c 5d 5h Ts]
Seat 1: nrJitsu (big blind) folded on the Turn
Seat 2: Zabmenas (button) (small blind) collected ($17.64)


PokerStars Hand #145837503389:  Hold'em Limit ($3/$6 USD) - 2015/12/24 5:46:53 ET
Table 'Siebohme II' 2-max Seat #1 is the button
Seat 1: nrJitsu ($751.83 in chips)
Seat 2: Zabmenas ($86.15 in chips)
nrJitsu: posts small blind $1
Zabmenas: posts big blind $3
*** HOLE CARDS ***
nrJitsu: folds
Uncalled bet ($2) returned to Zabmenas
Zabmenas collected $2 from pot
Zabmenas: doesn't show hand
*** SUMMARY ***
Total pot $2 | Rake $0
Seat 1: nrJitsu (button) (small blind) folded before Flop
Seat 2: Zabmenas (big blind) collected ($2)


PokerStars Hand #145837490476:  Hold'em Limit ($3/$6 USD) - 2015/12/24 5:46:27 ET
Table 'Siebohme II' 2-max Seat #2 is the button
Seat 1: nrJitsu ($713.33 in chips)
Seat 2: Zabmenas ($125.15 in chips)
Zabmenas: posts small blind $1
nrJitsu: posts big blind $3
*** HOLE CARDS ***
Zabmenas: raises $3 to $6
nrJitsu: calls $3
*** FLOP *** [As Th Td]
nrJitsu: checks
Zabmenas: bets $3
nrJitsu: calls $3
*** TURN *** [As Th Td] [3d]
nrJitsu: checks
Zabmenas: bets $6
nrJitsu: raises $6 to $12
Zabmenas: raises $6 to $18
nrJitsu: raises $6 to $24
Betting is capped
Zabmenas: calls $6
*** RIVER *** [As Th Td 3d] [6h]
nrJitsu: bets $6
Zabmenas: calls $6
*** SHOW DOWN ***
nrJitsu: shows [3c Tc] (a full house, Tens full of Threes)
Zabmenas: mucks hand
nrJitsu collected $77.50 from pot
*** SUMMARY ***
Total pot $78 | Rake $0.50
Board [As Th Td 3d 6h]
Seat 1: nrJitsu (big blind) showed [3c Tc] and won ($77.50) with a full house, Tens full of Threes
Seat 2: Zabmenas (button) (small blind) mucked


PokerStars Hand #145837541730:  Hold'em Limit ($3/$6 USD) - 2015/12/24 5:48:11 ET
Table 'Siebohme II' 2-max Seat #1 is the button
Seat 1: nrJitsu ($715.83 in chips)
Seat 2: Zabmenas ($120.93 in chips)
nrJitsu: posts small blind $1
Zabmenas: posts big blind $3
*** HOLE CARDS ***
nrJitsu: raises $3 to $6
Zabmenas: raises $3 to $9
nrJitsu: calls $3
*** FLOP *** [8s 7c Qh]
Zabmenas: bets $3
nrJitsu: calls $3
*** TURN *** [8s 7c Qh] [Ah]
Zabmenas: bets $6
nrJitsu: calls $6
*** RIVER *** [8s 7c Qh Ah] [Th]
Zabmenas: bets $6
nrJitsu: calls $6
*** SHOW DOWN ***
Zabmenas: shows [Jd Ks] (a straight, Ten to Ace)
nrJitsu: mucks hand
Zabmenas collected $47.50 from pot
*** SUMMARY ***
Total pot $48 | Rake $0.50
Board [8s 7c Qh Ah Th]
Seat 1: nrJitsu (button) (small blind) mucked
Seat 2: Zabmenas (big blind) showed [Jd Ks] and won ($47.50) with a straight, Ten to Ace


PokerStars Hand #145837539086:  Hold'em Limit ($3/$6 USD) - 2015/12/24 5:48:06 ET
Table 'Siebohme II' 2-max Seat #2 is the button
Seat 1: nrJitsu ($714.83 in chips)
Seat 2: Zabmenas ($121.93 in chips)
Zabmenas: posts small blind $1
nrJitsu: posts big blind $3
*** HOLE CARDS ***
Zabmenas: folds
Uncalled bet ($2) returned to nrJitsu
nrJitsu collected $2 from pot
nrJitsu: doesn't show hand
*** SUMMARY ***
Total pot $2 | Rake $0
Seat 1: nrJitsu (big blind) collected ($2)
Seat 2: Zabmenas (button) (small blind) folded before Flop


PokerStars Hand #145837528455:  Hold'em Limit ($3/$6 USD) - 2015/12/24 5:47:44 ET
Table 'Siebohme II' 2-max Seat #1 is the button
Seat 1: nrJitsu ($723.83 in chips)
Seat 2: Zabmenas ($113.29 in chips)
nrJitsu: posts small blind $1
Zabmenas: posts big blind $3
*** HOLE CARDS ***
nrJitsu: raises $3 to $6
Zabmenas: raises $3 to $9
nrJitsu: calls $3
*** FLOP *** [Qs 9c 3c]
Zabmenas: bets $3
nrJitsu: folds
Uncalled bet ($3) returned to Zabmenas
Zabmenas collected $17.64 from pot
Zabmenas: doesn't show hand
*** SUMMARY ***
Total pot $18 | Rake $0.36
Board [Qs 9c 3c]
Seat 1: nrJitsu (button) (small blind) folded on the Flop
Seat 2: Zabmenas (big blind) collected ($17.64)


PokerStars Hand #145837516829:  Hold'em Limit ($3/$6 USD) - 2015/12/24 5:47:20 ET
Table 'Siebohme II' 2-max Seat #2 is the button
Seat 1: nrJitsu ($744.83 in chips)
Seat 2: Zabmenas ($92.79 in chips)
Zabmenas: posts small blind $1
nrJitsu: posts big blind $3
*** HOLE CARDS ***
Zabmenas: raises $3 to $6
nrJitsu: raises $3 to $9
Zabmenas: raises $3 to $12
Betting is capped
nrJitsu: calls $3
*** FLOP *** [Th 6s 8h]
nrJitsu: checks
Zabmenas: bets $3
nrJitsu: calls $3
*** TURN *** [Th 6s 8h] [9h]
nrJitsu: checks
Zabmenas: bets $6
nrJitsu: calls $6
*** RIVER *** [Th 6s 8h 9h] [4h]
nrJitsu: checks
Zabmenas: checks
*** SHOW DOWN ***
nrJitsu: shows [Qc Tc] (a pair of Tens)
Zabmenas: shows [8d Td] (two pair, Tens and Eights)
Zabmenas collected $41.50 from pot
*** SUMMARY ***
Total pot $42 | Rake $0.50
Board [Th 6s 8h 9h 4h]
Seat 1: nrJitsu (big blind) showed [Qc Tc] and lost with a pair of Tens
Seat 2: Zabmenas (button) (small blind) showed [8d Td] and won ($41.50) with two pair, Tens and Eights


PokerStars Hand #145837578876:  Hold'em Limit ($3/$6 USD) - 2015/12/24 5:49:27 ET
Table 'Siebohme II' 2-max Seat #2 is the button
Seat 1: nrJitsu ($722.97 in chips)
Seat 2: Zabmenas ($112.43 in chips)
Zabmenas: posts small blind $1
nrJitsu: posts big blind $3
*** HOLE CARDS ***
Zabmenas: folds
Uncalled bet ($2) returned to nrJitsu
nrJitsu collected $2 from pot
nrJitsu: doesn't show hand
*** SUMMARY ***
Total pot $2 | Rake $0
Seat 1: nrJitsu (big blind) collected ($2)
Seat 2: Zabmenas (button) (small blind) folded before Flop


PokerStars Hand #145837566686:  Hold'em Limit ($3/$6 USD) - 2015/12/24 5:49:02 ET
Table 'Siebohme II' 2-max Seat #2 is the button
Seat 1: nrJitsu ($715.33 in chips)
Seat 2: Zabmenas ($120.43 in chips)
Zabmenas: posts small blind $1
nrJitsu: posts big blind $3
*** HOLE CARDS ***
Zabmenas: raises $3 to $6
nrJitsu: calls $3
*** FLOP *** [Jd Qs Kd]
nrJitsu: checks
Zabmenas: bets $3
nrJitsu: calls $3
*** TURN *** [Jd Qs Kd] [6d]
nrJitsu: checks
Zabmenas: checks
*** RIVER *** [Jd Qs Kd 6d] [Td]
nrJitsu: checks
Zabmenas: checks
*** SHOW DOWN ***
nrJitsu: shows [Jc 8s] (a pair of Jacks)
Zabmenas: mucks hand
nrJitsu collected $17.64 from pot
*** SUMMARY ***
Total pot $18 | Rake $0.36
Board [Jd Qs Kd 6d Td]
Seat 1: nrJitsu (big blind) showed [Jc 8s] and won ($17.64) with a pair of Jacks
Seat 2: Zabmenas (button) (small blind) mucked


PokerStars Hand #145837563882:  Hold'em Limit ($3/$6 USD) - 2015/12/24 5:48:56 ET
Table 'Siebohme II' 2-max Seat #1 is the button
Seat 1: nrJitsu ($712.33 in chips)
Seat 2: Zabmenas ($123.43 in chips)
nrJitsu: posts small blind $1
Zabmenas: posts big blind $3
*** HOLE CARDS ***
nrJitsu: raises $3 to $6
Zabmenas: folds
Uncalled bet ($3) returned to nrJitsu
nrJitsu collected $6 from pot
nrJitsu: doesn't show hand
*** SUMMARY ***
Total pot $6 | Rake $0
Seat 1: nrJitsu (button) (small blind) collected ($6)
Seat 2: Zabmenas (big blind) folded before Flop


PokerStars Hand #145837552773:  Hold'em Limit ($3/$6 USD) - 2015/12/24 5:48:34 ET
Table 'Siebohme II' 2-max Seat #2 is the button
Seat 1: nrJitsu ($691.83 in chips)
Seat 2: Zabmenas ($144.43 in chips)
Zabmenas: posts small blind $1
nrJitsu: posts big blind $3
*** HOLE CARDS ***
Zabmenas: raises $3 to $6
nrJitsu: calls $3
*** FLOP *** [9c Ac 7h]
nrJitsu: checks
Zabmenas: bets $3
nrJitsu: calls $3
*** TURN *** [9c Ac 7h] [4d]
nrJitsu: checks
Zabmenas: bets $6
nrJitsu: calls $6
*** RIVER *** [9c Ac 7h 4d] [3h]
nrJitsu: checks
Zabmenas: bets $6
nrJitsu: calls $6
*** SHOW DOWN ***
Zabmenas: shows [Tc 2c] (high card Ace)
nrJitsu: shows [6s 7d] (a pair of Sevens)
nrJitsu collected $41.50 from pot
*** SUMMARY ***
Total pot $42 | Rake $0.50
Board [9c Ac 7h 4d 3h]
Seat 1: nrJitsu (big blind) showed [6s 7d] and won ($41.50) with a pair of Sevens
Seat 2: Zabmenas (button) (small blind) showed [Tc 2c] and lost with high card Ace


PokerStars Hand #145837581152:  Hold'em Limit ($3/$6 USD) - 2015/12/24 5:49:31 ET
Table 'Siebohme II' 2-max Seat #1 is the button
Seat 1: nrJitsu ($723.97 in chips)
Seat 2: Zabmenas ($111.43 in chips)
nrJitsu: posts small blind $1
Zabmenas: posts big blind $3
*** HOLE CARDS ***
nrJitsu: raises $3 to $6
Zabmenas: raises $3 to $9
nrJitsu: calls $3
*** FLOP *** [Qd Jd 9c]
Zabmenas: bets $3
nrJitsu: calls $3
*** TURN *** [Qd Jd 9c] [Kh]
Zabmenas: bets $6
nrJitsu: raises $6 to $12
Zabmenas: folds
Uncalled bet ($6) returned to nrJitsu
nrJitsu collected $35.50 from pot
nrJitsu: doesn't show hand
*** SUMMARY ***
Total pot $36 | Rake $0.50
Board [Qd Jd 9c Kh]
Seat 1: nrJitsu (button) (small blind) collected ($35.50)
Seat 2: Zabmenas (big blind) folded on the Turn


PokerStars Hand #145837606003:  Hold'em Limit ($3/$6 USD) - 2015/12/24 5:50:22 ET
Table 'Siebohme II' 2-max Seat #1 is the button
Seat 1: nrJitsu ($740.23 in chips)
Seat 2: Zabmenas ($94.19 in chips)
nrJitsu: posts small blind $1
Zabmenas: posts big blind $3
*** HOLE CARDS ***
nrJitsu: raises $3 to $6
Zabmenas: folds
Uncalled bet ($3) returned to nrJitsu
nrJitsu collected $6 from pot
nrJitsu: doesn't show hand
*** SUMMARY ***
Total pot $6 | Rake $0
Seat 1: nrJitsu (button) (small blind) collected ($6)
Seat 2: Zabmenas (big blind) folded before Flop


PokerStars Hand #145837598808:  Hold'em Limit ($3/$6 USD) - 2015/12/24 5:50:07 ET
Table 'Siebohme II' 2-max Seat #2 is the button
Seat 1: nrJitsu ($734.47 in chips)
Seat 2: Zabmenas ($100.19 in chips)
Zabmenas: posts small blind $1
nrJitsu: posts big blind $3
*** HOLE CARDS ***
Zabmenas: raises $3 to $6
nrJitsu: calls $3
*** FLOP *** [Qs Kh Qh]
nrJitsu: checks
Zabmenas: checks
*** TURN *** [Qs Kh Qh] [7d]
nrJitsu: bets $6
Zabmenas: folds
Uncalled bet ($6) returned to nrJitsu
nrJitsu collected $11.76 from pot
nrJitsu: doesn't show hand
*** SUMMARY ***
Total pot $12 | Rake $0.24
Board [Qs Kh Qh 7d]
Seat 1: nrJitsu (big blind) collected ($11.76)
Seat 2: Zabmenas (button) (small blind) folded on the Turn


PokerStars Hand #145837595609:  Hold'em Limit ($3/$6 USD) - 2015/12/24 5:50:00 ET
Table 'Siebohme II' 2-max Seat #1 is the button
Seat 1: nrJitsu ($735.47 in chips)
Seat 2: Zabmenas ($99.19 in chips)
nrJitsu: posts small blind $1
Zabmenas: posts big blind $3
*** HOLE CARDS ***
nrJitsu: folds
Uncalled bet ($2) returned to Zabmenas
Zabmenas collected $2 from pot
Zabmenas: doesn't show hand
*** SUMMARY ***
Total pot $2 | Rake $0
Seat 1: nrJitsu (button) (small blind) folded before Flop
Seat 2: Zabmenas (big blind) collected ($2)


PokerStars Hand #145837589242:  Hold'em Limit ($3/$6 USD) - 2015/12/24 5:49:47 ET
Table 'Siebohme II' 2-max Seat #2 is the button
Seat 1: nrJitsu ($741.47 in chips)
Seat 2: Zabmenas ($93.43 in chips)
Zabmenas: posts small blind $1
nrJitsu: posts big blind $3
*** HOLE CARDS ***
Zabmenas: raises $3 to $6
nrJitsu: calls $3
*** FLOP *** [5h 7h 9d]
nrJitsu: checks
Zabmenas: bets $3
nrJitsu: folds
Uncalled bet ($3) returned to Zabmenas
Zabmenas collected $11.76 from pot
Zabmenas: doesn't show hand
*** SUMMARY ***
Total pot $12 | Rake $0.24
Board [5h 7h 9d]
Seat 1: nrJitsu (big blind) folded on the Flop
Seat 2: Zabmenas (button) (small blind) collected ($11.76)


PokerStars Hand #145837642000:  Hold'em Limit ($3/$6 USD) - 2015/12/24 5:51:35 ET
Table 'Siebohme II' 2-max Seat #1 is the button
Seat 1: nrJitsu ($775.99 in chips)
Seat 2: Zabmenas ($56.83 in chips)
nrJitsu: posts small blind $1
Zabmenas: posts big blind $3
*** HOLE CARDS ***
nrJitsu: folds
Uncalled bet ($2) returned to Zabmenas
Zabmenas collected $2 from pot
Zabmenas: doesn't show hand
*** SUMMARY ***
Total pot $2 | Rake $0
Seat 1: nrJitsu (button) (small blind) folded before Flop
Seat 2: Zabmenas (big blind) collected ($2)


PokerStars Hand #145837633191:  Hold'em Limit ($3/$6 USD) - 2015/12/24 5:51:17 ET
Table 'Siebohme II' 2-max Seat #2 is the button
Seat 1: nrJitsu ($758.49 in chips)
Seat 2: Zabmenas ($74.83 in chips)
Zabmenas: posts small blind $1
nrJitsu: posts big blind $3
*** HOLE CARDS ***
Zabmenas: raises $3 to $6
nrJitsu: raises $3 to $9
Zabmenas: calls $3
*** FLOP *** [Ts 2d 3h]
nrJitsu: bets $3
Zabmenas: calls $3
*** TURN *** [Ts 2d 3h] [6s]
nrJitsu: bets $6
Zabmenas: calls $6
*** RIVER *** [Ts 2d 3h 6s] [6d]
nrJitsu: bets $6
Zabmenas: folds
Uncalled bet ($6) returned to nrJitsu
nrJitsu collected $35.50 from pot
nrJitsu: doesn't show hand
*** SUMMARY ***
Total pot $36 | Rake $0.50
Board [Ts 2d 3h 6s 6d]
Seat 1: nrJitsu (big blind) collected ($35.50)
Seat 2: Zabmenas (button) (small blind) folded on the River


PokerStars Hand #145837609819:  Hold'em Limit ($3/$6 USD) - 2015/12/24 5:50:30 ET
Table 'Siebohme II' 2-max Seat #2 is the button
Seat 1: nrJitsu ($743.23 in chips)
Seat 2: Zabmenas ($91.19 in chips)
Zabmenas: posts small blind $1
nrJitsu: posts big blind $3
*** HOLE CARDS ***
Zabmenas: raises $3 to $6
nrJitsu: calls $3
*** FLOP *** [2d 7h 5h]
nrJitsu: checks
Zabmenas: bets $3
nrJitsu: raises $3 to $6
Zabmenas: calls $3
*** TURN *** [2d 7h 5h] [6d]
nrJitsu: bets $6
Zabmenas: calls $6
*** RIVER *** [2d 7h 5h 6d] [8s]
nrJitsu: bets $6
Zabmenas: folds
Uncalled bet ($6) returned to nrJitsu
nrJitsu collected $35.50 from pot
nrJitsu: doesn't show hand
*** SUMMARY ***
Total pot $36 | Rake $0.50
Board [2d 7h 5h 6d 8s]
Seat 1: nrJitsu (big blind) collected ($35.50)
Seat 2: Zabmenas (button) (small blind) folded on the River


PokerStars Hand #145837627388:  Hold'em Limit ($3/$6 USD) - 2015/12/24 5:51:05 ET
Table 'Siebohme II' 2-max Seat #1 is the button
Seat 1: nrJitsu ($767.49 in chips)
Seat 2: Zabmenas ($66.19 in chips)
nrJitsu: posts small blind $1
Zabmenas: posts big blind $3
*** HOLE CARDS ***
nrJitsu: raises $3 to $6
Zabmenas: raises $3 to $9
nrJitsu: calls $3
*** FLOP *** [Th 2c 6c]
Zabmenas: bets $3
nrJitsu: folds
Uncalled bet ($3) returned to Zabmenas
Zabmenas collected $17.64 from pot
Zabmenas: doesn't show hand
*** SUMMARY ***
Total pot $18 | Rake $0.36
Board [Th 2c 6c]
Seat 1: nrJitsu (button) (small blind) folded on the Flop
Seat 2: Zabmenas (big blind) collected ($17.64)


PokerStars Hand #145837624845:  Hold'em Limit ($3/$6 USD) - 2015/12/24 5:51:00 ET
Table 'Siebohme II' 2-max Seat #2 is the button
Seat 1: nrJitsu ($766.49 in chips)
Seat 2: Zabmenas ($67.19 in chips)
Zabmenas: posts small blind $1
nrJitsu: posts big blind $3
*** HOLE CARDS ***
Zabmenas: folds
Uncalled bet ($2) returned to nrJitsu
nrJitsu collected $2 from pot
nrJitsu: doesn't show hand
*** SUMMARY ***
Total pot $2 | Rake $0
Seat 1: nrJitsu (big blind) collected ($2)
Seat 2: Zabmenas (button) (small blind) folded before Flop


PokerStars Hand #145837619182:  Hold'em Limit ($3/$6 USD) - 2015/12/24 5:50:49 ET
Table 'Siebohme II' 2-max Seat #1 is the button
Seat 1: nrJitsu ($760.73 in chips)
Seat 2: Zabmenas ($73.19 in chips)
nrJitsu: posts small blind $1
Zabmenas: posts big blind $3
*** HOLE CARDS ***
nrJitsu: raises $3 to $6
Zabmenas: calls $3
*** FLOP *** [5s 3s 8s]
Zabmenas: checks
nrJitsu: bets $3
Zabmenas: folds
Uncalled bet ($3) returned to nrJitsu
nrJitsu collected $11.76 from pot
nrJitsu: doesn't show hand
*** SUMMARY ***
Total pot $12 | Rake $0.24
Board [5s 3s 8s]
Seat 1: nrJitsu (button) (small blind) collected ($11.76)
Seat 2: Zabmenas (big blind) folded on the Flop


PokerStars Hand #145837672117:  Hold'em Limit ($3/$6 USD) - 2015/12/24 5:52:37 ET
Table 'Siebohme II' 2-max Seat #2 is the button
Seat 1: nrJitsu ($785.75 in chips)
Seat 2: Zabmenas ($46.83 in chips)
Zabmenas: posts small blind $1
nrJitsu: posts big blind $3
*** HOLE CARDS ***
Zabmenas: folds
Uncalled bet ($2) returned to nrJitsu
nrJitsu collected $2 from pot
nrJitsu: doesn't show hand
*** SUMMARY ***
Total pot $2 | Rake $0
Seat 1: nrJitsu (big blind) collected ($2)
Seat 2: Zabmenas (button) (small blind) folded before Flop


PokerStars Hand #145837664752:  Hold'em Limit ($3/$6 USD) - 2015/12/24 5:52:22 ET
Table 'Siebohme II' 2-max Seat #1 is the button
Seat 1: nrJitsu ($779.99 in chips)
Seat 2: Zabmenas ($52.83 in chips)
nrJitsu: posts small blind $1
Zabmenas: posts big blind $3
*** HOLE CARDS ***
nrJitsu: raises $3 to $6
Zabmenas: calls $3
*** FLOP *** [8d Ks 8s]
Zabmenas: checks
nrJitsu: bets $3
Zabmenas: folds
Uncalled bet ($3) returned to nrJitsu
nrJitsu collected $11.76 from pot
nrJitsu: doesn't show hand
*** SUMMARY ***
Total pot $12 | Rake $0.24
Board [8d Ks 8s]
Seat 1: nrJitsu (button) (small blind) collected ($11.76)
Seat 2: Zabmenas (big blind) folded on the Flop


PokerStars Hand #145837662497:  Hold'em Limit ($3/$6 USD) - 2015/12/24 5:52:17 ET
Table 'Siebohme II' 2-max Seat #2 is the button
Seat 1: nrJitsu ($778.99 in chips)
Seat 2: Zabmenas ($53.83 in chips)
Zabmenas: posts small blind $1
nrJitsu: posts big blind $3
*** HOLE CARDS ***
Zabmenas: folds
Uncalled bet ($2) returned to nrJitsu
nrJitsu collected $2 from pot
nrJitsu: doesn't show hand
*** SUMMARY ***
Total pot $2 | Rake $0
Seat 1: nrJitsu (big blind) collected ($2)
Seat 2: Zabmenas (button) (small blind) folded before Flop


PokerStars Hand #145837660361:  Hold'em Limit ($3/$6 USD) - 2015/12/24 5:52:13 ET
Table 'Siebohme II' 2-max Seat #1 is the button
Seat 1: nrJitsu ($779.99 in chips)
Seat 2: Zabmenas ($52.83 in chips)
nrJitsu: posts small blind $1
Zabmenas: posts big blind $3
*** HOLE CARDS ***
nrJitsu: folds
Uncalled bet ($2) returned to Zabmenas
Zabmenas collected $2 from pot
Zabmenas: doesn't show hand
*** SUMMARY ***
Total pot $2 | Rake $0
Seat 1: nrJitsu (button) (small blind) folded before Flop
Seat 2: Zabmenas (big blind) collected ($2)


PokerStars Hand #145837655731:  Hold'em Limit ($3/$6 USD) - 2015/12/24 5:52:03 ET
Table 'Siebohme II' 2-max Seat #2 is the button
Seat 1: nrJitsu ($782.99 in chips)
Seat 2: Zabmenas ($49.83 in chips)
Zabmenas: posts small blind $1
nrJitsu: posts big blind $3
*** HOLE CARDS ***
Zabmenas: raises $3 to $6
nrJitsu: folds
Uncalled bet ($3) returned to Zabmenas
Zabmenas collected $6 from pot
Zabmenas: doesn't show hand
*** SUMMARY ***
Total pot $6 | Rake $0
Seat 1: nrJitsu (big blind) folded before Flop
Seat 2: Zabmenas (button) (small blind) collected ($6)


PokerStars Hand #145837651813:  Hold'em Limit ($3/$6 USD) - 2015/12/24 5:51:55 ET
Table 'Siebohme II' 2-max Seat #1 is the button
Seat 1: nrJitsu ($779.99 in chips)
Seat 2: Zabmenas ($52.83 in chips)
nrJitsu: posts small blind $1
Zabmenas: posts big blind $3
*** HOLE CARDS ***
nrJitsu: raises $3 to $6
Zabmenas: folds
Uncalled bet ($3) returned to nrJitsu
nrJitsu collected $6 from pot
nrJitsu: doesn't show hand
*** SUMMARY ***
Total pot $6 | Rake $0
Seat 1: nrJitsu (button) (small blind) collected ($6)
Seat 2: Zabmenas (big blind) folded before Flop


PokerStars Hand #145837649295:  Hold'em Limit ($3/$6 USD) - 2015/12/24 5:51:50 ET
Table 'Siebohme II' 2-max Seat #2 is the button
Seat 1: nrJitsu ($778.99 in chips)
Seat 2: Zabmenas ($53.83 in chips)
Zabmenas: posts small blind $1
nrJitsu: posts big blind $3
*** HOLE CARDS ***
Zabmenas: folds
Uncalled bet ($2) returned to nrJitsu
nrJitsu collected $2 from pot
nrJitsu: doesn't show hand
*** SUMMARY ***
Total pot $2 | Rake $0
Seat 1: nrJitsu (big blind) collected ($2)
Seat 2: Zabmenas (button) (small blind) folded before Flop


PokerStars Hand #145837646482:  Hold'em Limit ($3/$6 USD) - 2015/12/24 5:51:44 ET
Table 'Siebohme II' 2-max Seat #1 is the button
Seat 1: nrJitsu ($775.99 in chips)
Seat 2: Zabmenas ($56.83 in chips)
nrJitsu: posts small blind $1
Zabmenas: posts big blind $3
*** HOLE CARDS ***
nrJitsu: raises $3 to $6
Zabmenas: folds
Uncalled bet ($3) returned to nrJitsu
nrJitsu collected $6 from pot
nrJitsu: doesn't show hand
*** SUMMARY ***
Total pot $6 | Rake $0
Seat 1: nrJitsu (button) (small blind) collected ($6)
Seat 2: Zabmenas (big blind) folded before Flop


PokerStars Hand #145837644433:  Hold'em Limit ($3/$6 USD) - 2015/12/24 5:51:40 ET
Table 'Siebohme II' 2-max Seat #2 is the button
Seat 1: nrJitsu ($774.99 in chips)
Seat 2: Zabmenas ($57.83 in chips)
Zabmenas: posts small blind $1
nrJitsu: posts big blind $3
*** HOLE CARDS ***
Zabmenas: folds
Uncalled bet ($2) returned to nrJitsu
nrJitsu collected $2 from pot
nrJitsu: doesn't show hand
*** SUMMARY ***
Total pot $2 | Rake $0
Seat 1: nrJitsu (big blind) collected ($2)
Seat 2: Zabmenas (button) (small blind) folded before Flop


PokerStars Hand #145837679335:  Hold'em Limit ($3/$6 USD) - 2015/12/24 5:52:51 ET
Table 'Siebohme II' 2-max Seat #1 is the button
Seat 1: nrJitsu ($786.75 in chips)
Seat 2: Zabmenas ($45.83 in chips)
nrJitsu: posts small blind $1
Zabmenas: posts big blind $3
*** HOLE CARDS ***
nrJitsu: raises $3 to $6
Zabmenas: folds
Uncalled bet ($3) returned to nrJitsu
nrJitsu collected $6 from pot
nrJitsu: doesn't show hand
*** SUMMARY ***
Total pot $6 | Rake $0
Seat 1: nrJitsu (button) (small blind) collected ($6)
Seat 2: Zabmenas (big blind) folded before Flop


PokerStars Hand #145837690636:  Hold'em Limit ($3/$6 USD) - 2015/12/24 5:53:14 ET
Table 'Siebohme II' 2-max Seat #1 is the button
Seat 1: nrJitsu ($813.25 in chips)
Seat 2: Zabmenas ($18.83 in chips)
nrJitsu: posts small blind $1
Zabmenas: posts big blind $3
*** HOLE CARDS ***
nrJitsu: raises $3 to $6
Zabmenas: raises $3 to $9
nrJitsu: calls $3
*** FLOP *** [As 3h 9d]
Zabmenas: bets $3
nrJitsu: calls $3
*** TURN *** [As 3h 9d] [9c]
Zabmenas: bets $6
nrJitsu: folds
Uncalled bet ($6) returned to Zabmenas
Zabmenas collected $23.52 from pot
Zabmenas: doesn't show hand
*** SUMMARY ***
Total pot $24 | Rake $0.48
Board [As 3h 9d 9c]
Seat 1: nrJitsu (button) (small blind) folded on the Turn
Seat 2: Zabmenas (big blind) collected ($23.52)


PokerStars Hand #145837674494:  Hold'em Limit ($3/$6 USD) - 2015/12/24 5:52:41 ET
Table 'Siebohme II' 2-max Seat #1 is the button
Seat 1: nrJitsu ($786.75 in chips)
Seat 2: Zabmenas ($45.83 in chips)
nrJitsu: posts small blind $1
Zabmenas: posts big blind $3
*** HOLE CARDS ***
nrJitsu: folds
Uncalled bet ($2) returned to Zabmenas
Zabmenas collected $2 from pot
Zabmenas: doesn't show hand
*** SUMMARY ***
Total pot $2 | Rake $0
Seat 1: nrJitsu (button) (small blind) folded before Flop
Seat 2: Zabmenas (big blind) collected ($2)


PokerStars Hand #145837712786:  Hold'em Limit ($3/$6 USD) - 2015/12/24 5:53:59 ET
Table 'Siebohme II' 2-max Seat #2 is the button
Seat 1: nrJitsu ($808.89 in chips)
Seat 2: Zabmenas ($22.35 in chips)
Zabmenas: posts small blind $1
nrJitsu: posts big blind $3
*** HOLE CARDS ***
Zabmenas: folds
Uncalled bet ($2) returned to nrJitsu
nrJitsu collected $2 from pot
nrJitsu: doesn't show hand
*** SUMMARY ***
Total pot $2 | Rake $0
Seat 1: nrJitsu (big blind) collected ($2)
Seat 2: Zabmenas (button) (small blind) folded before Flop


PokerStars Hand #145837708457:  Hold'em Limit ($3/$6 USD) - 2015/12/24 5:53:50 ET
Table 'Siebohme II' 2-max Seat #1 is the button
Seat 1: nrJitsu ($809.89 in chips)
Seat 2: Zabmenas ($21.35 in chips)
nrJitsu: posts small blind $1
Zabmenas: posts big blind $3
*** HOLE CARDS ***
nrJitsu: folds
Uncalled bet ($2) returned to Zabmenas
Zabmenas collected $2 from pot
Zabmenas: doesn't show hand
*** SUMMARY ***
Total pot $2 | Rake $0
Seat 1: nrJitsu (button) (small blind) folded before Flop
Seat 2: Zabmenas (big blind) collected ($2)


PokerStars Hand #145837714931:  Hold'em Limit ($3/$6 USD) - 2015/12/24 5:54:03 ET
Table 'Siebohme II' 2-max Seat #1 is the button
Seat 1: nrJitsu ($809.89 in chips)
Seat 2: Zabmenas ($21.35 in chips)
nrJitsu: posts small blind $1
Zabmenas: posts big blind $3
*** HOLE CARDS ***
nrJitsu: folds
Uncalled bet ($2) returned to Zabmenas
Zabmenas collected $2 from pot
Zabmenas: doesn't show hand
*** SUMMARY ***
Total pot $2 | Rake $0
Seat 1: nrJitsu (button) (small blind) folded before Flop
Seat 2: Zabmenas (big blind) collected ($2)


PokerStars Hand #145837717958:  Hold'em Limit ($3/$6 USD) - 2015/12/24 5:54:09 ET
Table 'Siebohme II' 2-max Seat #2 is the button
Seat 1: nrJitsu ($808.89 in chips)
Seat 2: Zabmenas ($22.35 in chips)
Zabmenas: posts small blind $1
nrJitsu: posts big blind $3
*** HOLE CARDS ***
Zabmenas: raises $3 to $6
nrJitsu: folds
Uncalled bet ($3) returned to Zabmenas
Zabmenas collected $6 from pot
Zabmenas: doesn't show hand
*** SUMMARY ***
Total pot $6 | Rake $0
Seat 1: nrJitsu (big blind) folded before Flop
Seat 2: Zabmenas (button) (small blind) collected ($6)


PokerStars Hand #145837702310:  Hold'em Limit ($3/$6 USD) - 2015/12/24 5:53:38 ET
Table 'Siebohme II' 2-max Seat #2 is the button
Seat 1: nrJitsu ($801.25 in chips)
Seat 2: Zabmenas ($30.35 in chips)
Zabmenas: posts small blind $1
nrJitsu: posts big blind $3
*** HOLE CARDS ***
Zabmenas: raises $3 to $6
nrJitsu: calls $3
*** FLOP *** [4c Qs Jh]
nrJitsu: checks
Zabmenas: bets $3
nrJitsu: raises $3 to $6
Zabmenas: folds
Uncalled bet ($3) returned to nrJitsu
nrJitsu collected $17.64 from pot
nrJitsu: doesn't show hand
*** SUMMARY ***
Total pot $18 | Rake $0.36
Board [4c Qs Jh]
Seat 1: nrJitsu (big blind) collected ($17.64)
Seat 2: Zabmenas (button) (small blind) folded on the Flop


PokerStars Hand #145837738938:  Hold'em Limit ($3/$6 USD) - 2015/12/24 5:54:52 ET
Table 'Siebohme II' 2-max Seat #1 is the button
Seat 1: nrJitsu ($790.89 in chips)
Seat 2: Zabmenas ($39.75 in chips)
nrJitsu: posts small blind $1
Zabmenas: posts big blind $3
*** HOLE CARDS ***
nrJitsu: raises $3 to $6
Zabmenas: calls $3
*** FLOP *** [Jc 5s Qc]
Zabmenas: checks
nrJitsu: bets $3
Zabmenas: calls $3
*** TURN *** [Jc 5s Qc] [4c]
Zabmenas: checks
nrJitsu: checks
*** RIVER *** [Jc 5s Qc 4c] [Qs]
Zabmenas: bets $6
nrJitsu: folds
Uncalled bet ($6) returned to Zabmenas
Zabmenas collected $17.64 from pot
Zabmenas: doesn't show hand
*** SUMMARY ***
Total pot $18 | Rake $0.36
Board [Jc 5s Qc 4c Qs]
Seat 1: nrJitsu (button) (small blind) folded on the River
Seat 2: Zabmenas (big blind) collected ($17.64)


PokerStars Hand #145837731560:  Hold'em Limit ($3/$6 USD) - 2015/12/24 5:54:37 ET
Table 'Siebohme II' 2-max Seat #2 is the button
Seat 1: nrJitsu ($796.89 in chips)
Seat 2: Zabmenas ($33.99 in chips)
Zabmenas: posts small blind $1
nrJitsu: posts big blind $3
*** HOLE CARDS ***
Zabmenas: raises $3 to $6
nrJitsu: calls $3
*** FLOP *** [3s Jc 8h]
nrJitsu: checks
Zabmenas: bets $3
nrJitsu: folds
Uncalled bet ($3) returned to Zabmenas
Zabmenas collected $11.76 from pot
Zabmenas: doesn't show hand
*** SUMMARY ***
Total pot $12 | Rake $0.24
Board [3s Jc 8h]
Seat 1: nrJitsu (big blind) folded on the Flop
Seat 2: Zabmenas (button) (small blind) collected ($11.76)


PokerStars Hand #145837756730:  Hold'em Limit ($3/$6 USD) - 2015/12/24 5:55:31 ET
Table 'Siebohme II' 2-max Seat #1 is the button
Seat 1: nrJitsu ($782.89 in chips)
Seat 2: Zabmenas ($47.39 in chips)
nrJitsu: posts small blind $1
Zabmenas: posts big blind $3
*** HOLE CARDS ***
nrJitsu: raises $3 to $6
Zabmenas: raises $3 to $9
nrJitsu: calls $3
*** FLOP *** [Qs 8c 6d]
Zabmenas: bets $3
nrJitsu: calls $3
*** TURN *** [Qs 8c 6d] [5c]
Zabmenas: bets $6
nrJitsu: raises $6 to $12
Zabmenas: calls $6
*** RIVER *** [Qs 8c 6d 5c] [Jh]
Zabmenas: checks
nrJitsu: bets $6
Zabmenas: calls $6
*** SHOW DOWN ***
nrJitsu: shows [As Qc] (a pair of Queens)
Zabmenas: mucks hand
nrJitsu collected $59.50 from pot
*** SUMMARY ***
Total pot $60 | Rake $0.50
Board [Qs 8c 6d 5c Jh]
Seat 1: nrJitsu (button) (small blind) showed [As Qc] and won ($59.50) with a pair of Queens
Seat 2: Zabmenas (big blind) mucked


PokerStars Hand #145837776828:  Hold'em Limit ($3/$6 USD) - 2015/12/24 5:56:17 ET
Table 'Siebohme II' 2-max Seat #1 is the button
Seat 1: nrJitsu ($806.39 in chips)
Seat 2: Zabmenas ($23.15 in chips)
nrJitsu: posts small blind $1
Zabmenas: posts big blind $3
*** HOLE CARDS ***
nrJitsu: folds
Uncalled bet ($2) returned to Zabmenas
Zabmenas collected $2 from pot
Zabmenas: doesn't show hand
*** SUMMARY ***
Total pot $2 | Rake $0
Seat 1: nrJitsu (button) (small blind) folded before Flop
Seat 2: Zabmenas (big blind) collected ($2)


PokerStars Hand #145837769362:  Hold'em Limit ($3/$6 USD) - 2015/12/24 5:56:00 ET
Table 'Siebohme II' 2-max Seat #2 is the button
Seat 1: nrJitsu ($812.39 in chips)
Seat 2: Zabmenas ($17.39 in chips)
Zabmenas: posts small blind $1
nrJitsu: posts big blind $3
*** HOLE CARDS ***
Zabmenas: raises $3 to $6
nrJitsu: calls $3
*** FLOP *** [7c 6d Qs]
nrJitsu: checks
Zabmenas: bets $3
nrJitsu: folds
Uncalled bet ($3) returned to Zabmenas
Zabmenas collected $11.76 from pot
Zabmenas: doesn't show hand
*** SUMMARY ***
Total pot $12 | Rake $0.24
Board [7c 6d Qs]
Seat 1: nrJitsu (big blind) folded on the Flop
Seat 2: Zabmenas (button) (small blind) collected ($11.76)


PokerStars Hand #145837779295:  Hold'em Limit ($3/$6 USD) - 2015/12/24 5:56:23 ET
Table 'Siebohme II' 2-max Seat #2 is the button
Seat 1: nrJitsu ($805.39 in chips)
Seat 2: Zabmenas ($24.15 in chips)
Zabmenas: posts small blind $1
nrJitsu: posts big blind $3
*** HOLE CARDS ***
Zabmenas: raises $3 to $6
nrJitsu: calls $3
*** FLOP *** [4h Ac Th]
nrJitsu: checks
Zabmenas: bets $3
nrJitsu: folds
Uncalled bet ($3) returned to Zabmenas
Zabmenas collected $11.76 from pot
Zabmenas: doesn't show hand
*** SUMMARY ***
Total pot $12 | Rake $0.24
Board [4h Ac Th]
Seat 1: nrJitsu (big blind) folded on the Flop
Seat 2: Zabmenas (button) (small blind) collected ($11.76)


PokerStars Hand #145837792736:  Hold'em Limit ($3/$6 USD) - 2015/12/24 5:56:53 ET
Table 'Siebohme II' 2-max Seat #2 is the button
Seat 1: nrJitsu ($805.15 in chips)
Seat 2: Zabmenas ($23.91 in chips)
Zabmenas: posts small blind $1
nrJitsu: posts big blind $3
*** HOLE CARDS ***
Zabmenas: raises $3 to $6
nrJitsu: calls $3
*** FLOP *** [9s 2c 3h]
nrJitsu: checks
Zabmenas: bets $3
nrJitsu: folds
Uncalled bet ($3) returned to Zabmenas
Zabmenas collected $11.76 from pot
Zabmenas: doesn't show hand
*** SUMMARY ***
Total pot $12 | Rake $0.24
Board [9s 2c 3h]
Seat 1: nrJitsu (big blind) folded on the Flop
Seat 2: Zabmenas (button) (small blind) collected ($11.76)


PokerStars Hand #145837797539:  Hold'em Limit ($3/$6 USD) - 2015/12/24 5:57:04 ET
Table 'Siebohme II' 2-max Seat #1 is the button
Seat 1: nrJitsu ($799.15 in chips)
Seat 2: Zabmenas ($29.67 in chips)
nrJitsu: posts small blind $1
Zabmenas: posts big blind $3
*** HOLE CARDS ***
nrJitsu: folds
Uncalled bet ($2) returned to Zabmenas
Zabmenas collected $2 from pot
Zabmenas: doesn't show hand
*** SUMMARY ***
Total pot $2 | Rake $0
Seat 1: nrJitsu (button) (small blind) folded before Flop
Seat 2: Zabmenas (big blind) collected ($2)


PokerStars Hand #145837784663:  Hold'em Limit ($3/$6 USD) - 2015/12/24 5:56:35 ET
Table 'Siebohme II' 2-max Seat #1 is the button
Seat 1: nrJitsu ($799.39 in chips)
Seat 2: Zabmenas ($29.91 in chips)
nrJitsu: posts small blind $1
Zabmenas: posts big blind $3
*** HOLE CARDS ***
nrJitsu: raises $3 to $6
Zabmenas: calls $3
*** FLOP *** [2d 6c 2h]
Zabmenas: checks
nrJitsu: bets $3
Zabmenas: folds
Uncalled bet ($3) returned to nrJitsu
nrJitsu collected $11.76 from pot
nrJitsu: doesn't show hand
*** SUMMARY ***
Total pot $12 | Rake $0.24
Board [2d 6c 2h]
Seat 1: nrJitsu (button) (small blind) collected ($11.76)
Seat 2: Zabmenas (big blind) folded on the Flop


