PokerStars Hand #175696809346:  Hold'em Limit ($3/$6 USD) - 2017/09/15 19:53:51 ET
Table 'Siegena' 6-max Seat #3 is the button
Seat 3: rascal_319 ($121.46 in chips)
Seat 4: karambakilla ($139.18 in chips)
tteufel666 will be allowed to play after the button
vestimokrec will be allowed to play after the button
rascal_319: posts small blind $1
karambakilla: posts big blind $3
*** HOLE CARDS ***
rascal_319: raises $3 to $6
karambakilla: calls $3
*** FLOP *** [Qd Tc 5d]
arocar leaves the table
karambakilla: checks
rascal_319: bets $3
karambakilla: calls $3
*** TURN *** [Qd Tc 5d] [Js]
karambakilla: checks
rascal_319: bets $6
karambakilla: calls $6
*** RIVER *** [Qd Tc 5d Js] [2d]
karambakilla: checks
rascal_319: checks
*** SHOW DOWN ***
karambakilla: shows [Kh 5c] (a pair of Fives)
rascal_319: shows [4h Qh] (a pair of Queens)
rascal_319 collected $29.50 from pot
*** SUMMARY ***
Total pot $30 | Rake $0.50
Board [Qd Tc 5d Js 2d]
Seat 3: rascal_319 (button) (small blind) showed [4h Qh] and won ($29.50) with a pair of Queens
Seat 4: karambakilla (big blind) showed [Kh 5c] and lost with a pair of Fives


