PokerStars Hand #169718210457:  Hold'em Limit ($3/$6 USD) - 2017/04/29 11:36:55 ET
Table 'Siegena' 10-max Seat #7 is the button
Seat 3: bullyingpros ($68 in chips)
Seat 7: VolkovDmitri ($123.76 in chips)
VolkovDmitri: posts small blind $1
bullyingpros: posts big blind $3
*** HOLE CARDS ***
VolkovDmitri: raises $3 to $6
bullyingpros: folds
Uncalled bet ($3) returned to VolkovDmitri
VolkovDmitri collected $6 from pot
VolkovDmitri: doesn't show hand
*** SUMMARY ***
Total pot $6 | Rake $0
Seat 3: bullyingpros (big blind) folded before Flop
Seat 7: VolkovDmitri (button) (small blind) collected ($6)


PokerStars Hand #169718203276:  Hold'em Limit ($3/$6 USD) - 2017/04/29 11:36:44 ET
Table 'Siegena' 10-max Seat #3 is the button
Seat 3: bullyingpros ($65 in chips)
Seat 7: VolkovDmitri ($126.76 in chips)
bullyingpros: posts small blind $1
VolkovDmitri: posts big blind $3
*** HOLE CARDS ***
bullyingpros: raises $3 to $6
VolkovDmitri: folds
Uncalled bet ($3) returned to bullyingpros
bullyingpros collected $6 from pot
*** SUMMARY ***
Total pot $6 | Rake $0
Seat 3: bullyingpros (button) (small blind) collected ($6)
Seat 7: VolkovDmitri (big blind) folded before Flop


PokerStars Hand #169718196251:  Hold'em Limit ($3/$6 USD) - 2017/04/29 11:36:33 ET
Table 'Siegena' 10-max Seat #7 is the button
Seat 3: bullyingpros ($71 in chips)
Seat 7: VolkovDmitri ($121 in chips)
VolkovDmitri: posts small blind $1
bullyingpros: posts big blind $3
*** HOLE CARDS ***
VolkovDmitri: raises $3 to $6
bullyingpros: calls $3
*** FLOP *** [2c Td Ah]
bullyingpros: checks
VolkovDmitri: bets $3
bullyingpros: folds
Uncalled bet ($3) returned to VolkovDmitri
VolkovDmitri collected $11.76 from pot
VolkovDmitri: doesn't show hand
*** SUMMARY ***
Total pot $12 | Rake $0.24
Board [2c Td Ah]
Seat 3: bullyingpros (big blind) folded on the Flop
Seat 7: VolkovDmitri (button) (small blind) collected ($11.76)


PokerStars Hand #169718254169:  Hold'em Limit ($3/$6 USD) - 2017/04/29 11:38:04 ET
Table 'Siegena' 10-max Seat #7 is the button
Seat 3: bullyingpros ($60.64 in chips)
Seat 7: VolkovDmitri ($130.28 in chips)
VolkovDmitri: posts small blind $1
bullyingpros: posts big blind $3
*** HOLE CARDS ***
VolkovDmitri: raises $3 to $6
bullyingpros: calls $3
*** FLOP *** [Kh 7s 9s]
bullyingpros: checks
VolkovDmitri: bets $3
bullyingpros: folds
Uncalled bet ($3) returned to VolkovDmitri
VolkovDmitri collected $11.76 from pot
VolkovDmitri: doesn't show hand
*** SUMMARY ***
Total pot $12 | Rake $0.24
Board [Kh 7s 9s]
Seat 3: bullyingpros (big blind) folded on the Flop
Seat 7: VolkovDmitri (button) (small blind) collected ($11.76)


PokerStars Hand #169718250791:  Hold'em Limit ($3/$6 USD) - 2017/04/29 11:37:59 ET
Table 'Siegena' 10-max Seat #3 is the button
Seat 3: bullyingpros ($61.64 in chips)
Seat 7: VolkovDmitri ($129.28 in chips)
bullyingpros: posts small blind $1
VolkovDmitri: posts big blind $3
*** HOLE CARDS ***
bullyingpros: folds
Uncalled bet ($2) returned to VolkovDmitri
VolkovDmitri collected $2 from pot
VolkovDmitri: doesn't show hand
*** SUMMARY ***
Total pot $2 | Rake $0
Seat 3: bullyingpros (button) (small blind) folded before Flop
Seat 7: VolkovDmitri (big blind) collected ($2)


PokerStars Hand #169718238110:  Hold'em Limit ($3/$6 USD) - 2017/04/29 11:37:39 ET
Table 'Siegena' 10-max Seat #7 is the button
Seat 3: bullyingpros ($53 in chips)
Seat 7: VolkovDmitri ($138.28 in chips)
VolkovDmitri: posts small blind $1
bullyingpros: posts big blind $3
*** HOLE CARDS ***
VolkovDmitri: raises $3 to $6
bullyingpros: raises $3 to $9
VolkovDmitri: calls $3
*** FLOP *** [Kh 3d Kc]
bullyingpros: bets $3
VolkovDmitri: folds
Uncalled bet ($3) returned to bullyingpros
bullyingpros collected $17.64 from pot
*** SUMMARY ***
Total pot $18 | Rake $0.36
Board [Kh 3d Kc]
Seat 3: bullyingpros (big blind) collected ($17.64)
Seat 7: VolkovDmitri (button) (small blind) folded on the Flop


PokerStars Hand #169718219745:  Hold'em Limit ($3/$6 USD) - 2017/04/29 11:37:10 ET
Table 'Siegena' 10-max Seat #3 is the button
Seat 3: bullyingpros ($65 in chips)
Seat 7: VolkovDmitri ($126.76 in chips)
bullyingpros: posts small blind $1
VolkovDmitri: posts big blind $3
*** HOLE CARDS ***
bullyingpros: raises $3 to $6
VolkovDmitri: calls $3
*** FLOP *** [4c 8c Qd]
VolkovDmitri: checks
bullyingpros: bets $3
VolkovDmitri: raises $3 to $6
bullyingpros: calls $3
*** TURN *** [4c 8c Qd] [Kh]
VolkovDmitri: bets $6
bullyingpros: folds
Uncalled bet ($6) returned to VolkovDmitri
VolkovDmitri collected $23.52 from pot
VolkovDmitri: doesn't show hand
*** SUMMARY ***
Total pot $24 | Rake $0.48
Board [4c 8c Qd Kh]
Seat 3: bullyingpros (button) (small blind) folded on the Turn
Seat 7: VolkovDmitri (big blind) collected ($23.52)


PokerStars Hand #169718295003:  Hold'em Limit ($3/$6 USD) - 2017/04/29 11:39:08 ET
Table 'Siegena' 10-max Seat #3 is the button
Seat 3: bullyingpros ($80.78 in chips)
Seat 7: VolkovDmitri ($120 in chips)
bullyingpros: posts small blind $1
VolkovDmitri: posts big blind $3
*** HOLE CARDS ***
bullyingpros: raises $3 to $6
VolkovDmitri: calls $3
*** FLOP *** [Ad Ts 8d]
VolkovDmitri: checks
bullyingpros: bets $3
VolkovDmitri: folds
Uncalled bet ($3) returned to bullyingpros
bullyingpros collected $11.76 from pot
*** SUMMARY ***
Total pot $12 | Rake $0.24
Board [Ad Ts 8d]
Seat 3: bullyingpros (button) (small blind) collected ($11.76)
Seat 7: VolkovDmitri (big blind) folded on the Flop


PokerStars Hand #169718281213:  Hold'em Limit ($3/$6 USD) - 2017/04/29 11:38:46 ET
Table 'Siegena' 10-max Seat #7 is the button
Seat 3: bullyingpros ($72.14 in chips)
Seat 7: VolkovDmitri ($120 in chips)
VolkovDmitri: posts small blind $1
bullyingpros: posts big blind $3
*** HOLE CARDS ***
VolkovDmitri: raises $3 to $6
bullyingpros: raises $3 to $9
VolkovDmitri: calls $3
*** FLOP *** [2h 3c Qc]
bullyingpros: bets $3
VolkovDmitri: folds
Uncalled bet ($3) returned to bullyingpros
bullyingpros collected $17.64 from pot
*** SUMMARY ***
Total pot $18 | Rake $0.36
Board [2h 3c Qc]
Seat 3: bullyingpros (big blind) collected ($17.64)
Seat 7: VolkovDmitri (button) (small blind) folded on the Flop


PokerStars Hand #169718265777:  Hold'em Limit ($3/$6 USD) - 2017/04/29 11:38:22 ET
Table 'Siegena' 10-max Seat #3 is the button
Seat 3: bullyingpros ($54.64 in chips)
Seat 7: VolkovDmitri ($136.04 in chips)
bullyingpros: posts small blind $1
VolkovDmitri: posts big blind $3
*** HOLE CARDS ***
bullyingpros: raises $3 to $6
VolkovDmitri: calls $3
*** FLOP *** [8d Kh 6h]
VolkovDmitri: checks
bullyingpros: bets $3
VolkovDmitri: raises $3 to $6
bullyingpros: calls $3
*** TURN *** [8d Kh 6h] [2s]
VolkovDmitri: bets $6
bullyingpros: calls $6
*** RIVER *** [8d Kh 6h 2s] [8h]
VolkovDmitri: checks
bullyingpros: checks
*** SHOW DOWN ***
VolkovDmitri: shows [Qs 7h] (a pair of Eights)
bullyingpros: shows [4s Ad] (a pair of Eights - Ace kicker)
bullyingpros collected $35.50 from pot
*** SUMMARY ***
Total pot $36 | Rake $0.50
Board [8d Kh 6h 2s 8h]
Seat 3: bullyingpros (button) (small blind) showed [4s Ad] and won ($35.50) with a pair of Eights
Seat 7: VolkovDmitri (big blind) showed [Qs 7h] and lost with a pair of Eights


PokerStars Hand #169718320101:  Hold'em Limit ($3/$6 USD) - 2017/04/29 11:39:47 ET
Table 'Siegena' 10-max Seat #3 is the button
Seat 3: bullyingpros ($80.54 in chips)
Seat 7: VolkovDmitri ($125.76 in chips)
bullyingpros: posts small blind $1
VolkovDmitri: posts big blind $3
*** HOLE CARDS ***
bullyingpros: raises $3 to $6
VolkovDmitri: folds
Uncalled bet ($3) returned to bullyingpros
bullyingpros collected $6 from pot
*** SUMMARY ***
Total pot $6 | Rake $0
Seat 3: bullyingpros (button) (small blind) collected ($6)
Seat 7: VolkovDmitri (big blind) folded before Flop


PokerStars Hand #169718308942:  Hold'em Limit ($3/$6 USD) - 2017/04/29 11:39:29 ET
Table 'Siegena' 10-max Seat #7 is the button
Seat 3: bullyingpros ($86.54 in chips)
Seat 7: VolkovDmitri ($120 in chips)
VolkovDmitri: posts small blind $1
bullyingpros: posts big blind $3
*** HOLE CARDS ***
VolkovDmitri: raises $3 to $6
bullyingpros: calls $3
*** FLOP *** [3h Qd Ad]
bullyingpros: checks
VolkovDmitri: bets $3
bullyingpros: folds
Uncalled bet ($3) returned to VolkovDmitri
VolkovDmitri collected $11.76 from pot
VolkovDmitri: doesn't show hand
*** SUMMARY ***
Total pot $12 | Rake $0.24
Board [3h Qd Ad]
Seat 3: bullyingpros (big blind) folded on the Flop
Seat 7: VolkovDmitri (button) (small blind) collected ($11.76)


