PokerStars Hand #148519503456:  Hold'em Limit ($3/$6 USD) - 2016/02/09 14:50:49 ET
Table 'Siegena II' 6-max Seat #1 is the button
Seat 1: missbleuf ($54.64 in chips)
Seat 4: Actionni13 ($180.50 in chips)
missbleuf: posts small blind $1
Actionni13: posts big blind $3
*** HOLE CARDS ***
missbleuf: folds
Uncalled bet ($2) returned to Actionni13
Actionni13 collected $2 from pot
Actionni13: doesn't show hand
*** SUMMARY ***
Total pot $2 | Rake $0
Seat 1: missbleuf (button) (small blind) folded before Flop
Seat 4: Actionni13 (big blind) collected ($2)


PokerStars Hand #148519471201:  Hold'em Limit ($3/$6 USD) - 2016/02/09 14:50:19 ET
Table 'Siegena II' 6-max Seat #4 is the button
Seat 1: missbleuf ($84.64 in chips)
Seat 4: Actionni13 ($151 in chips)
Actionni13: posts small blind $1
missbleuf: posts big blind $3
*** HOLE CARDS ***
Actionni13: raises $3 to $6
missbleuf: calls $3
*** FLOP *** [Td 2h 2s]
missbleuf: checks
Actionni13: bets $3
missbleuf: raises $3 to $6
Actionni13: calls $3
*** TURN *** [Td 2h 2s] [3h]
missbleuf: bets $6
Actionni13: calls $6
*** RIVER *** [Td 2h 2s 3h] [4c]
missbleuf: bets $6
Actionni13: raises $6 to $12
missbleuf: calls $6
*** SHOW DOWN ***
Actionni13: shows [Ah 5d] (a straight, Ace to Five)
missbleuf: mucks hand
Actionni13 collected $59.50 from pot
*** SUMMARY ***
Total pot $60 | Rake $0.50
Board [Td 2h 2s 3h 4c]
Seat 1: missbleuf (big blind) mucked
Seat 4: Actionni13 (button) (small blind) showed [Ah 5d] and won ($59.50) with a straight, Ace to Five


PokerStars Hand #148519599532:  Hold'em Limit ($3/$6 USD) - 2016/02/09 14:52:16 ET
Table 'Siegena II' 6-max Seat #4 is the button
Seat 1: missbleuf ($56.16 in chips)
Seat 4: Actionni13 ($178.14 in chips)
Actionni13: posts small blind $1
missbleuf: posts big blind $3
*** HOLE CARDS ***
Actionni13: folds
Uncalled bet ($2) returned to missbleuf
missbleuf collected $2 from pot
missbleuf: doesn't show hand
*** SUMMARY ***
Total pot $2 | Rake $0
Seat 1: missbleuf (big blind) collected ($2)
Seat 4: Actionni13 (button) (small blind) folded before Flop


PokerStars Hand #148519570020:  Hold'em Limit ($3/$6 USD) - 2016/02/09 14:51:49 ET
Table 'Siegena II' 6-max Seat #1 is the button
Seat 1: missbleuf ($65.16 in chips)
Seat 4: Actionni13 ($169.50 in chips)
missbleuf: posts small blind $1
Actionni13: posts big blind $3
*** HOLE CARDS ***
missbleuf: raises $3 to $6
Actionni13: calls $3
*** FLOP *** [8d 5d 4h]
Actionni13: bets $3
missbleuf: calls $3
*** TURN *** [8d 5d 4h] [2h]
Actionni13: bets $6
missbleuf: folds
Uncalled bet ($6) returned to Actionni13
Actionni13 collected $17.64 from pot
Actionni13: doesn't show hand
*** SUMMARY ***
Total pot $18 | Rake $0.36
Board [8d 5d 4h 2h]
Seat 1: missbleuf (button) (small blind) folded on the Turn
Seat 4: Actionni13 (big blind) collected ($17.64)


PokerStars Hand #148519508629:  Hold'em Limit ($3/$6 USD) - 2016/02/09 14:50:54 ET
Table 'Siegena II' 6-max Seat #4 is the button
Seat 1: missbleuf ($53.64 in chips)
Seat 4: Actionni13 ($181.50 in chips)
Actionni13: posts small blind $1
missbleuf: posts big blind $3
*** HOLE CARDS ***
Actionni13: raises $3 to $6
missbleuf: calls $3
*** FLOP *** [7d Qh 4s]
missbleuf: checks
Actionni13: bets $3
missbleuf: raises $3 to $6
Actionni13: calls $3
*** TURN *** [7d Qh 4s] [3c]
missbleuf: checks
Actionni13: checks
*** RIVER *** [7d Qh 4s 3c] [2d]
missbleuf: bets $6
Actionni13: folds
Uncalled bet ($6) returned to missbleuf
missbleuf collected $23.52 from pot
missbleuf: doesn't show hand
*** SUMMARY ***
Total pot $24 | Rake $0.48
Board [7d Qh 4s 3c 2d]
Seat 1: missbleuf (big blind) collected ($23.52)
Seat 4: Actionni13 (button) (small blind) folded on the River


PokerStars Hand #148519691404:  Hold'em Limit ($3/$6 USD) - 2016/02/09 14:53:41 ET
Table 'Siegena II' 6-max Seat #1 is the button
Seat 1: missbleuf ($83.30 in chips)
Seat 4: Actionni13 ($150.14 in chips)
missbleuf: posts small blind $1
Actionni13: posts big blind $3
*** HOLE CARDS ***
missbleuf: raises $3 to $6
Actionni13: folds
Uncalled bet ($3) returned to missbleuf
missbleuf collected $6 from pot
missbleuf: doesn't show hand
*** SUMMARY ***
Total pot $6 | Rake $0
Seat 1: missbleuf (button) (small blind) collected ($6)
Seat 4: Actionni13 (big blind) folded before Flop


PokerStars Hand #148519673715:  Hold'em Limit ($3/$6 USD) - 2016/02/09 14:53:24 ET
Table 'Siegena II' 6-max Seat #4 is the button
Seat 1: missbleuf ($74.66 in chips)
Seat 4: Actionni13 ($159.14 in chips)
Actionni13: posts small blind $1
missbleuf: posts big blind $3
*** HOLE CARDS ***
Actionni13: raises $3 to $6
missbleuf: raises $3 to $9
Actionni13: calls $3
*** FLOP *** [6h 4h Qd]
missbleuf: checks
Actionni13: checks
*** TURN *** [6h 4h Qd] [6c]
missbleuf: bets $6
Actionni13: folds
Uncalled bet ($6) returned to missbleuf
missbleuf collected $17.64 from pot
missbleuf: doesn't show hand
*** SUMMARY ***
Total pot $18 | Rake $0.36
Board [6h 4h Qd 6c]
Seat 1: missbleuf (big blind) collected ($17.64)
Seat 4: Actionni13 (button) (small blind) folded on the Turn


PokerStars Hand #148519668634:  Hold'em Limit ($3/$6 USD) - 2016/02/09 14:53:20 ET
Table 'Siegena II' 6-max Seat #1 is the button
Seat 1: missbleuf ($75.66 in chips)
Seat 4: Actionni13 ($158.14 in chips)
missbleuf: posts small blind $1
Actionni13: posts big blind $3
*** HOLE CARDS ***
missbleuf: folds
Uncalled bet ($2) returned to Actionni13
Actionni13 collected $2 from pot
Actionni13: doesn't show hand
*** SUMMARY ***
Total pot $2 | Rake $0
Seat 1: missbleuf (button) (small blind) folded before Flop
Seat 4: Actionni13 (big blind) collected ($2)


PokerStars Hand #148519658300:  Hold'em Limit ($3/$6 USD) - 2016/02/09 14:53:10 ET
Table 'Siegena II' 6-max Seat #4 is the button
Seat 1: missbleuf ($74.66 in chips)
Seat 4: Actionni13 ($159.14 in chips)
Actionni13: posts small blind $1
missbleuf: posts big blind $3
*** HOLE CARDS ***
Actionni13: folds
Uncalled bet ($2) returned to missbleuf
missbleuf collected $2 from pot
missbleuf: doesn't show hand
*** SUMMARY ***
Total pot $2 | Rake $0
Seat 1: missbleuf (big blind) collected ($2)
Seat 4: Actionni13 (button) (small blind) folded before Flop


PokerStars Hand #148519647004:  Hold'em Limit ($3/$6 USD) - 2016/02/09 14:53:00 ET
Table 'Siegena II' 6-max Seat #1 is the button
Seat 1: missbleuf ($71.66 in chips)
Seat 4: Actionni13 ($162.14 in chips)
missbleuf: posts small blind $1
Actionni13: posts big blind $3
*** HOLE CARDS ***
missbleuf: raises $3 to $6
Actionni13: folds
Uncalled bet ($3) returned to missbleuf
missbleuf collected $6 from pot
missbleuf: doesn't show hand
*** SUMMARY ***
Total pot $6 | Rake $0
Seat 1: missbleuf (button) (small blind) collected ($6)
Seat 4: Actionni13 (big blind) folded before Flop


PokerStars Hand #148519639177:  Hold'em Limit ($3/$6 USD) - 2016/02/09 14:52:53 ET
Table 'Siegena II' 6-max Seat #4 is the button
Seat 1: missbleuf ($74.66 in chips)
Seat 4: Actionni13 ($159.14 in chips)
Actionni13: posts small blind $1
missbleuf: posts big blind $3
*** HOLE CARDS ***
Actionni13: raises $3 to $6
missbleuf: folds
Uncalled bet ($3) returned to Actionni13
Actionni13 collected $6 from pot
*** SUMMARY ***
Total pot $6 | Rake $0
Seat 1: missbleuf (big blind) folded before Flop
Seat 4: Actionni13 (button) (small blind) collected ($6)


PokerStars Hand #148519605191:  Hold'em Limit ($3/$6 USD) - 2016/02/09 14:52:22 ET
Table 'Siegena II' 6-max Seat #1 is the button
Seat 1: missbleuf ($57.16 in chips)
Seat 4: Actionni13 ($177.14 in chips)
missbleuf: posts small blind $1
Actionni13: posts big blind $3
*** HOLE CARDS ***
missbleuf: raises $3 to $6
Actionni13: calls $3
*** FLOP *** [5s Js 5d]
Actionni13: checks
missbleuf: checks
*** TURN *** [5s Js 5d] [9s]
Actionni13: bets $6
missbleuf: raises $6 to $12
Actionni13: calls $6
*** RIVER *** [5s Js 5d 9s] [Qh]
Actionni13: checks
missbleuf: bets $6
Actionni13: folds
Uncalled bet ($6) returned to missbleuf
missbleuf collected $35.50 from pot
missbleuf: doesn't show hand
*** SUMMARY ***
Total pot $36 | Rake $0.50
Board [5s Js 5d 9s Qh]
Seat 1: missbleuf (button) (small blind) collected ($35.50)
Seat 4: Actionni13 (big blind) folded on the River


PokerStars Hand #148519734264:  Hold'em Limit ($3/$6 USD) - 2016/02/09 14:54:20 ET
Table 'Siegena II' 6-max Seat #4 is the button
Seat 1: missbleuf ($70.30 in chips)
Seat 4: Actionni13 ($165.50 in chips)
Actionni13: posts small blind $1
missbleuf: posts big blind $3
*** HOLE CARDS ***
Actionni13: folds
Uncalled bet ($2) returned to missbleuf
missbleuf collected $2 from pot
missbleuf: doesn't show hand
*** SUMMARY ***
Total pot $2 | Rake $0
Seat 1: missbleuf (big blind) collected ($2)
Seat 4: Actionni13 (button) (small blind) folded before Flop


PokerStars Hand #148519729332:  Hold'em Limit ($3/$6 USD) - 2016/02/09 14:54:15 ET
Table 'Siegena II' 6-max Seat #1 is the button
Seat 1: missbleuf ($71.30 in chips)
Seat 4: Actionni13 ($164.50 in chips)
missbleuf: posts small blind $1
Actionni13: posts big blind $3
*** HOLE CARDS ***
missbleuf: folds
Uncalled bet ($2) returned to Actionni13
Actionni13 collected $2 from pot
Actionni13: doesn't show hand
*** SUMMARY ***
Total pot $2 | Rake $0
Seat 1: missbleuf (button) (small blind) folded before Flop
Seat 4: Actionni13 (big blind) collected ($2)


PokerStars Hand #148519698108:  Hold'em Limit ($3/$6 USD) - 2016/02/09 14:53:47 ET
Table 'Siegena II' 6-max Seat #4 is the button
Seat 1: missbleuf ($86.30 in chips)
Seat 4: Actionni13 ($150 in chips)
Actionni13: posts small blind $1
missbleuf: posts big blind $3
*** HOLE CARDS ***
Actionni13: raises $3 to $6
missbleuf: calls $3
*** FLOP *** [3s 5d Jc]
missbleuf: checks
Actionni13: bets $3
missbleuf: calls $3
*** TURN *** [3s 5d Jc] [Qs]
missbleuf: checks
Actionni13: bets $6
missbleuf: calls $6
*** RIVER *** [3s 5d Jc Qs] [2h]
missbleuf: checks
Actionni13: checks
*** SHOW DOWN ***
missbleuf: shows [9s Ts] (high card Queen)
Actionni13: shows [8d As] (high card Ace)
Actionni13 collected $29.50 from pot
*** SUMMARY ***
Total pot $30 | Rake $0.50
Board [3s 5d Jc Qs 2h]
Seat 1: missbleuf (big blind) showed [9s Ts] and lost with high card Queen
Seat 4: Actionni13 (button) (small blind) showed [8d As] and won ($29.50) with high card Ace


PokerStars Hand #148519811253:  Hold'em Limit ($3/$6 USD) - 2016/02/09 14:55:37 ET
Table 'Siegena II' 6-max Seat #1 is the button
Seat 1: missbleuf ($38.30 in chips)
Seat 4: Actionni13 ($196.64 in chips)
missbleuf: posts small blind $1
Actionni13: posts big blind $3
*** HOLE CARDS ***
missbleuf: calls $2
Actionni13: raises $3 to $6
missbleuf: calls $3
*** FLOP *** [Th 6d 4h]
Actionni13: bets $3
missbleuf: folds
Uncalled bet ($3) returned to Actionni13
Actionni13 collected $11.76 from pot
Actionni13: doesn't show hand
*** SUMMARY ***
Total pot $12 | Rake $0.24
Board [Th 6d 4h]
Seat 1: missbleuf (button) (small blind) folded on the Flop
Seat 4: Actionni13 (big blind) collected ($11.76)


PokerStars Hand #148519778097:  Hold'em Limit ($3/$6 USD) - 2016/02/09 14:55:00 ET
Table 'Siegena II' 6-max Seat #4 is the button
Seat 1: missbleuf ($62.30 in chips)
Seat 4: Actionni13 ($173.14 in chips)
Actionni13: posts small blind $1
missbleuf: posts big blind $3
*** HOLE CARDS ***
Actionni13: raises $3 to $6
missbleuf: calls $3
*** FLOP *** [8c 4d 3d]
missbleuf: checks
Actionni13: bets $3
missbleuf: raises $3 to $6
Actionni13: calls $3
*** TURN *** [8c 4d 3d] [9c]
missbleuf: bets $6
Actionni13: raises $6 to $12
missbleuf: calls $6
*** RIVER *** [8c 4d 3d 9c] [Td]
missbleuf: checks
Actionni13: bets $6
missbleuf: folds
Uncalled bet ($6) returned to Actionni13
Actionni13 collected $47.50 from pot
Actionni13: doesn't show hand
*** SUMMARY ***
Total pot $48 | Rake $0.50
Board [8c 4d 3d 9c Td]
Seat 1: missbleuf (big blind) folded on the River
Seat 4: Actionni13 (button) (small blind) collected ($47.50)


PokerStars Hand #148519750692:  Hold'em Limit ($3/$6 USD) - 2016/02/09 14:54:35 ET
Table 'Siegena II' 6-max Seat #1 is the button
Seat 1: missbleuf ($71.30 in chips)
Seat 4: Actionni13 ($164.50 in chips)
missbleuf: posts small blind $1
Actionni13: posts big blind $3
*** HOLE CARDS ***
missbleuf: raises $3 to $6
Actionni13: raises $3 to $9
missbleuf: calls $3
*** FLOP *** [3c 3h Tc]
Actionni13: bets $3
missbleuf: folds
Uncalled bet ($3) returned to Actionni13
Actionni13 collected $17.64 from pot
Actionni13: doesn't show hand
*** SUMMARY ***
Total pot $18 | Rake $0.36
Board [3c 3h Tc]
Seat 1: missbleuf (button) (small blind) folded on the Flop
Seat 4: Actionni13 (big blind) collected ($17.64)


PokerStars Hand #148519865197:  Hold'em Limit ($3/$6 USD) - 2016/02/09 14:56:39 ET
Table 'Siegena II' 6-max Seat #1 is the button
Seat 1: missbleuf ($17.30 in chips)
Seat 4: Actionni13 ($216.90 in chips)
missbleuf: posts small blind $1
Actionni13: posts big blind $3
*** HOLE CARDS ***
missbleuf: folds
Uncalled bet ($2) returned to Actionni13
Actionni13 collected $2 from pot
Actionni13: doesn't show hand
*** SUMMARY ***
Total pot $2 | Rake $0
Seat 1: missbleuf (button) (small blind) folded before Flop
Seat 4: Actionni13 (big blind) collected ($2)


PokerStars Hand #148519839450:  Hold'em Limit ($3/$6 USD) - 2016/02/09 14:56:10 ET
Table 'Siegena II' 6-max Seat #4 is the button
Seat 1: missbleuf ($32.30 in chips)
Seat 4: Actionni13 ($202.40 in chips)
Actionni13: posts small blind $1
missbleuf: posts big blind $3
*** HOLE CARDS ***
Actionni13: raises $3 to $6
missbleuf: raises $3 to $9
Actionni13: calls $3
*** FLOP *** [Ac 9c 7s]
missbleuf: bets $3
Actionni13: raises $3 to $6
missbleuf: calls $3
*** TURN *** [Ac 9c 7s] [Qh]
missbleuf: checks
Actionni13: checks
*** RIVER *** [Ac 9c 7s Qh] [Ts]
missbleuf: checks
Actionni13: bets $6
missbleuf: folds
Uncalled bet ($6) returned to Actionni13
Actionni13 collected $29.50 from pot
Actionni13: doesn't show hand
*** SUMMARY ***
Total pot $30 | Rake $0.50
Board [Ac 9c 7s Qh Ts]
Seat 1: missbleuf (big blind) folded on the River
Seat 4: Actionni13 (button) (small blind) collected ($29.50)


PokerStars Hand #148519831275:  Hold'em Limit ($3/$6 USD) - 2016/02/09 14:56:00 ET
Table 'Siegena II' 6-max Seat #1 is the button
Seat 1: missbleuf ($29.30 in chips)
Seat 4: Actionni13 ($205.40 in chips)
missbleuf: posts small blind $1
Actionni13: posts big blind $3
*** HOLE CARDS ***
missbleuf: raises $3 to $6
Actionni13: folds
Uncalled bet ($3) returned to missbleuf
missbleuf collected $6 from pot
missbleuf: doesn't show hand
*** SUMMARY ***
Total pot $6 | Rake $0
Seat 1: missbleuf (button) (small blind) collected ($6)
Seat 4: Actionni13 (big blind) folded before Flop


PokerStars Hand #148519821531:  Hold'em Limit ($3/$6 USD) - 2016/02/09 14:55:49 ET
Table 'Siegena II' 6-max Seat #4 is the button
Seat 1: missbleuf ($32.30 in chips)
Seat 4: Actionni13 ($202.40 in chips)
Actionni13: posts small blind $1
missbleuf: posts big blind $3
*** HOLE CARDS ***
Actionni13: raises $3 to $6
missbleuf: folds
Uncalled bet ($3) returned to Actionni13
Actionni13 collected $6 from pot
Actionni13: doesn't show hand
*** SUMMARY ***
Total pot $6 | Rake $0
Seat 1: missbleuf (big blind) folded before Flop
Seat 4: Actionni13 (button) (small blind) collected ($6)


PokerStars Hand #148519868776:  Hold'em Limit ($3/$6 USD) - 2016/02/09 14:56:44 ET
Table 'Siegena II' 6-max Seat #4 is the button
Seat 1: missbleuf ($16.30 in chips)
Seat 4: Actionni13 ($217.90 in chips)
Actionni13: posts small blind $1
missbleuf: posts big blind $3
*** HOLE CARDS ***
Actionni13: raises $3 to $6
missbleuf: calls $3
*** FLOP *** [7c Tc Qh]
missbleuf: checks
Actionni13: checks
*** TURN *** [7c Tc Qh] [5h]
missbleuf: checks
Actionni13: bets $6
missbleuf: folds
Uncalled bet ($6) returned to Actionni13
Actionni13 collected $11.76 from pot
*** SUMMARY ***
Total pot $12 | Rake $0.24
Board [7c Tc Qh 5h]
Seat 1: missbleuf (big blind) folded on the Turn
Seat 4: Actionni13 (button) (small blind) collected ($11.76)


PokerStars Hand #148520684855:  Hold'em Limit ($3/$6 USD) - 2016/02/09 15:09:27 ET
Table 'Siegena II' 6-max Seat #4 is the button
Seat 4: Actionni13 ($220.30 in chips)
Seat 5: Pokali ($72 in chips)
Actionni13: posts small blind $1
Pokali: posts big blind $3
*** HOLE CARDS ***
Actionni13: raises $3 to $6
Pokali: calls $3
*** FLOP *** [Jc 6d 4s]
Pokali: checks
Actionni13: bets $3
Pokali: folds
Uncalled bet ($3) returned to Actionni13
Actionni13 collected $11.76 from pot
Actionni13: doesn't show hand
*** SUMMARY ***
Total pot $12 | Rake $0.24
Board [Jc 6d 4s]
Seat 4: Actionni13 (button) (small blind) collected ($11.76)
Seat 5: Pokali (big blind) folded on the Flop


PokerStars Hand #148520679404:  Hold'em Limit ($3/$6 USD) - 2016/02/09 15:09:22 ET
Table 'Siegena II' 6-max Seat #5 is the button
Seat 4: Actionni13 ($219.30 in chips)
Seat 5: Pokali ($72 in chips)
Pokali: posts small blind $1
Actionni13: posts big blind $3
*** HOLE CARDS ***
Pokali: folds
Uncalled bet ($2) returned to Actionni13
Actionni13 collected $2 from pot
Actionni13: doesn't show hand
*** SUMMARY ***
Total pot $2 | Rake $0
Seat 4: Actionni13 (big blind) collected ($2)
Seat 5: Pokali (button) (small blind) folded before Flop


PokerStars Hand #148520620040:  Hold'em Limit ($3/$6 USD) - 2016/02/09 15:08:30 ET
Table 'Siegena II' 6-max Seat #4 is the button
Seat 2: geomagic13 ($191.19 in chips)
Seat 4: Actionni13 ($213.54 in chips)
Actionni13: posts small blind $1
geomagic13: posts big blind $3
*** HOLE CARDS ***
Actionni13: raises $3 to $6
geomagic13: calls $3
*** FLOP *** [4h 2c Ks]
geomagic13: checks
Pokali joins the table at seat #5
Actionni13: bets $3
geomagic13: folds
Uncalled bet ($3) returned to Actionni13
geomagic13 leaves the table
Actionni13 collected $11.76 from pot
Actionni13: doesn't show hand
*** SUMMARY ***
Total pot $12 | Rake $0.24
Board [4h 2c Ks]
Seat 2: geomagic13 (big blind) folded on the Flop
Seat 4: Actionni13 (button) (small blind) collected ($11.76)


PokerStars Hand #148520753903:  Hold'em Limit ($3/$6 USD) - 2016/02/09 15:10:28 ET
Table 'Siegena II' 6-max Seat #5 is the button
Seat 4: Actionni13 ($234.56 in chips)
Seat 5: Pokali ($80.64 in chips)
Pokali: posts small blind $1
Actionni13: posts big blind $3
*** HOLE CARDS ***
Pokali: raises $3 to $6
Actionni13: folds
Uncalled bet ($3) returned to Pokali
Pokali collected $6 from pot
Pokali: doesn't show hand
*** SUMMARY ***
Total pot $6 | Rake $0
Seat 4: Actionni13 (big blind) folded before Flop
Seat 5: Pokali (button) (small blind) collected ($6)


PokerStars Hand #148520731174:  Hold'em Limit ($3/$6 USD) - 2016/02/09 15:10:08 ET
Table 'Siegena II' 6-max Seat #4 is the button
Seat 4: Actionni13 ($243.56 in chips)
Seat 5: Pokali ($72 in chips)
Actionni13: posts small blind $1
Pokali: posts big blind $3
*** HOLE CARDS ***
Actionni13: raises $3 to $6
Pokali: calls $3
*** FLOP *** [9h Qc Ah]
Pokali: checks
Actionni13: bets $3
Pokali: calls $3
*** TURN *** [9h Qc Ah] [9d]
Pokali: checks
Actionni13: checks
*** RIVER *** [9h Qc Ah 9d] [Th]
Pokali: bets $6
Actionni13: folds
Uncalled bet ($6) returned to Pokali
Pokali collected $17.64 from pot
Pokali: doesn't show hand
*** SUMMARY ***
Total pot $18 | Rake $0.36
Board [9h Qc Ah 9d Th]
Seat 4: Actionni13 (button) (small blind) folded on the River
Seat 5: Pokali (big blind) collected ($17.64)


PokerStars Hand #148520706586:  Hold'em Limit ($3/$6 USD) - 2016/02/09 15:09:46 ET
Table 'Siegena II' 6-max Seat #5 is the button
Seat 4: Actionni13 ($226.06 in chips)
Seat 5: Pokali ($72 in chips)
Pokali: posts small blind $1
Actionni13: posts big blind $3
*** HOLE CARDS ***
Pokali: raises $3 to $6
Actionni13: raises $3 to $9
Pokali: calls $3
*** FLOP *** [2h 6c 9d]
Actionni13: bets $3
Pokali: calls $3
*** TURN *** [2h 6c 9d] [6h]
Actionni13: bets $6
Pokali: calls $6
*** RIVER *** [2h 6c 9d 6h] [Qh]
Actionni13: bets $6
Pokali: folds
Uncalled bet ($6) returned to Actionni13
Actionni13 collected $35.50 from pot
Actionni13: doesn't show hand
*** SUMMARY ***
Total pot $36 | Rake $0.50
Board [2h 6c 9d 6h Qh]
Seat 4: Actionni13 (big blind) collected ($35.50)
Seat 5: Pokali (button) (small blind) folded on the River


PokerStars Hand #148527593586:  Hold'em Limit ($3/$6 USD) - 2016/02/09 16:54:22 ET
Table 'Siegena II' 6-max Seat #3 is the button
Seat 3: GRAILKO ($197 in chips)
Seat 4: Actionni13 ($234.56 in chips)
GRAILKO: posts small blind $1
Actionni13: posts big blind $3
*** HOLE CARDS ***
GRAILKO: raises $3 to $6
Actionni13: calls $3
*** FLOP *** [8h 4d 4s]
Actionni13: checks
GRAILKO: bets $3
Actionni13: calls $3
*** TURN *** [8h 4d 4s] [2s]
Actionni13: checks
GRAILKO: checks
*** RIVER *** [8h 4d 4s 2s] [Ks]
Actionni13: checks
GRAILKO: checks
*** SHOW DOWN ***
Actionni13: shows [Tc Qh] (a pair of Fours)
GRAILKO: mucks hand
Actionni13 collected $17.64 from pot
*** SUMMARY ***
Total pot $18 | Rake $0.36
Board [8h 4d 4s 2s Ks]
Seat 3: GRAILKO (button) (small blind) mucked
Seat 4: Actionni13 (big blind) showed [Tc Qh] and won ($17.64) with a pair of Fours


PokerStars Hand #148530597704:  Hold'em Limit ($3/$6 USD) - 2016/02/09 17:43:34 ET
Table 'Siegena II' 6-max Seat #3 is the button
Seat 1: EZB2002 ($142.41 in chips)
Seat 3: BelSv ($142.32 in chips)
BelSv: posts small blind $1
ValeryRon: is sitting out
EZB2002: posts big blind $3
*** HOLE CARDS ***
BelSv: raises $3 to $6
EZB2002: calls $3
*** FLOP *** [9c 9h Qc]
ValeryRon leaves the table
EZB2002: checks
BelSv: bets $3
EZB2002: calls $3
*** TURN *** [9c 9h Qc] [Kc]
EZB2002: checks
BelSv: checks
*** RIVER *** [9c 9h Qc Kc] [Kd]
EZB2002: checks
BelSv: checks
*** SHOW DOWN ***
EZB2002: shows [8c 7h] (two pair, Kings and Nines)
BelSv: shows [4h 5h] (two pair, Kings and Nines)
EZB2002 collected $8.82 from pot
BelSv collected $8.82 from pot
*** SUMMARY ***
Total pot $18 | Rake $0.36
Board [9c 9h Qc Kc Kd]
Seat 1: EZB2002 (big blind) showed [8c 7h] and won ($8.82) with two pair, Kings and Nines
Seat 3: BelSv (button) (small blind) showed [4h 5h] and won ($8.82) with two pair, Kings and Nines


PokerStars Hand #148530620003:  Hold'em Limit ($3/$6 USD) - 2016/02/09 17:43:57 ET
Table 'Siegena II' 6-max Seat #1 is the button
Seat 1: EZB2002 ($142.23 in chips)
Seat 3: BelSv ($142.14 in chips)
EZB2002: posts small blind $1
BelSv: posts big blind $3
*** HOLE CARDS ***
EZB2002: raises $3 to $6
BelSv: raises $3 to $9
EZB2002: calls $3
*** FLOP *** [6s 9d 5s]
BelSv: checks
EZB2002: bets $3
BelSv: calls $3
*** TURN *** [6s 9d 5s] [4c]
BelSv: checks
EZB2002: bets $6
BelSv: folds
Uncalled bet ($6) returned to EZB2002
JayEm82 joins the table at seat #4
EZB2002 collected $23.52 from pot
EZB2002: doesn't show hand
*** SUMMARY ***
Total pot $24 | Rake $0.48
Board [6s 9d 5s 4c]
Seat 1: EZB2002 (button) (small blind) collected ($23.52)
Seat 3: BelSv (big blind) folded on the Turn


