PokerStars Hand #149611063841:  Hold'em Limit ($3/$6 USD) - 2016/02/29 9:26:30 ET
Table 'Siegma III' 6-max Seat #4 is the button
Seat 3: Wistation260 ($114 in chips)
Seat 4: TbIP-TbIP 88 ($77.76 in chips)
TbIP-TbIP 88: posts small blind $1
Wistation260: posts big blind $3
*** HOLE CARDS ***
TbIP-TbIP 88: raises $3 to $6
Wistation260: calls $3
*** FLOP *** [Tc 3h 4d]
Wistation260: bets $3
TbIP-TbIP 88: calls $3
*** TURN *** [Tc 3h 4d] [7c]
Wistation260: checks
TbIP-TbIP 88: bets $6
Wistation260: calls $6
*** RIVER *** [Tc 3h 4d 7c] [4s]
Wistation260: checks
TbIP-TbIP 88: checks
*** SHOW DOWN ***
Wistation260: shows [Ac Td] (two pair, Tens and Fours)
TbIP-TbIP 88: mucks hand
Wistation260 collected $29.50 from pot
*** SUMMARY ***
Total pot $30 | Rake $0.50
Board [Tc 3h 4d 7c 4s]
Seat 3: Wistation260 (big blind) showed [Ac Td] and won ($29.50) with two pair, Tens and Fours
Seat 4: TbIP-TbIP 88 (button) (small blind) mucked


PokerStars Hand #149611132518:  Hold'em Limit ($3/$6 USD) - 2016/02/29 9:28:08 ET
Table 'Siegma III' 6-max Seat #4 is the button
Seat 4: TbIP-TbIP 88 ($77.76 in chips)
Seat 5: B_loJkl ($150 in chips)
TbIP-TbIP 88: posts small blind $1
B_loJkl: posts big blind $3
*** HOLE CARDS ***
TbIP-TbIP 88: folds
Uncalled bet ($2) returned to B_loJkl
B_loJkl collected $2 from pot
B_loJkl: doesn't show hand
*** SUMMARY ***
Total pot $2 | Rake $0
Seat 4: TbIP-TbIP 88 (button) (small blind) folded before Flop
Seat 5: B_loJkl (big blind) collected ($2)


PokerStars Hand #149611121693:  Hold'em Limit ($3/$6 USD) - 2016/02/29 9:27:53 ET
Table 'Siegma III' 6-max Seat #3 is the button
Seat 3: Wistation260 ($137.14 in chips)
Seat 4: TbIP-TbIP 88 ($72 in chips)
Wistation260: posts small blind $1
TbIP-TbIP 88: posts big blind $3
*** HOLE CARDS ***
Wistation260: calls $2
TbIP-TbIP 88: raises $3 to $6
Wistation260: calls $3
*** FLOP *** [4c 3c Ad]
TbIP-TbIP 88: bets $3
Wistation260: folds
Uncalled bet ($3) returned to TbIP-TbIP 88
TbIP-TbIP 88 collected $11.76 from pot
TbIP-TbIP 88: doesn't show hand
Wistation260 leaves the table
*** SUMMARY ***
Total pot $12 | Rake $0.24
Board [4c 3c Ad]
Seat 3: Wistation260 (button) (small blind) folded on the Flop
Seat 4: TbIP-TbIP 88 (big blind) collected ($11.76)


PokerStars Hand #149611108304:  Hold'em Limit ($3/$6 USD) - 2016/02/29 9:27:34 ET
Table 'Siegma III' 6-max Seat #4 is the button
Seat 3: Wistation260 ($131.38 in chips)
Seat 4: TbIP-TbIP 88 ($72 in chips)
TbIP-TbIP 88: posts small blind $1
Wistation260: posts big blind $3
*** HOLE CARDS ***
B_loJkl joins the table at seat #5
TbIP-TbIP 88: raises $3 to $6
Wistation260: calls $3
*** FLOP *** [Ts 5h 2c]
Wistation260: bets $3
TbIP-TbIP 88: folds
Uncalled bet ($3) returned to Wistation260
Wistation260 collected $11.76 from pot
Wistation260: doesn't show hand
*** SUMMARY ***
Total pot $12 | Rake $0.24
Board [Ts 5h 2c]
Seat 3: Wistation260 (big blind) collected ($11.76)
Seat 4: TbIP-TbIP 88 (button) (small blind) folded on the Flop


PokerStars Hand #149611085786:  Hold'em Limit ($3/$6 USD) - 2016/02/29 9:27:02 ET
Table 'Siegma III' 6-max Seat #3 is the button
Seat 3: Wistation260 ($128.50 in chips)
Seat 4: TbIP-TbIP 88 ($72 in chips)
Wistation260: posts small blind $1
TbIP-TbIP 88: posts big blind $3
*** HOLE CARDS ***
Wistation260: calls $2
TbIP-TbIP 88: checks
*** FLOP *** [Ts Qc Ac]
TbIP-TbIP 88: checks
Wistation260: bets $3
TbIP-TbIP 88: folds
Uncalled bet ($3) returned to Wistation260
Wistation260 collected $5.88 from pot
Wistation260: doesn't show hand
*** SUMMARY ***
Total pot $6 | Rake $0.12
Board [Ts Qc Ac]
Seat 3: Wistation260 (button) (small blind) collected ($5.88)
Seat 4: TbIP-TbIP 88 (big blind) folded on the Flop


PokerStars Hand #149611259404:  Hold'em Limit ($3/$6 USD) - 2016/02/29 9:31:09 ET
Table 'Siegma III' 6-max Seat #3 is the button
Seat 3: Wistation260 ($122.76 in chips)
Seat 4: TbIP-TbIP 88 ($73.64 in chips)
Wistation260: posts small blind $1
TbIP-TbIP 88: posts big blind $3
*** HOLE CARDS ***
Wistation260: folds
Uncalled bet ($2) returned to TbIP-TbIP 88
TbIP-TbIP 88 collected $2 from pot
Wistation260 leaves the table
TbIP-TbIP 88: doesn't show hand
*** SUMMARY ***
Total pot $2 | Rake $0
Seat 3: Wistation260 (button) (small blind) folded before Flop
Seat 4: TbIP-TbIP 88 (big blind) collected ($2)


PokerStars Hand #149611239620:  Hold'em Limit ($3/$6 USD) - 2016/02/29 9:30:41 ET
Table 'Siegma III' 6-max Seat #4 is the button
Seat 3: Wistation260 ($117 in chips)
Seat 4: TbIP-TbIP 88 ($79.64 in chips)
TbIP-TbIP 88: posts small blind $1
Wistation260: posts big blind $3
*** HOLE CARDS ***
SmellyToes4u joins the table at seat #5
TbIP-TbIP 88: raises $3 to $6
Wistation260: calls $3
*** FLOP *** [7h Qs 5h]
Wistation260: bets $3
TbIP-TbIP 88: folds
Uncalled bet ($3) returned to Wistation260
Wistation260 collected $11.76 from pot
Wistation260: doesn't show hand
*** SUMMARY ***
Total pot $12 | Rake $0.24
Board [7h Qs 5h]
Seat 3: Wistation260 (big blind) collected ($11.76)
Seat 4: TbIP-TbIP 88 (button) (small blind) folded on the Flop


PokerStars Hand #149611204442:  Hold'em Limit ($3/$6 USD) - 2016/02/29 9:29:51 ET
Table 'Siegma III' 6-max Seat #3 is the button
Seat 3: Wistation260 ($120 in chips)
Seat 4: TbIP-TbIP 88 ($76.76 in chips)
Wistation260: posts small blind $1
TbIP-TbIP 88: posts big blind $3
*** HOLE CARDS ***
Wistation260: calls $2
TbIP-TbIP 88: checks
*** FLOP *** [2d 4h 6d]
TbIP-TbIP 88: bets $3
Wistation260: folds
Uncalled bet ($3) returned to TbIP-TbIP 88
TbIP-TbIP 88 collected $5.88 from pot
TbIP-TbIP 88: doesn't show hand
*** SUMMARY ***
Total pot $6 | Rake $0.12
Board [2d 4h 6d]
Seat 3: Wistation260 (button) (small blind) folded on the Flop
Seat 4: TbIP-TbIP 88 (big blind) collected ($5.88)


PokerStars Hand #149611264220:  Hold'em Limit ($3/$6 USD) - 2016/02/29 9:31:16 ET
Table 'Siegma III' 6-max Seat #4 is the button
Seat 4: TbIP-TbIP 88 ($74.64 in chips)
Seat 5: SmellyToes4u ($56 in chips)
TbIP-TbIP 88: posts small blind $1
SmellyToes4u: posts big blind $3
*** HOLE CARDS ***
TbIP-TbIP 88: folds
Uncalled bet ($2) returned to SmellyToes4u
SmellyToes4u collected $2 from pot
SmellyToes4u: doesn't show hand
*** SUMMARY ***
Total pot $2 | Rake $0
Seat 4: TbIP-TbIP 88 (button) (small blind) folded before Flop
Seat 5: SmellyToes4u (big blind) collected ($2)


