PokerStars Hand #174851814513:  Hold'em Limit ($3/$6 USD) - 2017/08/27 7:43:59 ET
Table 'Siegena II' 6-max Seat #4 is the button
Seat 1: apx0surry9 ($141 in chips)
Seat 4: VolkovDmitri ($120 in chips)
VolkovDmitri: posts small blind $1
apx0surry9: posts big blind $3
*** HOLE CARDS ***
VolkovDmitri: raises $3 to $6
apx0surry9: calls $3
*** FLOP *** [Ac 6c As]
apx0surry9: checks
VolkovDmitri: bets $3
apx0surry9: raises $3 to $6
VolkovDmitri: folds
Uncalled bet ($3) returned to apx0surry9
apx0surry9 collected $17.64 from pot
apx0surry9: doesn't show hand
*** SUMMARY ***
Total pot $18 | Rake $0.36
Board [Ac 6c As]
Seat 1: apx0surry9 (big blind) collected ($17.64)
Seat 4: VolkovDmitri (button) (small blind) folded on the Flop


PokerStars Hand #174851811352:  Hold'em Limit ($3/$6 USD) - 2017/08/27 7:43:51 ET
Table 'Siegena II' 6-max Seat #1 is the button
Seat 1: apx0surry9 ($138 in chips)
Seat 4: VolkovDmitri ($120 in chips)
apx0surry9: posts small blind $1
VolkovDmitri: posts big blind $3
*** HOLE CARDS ***
apx0surry9: raises $3 to $6
VolkovDmitri: folds
Uncalled bet ($3) returned to apx0surry9
apx0surry9 collected $6 from pot
apx0surry9: doesn't show hand
*** SUMMARY ***
Total pot $6 | Rake $0
Seat 1: apx0surry9 (button) (small blind) collected ($6)
Seat 4: VolkovDmitri (big blind) folded before Flop


PokerStars Hand #174851838209:  Hold'em Limit ($3/$6 USD) - 2017/08/27 7:44:52 ET
Table 'Siegena II' 6-max Seat #4 is the button
Seat 1: apx0surry9 ($148.64 in chips)
Seat 4: VolkovDmitri ($121 in chips)
VolkovDmitri: posts small blind $1
apx0surry9: posts big blind $3
*** HOLE CARDS ***
VolkovDmitri: raises $3 to $6
apx0surry9: calls $3
*** FLOP *** [2c 7h 9d]
apx0surry9: checks
VolkovDmitri: bets $3
apx0surry9: raises $3 to $6
VolkovDmitri: raises $3 to $9
apx0surry9: calls $3
*** TURN *** [2c 7h 9d] [Ts]
apx0surry9: checks
NewRocker joins the table at seat #2
dalton135 joins the table at seat #3
VolkovDmitri: checks
*** RIVER *** [2c 7h 9d Ts] [Ah]
apx0surry9: checks
VolkovDmitri: checks
*** SHOW DOWN ***
apx0surry9: shows [6c 7c] (a pair of Sevens)
VolkovDmitri: shows [5d 9c] (a pair of Nines)
VolkovDmitri collected $29.50 from pot
*** SUMMARY ***
Total pot $30 | Rake $0.50
Board [2c 7h 9d Ts Ah]
Seat 1: apx0surry9 (big blind) showed [6c 7c] and lost with a pair of Sevens
Seat 4: VolkovDmitri (button) (small blind) showed [5d 9c] and won ($29.50) with a pair of Nines


PokerStars Hand #174851835628:  Hold'em Limit ($3/$6 USD) - 2017/08/27 7:44:46 ET
Table 'Siegena II' 6-max Seat #1 is the button
Seat 1: apx0surry9 ($149.64 in chips)
Seat 4: VolkovDmitri ($120 in chips)
apx0surry9: posts small blind $1
VolkovDmitri: posts big blind $3
*** HOLE CARDS ***
apx0surry9: folds
Uncalled bet ($2) returned to VolkovDmitri
VolkovDmitri collected $2 from pot
VolkovDmitri: doesn't show hand
*** SUMMARY ***
Total pot $2 | Rake $0
Seat 1: apx0surry9 (button) (small blind) folded before Flop
Seat 4: VolkovDmitri (big blind) collected ($2)


PokerStars Hand #174854354775:  Hold'em Limit ($3/$6 USD) - 2017/08/27 9:13:14 ET
Table 'Siegena II' 6-max Seat #1 is the button
Seat 1: aade1ante ($98.33 in chips)
Seat 6: harrydonkey ($66.94 in chips)
aade1ante: posts small blind $1
AAAbeta: is sitting out
harrydonkey: posts big blind $3
*** HOLE CARDS ***
Pycckuu_rock leaves the table
aade1ante: raises $3 to $6
harrydonkey: raises $3 to $9
aade1ante: calls $3
*** FLOP *** [5s As Qh]
AAAbeta leaves the table
harrydonkey: bets $3
aade1ante: folds
Uncalled bet ($3) returned to harrydonkey
harrydonkey collected $17.64 from pot
harrydonkey: doesn't show hand
*** SUMMARY ***
Total pot $18 | Rake $0.36
Board [5s As Qh]
Seat 1: aade1ante (button) (small blind) folded on the Flop
Seat 6: harrydonkey (big blind) collected ($17.64)


PokerStars Hand #174854364223:  Hold'em Limit ($3/$6 USD) - 2017/08/27 9:13:32 ET
Table 'Siegena II' 6-max Seat #6 is the button
Seat 1: aade1ante ($89.33 in chips)
Seat 6: harrydonkey ($75.58 in chips)
harrydonkey: posts small blind $1
aade1ante: posts big blind $3
*** HOLE CARDS ***
harrydonkey: raises $3 to $6
aade1ante: calls $3
*** FLOP *** [3s 4d 9s]
aade1ante: checks
harrydonkey: bets $3
aade1ante: calls $3
*** TURN *** [3s 4d 9s] [6h]
aade1ante: checks
harrydonkey: bets $6
aade1ante: calls $6
*** RIVER *** [3s 4d 9s 6h] [5s]
aade1ante: bets $6
harrydonkey: calls $6
*** SHOW DOWN ***
aade1ante: shows [Ts 7d] (a straight, Three to Seven)
harrydonkey: mucks hand
aade1ante collected $41.50 from pot
*** SUMMARY ***
Total pot $42 | Rake $0.50
Board [3s 4d 9s 6h 5s]
Seat 1: aade1ante (big blind) showed [Ts 7d] and won ($41.50) with a straight, Three to Seven
Seat 6: harrydonkey (button) (small blind) mucked


PokerStars Hand #174854382779:  Hold'em Limit ($3/$6 USD) - 2017/08/27 9:14:06 ET
Table 'Siegena II' 6-max Seat #1 is the button
Seat 1: aade1ante ($109.83 in chips)
Seat 6: harrydonkey ($54.58 in chips)
aade1ante: posts small blind $1
harrydonkey: posts big blind $3
*** HOLE CARDS ***
aade1ante: raises $3 to $6
harrydonkey: raises $3 to $9
aade1ante: calls $3
*** FLOP *** [5c 2c 7s]
harrydonkey: bets $3
aade1ante: calls $3
*** TURN *** [5c 2c 7s] [3d]
harrydonkey: bets $6
aade1ante: calls $6
*** RIVER *** [5c 2c 7s 3d] [Jd]
harrydonkey: bets $6
aade1ante: calls $6
*** SHOW DOWN ***
harrydonkey: shows [Qs As] (high card Ace)
aade1ante: mucks hand
harrydonkey collected $47.50 from pot
*** SUMMARY ***
Total pot $48 | Rake $0.50
Board [5c 2c 7s 3d Jd]
Seat 1: aade1ante (button) (small blind) mucked
Seat 6: harrydonkey (big blind) showed [Qs As] and won ($47.50) with high card Ace


