PokerStars Hand #166711020437:  Hold'em Limit ($3/$6 USD) - 2017/02/24 14:30:42 ET
Table 'Sigelinde' 6-max Seat #6 is the button
Seat 3: J8833SSD ($52.73 in chips)
Seat 6: tsakw2 ($42.39 in chips)
tsakw2: posts small blind $1
J8833SSD: posts big blind $3
*** HOLE CARDS ***
kolaz03 joins the table at seat #4
tsakw2: raises $3 to $6
J8833SSD: calls $3
*** FLOP *** [As 4h Jh]
J8833SSD: checks
tsakw2: bets $3
J8833SSD: folds
Uncalled bet ($3) returned to tsakw2
tsakw2 collected $11.76 from pot
tsakw2: doesn't show hand
*** SUMMARY ***
Total pot $12 | Rake $0.24
Board [As 4h Jh]
Seat 3: J8833SSD (big blind) folded on the Flop
Seat 6: tsakw2 (button) (small blind) collected ($11.76)


PokerStars Hand #166711453134:  Hold'em Limit ($3/$6 USD) - 2017/02/24 14:38:59 ET
Table 'Sigelinde' 6-max Seat #5 is the button
Seat 4: kolaz03 ($72 in chips)
Seat 5: japachess ($91 in chips)
japachess: posts small blind $1
kolaz03: posts big blind $3
*** HOLE CARDS ***
japachess: raises $3 to $6
kolaz03: calls $3
*** FLOP *** [4s 2d As]
kolaz03: checks
Great_Kang joins the table at seat #6
japachess: bets $3
kolaz03: calls $3
*** TURN *** [4s 2d As] [4c]
kolaz03: checks
japachess: bets $6
kolaz03: calls $6
*** RIVER *** [4s 2d As 4c] [Th]
kolaz03: checks
japachess: bets $6
kolaz03: calls $6
*** SHOW DOWN ***
japachess: shows [Ad Qs] (two pair, Aces and Fours)
kolaz03: mucks hand
japachess collected $41.50 from pot
*** SUMMARY ***
Total pot $42 | Rake $0.50
Board [4s 2d As 4c Th]
Seat 4: kolaz03 (big blind) mucked
Seat 5: japachess (button) (small blind) showed [Ad Qs] and won ($41.50) with two pair, Aces and Fours


PokerStars Hand #166711473906:  Hold'em Limit ($3/$6 USD) - 2017/02/24 14:39:23 ET
Table 'Sigelinde' 6-max Seat #4 is the button
Seat 4: kolaz03 ($72 in chips)
Seat 5: japachess ($111.50 in chips)
kolaz03: posts small blind $1
japachess: posts big blind $3
*** HOLE CARDS ***
kolaz03: raises $3 to $6
japachess: calls $3
*** FLOP *** [9s 7s Qs]
japachess: checks
kolaz03: bets $3
japachess: raises $3 to $6
kolaz03: calls $3
*** TURN *** [9s 7s Qs] [2h]
japachess: bets $6
kolaz03: calls $6
*** RIVER *** [9s 7s Qs 2h] [8s]
dzihadsan joins the table at seat #1
japachess: bets $6
kolaz03: folds
Uncalled bet ($6) returned to japachess
japachess collected $35.50 from pot
japachess: doesn't show hand
*** SUMMARY ***
Total pot $36 | Rake $0.50
Board [9s 7s Qs 2h 8s]
Seat 4: kolaz03 (button) (small blind) folded on the River
Seat 5: japachess (big blind) collected ($35.50)


PokerStars Hand #166715862968:  Hold'em Limit ($3/$6 USD) - 2017/02/24 16:03:11 ET
Table 'Sigelinde' 6-max Seat #5 is the button
Seat 1: Pfuenph ($198.71 in chips)
Seat 5: Chessnok ($193.09 in chips)
ABATAPP will be allowed to play after the button
Chessnok: posts small blind $1
Pfuenph: posts big blind $3
*** HOLE CARDS ***
Chessnok: raises $3 to $6
Pfuenph: calls $3
*** FLOP *** [2s 4c As]
RUNNINGMAN70 leaves the table
Pfuenph: checks
Chessnok: bets $3
Pfuenph: raises $3 to $6
Chessnok: calls $3
*** TURN *** [2s 4c As] [6s]
Pfuenph: bets $6
Chessnok: raises $6 to $12
Pfuenph: folds
Uncalled bet ($6) returned to Chessnok
Chessnok collected $35.50 from pot
Chessnok: doesn't show hand
*** SUMMARY ***
Total pot $36 | Rake $0.50
Board [2s 4c As 6s]
Seat 1: Pfuenph (big blind) folded on the Turn
Seat 5: Chessnok (button) (small blind) collected ($35.50)


