PokerStars Hand #147233169461:  Hold'em Limit ($3/$6 USD) - 2016/01/17 21:33:08 ET
Table 'Sigelinde' 2-max Seat #2 is the button
Seat 1: kaputnikoff ($244 in chips)
Seat 2: degal76 ($116 in chips)
degal76: posts small blind $1
kaputnikoff: posts big blind $3
*** HOLE CARDS ***
degal76: raises $3 to $6
kaputnikoff: calls $3
*** FLOP *** [Ts 9c Ad]
kaputnikoff: checks
degal76: bets $3
kaputnikoff: folds
Uncalled bet ($3) returned to degal76
degal76 collected $11.76 from pot
degal76: doesn't show hand
*** SUMMARY ***
Total pot $12 | Rake $0.24
Board [Ts 9c Ad]
Seat 1: kaputnikoff (big blind) folded on the Flop
Seat 2: degal76 (button) (small blind) collected ($11.76)


PokerStars Hand #147233161033:  Hold'em Limit ($3/$6 USD) - 2016/01/17 21:32:49 ET
Table 'Sigelinde' 2-max Seat #1 is the button
Seat 1: kaputnikoff ($241 in chips)
Seat 2: degal76 ($119 in chips)
kaputnikoff: posts small blind $1
degal76: posts big blind $3
*** HOLE CARDS ***
kaputnikoff: raises $3 to $6
degal76: folds
Uncalled bet ($3) returned to kaputnikoff
kaputnikoff collected $6 from pot
kaputnikoff: doesn't show hand
*** SUMMARY ***
Total pot $6 | Rake $0
Seat 1: kaputnikoff (button) (small blind) collected ($6)
Seat 2: degal76 (big blind) folded before Flop


PokerStars Hand #147233201539:  Hold'em Limit ($3/$6 USD) - 2016/01/17 21:34:22 ET
Table 'Sigelinde' 2-max Seat #2 is the button
Seat 1: kaputnikoff ($212.76 in chips)
Seat 2: degal76 ($145.90 in chips)
degal76: posts small blind $1
kaputnikoff: posts big blind $3
*** HOLE CARDS ***
degal76: folds
Uncalled bet ($2) returned to kaputnikoff
kaputnikoff collected $2 from pot
kaputnikoff: doesn't show hand
*** SUMMARY ***
Total pot $2 | Rake $0
Seat 1: kaputnikoff (big blind) collected ($2)
Seat 2: degal76 (button) (small blind) folded before Flop


PokerStars Hand #147233192504:  Hold'em Limit ($3/$6 USD) - 2016/01/17 21:34:01 ET
Table 'Sigelinde' 2-max Seat #1 is the button
Seat 1: kaputnikoff ($236.76 in chips)
Seat 2: degal76 ($122.40 in chips)
kaputnikoff: posts small blind $1
degal76: posts big blind $3
*** HOLE CARDS ***
kaputnikoff: raises $3 to $6
degal76: calls $3
*** FLOP *** [Ad As 7d]
degal76: checks
kaputnikoff: checks
*** TURN *** [Ad As 7d] [6s]
degal76: bets $6
kaputnikoff: raises $6 to $12
degal76: raises $6 to $18
kaputnikoff: calls $6
*** RIVER *** [Ad As 7d 6s] [Qh]
degal76: bets $6
kaputnikoff: folds
Uncalled bet ($6) returned to degal76
degal76 collected $47.50 from pot
degal76: doesn't show hand
*** SUMMARY ***
Total pot $48 | Rake $0.50
Board [Ad As 7d 6s Qh]
Seat 1: kaputnikoff (button) (small blind) folded on the River
Seat 2: degal76 (big blind) collected ($47.50)


PokerStars Hand #147233190023:  Hold'em Limit ($3/$6 USD) - 2016/01/17 21:33:55 ET
Table 'Sigelinde' 2-max Seat #2 is the button
Seat 1: kaputnikoff ($235.76 in chips)
Seat 2: degal76 ($123.40 in chips)
degal76: posts small blind $1
kaputnikoff: posts big blind $3
*** HOLE CARDS ***
degal76: folds
Uncalled bet ($2) returned to kaputnikoff
kaputnikoff collected $2 from pot
kaputnikoff: doesn't show hand
*** SUMMARY ***
Total pot $2 | Rake $0
Seat 1: kaputnikoff (big blind) collected ($2)
Seat 2: degal76 (button) (small blind) folded before Flop


PokerStars Hand #147233185228:  Hold'em Limit ($3/$6 USD) - 2016/01/17 21:33:44 ET
Table 'Sigelinde' 2-max Seat #1 is the button
Seat 1: kaputnikoff ($230 in chips)
Seat 2: degal76 ($129.40 in chips)
kaputnikoff: posts small blind $1
degal76: posts big blind $3
*** HOLE CARDS ***
kaputnikoff: raises $3 to $6
degal76: calls $3
*** FLOP *** [9h 5s 5c]
degal76: checks
kaputnikoff: bets $3
degal76: folds
Uncalled bet ($3) returned to kaputnikoff
kaputnikoff collected $11.76 from pot
kaputnikoff: doesn't show hand
*** SUMMARY ***
Total pot $12 | Rake $0.24
Board [9h 5s 5c]
Seat 1: kaputnikoff (button) (small blind) collected ($11.76)
Seat 2: degal76 (big blind) folded on the Flop


PokerStars Hand #147233182932:  Hold'em Limit ($3/$6 USD) - 2016/01/17 21:33:39 ET
Table 'Sigelinde' 2-max Seat #2 is the button
Seat 1: kaputnikoff ($229 in chips)
Seat 2: degal76 ($130.40 in chips)
degal76: posts small blind $1
kaputnikoff: posts big blind $3
*** HOLE CARDS ***
degal76: folds
Uncalled bet ($2) returned to kaputnikoff
kaputnikoff collected $2 from pot
kaputnikoff: doesn't show hand
*** SUMMARY ***
Total pot $2 | Rake $0
Seat 1: kaputnikoff (big blind) collected ($2)
Seat 2: degal76 (button) (small blind) folded before Flop


PokerStars Hand #147233175540:  Hold'em Limit ($3/$6 USD) - 2016/01/17 21:33:22 ET
Table 'Sigelinde' 2-max Seat #1 is the button
Seat 1: kaputnikoff ($238 in chips)
Seat 2: degal76 ($121.76 in chips)
kaputnikoff: posts small blind $1
degal76: posts big blind $3
*** HOLE CARDS ***
kaputnikoff: raises $3 to $6
degal76: calls $3
*** FLOP *** [Kd 6d 3c]
degal76: checks
kaputnikoff: bets $3
degal76: raises $3 to $6
kaputnikoff: folds
Uncalled bet ($3) returned to degal76
degal76 collected $17.64 from pot
degal76: doesn't show hand
*** SUMMARY ***
Total pot $18 | Rake $0.36
Board [Kd 6d 3c]
Seat 1: kaputnikoff (button) (small blind) folded on the Flop
Seat 2: degal76 (big blind) collected ($17.64)


PokerStars Hand #147233219139:  Hold'em Limit ($3/$6 USD) - 2016/01/17 21:35:02 ET
Table 'Sigelinde' 2-max Seat #2 is the button
Seat 1: kaputnikoff ($192.76 in chips)
Seat 2: degal76 ($165.40 in chips)
degal76: posts small blind $1
kaputnikoff: posts big blind $3
*** HOLE CARDS ***
degal76: raises $3 to $6
kaputnikoff: calls $3
*** FLOP *** [Ah Jd Qc]
kaputnikoff: checks
degal76: bets $3
kaputnikoff: folds
Uncalled bet ($3) returned to degal76
degal76 collected $11.76 from pot
degal76: doesn't show hand
*** SUMMARY ***
Total pot $12 | Rake $0.24
Board [Ah Jd Qc]
Seat 1: kaputnikoff (big blind) folded on the Flop
Seat 2: degal76 (button) (small blind) collected ($11.76)


PokerStars Hand #147233216425:  Hold'em Limit ($3/$6 USD) - 2016/01/17 21:34:56 ET
Table 'Sigelinde' 2-max Seat #1 is the button
Seat 1: kaputnikoff ($189.76 in chips)
Seat 2: degal76 ($168.40 in chips)
kaputnikoff: posts small blind $1
degal76: posts big blind $3
*** HOLE CARDS ***
kaputnikoff: raises $3 to $6
degal76: folds
Uncalled bet ($3) returned to kaputnikoff
kaputnikoff collected $6 from pot
kaputnikoff: doesn't show hand
*** SUMMARY ***
Total pot $6 | Rake $0
Seat 1: kaputnikoff (button) (small blind) collected ($6)
Seat 2: degal76 (big blind) folded before Flop


PokerStars Hand #147233207187:  Hold'em Limit ($3/$6 USD) - 2016/01/17 21:34:34 ET
Table 'Sigelinde' 2-max Seat #2 is the button
Seat 1: kaputnikoff ($216.76 in chips)
Seat 2: degal76 ($141.90 in chips)
degal76: posts small blind $1
kaputnikoff: posts big blind $3
*** HOLE CARDS ***
degal76: raises $3 to $6
kaputnikoff: raises $3 to $9
degal76: raises $3 to $12
Betting is capped
kaputnikoff: calls $3
*** FLOP *** [3c 7c 4s]
kaputnikoff: checks
degal76: bets $3
kaputnikoff: calls $3
*** TURN *** [3c 7c 4s] [9s]
kaputnikoff: checks
degal76: bets $6
kaputnikoff: calls $6
*** RIVER *** [3c 7c 4s 9s] [9c]
kaputnikoff: checks
degal76: bets $6
kaputnikoff: calls $6
*** SHOW DOWN ***
degal76: shows [Qh Qc] (two pair, Queens and Nines)
kaputnikoff: mucks hand
degal76 collected $53.50 from pot
*** SUMMARY ***
Total pot $54 | Rake $0.50
Board [3c 7c 4s 9s 9c]
Seat 1: kaputnikoff (big blind) mucked
Seat 2: degal76 (button) (small blind) showed [Qh Qc] and won ($53.50) with two pair, Queens and Nines


PokerStars Hand #147233204217:  Hold'em Limit ($3/$6 USD) - 2016/01/17 21:34:28 ET
Table 'Sigelinde' 2-max Seat #1 is the button
Seat 1: kaputnikoff ($213.76 in chips)
Seat 2: degal76 ($144.90 in chips)
kaputnikoff: posts small blind $1
degal76: posts big blind $3
*** HOLE CARDS ***
kaputnikoff: raises $3 to $6
degal76: folds
Uncalled bet ($3) returned to kaputnikoff
kaputnikoff collected $6 from pot
kaputnikoff: doesn't show hand
*** SUMMARY ***
Total pot $6 | Rake $0
Seat 1: kaputnikoff (button) (small blind) collected ($6)
Seat 2: degal76 (big blind) folded before Flop


PokerStars Hand #147233249562:  Hold'em Limit ($3/$6 USD) - 2016/01/17 21:36:13 ET
Table 'Sigelinde' 2-max Seat #2 is the button
Seat 1: kaputnikoff ($225.90 in chips)
Seat 2: degal76 ($131.16 in chips)
degal76: posts small blind $1
kaputnikoff: posts big blind $3
*** HOLE CARDS ***
degal76: folds
Uncalled bet ($2) returned to kaputnikoff
kaputnikoff collected $2 from pot
kaputnikoff: doesn't show hand
*** SUMMARY ***
Total pot $2 | Rake $0
Seat 1: kaputnikoff (big blind) collected ($2)
Seat 2: degal76 (button) (small blind) folded before Flop


PokerStars Hand #147233246820:  Hold'em Limit ($3/$6 USD) - 2016/01/17 21:36:06 ET
Table 'Sigelinde' 2-max Seat #1 is the button
Seat 1: kaputnikoff ($222.90 in chips)
Seat 2: degal76 ($134.16 in chips)
kaputnikoff: posts small blind $1
degal76: posts big blind $3
*** HOLE CARDS ***
kaputnikoff: raises $3 to $6
degal76: folds
Uncalled bet ($3) returned to kaputnikoff
kaputnikoff collected $6 from pot
kaputnikoff: doesn't show hand
*** SUMMARY ***
Total pot $6 | Rake $0
Seat 1: kaputnikoff (button) (small blind) collected ($6)
Seat 2: degal76 (big blind) folded before Flop


PokerStars Hand #147233239197:  Hold'em Limit ($3/$6 USD) - 2016/01/17 21:35:49 ET
Table 'Sigelinde' 2-max Seat #2 is the button
Seat 1: kaputnikoff ($199.40 in chips)
Seat 2: degal76 ($158.16 in chips)
degal76: posts small blind $1
kaputnikoff: posts big blind $3
*** HOLE CARDS ***
degal76: raises $3 to $6
kaputnikoff: calls $3
*** FLOP *** [Qc 5h 4d]
kaputnikoff: checks
degal76: bets $3
kaputnikoff: raises $3 to $6
degal76: calls $3
*** TURN *** [Qc 5h 4d] [Kc]
kaputnikoff: bets $6
degal76: raises $6 to $12
kaputnikoff: raises $6 to $18
degal76: folds
Uncalled bet ($6) returned to kaputnikoff
kaputnikoff collected $47.50 from pot
kaputnikoff: doesn't show hand
*** SUMMARY ***
Total pot $48 | Rake $0.50
Board [Qc 5h 4d Kc]
Seat 1: kaputnikoff (big blind) collected ($47.50)
Seat 2: degal76 (button) (small blind) folded on the Turn


PokerStars Hand #147233235732:  Hold'em Limit ($3/$6 USD) - 2016/01/17 21:35:41 ET
Table 'Sigelinde' 2-max Seat #1 is the button
Seat 1: kaputnikoff ($196.40 in chips)
Seat 2: degal76 ($161.16 in chips)
kaputnikoff: posts small blind $1
degal76: posts big blind $3
*** HOLE CARDS ***
kaputnikoff: raises $3 to $6
degal76: folds
Uncalled bet ($3) returned to kaputnikoff
kaputnikoff collected $6 from pot
kaputnikoff: doesn't show hand
*** SUMMARY ***
Total pot $6 | Rake $0
Seat 1: kaputnikoff (button) (small blind) collected ($6)
Seat 2: degal76 (big blind) folded before Flop


PokerStars Hand #147233233418:  Hold'em Limit ($3/$6 USD) - 2016/01/17 21:35:35 ET
Table 'Sigelinde' 2-max Seat #2 is the button
Seat 1: kaputnikoff ($195.40 in chips)
Seat 2: degal76 ($162.16 in chips)
degal76: posts small blind $1
kaputnikoff: posts big blind $3
*** HOLE CARDS ***
degal76: folds
Uncalled bet ($2) returned to kaputnikoff
kaputnikoff collected $2 from pot
kaputnikoff: doesn't show hand
*** SUMMARY ***
Total pot $2 | Rake $0
Seat 1: kaputnikoff (big blind) collected ($2)
Seat 2: degal76 (button) (small blind) folded before Flop


PokerStars Hand #147233225143:  Hold'em Limit ($3/$6 USD) - 2016/01/17 21:35:16 ET
Table 'Sigelinde' 2-max Seat #1 is the button
Seat 1: kaputnikoff ($186.76 in chips)
Seat 2: degal76 ($171.16 in chips)
kaputnikoff: posts small blind $1
degal76: posts big blind $3
*** HOLE CARDS ***
kaputnikoff: raises $3 to $6
degal76: calls $3
*** FLOP *** [9h Td 6d]
degal76: checks
kaputnikoff: bets $3
degal76: calls $3
*** TURN *** [9h Td 6d] [3d]
degal76: checks
kaputnikoff: bets $6
degal76: folds
Uncalled bet ($6) returned to kaputnikoff
kaputnikoff collected $17.64 from pot
kaputnikoff: doesn't show hand
*** SUMMARY ***
Total pot $18 | Rake $0.36
Board [9h Td 6d 3d]
Seat 1: kaputnikoff (button) (small blind) collected ($17.64)
Seat 2: degal76 (big blind) folded on the Turn


PokerStars Hand #147233252090:  Hold'em Limit ($3/$6 USD) - 2016/01/17 21:36:19 ET
Table 'Sigelinde' 2-max Seat #1 is the button
Seat 1: kaputnikoff ($226.90 in chips)
Seat 2: degal76 ($130.16 in chips)
kaputnikoff: posts small blind $1
degal76: posts big blind $3
*** HOLE CARDS ***
kaputnikoff: raises $3 to $6
degal76: raises $3 to $9
kaputnikoff: calls $3
*** FLOP *** [Ts 9d Jd]
degal76: bets $3
kaputnikoff: calls $3
*** TURN *** [Ts 9d Jd] [Tc]
degal76: bets $6
kaputnikoff: calls $6
*** RIVER *** [Ts 9d Jd Tc] [5s]
degal76: bets $6
kaputnikoff: folds
Uncalled bet ($6) returned to degal76
degal76 collected $35.50 from pot
degal76: doesn't show hand
*** SUMMARY ***
Total pot $36 | Rake $0.50
Board [Ts 9d Jd Tc 5s]
Seat 1: kaputnikoff (button) (small blind) folded on the River
Seat 2: degal76 (big blind) collected ($35.50)


PokerStars Hand #147233260802:  Hold'em Limit ($3/$6 USD) - 2016/01/17 21:36:40 ET
Table 'Sigelinde' 2-max Seat #2 is the button
Seat 1: kaputnikoff ($208.90 in chips)
Seat 2: degal76 ($147.66 in chips)
degal76: posts small blind $1
kaputnikoff: posts big blind $3
*** HOLE CARDS ***
degal76: raises $3 to $6
kaputnikoff: calls $3
*** FLOP *** [Td 6d Qs]
kaputnikoff: checks
degal76: bets $3
kaputnikoff: calls $3
*** TURN *** [Td 6d Qs] [Qc]
kaputnikoff: checks
degal76: checks
*** RIVER *** [Td 6d Qs Qc] [Ah]
kaputnikoff: checks
degal76: bets $6
kaputnikoff: calls $6
*** SHOW DOWN ***
degal76: shows [Jh Ks] (a straight, Ten to Ace)
kaputnikoff: mucks hand
degal76 collected $29.50 from pot
*** SUMMARY ***
Total pot $30 | Rake $0.50
Board [Td 6d Qs Qc Ah]
Seat 1: kaputnikoff (big blind) mucked
Seat 2: degal76 (button) (small blind) showed [Jh Ks] and won ($29.50) with a straight, Ten to Ace


PokerStars Hand #147233268871:  Hold'em Limit ($3/$6 USD) - 2016/01/17 21:36:59 ET
Table 'Sigelinde' 2-max Seat #1 is the button
Seat 1: kaputnikoff ($193.90 in chips)
Seat 2: degal76 ($162.16 in chips)
kaputnikoff: posts small blind $1
degal76: posts big blind $3
*** HOLE CARDS ***
kaputnikoff: raises $3 to $6
degal76: calls $3
*** FLOP *** [Ah 5s 7s]
degal76: checks
kaputnikoff: checks
*** TURN *** [Ah 5s 7s] [9d]
degal76: bets $6
kaputnikoff: calls $6
*** RIVER *** [Ah 5s 7s 9d] [Ks]
degal76: bets $6
kaputnikoff: calls $6
*** SHOW DOWN ***
degal76: shows [Th 5h] (a pair of Fives)
kaputnikoff: shows [9c Td] (a pair of Nines)
kaputnikoff collected $35.50 from pot
*** SUMMARY ***
Total pot $36 | Rake $0.50
Board [Ah 5s 7s 9d Ks]
Seat 1: kaputnikoff (button) (small blind) showed [9c Td] and won ($35.50) with a pair of Nines
Seat 2: degal76 (big blind) showed [Th 5h] and lost with a pair of Fives


PokerStars Hand #147233274725:  Hold'em Limit ($3/$6 USD) - 2016/01/17 21:37:13 ET
Table 'Sigelinde' 2-max Seat #2 is the button
Seat 1: kaputnikoff ($211.40 in chips)
Seat 2: degal76 ($144.16 in chips)
degal76: posts small blind $1
kaputnikoff: posts big blind $3
*** HOLE CARDS ***
degal76: raises $3 to $6
kaputnikoff: calls $3
*** FLOP *** [Qd 2h 2s]
kaputnikoff: checks
degal76: bets $3
kaputnikoff: calls $3
*** TURN *** [Qd 2h 2s] [9c]
kaputnikoff: checks
degal76: bets $6
kaputnikoff: folds
Uncalled bet ($6) returned to degal76
degal76 collected $17.64 from pot
degal76: doesn't show hand
*** SUMMARY ***
Total pot $18 | Rake $0.36
Board [Qd 2h 2s 9c]
Seat 1: kaputnikoff (big blind) folded on the Turn
Seat 2: degal76 (button) (small blind) collected ($17.64)


PokerStars Hand #147233280964:  Hold'em Limit ($3/$6 USD) - 2016/01/17 21:37:27 ET
Table 'Sigelinde' 2-max Seat #1 is the button
Seat 1: kaputnikoff ($202.40 in chips)
Seat 2: degal76 ($152.80 in chips)
kaputnikoff: posts small blind $1
degal76: posts big blind $3
*** HOLE CARDS ***
kaputnikoff: raises $3 to $6
degal76: calls $3
*** FLOP *** [Js Ah Qs]
degal76: checks
kaputnikoff: bets $3
degal76: calls $3
*** TURN *** [Js Ah Qs] [3h]
degal76: checks
kaputnikoff: bets $6
degal76: folds
Uncalled bet ($6) returned to kaputnikoff
kaputnikoff collected $17.64 from pot
kaputnikoff: doesn't show hand
*** SUMMARY ***
Total pot $18 | Rake $0.36
Board [Js Ah Qs 3h]
Seat 1: kaputnikoff (button) (small blind) collected ($17.64)
Seat 2: degal76 (big blind) folded on the Turn


PokerStars Hand #147233287791:  Hold'em Limit ($3/$6 USD) - 2016/01/17 21:37:43 ET
Table 'Sigelinde' 2-max Seat #2 is the button
Seat 1: kaputnikoff ($211.04 in chips)
Seat 2: degal76 ($143.80 in chips)
degal76: posts small blind $1
kaputnikoff: posts big blind $3
*** HOLE CARDS ***
degal76: raises $3 to $6
kaputnikoff: raises $3 to $9
degal76: calls $3
*** FLOP *** [9s Jc 2h]
kaputnikoff: bets $3
degal76: raises $3 to $6
kaputnikoff: raises $3 to $9
degal76: calls $3
*** TURN *** [9s Jc 2h] [3s]
kaputnikoff: bets $6
degal76: calls $6
*** RIVER *** [9s Jc 2h 3s] [5h]
kaputnikoff: bets $6
degal76: raises $6 to $12
kaputnikoff: calls $6
*** SHOW DOWN ***
degal76: shows [4h Ad] (a straight, Ace to Five)
kaputnikoff: mucks hand
degal76 collected $71.50 from pot
*** SUMMARY ***
Total pot $72 | Rake $0.50
Board [9s Jc 2h 3s 5h]
Seat 1: kaputnikoff (big blind) mucked
Seat 2: degal76 (button) (small blind) showed [4h Ad] and won ($71.50) with a straight, Ace to Five


PokerStars Hand #147233297899:  Hold'em Limit ($3/$6 USD) - 2016/01/17 21:38:07 ET
Table 'Sigelinde' 2-max Seat #1 is the button
Seat 1: kaputnikoff ($175.04 in chips)
Seat 2: degal76 ($179.30 in chips)
kaputnikoff: posts small blind $1
degal76: posts big blind $3
*** HOLE CARDS ***
kaputnikoff: raises $3 to $6
degal76: calls $3
*** FLOP *** [Kh Qc 8c]
degal76: checks
kaputnikoff: bets $3
degal76: calls $3
*** TURN *** [Kh Qc 8c] [Tc]
degal76: checks
kaputnikoff: checks
*** RIVER *** [Kh Qc 8c Tc] [Qd]
degal76: bets $6
kaputnikoff: folds
Uncalled bet ($6) returned to degal76
degal76 collected $17.64 from pot
degal76: doesn't show hand
*** SUMMARY ***
Total pot $18 | Rake $0.36
Board [Kh Qc 8c Tc Qd]
Seat 1: kaputnikoff (button) (small blind) folded on the River
Seat 2: degal76 (big blind) collected ($17.64)


PokerStars Hand #147233310898:  Hold'em Limit ($3/$6 USD) - 2016/01/17 21:38:37 ET
Table 'Sigelinde' 2-max Seat #2 is the button
Seat 1: kaputnikoff ($170.04 in chips)
Seat 2: degal76 ($183.94 in chips)
degal76: posts small blind $1
kaputnikoff: posts big blind $3
*** HOLE CARDS ***
degal76: folds
Uncalled bet ($2) returned to kaputnikoff
kaputnikoff collected $2 from pot
kaputnikoff: doesn't show hand
*** SUMMARY ***
Total pot $2 | Rake $0
Seat 1: kaputnikoff (big blind) collected ($2)
Seat 2: degal76 (button) (small blind) folded before Flop


PokerStars Hand #147233313344:  Hold'em Limit ($3/$6 USD) - 2016/01/17 21:38:43 ET
Table 'Sigelinde' 2-max Seat #1 is the button
Seat 1: kaputnikoff ($171.04 in chips)
Seat 2: degal76 ($182.94 in chips)
kaputnikoff: posts small blind $1
degal76: posts big blind $3
*** HOLE CARDS ***
kaputnikoff: raises $3 to $6
degal76: calls $3
*** FLOP *** [Ks Ah Qs]
degal76: checks
kaputnikoff: bets $3
degal76: raises $3 to $6
kaputnikoff: folds
Uncalled bet ($3) returned to degal76
degal76 collected $17.64 from pot
degal76: doesn't show hand
*** SUMMARY ***
Total pot $18 | Rake $0.36
Board [Ks Ah Qs]
Seat 1: kaputnikoff (button) (small blind) folded on the Flop
Seat 2: degal76 (big blind) collected ($17.64)


PokerStars Hand #147233319330:  Hold'em Limit ($3/$6 USD) - 2016/01/17 21:38:57 ET
Table 'Sigelinde' 2-max Seat #2 is the button
Seat 1: kaputnikoff ($162.04 in chips)
Seat 2: degal76 ($191.58 in chips)
degal76: posts small blind $1
kaputnikoff: posts big blind $3
*** HOLE CARDS ***
degal76: folds
Uncalled bet ($2) returned to kaputnikoff
kaputnikoff collected $2 from pot
kaputnikoff: doesn't show hand
*** SUMMARY ***
Total pot $2 | Rake $0
Seat 1: kaputnikoff (big blind) collected ($2)
Seat 2: degal76 (button) (small blind) folded before Flop


PokerStars Hand #147233321717:  Hold'em Limit ($3/$6 USD) - 2016/01/17 21:39:03 ET
Table 'Sigelinde' 2-max Seat #1 is the button
Seat 1: kaputnikoff ($163.04 in chips)
Seat 2: degal76 ($190.58 in chips)
kaputnikoff: posts small blind $1
degal76: posts big blind $3
*** HOLE CARDS ***
kaputnikoff: raises $3 to $6
degal76: calls $3
*** FLOP *** [7d 5h 5c]
degal76: checks
kaputnikoff: checks
*** TURN *** [7d 5h 5c] [8h]
degal76: checks
kaputnikoff: checks
*** RIVER *** [7d 5h 5c 8h] [Ks]
degal76: checks
kaputnikoff: bets $6
degal76: folds
Uncalled bet ($6) returned to kaputnikoff
kaputnikoff collected $11.76 from pot
kaputnikoff: doesn't show hand
*** SUMMARY ***
Total pot $12 | Rake $0.24
Board [7d 5h 5c 8h Ks]
Seat 1: kaputnikoff (button) (small blind) collected ($11.76)
Seat 2: degal76 (big blind) folded on the River


PokerStars Hand #147233328510:  Hold'em Limit ($3/$6 USD) - 2016/01/17 21:39:19 ET
Table 'Sigelinde' 2-max Seat #2 is the button
Seat 1: kaputnikoff ($168.80 in chips)
Seat 2: degal76 ($184.58 in chips)
degal76: posts small blind $1
kaputnikoff: posts big blind $3
*** HOLE CARDS ***
degal76: folds
Uncalled bet ($2) returned to kaputnikoff
kaputnikoff collected $2 from pot
kaputnikoff: doesn't show hand
*** SUMMARY ***
Total pot $2 | Rake $0
Seat 1: kaputnikoff (big blind) collected ($2)
Seat 2: degal76 (button) (small blind) folded before Flop


PokerStars Hand #147233308070:  Hold'em Limit ($3/$6 USD) - 2016/01/17 21:38:31 ET
Table 'Sigelinde' 2-max Seat #1 is the button
Seat 1: kaputnikoff ($167.04 in chips)
Seat 2: degal76 ($186.94 in chips)
kaputnikoff: posts small blind $1
degal76: posts big blind $3
*** HOLE CARDS ***
kaputnikoff: raises $3 to $6
degal76: folds
Uncalled bet ($3) returned to kaputnikoff
kaputnikoff collected $6 from pot
kaputnikoff: doesn't show hand
*** SUMMARY ***
Total pot $6 | Rake $0
Seat 1: kaputnikoff (button) (small blind) collected ($6)
Seat 2: degal76 (big blind) folded before Flop


PokerStars Hand #147233305888:  Hold'em Limit ($3/$6 USD) - 2016/01/17 21:38:26 ET
Table 'Sigelinde' 2-max Seat #2 is the button
Seat 1: kaputnikoff ($166.04 in chips)
Seat 2: degal76 ($187.94 in chips)
degal76: posts small blind $1
kaputnikoff: posts big blind $3
*** HOLE CARDS ***
degal76: folds
Uncalled bet ($2) returned to kaputnikoff
kaputnikoff collected $2 from pot
kaputnikoff: doesn't show hand
*** SUMMARY ***
Total pot $2 | Rake $0
Seat 1: kaputnikoff (big blind) collected ($2)
Seat 2: degal76 (button) (small blind) folded before Flop


PokerStars Hand #147233333760:  Hold'em Limit ($3/$6 USD) - 2016/01/17 21:39:31 ET
Table 'Sigelinde' 2-max Seat #2 is the button
Seat 1: kaputnikoff ($172.80 in chips)
Seat 2: degal76 ($180.58 in chips)
degal76: posts small blind $1
kaputnikoff: posts big blind $3
*** HOLE CARDS ***
degal76: raises $3 to $6
kaputnikoff: calls $3
*** FLOP *** [6h Js 7c]
kaputnikoff: checks
degal76: bets $3
kaputnikoff: folds
Uncalled bet ($3) returned to degal76
degal76 collected $11.76 from pot
degal76: doesn't show hand
*** SUMMARY ***
Total pot $12 | Rake $0.24
Board [6h Js 7c]
Seat 1: kaputnikoff (big blind) folded on the Flop
Seat 2: degal76 (button) (small blind) collected ($11.76)


PokerStars Hand #147233339044:  Hold'em Limit ($3/$6 USD) - 2016/01/17 21:39:43 ET
Table 'Sigelinde' 2-max Seat #1 is the button
Seat 1: kaputnikoff ($166.80 in chips)
Seat 2: degal76 ($186.34 in chips)
kaputnikoff: posts small blind $1
degal76: posts big blind $3
*** HOLE CARDS ***
kaputnikoff: raises $3 to $6
degal76: raises $3 to $9
kaputnikoff: calls $3
*** FLOP *** [Js 6s Jc]
degal76: bets $3
kaputnikoff: folds
Uncalled bet ($3) returned to degal76
degal76 collected $17.64 from pot
degal76: doesn't show hand
*** SUMMARY ***
Total pot $18 | Rake $0.36
Board [Js 6s Jc]
Seat 1: kaputnikoff (button) (small blind) folded on the Flop
Seat 2: degal76 (big blind) collected ($17.64)


PokerStars Hand #147233344934:  Hold'em Limit ($3/$6 USD) - 2016/01/17 21:39:57 ET
Table 'Sigelinde' 2-max Seat #2 is the button
Seat 1: kaputnikoff ($157.80 in chips)
Seat 2: degal76 ($194.98 in chips)
degal76: posts small blind $1
kaputnikoff: posts big blind $3
*** HOLE CARDS ***
degal76: raises $3 to $6
kaputnikoff: folds
Uncalled bet ($3) returned to degal76
degal76 collected $6 from pot
degal76: doesn't show hand
*** SUMMARY ***
Total pot $6 | Rake $0
Seat 1: kaputnikoff (big blind) folded before Flop
Seat 2: degal76 (button) (small blind) collected ($6)


PokerStars Hand #147233348666:  Hold'em Limit ($3/$6 USD) - 2016/01/17 21:40:06 ET
Table 'Sigelinde' 2-max Seat #1 is the button
Seat 1: kaputnikoff ($154.80 in chips)
Seat 2: degal76 ($197.98 in chips)
kaputnikoff: posts small blind $1
degal76: posts big blind $3
*** HOLE CARDS ***
kaputnikoff: raises $3 to $6
degal76: calls $3
*** FLOP *** [6d Qs 6s]
degal76: checks
kaputnikoff: bets $3
degal76: calls $3
*** TURN *** [6d Qs 6s] [9d]
degal76: checks
kaputnikoff: bets $6
degal76: calls $6
*** RIVER *** [6d Qs 6s 9d] [Js]
degal76: bets $6
kaputnikoff: folds
Uncalled bet ($6) returned to degal76
degal76 collected $29.50 from pot
degal76: doesn't show hand
*** SUMMARY ***
Total pot $30 | Rake $0.50
Board [6d Qs 6s 9d Js]
Seat 1: kaputnikoff (button) (small blind) folded on the River
Seat 2: degal76 (big blind) collected ($29.50)


PokerStars Hand #147233330698:  Hold'em Limit ($3/$6 USD) - 2016/01/17 21:39:24 ET
Table 'Sigelinde' 2-max Seat #1 is the button
Seat 1: kaputnikoff ($169.80 in chips)
Seat 2: degal76 ($183.58 in chips)
kaputnikoff: posts small blind $1
degal76: posts big blind $3
*** HOLE CARDS ***
kaputnikoff: raises $3 to $6
degal76: folds
Uncalled bet ($3) returned to kaputnikoff
kaputnikoff collected $6 from pot
kaputnikoff: doesn't show hand
*** SUMMARY ***
Total pot $6 | Rake $0
Seat 1: kaputnikoff (button) (small blind) collected ($6)
Seat 2: degal76 (big blind) folded before Flop


PokerStars Hand #147233363203:  Hold'em Limit ($3/$6 USD) - 2016/01/17 21:40:40 ET
Table 'Sigelinde' 2-max Seat #1 is the button
Seat 1: kaputnikoff ($145.56 in chips)
Seat 2: degal76 ($206.48 in chips)
kaputnikoff: posts small blind $1
degal76: posts big blind $3
*** HOLE CARDS ***
kaputnikoff: folds
Uncalled bet ($2) returned to degal76
degal76 collected $2 from pot
degal76: doesn't show hand
*** SUMMARY ***
Total pot $2 | Rake $0
Seat 1: kaputnikoff (button) (small blind) folded before Flop
Seat 2: degal76 (big blind) collected ($2)


PokerStars Hand #147233357648:  Hold'em Limit ($3/$6 USD) - 2016/01/17 21:40:27 ET
Table 'Sigelinde' 2-max Seat #2 is the button
Seat 1: kaputnikoff ($139.80 in chips)
Seat 2: degal76 ($212.48 in chips)
degal76: posts small blind $1
kaputnikoff: posts big blind $3
*** HOLE CARDS ***
degal76: raises $3 to $6
kaputnikoff: calls $3
*** FLOP *** [5s 2d 4h]
kaputnikoff: checks
degal76: checks
*** TURN *** [5s 2d 4h] [Qh]
kaputnikoff: bets $6
degal76: folds
Uncalled bet ($6) returned to kaputnikoff
kaputnikoff collected $11.76 from pot
kaputnikoff: doesn't show hand
*** SUMMARY ***
Total pot $12 | Rake $0.24
Board [5s 2d 4h Qh]
Seat 1: kaputnikoff (big blind) collected ($11.76)
Seat 2: degal76 (button) (small blind) folded on the Turn


PokerStars Hand #147233365980:  Hold'em Limit ($3/$6 USD) - 2016/01/17 21:40:47 ET
Table 'Sigelinde' 2-max Seat #2 is the button
Seat 1: kaputnikoff ($144.56 in chips)
Seat 2: degal76 ($207.48 in chips)
degal76: posts small blind $1
kaputnikoff: posts big blind $3
*** HOLE CARDS ***
degal76: folds
Uncalled bet ($2) returned to kaputnikoff
kaputnikoff collected $2 from pot
kaputnikoff: doesn't show hand
*** SUMMARY ***
Total pot $2 | Rake $0
Seat 1: kaputnikoff (big blind) collected ($2)
Seat 2: degal76 (button) (small blind) folded before Flop


PokerStars Hand #147233368186:  Hold'em Limit ($3/$6 USD) - 2016/01/17 21:40:52 ET
Table 'Sigelinde' 2-max Seat #1 is the button
Seat 1: kaputnikoff ($145.56 in chips)
Seat 2: degal76 ($206.48 in chips)
kaputnikoff: posts small blind $1
degal76: posts big blind $3
*** HOLE CARDS ***
kaputnikoff: raises $3 to $6
degal76: calls $3
*** FLOP *** [6c 5h Tc]
degal76: checks
kaputnikoff: bets $3
degal76: raises $3 to $6
kaputnikoff: calls $3
*** TURN *** [6c 5h Tc] [3d]
degal76: bets $6
kaputnikoff: raises $6 to $12
degal76: raises $6 to $18
kaputnikoff: calls $6
*** RIVER *** [6c 5h Tc 3d] [9h]
degal76: bets $6
kaputnikoff: calls $6
*** SHOW DOWN ***
degal76: shows [5c 5s] (three of a kind, Fives)
kaputnikoff: mucks hand
degal76 collected $71.50 from pot
*** SUMMARY ***
Total pot $72 | Rake $0.50
Board [6c 5h Tc 3d 9h]
Seat 1: kaputnikoff (button) (small blind) mucked
Seat 2: degal76 (big blind) showed [5c 5s] and won ($71.50) with three of a kind, Fives


PokerStars Hand #147233380375:  Hold'em Limit ($3/$6 USD) - 2016/01/17 21:41:21 ET
Table 'Sigelinde' 2-max Seat #1 is the button
Seat 1: kaputnikoff ($110.56 in chips)
Seat 2: degal76 ($240.98 in chips)
kaputnikoff: posts small blind $1
degal76: posts big blind $3
*** HOLE CARDS ***
kaputnikoff: folds
Uncalled bet ($2) returned to degal76
degal76 collected $2 from pot
degal76: doesn't show hand
*** SUMMARY ***
Total pot $2 | Rake $0
Seat 1: kaputnikoff (button) (small blind) folded before Flop
Seat 2: degal76 (big blind) collected ($2)


PokerStars Hand #147233378150:  Hold'em Limit ($3/$6 USD) - 2016/01/17 21:41:16 ET
Table 'Sigelinde' 2-max Seat #2 is the button
Seat 1: kaputnikoff ($109.56 in chips)
Seat 2: degal76 ($241.98 in chips)
degal76: posts small blind $1
kaputnikoff: posts big blind $3
*** HOLE CARDS ***
degal76: folds
Uncalled bet ($2) returned to kaputnikoff
kaputnikoff collected $2 from pot
kaputnikoff: doesn't show hand
*** SUMMARY ***
Total pot $2 | Rake $0
Seat 1: kaputnikoff (big blind) collected ($2)
Seat 2: degal76 (button) (small blind) folded before Flop


PokerStars Hand #147233383441:  Hold'em Limit ($3/$6 USD) - 2016/01/17 21:41:29 ET
Table 'Sigelinde' 2-max Seat #2 is the button
Seat 1: kaputnikoff ($109.56 in chips)
Seat 2: degal76 ($241.98 in chips)
degal76: posts small blind $1
kaputnikoff: posts big blind $3
*** HOLE CARDS ***
degal76: raises $3 to $6
kaputnikoff: calls $3
*** FLOP *** [7h Js 6h]
kaputnikoff: checks
degal76: bets $3
kaputnikoff: raises $3 to $6
degal76: calls $3
*** TURN *** [7h Js 6h] [Tc]
kaputnikoff: bets $6
degal76: raises $6 to $12
kaputnikoff: calls $6
*** RIVER *** [7h Js 6h Tc] [Qh]
kaputnikoff: checks
degal76: checks
*** SHOW DOWN ***
kaputnikoff: shows [8s 5c] (high card Queen)
degal76: shows [Kd 7c] (a pair of Sevens)
degal76 collected $47.50 from pot
*** SUMMARY ***
Total pot $48 | Rake $0.50
Board [7h Js 6h Tc Qh]
Seat 1: kaputnikoff (big blind) showed [8s 5c] and lost with high card Queen
Seat 2: degal76 (button) (small blind) showed [Kd 7c] and won ($47.50) with a pair of Sevens


PokerStars Hand #147233392780:  Hold'em Limit ($3/$6 USD) - 2016/01/17 21:41:51 ET
Table 'Sigelinde' 2-max Seat #1 is the button
Seat 1: kaputnikoff ($85.56 in chips)
Seat 2: degal76 ($265.48 in chips)
kaputnikoff: posts small blind $1
degal76: posts big blind $3
*** HOLE CARDS ***
kaputnikoff: raises $3 to $6
degal76: calls $3
*** FLOP *** [8d 6d 4c]
degal76: checks
kaputnikoff: checks
*** TURN *** [8d 6d 4c] [3c]
degal76: checks
kaputnikoff: bets $6
degal76: raises $6 to $12
kaputnikoff: folds
Uncalled bet ($6) returned to degal76
degal76 collected $23.52 from pot
degal76: doesn't show hand
*** SUMMARY ***
Total pot $24 | Rake $0.48
Board [8d 6d 4c 3c]
Seat 1: kaputnikoff (button) (small blind) folded on the Turn
Seat 2: degal76 (big blind) collected ($23.52)


PokerStars Hand #147233402522:  Hold'em Limit ($3/$6 USD) - 2016/01/17 21:42:15 ET
Table 'Sigelinde' 2-max Seat #2 is the button
Seat 1: kaputnikoff ($73.56 in chips)
Seat 2: degal76 ($277 in chips)
degal76: posts small blind $1
kaputnikoff: posts big blind $3
*** HOLE CARDS ***
degal76: folds
Uncalled bet ($2) returned to kaputnikoff
kaputnikoff collected $2 from pot
kaputnikoff: doesn't show hand
*** SUMMARY ***
Total pot $2 | Rake $0
Seat 1: kaputnikoff (big blind) collected ($2)
Seat 2: degal76 (button) (small blind) folded before Flop


PokerStars Hand #147233409221:  Hold'em Limit ($3/$6 USD) - 2016/01/17 21:42:31 ET
Table 'Sigelinde' 2-max Seat #2 is the button
Seat 1: kaputnikoff ($73.56 in chips)
Seat 2: degal76 ($277 in chips)
degal76: posts small blind $1
kaputnikoff: posts big blind $3
*** HOLE CARDS ***
degal76: raises $3 to $6
kaputnikoff: calls $3
*** FLOP *** [Qh 4h 2s]
kaputnikoff: checks
degal76: bets $3
kaputnikoff: folds
Uncalled bet ($3) returned to degal76
degal76 collected $11.76 from pot
degal76: doesn't show hand
*** SUMMARY ***
Total pot $12 | Rake $0.24
Board [Qh 4h 2s]
Seat 1: kaputnikoff (big blind) folded on the Flop
Seat 2: degal76 (button) (small blind) collected ($11.76)


PokerStars Hand #147233415288:  Hold'em Limit ($3/$6 USD) - 2016/01/17 21:42:45 ET
Table 'Sigelinde' 2-max Seat #1 is the button
Seat 1: kaputnikoff ($67.56 in chips)
Seat 2: degal76 ($282.76 in chips)
kaputnikoff: posts small blind $1
degal76: posts big blind $3
*** HOLE CARDS ***
kaputnikoff: raises $3 to $6
degal76: folds
Uncalled bet ($3) returned to kaputnikoff
kaputnikoff collected $6 from pot
kaputnikoff: doesn't show hand
*** SUMMARY ***
Total pot $6 | Rake $0
Seat 1: kaputnikoff (button) (small blind) collected ($6)
Seat 2: degal76 (big blind) folded before Flop


PokerStars Hand #147233418331:  Hold'em Limit ($3/$6 USD) - 2016/01/17 21:42:53 ET
Table 'Sigelinde' 2-max Seat #2 is the button
Seat 1: kaputnikoff ($70.56 in chips)
Seat 2: degal76 ($279.76 in chips)
degal76: posts small blind $1
kaputnikoff: posts big blind $3
*** HOLE CARDS ***
degal76: raises $3 to $6
kaputnikoff: raises $3 to $9
degal76: calls $3
*** FLOP *** [9d 6h Js]
kaputnikoff: bets $3
degal76: folds
Uncalled bet ($3) returned to kaputnikoff
degal76 leaves the table
kaputnikoff collected $17.64 from pot
kaputnikoff: doesn't show hand
*** SUMMARY ***
Total pot $18 | Rake $0.36
Board [9d 6h Js]
Seat 1: kaputnikoff (big blind) collected ($17.64)
Seat 2: degal76 (button) (small blind) folded on the Flop


PokerStars Hand #147233405072:  Hold'em Limit ($3/$6 USD) - 2016/01/17 21:42:21 ET
Table 'Sigelinde' 2-max Seat #1 is the button
Seat 1: kaputnikoff ($74.56 in chips)
Seat 2: degal76 ($276 in chips)
kaputnikoff: posts small blind $1
degal76: posts big blind $3
*** HOLE CARDS ***
kaputnikoff: folds
Uncalled bet ($2) returned to degal76
degal76 collected $2 from pot
degal76: doesn't show hand
*** SUMMARY ***
Total pot $2 | Rake $0
Seat 1: kaputnikoff (button) (small blind) folded before Flop
Seat 2: degal76 (big blind) collected ($2)


