PokerStars Hand #165605258738:  Hold'em Limit ($3/$6 USD) - 2017/02/03 7:20:45 ET
Table 'Signe II' 6-max Seat #1 is the button
Seat 1: parnishka11 ($34.06 in chips)
Seat 3: sim5sim5 ($72 in chips)
parnishka11 is connected
parnishka11: posts small blind $1
sim5sim5: posts big blind $3
*** HOLE CARDS ***
parnishka11: folds
Uncalled bet ($2) returned to sim5sim5
sim5sim5 collected $2 from pot
sim5sim5: doesn't show hand
*** SUMMARY ***
Total pot $2 | Rake $0
Seat 1: parnishka11 (button) (small blind) folded before Flop
Seat 3: sim5sim5 (big blind) collected ($2)


PokerStars Hand #165605322923:  Hold'em Limit ($3/$6 USD) - 2017/02/03 7:22:39 ET
Table 'Signe II' 6-max Seat #2 is the button
Seat 2: parnishka11 ($35 in chips)
Seat 3: sim5sim5 ($105.56 in chips)
parnishka11: posts small blind $1
sim5sim5: posts big blind $3
*** HOLE CARDS ***
parnishka11: raises $3 to $6
sim5sim5: calls $3
*** FLOP *** [Qh 9c 4h]
sim5sim5: checks
parnishka11: bets $3
sim5sim5: calls $3
*** TURN *** [Qh 9c 4h] [Jh]
sim5sim5: checks
parnishka11: bets $6
sim5sim5: calls $6
*** RIVER *** [Qh 9c 4h Jh] [4c]
sim5sim5: checks
parnishka11: checks
*** SHOW DOWN ***
sim5sim5: shows [8h Ad] (a pair of Fours)
parnishka11: shows [9d Ks] (two pair, Nines and Fours)
parnishka11 collected $29.50 from pot
*** SUMMARY ***
Total pot $30 | Rake $0.50
Board [Qh 9c 4h Jh 4c]
Seat 2: parnishka11 (button) (small blind) showed [9d Ks] and won ($29.50) with two pair, Nines and Fours
Seat 3: sim5sim5 (big blind) showed [8h Ad] and lost with a pair of Fours


PokerStars Hand #165605351298:  Hold'em Limit ($3/$6 USD) - 2017/02/03 7:23:29 ET
Table 'Signe II' 6-max Seat #2 is the button
Seat 2: parnishka11 ($43.50 in chips)
Seat 3: sim5sim5 ($96.32 in chips)
parnishka11: posts small blind $1
sim5sim5: posts big blind $3
*** HOLE CARDS ***
parnishka11: raises $3 to $6
sim5sim5: calls $3
*** FLOP *** [Kc 3c 5c]
sim5sim5: checks
parnishka11: bets $3
sim5sim5: raises $3 to $6
parnishka11: calls $3
*** TURN *** [Kc 3c 5c] [5d]
sim5sim5: bets $6
parnishka11: calls $6
*** RIVER *** [Kc 3c 5c 5d] [4c]
sim5sim5: bets $6
parnishka11: raises $6 to $12
sim5sim5: raises $6 to $18
parnishka11: calls $6
*** SHOW DOWN ***
sim5sim5: shows [5s Ac] (a flush, Ace high)
parnishka11: mucks hand
sim5sim5 collected $71.50 from pot
*** SUMMARY ***
Total pot $72 | Rake $0.50
Board [Kc 3c 5c 5d 4c]
Seat 2: parnishka11 (button) (small blind) mucked
Seat 3: sim5sim5 (big blind) showed [5s Ac] and won ($71.50) with a flush, Ace high


PokerStars Hand #165605344358:  Hold'em Limit ($3/$6 USD) - 2017/02/03 7:23:17 ET
Table 'Signe II' 6-max Seat #3 is the button
Seat 2: parnishka11 ($49.50 in chips)
Seat 3: sim5sim5 ($90.56 in chips)
sim5sim5: posts small blind $1
parnishka11: posts big blind $3
*** HOLE CARDS ***
sim5sim5: raises $3 to $6
parnishka11: calls $3
*** FLOP *** [Kd 9h 6s]
parnishka11: checks
sim5sim5: bets $3
parnishka11: folds
Uncalled bet ($3) returned to sim5sim5
sim5sim5 collected $11.76 from pot
sim5sim5: doesn't show hand
*** SUMMARY ***
Total pot $12 | Rake $0.24
Board [Kd 9h 6s]
Seat 2: parnishka11 (big blind) folded on the Flop
Seat 3: sim5sim5 (button) (small blind) collected ($11.76)


PokerStars Hand #165605380691:  Hold'em Limit ($3/$6 USD) - 2017/02/03 7:24:21 ET
Table 'Signe II' 6-max Seat #3 is the button
Seat 2: parnishka11 ($13.70 in chips)
Seat 3: sim5sim5 ($125.32 in chips)
sim5sim5: posts small blind $1
parnishka11: posts big blind $3
*** HOLE CARDS ***
sim5sim5: folds
Uncalled bet ($2) returned to parnishka11
parnishka11 collected $2 from pot
parnishka11: doesn't show hand
*** SUMMARY ***
Total pot $2 | Rake $0
Seat 2: parnishka11 (big blind) collected ($2)
Seat 3: sim5sim5 (button) (small blind) folded before Flop


PokerStars Hand #165605402182:  Hold'em Limit ($3/$6 USD) - 2017/02/03 7:24:59 ET
Table 'Signe II' 6-max Seat #3 is the button
Seat 2: parnishka11 ($9.21 in chips)
Seat 3: sim5sim5 ($129.26 in chips)
sim5sim5: posts small blind $1
parnishka11: posts big blind $3
*** HOLE CARDS ***
sim5sim5: raises $3 to $6
parnishka11: folds
Uncalled bet ($3) returned to sim5sim5
sim5sim5 collected $6 from pot
sim5sim5: doesn't show hand
*** SUMMARY ***
Total pot $6 | Rake $0
Seat 2: parnishka11 (big blind) folded before Flop
Seat 3: sim5sim5 (button) (small blind) collected ($6)


PokerStars Hand #165605394762:  Hold'em Limit ($3/$6 USD) - 2017/02/03 7:24:46 ET
Table 'Signe II' 6-max Seat #2 is the button
Seat 2: parnishka11 ($4.70 in chips)
Seat 3: sim5sim5 ($133.96 in chips)
parnishka11: posts small blind $1
sim5sim5: posts big blind $3
*** HOLE CARDS ***
parnishka11: raises $1.70 to $4.70 and is all-in
sim5sim5: calls $1.70
*** FLOP *** [Jh Kd 5c]
*** TURN *** [Jh Kd 5c] [Ks]
*** RIVER *** [Jh Kd 5c Ks] [3h]
*** SHOW DOWN ***
sim5sim5: shows [Td 5s] (two pair, Kings and Fives)
parnishka11: shows [Qs Js] (two pair, Kings and Jacks)
parnishka11 collected $9.21 from pot
*** SUMMARY ***
Total pot $9.40 | Rake $0.19
Board [Jh Kd 5c Ks 3h]
Seat 2: parnishka11 (button) (small blind) showed [Qs Js] and won ($9.21) with two pair, Kings and Jacks
Seat 3: sim5sim5 (big blind) showed [Td 5s] and lost with two pair, Kings and Fives


PokerStars Hand #165605387288:  Hold'em Limit ($3/$6 USD) - 2017/02/03 7:24:33 ET
Table 'Signe II' 6-max Seat #3 is the button
Seat 2: parnishka11 ($13.70 in chips)
Seat 3: sim5sim5 ($125.32 in chips)
sim5sim5: posts small blind $1
parnishka11: posts big blind $3
*** HOLE CARDS ***
sim5sim5: raises $3 to $6
parnishka11: calls $3
*** FLOP *** [Ah Kc Ad]
parnishka11: bets $3
sim5sim5: raises $3 to $6
parnishka11: folds
Uncalled bet ($3) returned to sim5sim5
sim5sim5 collected $17.64 from pot
sim5sim5: doesn't show hand
*** SUMMARY ***
Total pot $18 | Rake $0.36
Board [Ah Kc Ad]
Seat 2: parnishka11 (big blind) folded on the Flop
Seat 3: sim5sim5 (button) (small blind) collected ($17.64)


PokerStars Hand #165605384130:  Hold'em Limit ($3/$6 USD) - 2017/02/03 7:24:27 ET
Table 'Signe II' 6-max Seat #2 is the button
Seat 2: parnishka11 ($14.70 in chips)
Seat 3: sim5sim5 ($124.32 in chips)
parnishka11: posts small blind $1
sim5sim5: posts big blind $3
*** HOLE CARDS ***
parnishka11: folds
Uncalled bet ($2) returned to sim5sim5
sim5sim5 collected $2 from pot
sim5sim5: doesn't show hand
*** SUMMARY ***
Total pot $2 | Rake $0
Seat 2: parnishka11 (button) (small blind) folded before Flop
Seat 3: sim5sim5 (big blind) collected ($2)


PokerStars Hand #165605377635:  Hold'em Limit ($3/$6 USD) - 2017/02/03 7:24:16 ET
Table 'Signe II' 6-max Seat #2 is the button
Seat 2: parnishka11 ($14.70 in chips)
Seat 3: sim5sim5 ($124.32 in chips)
parnishka11: posts small blind $1
sim5sim5: posts big blind $3
*** HOLE CARDS ***
parnishka11: folds
Uncalled bet ($2) returned to sim5sim5
sim5sim5 collected $2 from pot
sim5sim5: doesn't show hand
*** SUMMARY ***
Total pot $2 | Rake $0
Seat 2: parnishka11 (button) (small blind) folded before Flop
Seat 3: sim5sim5 (big blind) collected ($2)


PokerStars Hand #165605368417:  Hold'em Limit ($3/$6 USD) - 2017/02/03 7:24:00 ET
Table 'Signe II' 6-max Seat #3 is the button
Seat 2: parnishka11 ($7.50 in chips)
Seat 3: sim5sim5 ($131.82 in chips)
sim5sim5: posts small blind $1
parnishka11: posts big blind $3
*** HOLE CARDS ***
sim5sim5: raises $3 to $6
parnishka11: raises $1.50 to $7.50 and is all-in
sim5sim5: calls $1.50
*** FLOP *** [9s Jh 6h]
*** TURN *** [9s Jh 6h] [3h]
*** RIVER *** [9s Jh 6h 3h] [Ad]
*** SHOW DOWN ***
parnishka11: shows [Kh Th] (a flush, King high)
sim5sim5: shows [Tc 9c] (a pair of Nines)
parnishka11 collected $14.70 from pot
*** SUMMARY ***
Total pot $15 | Rake $0.30
Board [9s Jh 6h 3h Ad]
Seat 2: parnishka11 (big blind) showed [Kh Th] and won ($14.70) with a flush, King high
Seat 3: sim5sim5 (button) (small blind) showed [Tc 9c] and lost with a pair of Nines


PokerStars Hand #165605405692:  Hold'em Limit ($3/$6 USD) - 2017/02/03 7:25:05 ET
Table 'Signe II' 6-max Seat #2 is the button
Seat 2: parnishka11 ($6.21 in chips)
Seat 3: sim5sim5 ($132.26 in chips)
parnishka11: posts small blind $1
sim5sim5: posts big blind $3
*** HOLE CARDS ***
parnishka11: raises $3 to $6
sim5sim5: raises $3 to $9
parnishka11: calls $0.21 and is all-in
Uncalled bet ($2.79) returned to sim5sim5
*** FLOP *** [Kc 4s 3s]
*** TURN *** [Kc 4s 3s] [5c]
*** RIVER *** [Kc 4s 3s 5c] [Kd]
*** SHOW DOWN ***
sim5sim5: shows [5h Jd] (two pair, Kings and Fives)
parnishka11: shows [9s 6h] (a pair of Kings)
sim5sim5 collected $12.17 from pot
*** SUMMARY ***
Total pot $12.42 | Rake $0.25
Board [Kc 4s 3s 5c Kd]
Seat 2: parnishka11 (button) (small blind) showed [9s 6h] and lost with a pair of Kings
Seat 3: sim5sim5 (big blind) showed [5h Jd] and won ($12.17) with two pair, Kings and Fives


