PokerStars Hand #173889722803:  Hold'em Limit ($3/$6 USD) - 2017/08/03 19:23:25 ET
Table 'Sigune' 6-max Seat #1 is the button
Seat 1: uglyghost101 ($223 in chips)
Seat 2: thekiing80 ($116 in chips)
uglyghost101: posts small blind $1
thekiing80: posts big blind $3
*** HOLE CARDS ***
uglyghost101: folds
Uncalled bet ($2) returned to thekiing80
thekiing80 collected $2 from pot
*** SUMMARY ***
Total pot $2 | Rake $0
Seat 1: uglyghost101 (button) (small blind) folded before Flop
Seat 2: thekiing80 (big blind) collected ($2)


PokerStars Hand #173889719599:  Hold'em Limit ($3/$6 USD) - 2017/08/03 19:23:19 ET
Table 'Sigune' 6-max Seat #2 is the button
Seat 1: uglyghost101 ($222 in chips)
Seat 2: thekiing80 ($117 in chips)
thekiing80: posts small blind $1
GoliafUa: is sitting out
uglyghost101: posts big blind $3
*** HOLE CARDS ***
thekiing80: folds
Uncalled bet ($2) returned to uglyghost101
uglyghost101 collected $2 from pot
uglyghost101: doesn't show hand
*** SUMMARY ***
Total pot $2 | Rake $0
Seat 1: uglyghost101 (big blind) collected ($2)
Seat 2: thekiing80 (button) (small blind) folded before Flop


PokerStars Hand #173889750666:  Hold'em Limit ($3/$6 USD) - 2017/08/03 19:24:16 ET
Table 'Sigune' 6-max Seat #2 is the button
Seat 1: uglyghost101 ($236.52 in chips)
Seat 2: thekiing80 ($102 in chips)
thekiing80: posts small blind $1
uglyghost101: posts big blind $3
*** HOLE CARDS ***
thekiing80: raises $3 to $6
uglyghost101: folds
Uncalled bet ($3) returned to thekiing80
thekiing80 collected $6 from pot
*** SUMMARY ***
Total pot $6 | Rake $0
Seat 1: uglyghost101 (big blind) folded before Flop
Seat 2: thekiing80 (button) (small blind) collected ($6)


PokerStars Hand #173889746730:  Hold'em Limit ($3/$6 USD) - 2017/08/03 19:24:09 ET
Table 'Sigune' 6-max Seat #1 is the button
Seat 1: uglyghost101 ($233.52 in chips)
Seat 2: thekiing80 ($105 in chips)
uglyghost101: posts small blind $1
thekiing80: posts big blind $3
*** HOLE CARDS ***
uglyghost101: raises $3 to $6
thekiing80: folds
Uncalled bet ($3) returned to uglyghost101
uglyghost101 collected $6 from pot
uglyghost101: doesn't show hand
*** SUMMARY ***
Total pot $6 | Rake $0
Seat 1: uglyghost101 (button) (small blind) collected ($6)
Seat 2: thekiing80 (big blind) folded before Flop


PokerStars Hand #173889743371:  Hold'em Limit ($3/$6 USD) - 2017/08/03 19:24:03 ET
Table 'Sigune' 6-max Seat #2 is the button
Seat 1: uglyghost101 ($232.52 in chips)
Seat 2: thekiing80 ($106 in chips)
thekiing80: posts small blind $1
uglyghost101: posts big blind $3
*** HOLE CARDS ***
thekiing80: folds
Uncalled bet ($2) returned to uglyghost101
igorkabmw leaves the table
uglyghost101 collected $2 from pot
uglyghost101: doesn't show hand
*** SUMMARY ***
Total pot $2 | Rake $0
Seat 1: uglyghost101 (big blind) collected ($2)
Seat 2: thekiing80 (button) (small blind) folded before Flop


PokerStars Hand #173889739789:  Hold'em Limit ($3/$6 USD) - 2017/08/03 19:23:56 ET
Table 'Sigune' 6-max Seat #1 is the button
Seat 1: uglyghost101 ($233.52 in chips)
Seat 2: thekiing80 ($105 in chips)
uglyghost101: posts small blind $1
thekiing80: posts big blind $3
*** HOLE CARDS ***
uglyghost101: folds
Uncalled bet ($2) returned to thekiing80
thekiing80 collected $2 from pot
*** SUMMARY ***
Total pot $2 | Rake $0
Seat 1: uglyghost101 (button) (small blind) folded before Flop
Seat 2: thekiing80 (big blind) collected ($2)


PokerStars Hand #173889726418:  Hold'em Limit ($3/$6 USD) - 2017/08/03 19:23:32 ET
Table 'Sigune' 6-max Seat #2 is the button
Seat 1: uglyghost101 ($222 in chips)
Seat 2: thekiing80 ($117 in chips)
thekiing80: posts small blind $1
uglyghost101: posts big blind $3
*** HOLE CARDS ***
thekiing80: raises $3 to $6
uglyghost101: raises $3 to $9
thekiing80: calls $3
*** FLOP *** [7s Js Qh]
uglyghost101: bets $3
thekiing80: calls $3
*** TURN *** [7s Js Qh] [3h]
uglyghost101: bets $6
thekiing80: folds
Uncalled bet ($6) returned to uglyghost101
uglyghost101 collected $23.52 from pot
uglyghost101: doesn't show hand
*** SUMMARY ***
Total pot $24 | Rake $0.48
Board [7s Js Qh 3h]
Seat 1: uglyghost101 (big blind) collected ($23.52)
Seat 2: thekiing80 (button) (small blind) folded on the Turn


PokerStars Hand #173889779463:  Hold'em Limit ($3/$6 USD) - 2017/08/03 19:25:10 ET
Table 'Sigune' 6-max Seat #2 is the button
Seat 1: uglyghost101 ($253.02 in chips)
Seat 2: thekiing80 ($85 in chips)
thekiing80: posts small blind $1
uglyghost101: posts big blind $3
*** HOLE CARDS ***
thekiing80: folds
Uncalled bet ($2) returned to uglyghost101
uglyghost101 collected $2 from pot
uglyghost101: doesn't show hand
*** SUMMARY ***
Total pot $2 | Rake $0
Seat 1: uglyghost101 (big blind) collected ($2)
Seat 2: thekiing80 (button) (small blind) folded before Flop


PokerStars Hand #173889775333:  Hold'em Limit ($3/$6 USD) - 2017/08/03 19:25:02 ET
Table 'Sigune' 6-max Seat #1 is the button
Seat 1: uglyghost101 ($254.02 in chips)
Seat 2: thekiing80 ($84 in chips)
uglyghost101: posts small blind $1
thekiing80: posts big blind $3
*** HOLE CARDS ***
uglyghost101: folds
Uncalled bet ($2) returned to thekiing80
thekiing80 collected $2 from pot
*** SUMMARY ***
Total pot $2 | Rake $0
Seat 1: uglyghost101 (button) (small blind) folded before Flop
Seat 2: thekiing80 (big blind) collected ($2)


PokerStars Hand #173889771419:  Hold'em Limit ($3/$6 USD) - 2017/08/03 19:24:55 ET
Table 'Sigune' 6-max Seat #2 is the button
Seat 1: uglyghost101 ($257.02 in chips)
Seat 2: thekiing80 ($81 in chips)
thekiing80: posts small blind $1
uglyghost101: posts big blind $3
*** HOLE CARDS ***
thekiing80: raises $3 to $6
uglyghost101: folds
Uncalled bet ($3) returned to thekiing80
thekiing80 collected $6 from pot
*** SUMMARY ***
Total pot $6 | Rake $0
Seat 1: uglyghost101 (big blind) folded before Flop
Seat 2: thekiing80 (button) (small blind) collected ($6)


PokerStars Hand #173889785391:  Hold'em Limit ($3/$6 USD) - 2017/08/03 19:25:21 ET
Table 'Sigune' 6-max Seat #2 is the button
Seat 1: uglyghost101 ($253.02 in chips)
Seat 2: thekiing80 ($85 in chips)
thekiing80: posts small blind $1
uglyghost101: posts big blind $3
*** HOLE CARDS ***
thekiing80: raises $3 to $6
uglyghost101: folds
Uncalled bet ($3) returned to thekiing80
thekiing80 collected $6 from pot
*** SUMMARY ***
Total pot $6 | Rake $0
Seat 1: uglyghost101 (big blind) folded before Flop
Seat 2: thekiing80 (button) (small blind) collected ($6)


PokerStars Hand #173889782227:  Hold'em Limit ($3/$6 USD) - 2017/08/03 19:25:15 ET
Table 'Sigune' 6-max Seat #1 is the button
Seat 1: uglyghost101 ($254.02 in chips)
Seat 2: thekiing80 ($84 in chips)
uglyghost101: posts small blind $1
thekiing80: posts big blind $3
*** HOLE CARDS ***
uglyghost101: folds
Uncalled bet ($2) returned to thekiing80
thekiing80 collected $2 from pot
*** SUMMARY ***
Total pot $2 | Rake $0
Seat 1: uglyghost101 (button) (small blind) folded before Flop
Seat 2: thekiing80 (big blind) collected ($2)


PokerStars Hand #173889754703:  Hold'em Limit ($3/$6 USD) - 2017/08/03 19:24:24 ET
Table 'Sigune' 6-max Seat #1 is the button
Seat 1: uglyghost101 ($233.52 in chips)
Seat 2: thekiing80 ($105 in chips)
uglyghost101: posts small blind $1
thekiing80: posts big blind $3
*** HOLE CARDS ***
uglyghost101: raises $3 to $6
thekiing80: raises $3 to $9
uglyghost101: calls $3
*** FLOP *** [4s 6s 7d]
thekiing80: bets $3
uglyghost101: calls $3
*** TURN *** [4s 6s 7d] [4c]
thekiing80: bets $6
uglyghost101: calls $6
*** RIVER *** [4s 6s 7d 4c] [5s]
thekiing80: checks
uglyghost101: bets $6
thekiing80: calls $6
*** SHOW DOWN ***
uglyghost101: shows [8s Jd] (a straight, Four to Eight)
thekiing80: mucks hand
uglyghost101 collected $47.50 from pot
*** SUMMARY ***
Total pot $48 | Rake $0.50
Board [4s 6s 7d 4c 5s]
Seat 1: uglyghost101 (button) (small blind) showed [8s Jd] and won ($47.50) with a straight, Four to Eight
Seat 2: thekiing80 (big blind) mucked


PokerStars Hand #173889805412:  Hold'em Limit ($3/$6 USD) - 2017/08/03 19:25:58 ET
Table 'Sigune' 6-max Seat #1 is the button
Seat 1: uglyghost101 ($238.02 in chips)
Seat 2: thekiing80 ($99.64 in chips)
uglyghost101: posts small blind $1
thekiing80: posts big blind $3
*** HOLE CARDS ***
uglyghost101: raises $3 to $6
thekiing80: folds
Uncalled bet ($3) returned to uglyghost101
uglyghost101 collected $6 from pot
uglyghost101: doesn't show hand
*** SUMMARY ***
Total pot $6 | Rake $0
Seat 1: uglyghost101 (button) (small blind) collected ($6)
Seat 2: thekiing80 (big blind) folded before Flop


PokerStars Hand #173889801784:  Hold'em Limit ($3/$6 USD) - 2017/08/03 19:25:51 ET
Table 'Sigune' 6-max Seat #2 is the button
Seat 1: uglyghost101 ($241.02 in chips)
Seat 2: thekiing80 ($96.64 in chips)
thekiing80: posts small blind $1
uglyghost101: posts big blind $3
*** HOLE CARDS ***
thekiing80: raises $3 to $6
uglyghost101: folds
Uncalled bet ($3) returned to thekiing80
thekiing80 collected $6 from pot
*** SUMMARY ***
Total pot $6 | Rake $0
Seat 1: uglyghost101 (big blind) folded before Flop
Seat 2: thekiing80 (button) (small blind) collected ($6)


PokerStars Hand #173889789150:  Hold'em Limit ($3/$6 USD) - 2017/08/03 19:25:28 ET
Table 'Sigune' 6-max Seat #1 is the button
Seat 1: uglyghost101 ($250.02 in chips)
Seat 2: thekiing80 ($88 in chips)
uglyghost101: posts small blind $1
thekiing80: posts big blind $3
*** HOLE CARDS ***
uglyghost101: raises $3 to $6
thekiing80: calls $3
*** FLOP *** [3s 2d Ad]
thekiing80: checks
uglyghost101: bets $3
thekiing80: calls $3
*** TURN *** [3s 2d Ad] [4s]
thekiing80: checks
uglyghost101: checks
*** RIVER *** [3s 2d Ad 4s] [Ks]
thekiing80: bets $6
uglyghost101: folds
Uncalled bet ($6) returned to thekiing80
thekiing80 collected $17.64 from pot
*** SUMMARY ***
Total pot $18 | Rake $0.36
Board [3s 2d Ad 4s Ks]
Seat 1: uglyghost101 (button) (small blind) folded on the River
Seat 2: thekiing80 (big blind) collected ($17.64)


PokerStars Hand #173889808835:  Hold'em Limit ($3/$6 USD) - 2017/08/03 19:26:05 ET
Table 'Sigune' 6-max Seat #2 is the button
Seat 1: uglyghost101 ($241.02 in chips)
Seat 2: thekiing80 ($96.64 in chips)
thekiing80: posts small blind $1
uglyghost101: posts big blind $3
*** HOLE CARDS ***
thekiing80: raises $3 to $6
uglyghost101: raises $3 to $9
thekiing80: calls $3
*** FLOP *** [2s 3d 5s]
uglyghost101: bets $3
thekiing80: calls $3
*** TURN *** [2s 3d 5s] [4s]
uglyghost101: bets $6
thekiing80: calls $6
*** RIVER *** [2s 3d 5s 4s] [9c]
uglyghost101: checks
thekiing80: bets $6
uglyghost101: folds
Uncalled bet ($6) returned to thekiing80
thekiing80 collected $35.50 from pot
*** SUMMARY ***
Total pot $36 | Rake $0.50
Board [2s 3d 5s 4s 9c]
Seat 1: uglyghost101 (big blind) folded on the River
Seat 2: thekiing80 (button) (small blind) collected ($35.50)


PokerStars Hand #173889835423:  Hold'em Limit ($3/$6 USD) - 2017/08/03 19:26:54 ET
Table 'Sigune' 6-max Seat #2 is the button
Seat 1: uglyghost101 ($205.02 in chips)
Seat 2: thekiing80 ($131.64 in chips)
thekiing80: posts small blind $1
uglyghost101: posts big blind $3
*** HOLE CARDS ***
thekiing80: raises $3 to $6
uglyghost101: calls $3
*** FLOP *** [Ac 9s 5d]
uglyghost101: bets $3
thekiing80: calls $3
*** TURN *** [Ac 9s 5d] [Qd]
uglyghost101: checks
thekiing80: checks
*** RIVER *** [Ac 9s 5d Qd] [7h]
uglyghost101: checks
thekiing80: checks
*** SHOW DOWN ***
uglyghost101: shows [5s 6s] (a pair of Fives)
thekiing80: shows [7d 8d] (a pair of Sevens)
thekiing80 collected $17.64 from pot
*** SUMMARY ***
Total pot $18 | Rake $0.36
Board [Ac 9s 5d Qd 7h]
Seat 1: uglyghost101 (big blind) showed [5s 6s] and lost with a pair of Fives
Seat 2: thekiing80 (button) (small blind) showed [7d 8d] and won ($17.64) with a pair of Sevens


PokerStars Hand #173889821897:  Hold'em Limit ($3/$6 USD) - 2017/08/03 19:26:29 ET
Table 'Sigune' 6-max Seat #1 is the button
Seat 1: uglyghost101 ($223.02 in chips)
Seat 2: thekiing80 ($114.14 in chips)
uglyghost101: posts small blind $1
thekiing80: posts big blind $3
*** HOLE CARDS ***
uglyghost101: raises $3 to $6
thekiing80: raises $3 to $9
uglyghost101: calls $3
*** FLOP *** [Ts 5s 8d]
thekiing80: bets $3
uglyghost101: calls $3
*** TURN *** [Ts 5s 8d] [Jh]
thekiing80: bets $6
uglyghost101: calls $6
*** RIVER *** [Ts 5s 8d Jh] [Qh]
thekiing80: checks
uglyghost101: checks
*** SHOW DOWN ***
thekiing80: shows [Jc Ad] (a pair of Jacks)
uglyghost101: mucks hand
thekiing80 collected $35.50 from pot
*** SUMMARY ***
Total pot $36 | Rake $0.50
Board [Ts 5s 8d Jh Qh]
Seat 1: uglyghost101 (button) (small blind) mucked
Seat 2: thekiing80 (big blind) showed [Jc Ad] and won ($35.50) with a pair of Jacks


PokerStars Hand #173889870162:  Hold'em Limit ($3/$6 USD) - 2017/08/03 19:28:00 ET
Table 'Sigune' 6-max Seat #1 is the button
Seat 1: uglyghost101 ($187.02 in chips)
Seat 2: thekiing80 ($149.04 in chips)
uglyghost101: posts small blind $1
thekiing80: posts big blind $3
*** HOLE CARDS ***
uglyghost101: raises $3 to $6
thekiing80: folds
Uncalled bet ($3) returned to uglyghost101
uglyghost101 collected $6 from pot
uglyghost101: doesn't show hand
*** SUMMARY ***
Total pot $6 | Rake $0
Seat 1: uglyghost101 (button) (small blind) collected ($6)
Seat 2: thekiing80 (big blind) folded before Flop


PokerStars Hand #173889865955:  Hold'em Limit ($3/$6 USD) - 2017/08/03 19:27:52 ET
Table 'Sigune' 6-max Seat #2 is the button
Seat 1: uglyghost101 ($190.02 in chips)
Seat 2: thekiing80 ($146.04 in chips)
thekiing80: posts small blind $1
uglyghost101: posts big blind $3
*** HOLE CARDS ***
thekiing80: raises $3 to $6
uglyghost101: folds
Uncalled bet ($3) returned to thekiing80
thekiing80 collected $6 from pot
*** SUMMARY ***
Total pot $6 | Rake $0
Seat 1: uglyghost101 (big blind) folded before Flop
Seat 2: thekiing80 (button) (small blind) collected ($6)


PokerStars Hand #173889862467:  Hold'em Limit ($3/$6 USD) - 2017/08/03 19:27:45 ET
Table 'Sigune' 6-max Seat #1 is the button
Seat 1: uglyghost101 ($191.02 in chips)
Seat 2: thekiing80 ($145.04 in chips)
uglyghost101: posts small blind $1
thekiing80: posts big blind $3
*** HOLE CARDS ***
uglyghost101: folds
Uncalled bet ($2) returned to thekiing80
thekiing80 collected $2 from pot
*** SUMMARY ***
Total pot $2 | Rake $0
Seat 1: uglyghost101 (button) (small blind) folded before Flop
Seat 2: thekiing80 (big blind) collected ($2)


PokerStars Hand #173889873686:  Hold'em Limit ($3/$6 USD) - 2017/08/03 19:28:06 ET
Table 'Sigune' 6-max Seat #2 is the button
Seat 1: uglyghost101 ($190.02 in chips)
Seat 2: thekiing80 ($146.04 in chips)
thekiing80: posts small blind $1
uglyghost101: posts big blind $3
*** HOLE CARDS ***
thekiing80: raises $3 to $6
uglyghost101: folds
Uncalled bet ($3) returned to thekiing80
thekiing80 collected $6 from pot
*** SUMMARY ***
Total pot $6 | Rake $0
Seat 1: uglyghost101 (big blind) folded before Flop
Seat 2: thekiing80 (button) (small blind) collected ($6)


PokerStars Hand #173889859705:  Hold'em Limit ($3/$6 USD) - 2017/08/03 19:27:40 ET
Table 'Sigune' 6-max Seat #2 is the button
Seat 1: uglyghost101 ($190.02 in chips)
Seat 2: thekiing80 ($146.04 in chips)
thekiing80: posts small blind $1
uglyghost101: posts big blind $3
*** HOLE CARDS ***
thekiing80: folds
Uncalled bet ($2) returned to uglyghost101
uglyghost101 collected $2 from pot
uglyghost101: doesn't show hand
*** SUMMARY ***
Total pot $2 | Rake $0
Seat 1: uglyghost101 (big blind) collected ($2)
Seat 2: thekiing80 (button) (small blind) folded before Flop


PokerStars Hand #173889850046:  Hold'em Limit ($3/$6 USD) - 2017/08/03 19:27:22 ET
Table 'Sigune' 6-max Seat #1 is the button
Seat 1: uglyghost101 ($196.02 in chips)
Seat 2: thekiing80 ($140.28 in chips)
uglyghost101: posts small blind $1
thekiing80: posts big blind $3
*** HOLE CARDS ***
uglyghost101: raises $3 to $6
thekiing80: calls $3
*** FLOP *** [9c 7c 6d]
thekiing80: checks
uglyghost101: checks
*** TURN *** [9c 7c 6d] [4c]
thekiing80: bets $6
GoliafUa leaves the table
uglyghost101: folds
Uncalled bet ($6) returned to thekiing80
thekiing80 collected $11.76 from pot
*** SUMMARY ***
Total pot $12 | Rake $0.24
Board [9c 7c 6d 4c]
Seat 1: uglyghost101 (button) (small blind) folded on the Turn
Seat 2: thekiing80 (big blind) collected ($11.76)


PokerStars Hand #173889896056:  Hold'em Limit ($3/$6 USD) - 2017/08/03 19:28:48 ET
Table 'Sigune' 6-max Seat #1 is the button
Seat 1: uglyghost101 ($173.02 in chips)
Seat 2: thekiing80 ($162.54 in chips)
uglyghost101: posts small blind $1
thekiing80: posts big blind $3
*** HOLE CARDS ***
uglyghost101: raises $3 to $6
thekiing80: folds
Uncalled bet ($3) returned to uglyghost101
uglyghost101 collected $6 from pot
uglyghost101: doesn't show hand
*** SUMMARY ***
Total pot $6 | Rake $0
Seat 1: uglyghost101 (button) (small blind) collected ($6)
Seat 2: thekiing80 (big blind) folded before Flop


PokerStars Hand #173889893382:  Hold'em Limit ($3/$6 USD) - 2017/08/03 19:28:43 ET
Table 'Sigune' 6-max Seat #2 is the button
Seat 1: uglyghost101 ($172.02 in chips)
Seat 2: thekiing80 ($163.54 in chips)
thekiing80: posts small blind $1
uglyghost101: posts big blind $3
*** HOLE CARDS ***
thekiing80: folds
Uncalled bet ($2) returned to uglyghost101
uglyghost101 collected $2 from pot
uglyghost101: doesn't show hand
*** SUMMARY ***
Total pot $2 | Rake $0
Seat 1: uglyghost101 (big blind) collected ($2)
Seat 2: thekiing80 (button) (small blind) folded before Flop


PokerStars Hand #173889877631:  Hold'em Limit ($3/$6 USD) - 2017/08/03 19:28:14 ET
Table 'Sigune' 6-max Seat #1 is the button
Seat 1: uglyghost101 ($187.02 in chips)
Seat 2: thekiing80 ($149.04 in chips)
uglyghost101: posts small blind $1
thekiing80: posts big blind $3
*** HOLE CARDS ***
uglyghost101: raises $3 to $6
thekiing80: calls $3
*** FLOP *** [6h 8s 7c]
thekiing80: checks
uglyghost101: bets $3
thekiing80: calls $3
*** TURN *** [6h 8s 7c] [4c]
thekiing80: checks
uglyghost101: checks
*** RIVER *** [6h 8s 7c 4c] [As]
thekiing80: checks
uglyghost101: bets $6
thekiing80: calls $6
*** SHOW DOWN ***
uglyghost101: shows [Jh 3d] (high card Ace)
thekiing80: shows [2c 2s] (a pair of Deuces)
thekiing80 collected $29.50 from pot
*** SUMMARY ***
Total pot $30 | Rake $0.50
Board [6h 8s 7c 4c As]
Seat 1: uglyghost101 (button) (small blind) showed [Jh 3d] and lost with high card Ace
Seat 2: thekiing80 (big blind) showed [2c 2s] and won ($29.50) with a pair of Deuces


PokerStars Hand #173889918603:  Hold'em Limit ($3/$6 USD) - 2017/08/03 19:29:31 ET
Table 'Sigune' 6-max Seat #1 is the button
Seat 1: uglyghost101 ($152.02 in chips)
Seat 2: thekiing80 ($183.04 in chips)
uglyghost101: posts small blind $1
thekiing80: posts big blind $3
*** HOLE CARDS ***
uglyghost101: folds
Uncalled bet ($2) returned to thekiing80
thekiing80 collected $2 from pot
*** SUMMARY ***
Total pot $2 | Rake $0
Seat 1: uglyghost101 (button) (small blind) folded before Flop
Seat 2: thekiing80 (big blind) collected ($2)


PokerStars Hand #173889900282:  Hold'em Limit ($3/$6 USD) - 2017/08/03 19:28:56 ET
Table 'Sigune' 6-max Seat #2 is the button
Seat 1: uglyghost101 ($176.02 in chips)
Seat 2: thekiing80 ($159.54 in chips)
thekiing80: posts small blind $1
uglyghost101: posts big blind $3
*** HOLE CARDS ***
thekiing80: raises $3 to $6
uglyghost101: calls $3
*** FLOP *** [8s Kc 2s]
uglyghost101: checks
thekiing80: bets $3
uglyghost101: raises $3 to $6
thekiing80: calls $3
*** TURN *** [8s Kc 2s] [4c]
uglyghost101: bets $6
thekiing80: calls $6
*** RIVER *** [8s Kc 2s 4c] [2c]
uglyghost101: bets $6
thekiing80: calls $6
*** SHOW DOWN ***
uglyghost101: shows [4s 7s] (two pair, Fours and Deuces)
thekiing80: shows [Ts Tc] (two pair, Tens and Deuces)
thekiing80 collected $47.50 from pot
*** SUMMARY ***
Total pot $48 | Rake $0.50
Board [8s Kc 2s 4c 2c]
Seat 1: uglyghost101 (big blind) showed [4s 7s] and lost with two pair, Fours and Deuces
Seat 2: thekiing80 (button) (small blind) showed [Ts Tc] and won ($47.50) with two pair, Tens and Deuces


PokerStars Hand #173889939148:  Hold'em Limit ($3/$6 USD) - 2017/08/03 19:30:09 ET
Table 'Sigune' 6-max Seat #1 is the button
Seat 1: uglyghost101 ($154.78 in chips)
Seat 2: thekiing80 ($180.04 in chips)
uglyghost101: posts small blind $1
thekiing80: posts big blind $3
*** HOLE CARDS ***
uglyghost101: raises $3 to $6
thekiing80: folds
Uncalled bet ($3) returned to uglyghost101
uglyghost101 collected $6 from pot
uglyghost101: doesn't show hand
*** SUMMARY ***
Total pot $6 | Rake $0
Seat 1: uglyghost101 (button) (small blind) collected ($6)
Seat 2: thekiing80 (big blind) folded before Flop


PokerStars Hand #173889936529:  Hold'em Limit ($3/$6 USD) - 2017/08/03 19:30:04 ET
Table 'Sigune' 6-max Seat #2 is the button
Seat 1: uglyghost101 ($153.78 in chips)
Seat 2: thekiing80 ($181.04 in chips)
thekiing80: posts small blind $1
uglyghost101: posts big blind $3
*** HOLE CARDS ***
thekiing80: folds
Uncalled bet ($2) returned to uglyghost101
uglyghost101 collected $2 from pot
uglyghost101: doesn't show hand
*** SUMMARY ***
Total pot $2 | Rake $0
Seat 1: uglyghost101 (big blind) collected ($2)
Seat 2: thekiing80 (button) (small blind) folded before Flop


PokerStars Hand #173889943269:  Hold'em Limit ($3/$6 USD) - 2017/08/03 19:30:17 ET
Table 'Sigune' 6-max Seat #2 is the button
Seat 1: uglyghost101 ($157.78 in chips)
Seat 2: thekiing80 ($177.04 in chips)
thekiing80: posts small blind $1
uglyghost101: posts big blind $3
*** HOLE CARDS ***
thekiing80: folds
Uncalled bet ($2) returned to uglyghost101
uglyghost101 collected $2 from pot
uglyghost101: doesn't show hand
*** SUMMARY ***
Total pot $2 | Rake $0
Seat 1: uglyghost101 (big blind) collected ($2)
Seat 2: thekiing80 (button) (small blind) folded before Flop


PokerStars Hand #173889922101:  Hold'em Limit ($3/$6 USD) - 2017/08/03 19:29:37 ET
Table 'Sigune' 6-max Seat #2 is the button
Seat 1: uglyghost101 ($151.02 in chips)
Seat 2: thekiing80 ($184.04 in chips)
thekiing80: posts small blind $1
uglyghost101: posts big blind $3
*** HOLE CARDS ***
thekiing80: raises $3 to $6
uglyghost101: folds
Uncalled bet ($3) returned to thekiing80
thekiing80 collected $6 from pot
*** SUMMARY ***
Total pot $6 | Rake $0
Seat 1: uglyghost101 (big blind) folded before Flop
Seat 2: thekiing80 (button) (small blind) collected ($6)


PokerStars Hand #173889925507:  Hold'em Limit ($3/$6 USD) - 2017/08/03 19:29:44 ET
Table 'Sigune' 6-max Seat #1 is the button
Seat 1: uglyghost101 ($148.02 in chips)
Seat 2: thekiing80 ($187.04 in chips)
uglyghost101: posts small blind $1
thekiing80: posts big blind $3
*** HOLE CARDS ***
uglyghost101: raises $3 to $6
thekiing80: calls $3
*** FLOP *** [Kc Jh 9c]
thekiing80: checks
uglyghost101: bets $3
thekiing80: folds
Uncalled bet ($3) returned to uglyghost101
uglyghost101 collected $11.76 from pot
uglyghost101: doesn't show hand
*** SUMMARY ***
Total pot $12 | Rake $0.24
Board [Kc Jh 9c]
Seat 1: uglyghost101 (button) (small blind) collected ($11.76)
Seat 2: thekiing80 (big blind) folded on the Flop


PokerStars Hand #173889975516:  Hold'em Limit ($3/$6 USD) - 2017/08/03 19:31:18 ET
Table 'Sigune' 6-max Seat #2 is the button
Seat 1: uglyghost101 ($140.60 in chips)
Seat 2: thekiing80 ($193.36 in chips)
thekiing80: posts small blind $1
uglyghost101: posts big blind $3
*** HOLE CARDS ***
thekiing80: folds
Uncalled bet ($2) returned to uglyghost101
uglyghost101 collected $2 from pot
uglyghost101: doesn't show hand
*** SUMMARY ***
Total pot $2 | Rake $0
Seat 1: uglyghost101 (big blind) collected ($2)
Seat 2: thekiing80 (button) (small blind) folded before Flop


PokerStars Hand #173889962144:  Hold'em Limit ($3/$6 USD) - 2017/08/03 19:30:53 ET
Table 'Sigune' 6-max Seat #1 is the button
Seat 1: uglyghost101 ($155.60 in chips)
Seat 2: thekiing80 ($178.86 in chips)
uglyghost101: posts small blind $1
thekiing80: posts big blind $3
*** HOLE CARDS ***
uglyghost101: raises $3 to $6
thekiing80: calls $3
*** FLOP *** [2s 3c 6s]
thekiing80: checks
uglyghost101: bets $3
thekiing80: calls $3
*** TURN *** [2s 3c 6s] [Jc]
thekiing80: checks
uglyghost101: checks
*** RIVER *** [2s 3c 6s Jc] [5c]
thekiing80: checks
uglyghost101: bets $6
thekiing80: calls $6
*** SHOW DOWN ***
uglyghost101: shows [9h 7s] (high card Jack)
thekiing80: shows [9c Ks] (high card King)
thekiing80 collected $29.50 from pot
*** SUMMARY ***
Total pot $30 | Rake $0.50
Board [2s 3c 6s Jc 5c]
Seat 1: uglyghost101 (button) (small blind) showed [9h 7s] and lost with high card Jack
Seat 2: thekiing80 (big blind) showed [9c Ks] and won ($29.50) with high card King


PokerStars Hand #173889958485:  Hold'em Limit ($3/$6 USD) - 2017/08/03 19:30:46 ET
Table 'Sigune' 6-max Seat #2 is the button
Seat 1: uglyghost101 ($158.60 in chips)
Seat 2: thekiing80 ($175.86 in chips)
thekiing80: posts small blind $1
uglyghost101: posts big blind $3
*** HOLE CARDS ***
thekiing80: raises $3 to $6
uglyghost101: folds
Uncalled bet ($3) returned to thekiing80
thekiing80 collected $6 from pot
*** SUMMARY ***
Total pot $6 | Rake $0
Seat 1: uglyghost101 (big blind) folded before Flop
Seat 2: thekiing80 (button) (small blind) collected ($6)


PokerStars Hand #173889946054:  Hold'em Limit ($3/$6 USD) - 2017/08/03 19:30:22 ET
Table 'Sigune' 6-max Seat #1 is the button
Seat 1: uglyghost101 ($158.78 in chips)
Seat 2: thekiing80 ($176.04 in chips)
uglyghost101: posts small blind $1
thekiing80: posts big blind $3
*** HOLE CARDS ***
uglyghost101: raises $3 to $6
thekiing80: calls $3
*** FLOP *** [5d 5c 7h]
thekiing80: checks
uglyghost101: bets $3
thekiing80: calls $3
*** TURN *** [5d 5c 7h] [7s]
thekiing80: checks
uglyghost101: checks
*** RIVER *** [5d 5c 7h 7s] [As]
thekiing80: checks
uglyghost101: checks
*** SHOW DOWN ***
thekiing80: shows [Qd 3h] (two pair, Sevens and Fives)
uglyghost101: shows [8s 9s] (two pair, Sevens and Fives)
thekiing80 collected $8.82 from pot
uglyghost101 collected $8.82 from pot
*** SUMMARY ***
Total pot $18 | Rake $0.36
Board [5d 5c 7h 7s As]
Seat 1: uglyghost101 (button) (small blind) showed [8s 9s] and won ($8.82) with two pair, Sevens and Fives
Seat 2: thekiing80 (big blind) showed [Qd 3h] and won ($8.82) with two pair, Sevens and Fives


PokerStars Hand #173889993439:  Hold'em Limit ($3/$6 USD) - 2017/08/03 19:31:51 ET
Table 'Sigune' 6-max Seat #2 is the button
Seat 1: uglyghost101 ($123.60 in chips)
Seat 2: thekiing80 ($209.86 in chips)
thekiing80: posts small blind $1
uglyghost101: posts big blind $3
*** HOLE CARDS ***
thekiing80: raises $3 to $6
uglyghost101: folds
Uncalled bet ($3) returned to thekiing80
thekiing80 collected $6 from pot
*** SUMMARY ***
Total pot $6 | Rake $0
Seat 1: uglyghost101 (big blind) folded before Flop
Seat 2: thekiing80 (button) (small blind) collected ($6)


PokerStars Hand #173889978250:  Hold'em Limit ($3/$6 USD) - 2017/08/03 19:31:24 ET
Table 'Sigune' 6-max Seat #1 is the button
Seat 1: uglyghost101 ($141.60 in chips)
Seat 2: thekiing80 ($192.36 in chips)
uglyghost101: posts small blind $1
thekiing80: posts big blind $3
*** HOLE CARDS ***
uglyghost101: raises $3 to $6
thekiing80: raises $3 to $9
uglyghost101: calls $3
*** FLOP *** [8s 9c Ac]
thekiing80: bets $3
uglyghost101: calls $3
*** TURN *** [8s 9c Ac] [Td]
thekiing80: bets $6
uglyghost101: calls $6
*** RIVER *** [8s 9c Ac Td] [5s]
thekiing80: bets $6
uglyghost101: folds
Uncalled bet ($6) returned to thekiing80
thekiing80 collected $35.50 from pot
*** SUMMARY ***
Total pot $36 | Rake $0.50
Board [8s 9c Ac Td 5s]
Seat 1: uglyghost101 (button) (small blind) folded on the River
Seat 2: thekiing80 (big blind) collected ($35.50)


PokerStars Hand #173890000878:  Hold'em Limit ($3/$6 USD) - 2017/08/03 19:32:05 ET
Table 'Sigune' 6-max Seat #2 is the button
Seat 1: uglyghost101 ($123.60 in chips)
Seat 2: thekiing80 ($209.86 in chips)
thekiing80: posts small blind $1
uglyghost101: posts big blind $3
*** HOLE CARDS ***
thekiing80: raises $3 to $6
uglyghost101: calls $3
*** FLOP *** [8s 2s 4c]
uglyghost101: bets $3
thekiing80: calls $3
*** TURN *** [8s 2s 4c] [Kd]
uglyghost101: checks
thekiing80: checks
*** RIVER *** [8s 2s 4c Kd] [Qd]
uglyghost101: bets $6
thekiing80: folds
Uncalled bet ($6) returned to uglyghost101
uglyghost101 collected $17.64 from pot
uglyghost101: doesn't show hand
*** SUMMARY ***
Total pot $18 | Rake $0.36
Board [8s 2s 4c Kd Qd]
Seat 1: uglyghost101 (big blind) collected ($17.64)
Seat 2: thekiing80 (button) (small blind) folded on the River


PokerStars Hand #173889997250:  Hold'em Limit ($3/$6 USD) - 2017/08/03 19:31:58 ET
Table 'Sigune' 6-max Seat #1 is the button
Seat 1: uglyghost101 ($120.60 in chips)
Seat 2: thekiing80 ($212.86 in chips)
uglyghost101: posts small blind $1
thekiing80: posts big blind $3
*** HOLE CARDS ***
uglyghost101: raises $3 to $6
thekiing80: folds
Uncalled bet ($3) returned to uglyghost101
uglyghost101 collected $6 from pot
uglyghost101: doesn't show hand
*** SUMMARY ***
Total pot $6 | Rake $0
Seat 1: uglyghost101 (button) (small blind) collected ($6)
Seat 2: thekiing80 (big blind) folded before Flop


PokerStars Hand #173890014901:  Hold'em Limit ($3/$6 USD) - 2017/08/03 19:32:32 ET
Table 'Sigune' 6-max Seat #1 is the button
Seat 1: uglyghost101 ($132.24 in chips)
Seat 2: thekiing80 ($200.86 in chips)
uglyghost101: posts small blind $1
thekiing80: posts big blind $3
*** HOLE CARDS ***
uglyghost101: raises $3 to $6
thekiing80: raises $3 to $9
uglyghost101: calls $3
*** FLOP *** [Qc 7d Th]
thekiing80: bets $3
uglyghost101: calls $3
*** TURN *** [Qc 7d Th] [3h]
thekiing80: bets $6
uglyghost101: calls $6
*** RIVER *** [Qc 7d Th 3h] [Kd]
thekiing80: bets $6
uglyghost101: calls $6
*** SHOW DOWN ***
thekiing80: shows [Qh Qd] (three of a kind, Queens)
uglyghost101: mucks hand
thekiing80 collected $47.50 from pot
*** SUMMARY ***
Total pot $48 | Rake $0.50
Board [Qc 7d Th 3h Kd]
Seat 1: uglyghost101 (button) (small blind) mucked
Seat 2: thekiing80 (big blind) showed [Qh Qd] and won ($47.50) with three of a kind, Queens


PokerStars Hand #173890036275:  Hold'em Limit ($3/$6 USD) - 2017/08/03 19:33:13 ET
Table 'Sigune' 6-max Seat #2 is the button
Seat 1: uglyghost101 ($108.24 in chips)
Seat 2: thekiing80 ($224.36 in chips)
thekiing80: posts small blind $1
uglyghost101: posts big blind $3
*** HOLE CARDS ***
thekiing80: raises $3 to $6
uglyghost101: folds
Uncalled bet ($3) returned to thekiing80
thekiing80 collected $6 from pot
*** SUMMARY ***
Total pot $6 | Rake $0
Seat 1: uglyghost101 (big blind) folded before Flop
Seat 2: thekiing80 (button) (small blind) collected ($6)


PokerStars Hand #173890028608:  Hold'em Limit ($3/$6 USD) - 2017/08/03 19:32:58 ET
Table 'Sigune' 6-max Seat #2 is the button
Seat 1: uglyghost101 ($108.24 in chips)
Seat 2: thekiing80 ($224.36 in chips)
thekiing80: posts small blind $1
uglyghost101: posts big blind $3
*** HOLE CARDS ***
thekiing80: raises $3 to $6
uglyghost101: folds
Uncalled bet ($3) returned to thekiing80
thekiing80 collected $6 from pot
*** SUMMARY ***
Total pot $6 | Rake $0
Seat 1: uglyghost101 (big blind) folded before Flop
Seat 2: thekiing80 (button) (small blind) collected ($6)


PokerStars Hand #173890077181:  Hold'em Limit ($3/$6 USD) - 2017/08/03 19:34:31 ET
Table 'Sigune' 6-max Seat #1 is the button
Seat 1: uglyghost101 ($87.88 in chips)
Seat 2: thekiing80 ($243.62 in chips)
uglyghost101: posts small blind $1
thekiing80: posts big blind $3
*** HOLE CARDS ***
uglyghost101: raises $3 to $6
thekiing80: folds
Uncalled bet ($3) returned to uglyghost101
uglyghost101 collected $6 from pot
uglyghost101: doesn't show hand
*** SUMMARY ***
Total pot $6 | Rake $0
Seat 1: uglyghost101 (button) (small blind) collected ($6)
Seat 2: thekiing80 (big blind) folded before Flop


PokerStars Hand #173890070062:  Hold'em Limit ($3/$6 USD) - 2017/08/03 19:34:17 ET
Table 'Sigune' 6-max Seat #2 is the button
Seat 1: uglyghost101 ($93.88 in chips)
Seat 2: thekiing80 ($237.86 in chips)
thekiing80: posts small blind $1
uglyghost101: posts big blind $3
*** HOLE CARDS ***
thekiing80: raises $3 to $6
uglyghost101: calls $3
*** FLOP *** [8h Kd 4h]
uglyghost101: checks
thekiing80: bets $3
uglyghost101: folds
Uncalled bet ($3) returned to thekiing80
thekiing80 collected $11.76 from pot
*** SUMMARY ***
Total pot $12 | Rake $0.24
Board [8h Kd 4h]
Seat 1: uglyghost101 (big blind) folded on the Flop
Seat 2: thekiing80 (button) (small blind) collected ($11.76)


PokerStars Hand #173890054533:  Hold'em Limit ($3/$6 USD) - 2017/08/03 19:33:48 ET
Table 'Sigune' 6-max Seat #1 is the button
Seat 1: uglyghost101 ($114.88 in chips)
Seat 2: thekiing80 ($217.36 in chips)
uglyghost101: posts small blind $1
thekiing80: posts big blind $3
*** HOLE CARDS ***
uglyghost101: raises $3 to $6
thekiing80: raises $3 to $9
uglyghost101: calls $3
*** FLOP *** [8s 2h 9d]
thekiing80: bets $3
uglyghost101: raises $3 to $6
thekiing80: calls $3
*** TURN *** [8s 2h 9d] [5h]
thekiing80: checks
uglyghost101: bets $6
thekiing80: raises $6 to $12
uglyghost101: folds
Uncalled bet ($6) returned to thekiing80
thekiing80 collected $41.50 from pot
*** SUMMARY ***
Total pot $42 | Rake $0.50
Board [8s 2h 9d 5h]
Seat 1: uglyghost101 (button) (small blind) folded on the Turn
Seat 2: thekiing80 (big blind) collected ($41.50)


PokerStars Hand #173890051876:  Hold'em Limit ($3/$6 USD) - 2017/08/03 19:33:42 ET
Table 'Sigune' 6-max Seat #2 is the button
Seat 1: uglyghost101 ($113.88 in chips)
Seat 2: thekiing80 ($218.36 in chips)
thekiing80: posts small blind $1
uglyghost101: posts big blind $3
*** HOLE CARDS ***
thekiing80: folds
Uncalled bet ($2) returned to uglyghost101
uglyghost101 collected $2 from pot
uglyghost101: doesn't show hand
*** SUMMARY ***
Total pot $2 | Rake $0
Seat 1: uglyghost101 (big blind) collected ($2)
Seat 2: thekiing80 (button) (small blind) folded before Flop


PokerStars Hand #173890041420:  Hold'em Limit ($3/$6 USD) - 2017/08/03 19:33:23 ET
Table 'Sigune' 6-max Seat #1 is the button
Seat 1: uglyghost101 ($105.24 in chips)
Seat 2: thekiing80 ($227.36 in chips)
uglyghost101: posts small blind $1
thekiing80: posts big blind $3
*** HOLE CARDS ***
uglyghost101: raises $3 to $6
thekiing80: calls $3
*** FLOP *** [5d 9h 4h]
thekiing80: checks
uglyghost101: bets $3
thekiing80: calls $3
*** TURN *** [5d 9h 4h] [8d]
thekiing80: checks
uglyghost101: bets $6
thekiing80: folds
Uncalled bet ($6) returned to uglyghost101
uglyghost101 collected $17.64 from pot
uglyghost101: doesn't show hand
*** SUMMARY ***
Total pot $18 | Rake $0.36
Board [5d 9h 4h 8d]
Seat 1: uglyghost101 (button) (small blind) collected ($17.64)
Seat 2: thekiing80 (big blind) folded on the Turn


PokerStars Hand #173890098704:  Hold'em Limit ($3/$6 USD) - 2017/08/03 19:35:12 ET
Table 'Sigune' 6-max Seat #1 is the button
Seat 1: uglyghost101 ($91.64 in chips)
Seat 2: thekiing80 ($239.38 in chips)
uglyghost101: posts small blind $1
thekiing80: posts big blind $3
*** HOLE CARDS ***
uglyghost101: raises $3 to $6
thekiing80: folds
Uncalled bet ($3) returned to uglyghost101
uglyghost101 collected $6 from pot
uglyghost101: doesn't show hand
*** SUMMARY ***
Total pot $6 | Rake $0
Seat 1: uglyghost101 (button) (small blind) collected ($6)
Seat 2: thekiing80 (big blind) folded before Flop


PokerStars Hand #173890088608:  Hold'em Limit ($3/$6 USD) - 2017/08/03 19:34:52 ET
Table 'Sigune' 6-max Seat #1 is the button
Seat 1: uglyghost101 ($84.88 in chips)
Seat 2: thekiing80 ($246.38 in chips)
uglyghost101: posts small blind $1
thekiing80: posts big blind $3
*** HOLE CARDS ***
uglyghost101: raises $3 to $6
thekiing80: calls $3
*** FLOP *** [Kd Th Qd]
thekiing80: checks
uglyghost101: bets $3
thekiing80: folds
Uncalled bet ($3) returned to uglyghost101
uglyghost101 collected $11.76 from pot
uglyghost101: doesn't show hand
*** SUMMARY ***
Total pot $12 | Rake $0.24
Board [Kd Th Qd]
Seat 1: uglyghost101 (button) (small blind) collected ($11.76)
Seat 2: thekiing80 (big blind) folded on the Flop


PokerStars Hand #173890102390:  Hold'em Limit ($3/$6 USD) - 2017/08/03 19:35:19 ET
Table 'Sigune' 6-max Seat #2 is the button
Seat 1: uglyghost101 ($94.64 in chips)
Seat 2: thekiing80 ($236.38 in chips)
thekiing80: posts small blind $1
uglyghost101: posts big blind $3
*** HOLE CARDS ***
thekiing80: raises $3 to $6
uglyghost101: folds
Uncalled bet ($3) returned to thekiing80
thekiing80 collected $6 from pot
*** SUMMARY ***
Total pot $6 | Rake $0
Seat 1: uglyghost101 (big blind) folded before Flop
Seat 2: thekiing80 (button) (small blind) collected ($6)


PokerStars Hand #173890080672:  Hold'em Limit ($3/$6 USD) - 2017/08/03 19:34:37 ET
Table 'Sigune' 6-max Seat #2 is the button
Seat 1: uglyghost101 ($90.88 in chips)
Seat 2: thekiing80 ($240.62 in chips)
thekiing80: posts small blind $1
uglyghost101: posts big blind $3
*** HOLE CARDS ***
thekiing80: raises $3 to $6
uglyghost101: calls $3
*** FLOP *** [6s Qd Qc]
uglyghost101: checks
thekiing80: bets $3
uglyghost101: folds
Uncalled bet ($3) returned to thekiing80
thekiing80 collected $11.76 from pot
*** SUMMARY ***
Total pot $12 | Rake $0.24
Board [6s Qd Qc]
Seat 1: uglyghost101 (big blind) folded on the Flop
Seat 2: thekiing80 (button) (small blind) collected ($11.76)


PokerStars Hand #173890119141:  Hold'em Limit ($3/$6 USD) - 2017/08/03 19:35:51 ET
Table 'Sigune' 6-max Seat #2 is the button
Seat 1: uglyghost101 ($76.64 in chips)
Seat 2: thekiing80 ($253.88 in chips)
thekiing80: posts small blind $1
uglyghost101: posts big blind $3
*** HOLE CARDS ***
thekiing80: raises $3 to $6
uglyghost101: calls $3
*** FLOP *** [3c 5s Ks]
uglyghost101: bets $3
thekiing80: calls $3
*** TURN *** [3c 5s Ks] [8d]
uglyghost101: checks
thekiing80: checks
*** RIVER *** [3c 5s Ks 8d] [8s]
uglyghost101: bets $6
thekiing80: calls $6
*** SHOW DOWN ***
uglyghost101: shows [Qh 3h] (two pair, Eights and Threes)
thekiing80: mucks hand
uglyghost101 collected $29.50 from pot
*** SUMMARY ***
Total pot $30 | Rake $0.50
Board [3c 5s Ks 8d 8s]
Seat 1: uglyghost101 (big blind) showed [Qh 3h] and won ($29.50) with two pair, Eights and Threes
Seat 2: thekiing80 (button) (small blind) mucked


PokerStars Hand #173890106140:  Hold'em Limit ($3/$6 USD) - 2017/08/03 19:35:26 ET
Table 'Sigune' 6-max Seat #1 is the button
Seat 1: uglyghost101 ($91.64 in chips)
Seat 2: thekiing80 ($239.38 in chips)
uglyghost101: posts small blind $1
thekiing80: posts big blind $3
*** HOLE CARDS ***
uglyghost101: raises $3 to $6
thekiing80: calls $3
*** FLOP *** [4d 3s Qc]
thekiing80: checks
uglyghost101: bets $3
thekiing80: calls $3
*** TURN *** [4d 3s Qc] [3c]
thekiing80: checks
uglyghost101: checks
*** RIVER *** [4d 3s Qc 3c] [Js]
thekiing80: checks
uglyghost101: bets $6
thekiing80: calls $6
*** SHOW DOWN ***
uglyghost101: shows [9c Ad] (a pair of Threes)
thekiing80: shows [4h 7d] (two pair, Fours and Threes)
thekiing80 collected $29.50 from pot
*** SUMMARY ***
Total pot $30 | Rake $0.50
Board [4d 3s Qc 3c Js]
Seat 1: uglyghost101 (button) (small blind) showed [9c Ad] and lost with a pair of Threes
Seat 2: thekiing80 (big blind) showed [4h 7d] and won ($29.50) with two pair, Fours and Threes


PokerStars Hand #173890171095:  Hold'em Limit ($3/$6 USD) - 2017/08/03 19:37:17 ET
Table 'Sigune' 6-max Seat #1 is the button
Seat 1: uglyghost101 ($104.64 in chips)
Seat 2: thekiing80 ($224.52 in chips)
uglyghost101: posts small blind $1
thekiing80: posts big blind $3
*** HOLE CARDS ***
uglyghost101: raises $3 to $6
thekiing80: raises $3 to $9
uglyghost101: calls $3
*** FLOP *** [4h Ks 2d]
thekiing80: bets $3
uglyghost101: raises $3 to $6
thekiing80: folds
Uncalled bet ($3) returned to uglyghost101
uglyghost101 collected $23.52 from pot
uglyghost101: doesn't show hand
*** SUMMARY ***
Total pot $24 | Rake $0.48
Board [4h Ks 2d]
Seat 1: uglyghost101 (button) (small blind) collected ($23.52)
Seat 2: thekiing80 (big blind) folded on the Flop


PokerStars Hand #173890168618:  Hold'em Limit ($3/$6 USD) - 2017/08/03 19:37:13 ET
Table 'Sigune' 6-max Seat #2 is the button
Seat 1: uglyghost101 ($103.64 in chips)
Seat 2: thekiing80 ($225.52 in chips)
thekiing80: posts small blind $1
uglyghost101: posts big blind $3
*** HOLE CARDS ***
thekiing80: folds
Uncalled bet ($2) returned to uglyghost101
uglyghost101 collected $2 from pot
uglyghost101: doesn't show hand
*** SUMMARY ***
Total pot $2 | Rake $0
Seat 1: uglyghost101 (big blind) collected ($2)
Seat 2: thekiing80 (button) (small blind) folded before Flop


PokerStars Hand #173890156564:  Hold'em Limit ($3/$6 USD) - 2017/08/03 19:36:49 ET
Table 'Sigune' 6-max Seat #1 is the button
Seat 1: uglyghost101 ($112.64 in chips)
Seat 2: thekiing80 ($216.88 in chips)
uglyghost101: posts small blind $1
thekiing80: posts big blind $3
*** HOLE CARDS ***
uglyghost101: raises $3 to $6
thekiing80: calls $3
*** FLOP *** [Ad Th 3d]
thekiing80: checks
uglyghost101: bets $3
thekiing80: calls $3
*** TURN *** [Ad Th 3d] [5h]
thekiing80: checks
uglyghost101: checks
*** RIVER *** [Ad Th 3d 5h] [Ts]
thekiing80: bets $6
uglyghost101: folds
Uncalled bet ($6) returned to thekiing80
thekiing80 collected $17.64 from pot
*** SUMMARY ***
Total pot $18 | Rake $0.36
Board [Ad Th 3d 5h Ts]
Seat 1: uglyghost101 (button) (small blind) folded on the River
Seat 2: thekiing80 (big blind) collected ($17.64)


PokerStars Hand #173890153385:  Hold'em Limit ($3/$6 USD) - 2017/08/03 19:36:44 ET
Table 'Sigune' 6-max Seat #2 is the button
Seat 1: uglyghost101 ($111.64 in chips)
Seat 2: thekiing80 ($217.88 in chips)
thekiing80: posts small blind $1
uglyghost101: posts big blind $3
*** HOLE CARDS ***
thekiing80: folds
Uncalled bet ($2) returned to uglyghost101
uglyghost101 collected $2 from pot
uglyghost101: doesn't show hand
*** SUMMARY ***
Total pot $2 | Rake $0
Seat 1: uglyghost101 (big blind) collected ($2)
Seat 2: thekiing80 (button) (small blind) folded before Flop


PokerStars Hand #173890140437:  Hold'em Limit ($3/$6 USD) - 2017/08/03 19:36:19 ET
Table 'Sigune' 6-max Seat #1 is the button
Seat 1: uglyghost101 ($91.14 in chips)
Seat 2: thekiing80 ($238.88 in chips)
uglyghost101: posts small blind $1
thekiing80: posts big blind $3
*** HOLE CARDS ***
uglyghost101: raises $3 to $6
thekiing80: calls $3
*** FLOP *** [Td 3h 5d]
thekiing80: checks
uglyghost101: bets $3
thekiing80: calls $3
*** TURN *** [Td 3h 5d] [Kd]
thekiing80: checks
uglyghost101: bets $6
thekiing80: calls $6
*** RIVER *** [Td 3h 5d Kd] [2s]
thekiing80: checks
uglyghost101: bets $6
thekiing80: calls $6
*** SHOW DOWN ***
uglyghost101: shows [Kh Ad] (a pair of Kings)
thekiing80: mucks hand
uglyghost101 collected $41.50 from pot
*** SUMMARY ***
Total pot $42 | Rake $0.50
Board [Td 3h 5d Kd 2s]
Seat 1: uglyghost101 (button) (small blind) showed [Kh Ad] and won ($41.50) with a pair of Kings
Seat 2: thekiing80 (big blind) mucked


PokerStars Hand #173890205998:  Hold'em Limit ($3/$6 USD) - 2017/08/03 19:38:25 ET
Table 'Sigune' 6-max Seat #2 is the button
Seat 1: uglyghost101 ($93.16 in chips)
Seat 2: thekiing80 ($235.02 in chips)
thekiing80: posts small blind $1
uglyghost101: posts big blind $3
*** HOLE CARDS ***
thekiing80: folds
Uncalled bet ($2) returned to uglyghost101
uglyghost101 collected $2 from pot
uglyghost101: doesn't show hand
*** SUMMARY ***
Total pot $2 | Rake $0
Seat 1: uglyghost101 (big blind) collected ($2)
Seat 2: thekiing80 (button) (small blind) folded before Flop


PokerStars Hand #173890180963:  Hold'em Limit ($3/$6 USD) - 2017/08/03 19:37:36 ET
Table 'Sigune' 6-max Seat #2 is the button
Seat 1: uglyghost101 ($116.16 in chips)
Seat 2: thekiing80 ($212.52 in chips)
thekiing80: posts small blind $1
uglyghost101: posts big blind $3
*** HOLE CARDS ***
thekiing80: folds
Uncalled bet ($2) returned to uglyghost101
uglyghost101 collected $2 from pot
uglyghost101: doesn't show hand
*** SUMMARY ***
Total pot $2 | Rake $0
Seat 1: uglyghost101 (big blind) collected ($2)
Seat 2: thekiing80 (button) (small blind) folded before Flop


PokerStars Hand #173890184254:  Hold'em Limit ($3/$6 USD) - 2017/08/03 19:37:43 ET
Table 'Sigune' 6-max Seat #1 is the button
Seat 1: uglyghost101 ($117.16 in chips)
Seat 2: thekiing80 ($211.52 in chips)
uglyghost101: posts small blind $1
thekiing80: posts big blind $3
*** HOLE CARDS ***
uglyghost101: raises $3 to $6
thekiing80: raises $3 to $9
uglyghost101: calls $3
*** FLOP *** [6h 6d 4c]
thekiing80: bets $3
uglyghost101: calls $3
*** TURN *** [6h 6d 4c] [6c]
thekiing80: bets $6
uglyghost101: calls $6
*** RIVER *** [6h 6d 4c 6c] [Js]
thekiing80: bets $6
uglyghost101: calls $6
*** SHOW DOWN ***
thekiing80: shows [Jc Ad] (a full house, Sixes full of Jacks)
uglyghost101: mucks hand
thekiing80 collected $47.50 from pot
*** SUMMARY ***
Total pot $48 | Rake $0.50
Board [6h 6d 4c 6c Js]
Seat 1: uglyghost101 (button) (small blind) mucked
Seat 2: thekiing80 (big blind) showed [Jc Ad] and won ($47.50) with a full house, Sixes full of Jacks


PokerStars Hand #173890241430:  Hold'em Limit ($3/$6 USD) - 2017/08/03 19:39:33 ET
Table 'Sigune' 6-max Seat #6 is the button
Seat 1: uglyghost101 ($88.80 in chips)
Seat 6: juustmuckit1 ($134.50 in chips)
juustmuckit1: posts small blind $1
uglyghost101: posts big blind $3
*** HOLE CARDS ***
juustmuckit1: folds
Uncalled bet ($2) returned to uglyghost101
uglyghost101 collected $2 from pot
uglyghost101: doesn't show hand
*** SUMMARY ***
Total pot $2 | Rake $0
Seat 1: uglyghost101 (big blind) collected ($2)
Seat 6: juustmuckit1 (button) (small blind) folded before Flop


PokerStars Hand #173890226914:  Hold'em Limit ($3/$6 USD) - 2017/08/03 19:39:05 ET
Table 'Sigune' 6-max Seat #1 is the button
Seat 1: uglyghost101 ($103.80 in chips)
Seat 6: juustmuckit1 ($120 in chips)
uglyghost101: posts small blind $1
juustmuckit1: posts big blind $3
*** HOLE CARDS ***
uglyghost101: raises $3 to $6
juustmuckit1: calls $3
*** FLOP *** [7h Ah 2s]
juustmuckit1: checks
uglyghost101: bets $3
juustmuckit1: calls $3
*** TURN *** [7h Ah 2s] [5s]
juustmuckit1: checks
uglyghost101: bets $6
juustmuckit1: raises $6 to $12
uglyghost101: folds
Uncalled bet ($6) returned to juustmuckit1
juustmuckit1 collected $29.50 from pot
juustmuckit1: doesn't show hand
*** SUMMARY ***
Total pot $30 | Rake $0.50
Board [7h Ah 2s 5s]
Seat 1: uglyghost101 (button) (small blind) folded on the Turn
Seat 6: juustmuckit1 (big blind) collected ($29.50)


PokerStars Hand #173890208675:  Hold'em Limit ($3/$6 USD) - 2017/08/03 19:38:30 ET
Table 'Sigune' 6-max Seat #1 is the button
Seat 1: uglyghost101 ($94.16 in chips)
Seat 2: thekiing80 ($234.02 in chips)
uglyghost101: posts small blind $1
thekiing80: posts big blind $3
*** HOLE CARDS ***
uglyghost101: raises $3 to $6
thekiing80: calls $3
*** FLOP *** [5d 5c As]
thekiing80: checks
juustmuckit1 joins the table at seat #6
uglyghost101: bets $3
thekiing80: calls $3
*** TURN *** [5d 5c As] [8c]
thekiing80: checks
uglyghost101: checks
*** RIVER *** [5d 5c As 8c] [6d]
thekiing80: checks
uglyghost101: checks
*** SHOW DOWN ***
thekiing80: shows [3s Qd] (a pair of Fives)
uglyghost101: shows [Js Ks] (a pair of Fives - Ace+King kicker)
uglyghost101 collected $17.64 from pot
*** SUMMARY ***
Total pot $18 | Rake $0.36
Board [5d 5c As 8c 6d]
Seat 1: uglyghost101 (button) (small blind) showed [Js Ks] and won ($17.64) with a pair of Fives
Seat 2: thekiing80 (big blind) showed [3s Qd] and lost with a pair of Fives


PokerStars Hand #173890223961:  Hold'em Limit ($3/$6 USD) - 2017/08/03 19:39:00 ET
Table 'Sigune' 6-max Seat #6 is the button
Seat 1: uglyghost101 ($102.80 in chips)
Seat 6: juustmuckit1 ($121 in chips)
juustmuckit1: posts small blind $1
uglyghost101: posts big blind $3
*** HOLE CARDS ***
thekiing80 leaves the table
juustmuckit1: folds
Uncalled bet ($2) returned to uglyghost101
uglyghost101 collected $2 from pot
uglyghost101: doesn't show hand
*** SUMMARY ***
Total pot $2 | Rake $0
Seat 1: uglyghost101 (big blind) collected ($2)
Seat 6: juustmuckit1 (button) (small blind) folded before Flop


PokerStars Hand #173890256707:  Hold'em Limit ($3/$6 USD) - 2017/08/03 19:40:03 ET
Table 'Sigune' 6-max Seat #6 is the button
Seat 1: uglyghost101 ($110.30 in chips)
Seat 6: juustmuckit1 ($112.50 in chips)
juustmuckit1: posts small blind $1
uglyghost101: posts big blind $3
*** HOLE CARDS ***
juustmuckit1: folds
Uncalled bet ($2) returned to uglyghost101
uglyghost101 collected $2 from pot
uglyghost101: doesn't show hand
*** SUMMARY ***
Total pot $2 | Rake $0
Seat 1: uglyghost101 (big blind) collected ($2)
Seat 6: juustmuckit1 (button) (small blind) folded before Flop


PokerStars Hand #173890244220:  Hold'em Limit ($3/$6 USD) - 2017/08/03 19:39:38 ET
Table 'Sigune' 6-max Seat #1 is the button
Seat 1: uglyghost101 ($89.80 in chips)
Seat 6: juustmuckit1 ($133.50 in chips)
uglyghost101: posts small blind $1
juustmuckit1: posts big blind $3
*** HOLE CARDS ***
uglyghost101: raises $3 to $6
juustmuckit1: calls $3
*** FLOP *** [Qd 8h 8c]
juustmuckit1: bets $3
uglyghost101: calls $3
*** TURN *** [Qd 8h 8c] [As]
juustmuckit1: bets $6
uglyghost101: calls $6
*** RIVER *** [Qd 8h 8c As] [8s]
juustmuckit1: bets $6
uglyghost101: calls $6
*** SHOW DOWN ***
juustmuckit1: shows [4s Tc] (three of a kind, Eights)
uglyghost101: shows [Kd 9d] (three of a kind, Eights - Ace+King kicker)
uglyghost101 collected $41.50 from pot
*** SUMMARY ***
Total pot $42 | Rake $0.50
Board [Qd 8h 8c As 8s]
Seat 1: uglyghost101 (button) (small blind) showed [Kd 9d] and won ($41.50) with three of a kind, Eights
Seat 6: juustmuckit1 (big blind) showed [4s Tc] and lost with three of a kind, Eights


PokerStars Hand #173890272699:  Hold'em Limit ($3/$6 USD) - 2017/08/03 19:40:34 ET
Table 'Sigune' 6-max Seat #6 is the button
Seat 1: uglyghost101 ($102.30 in chips)
Seat 6: juustmuckit1 ($120.14 in chips)
juustmuckit1: posts small blind $1
uglyghost101: posts big blind $3
*** HOLE CARDS ***
juustmuckit1: folds
Uncalled bet ($2) returned to uglyghost101
uglyghost101 collected $2 from pot
uglyghost101: doesn't show hand
*** SUMMARY ***
Total pot $2 | Rake $0
Seat 1: uglyghost101 (big blind) collected ($2)
Seat 6: juustmuckit1 (button) (small blind) folded before Flop


PokerStars Hand #173890259683:  Hold'em Limit ($3/$6 USD) - 2017/08/03 19:40:08 ET
Table 'Sigune' 6-max Seat #1 is the button
Seat 1: uglyghost101 ($111.30 in chips)
Seat 6: juustmuckit1 ($111.50 in chips)
uglyghost101: posts small blind $1
juustmuckit1: posts big blind $3
*** HOLE CARDS ***
uglyghost101: raises $3 to $6
juustmuckit1: calls $3
*** FLOP *** [5s 3d Js]
juustmuckit1: checks
uglyghost101: bets $3
juustmuckit1: calls $3
*** TURN *** [5s 3d Js] [Ac]
juustmuckit1: checks
uglyghost101: checks
*** RIVER *** [5s 3d Js Ac] [5c]
juustmuckit1: bets $6
uglyghost101: folds
Uncalled bet ($6) returned to juustmuckit1
juustmuckit1 collected $17.64 from pot
juustmuckit1: doesn't show hand
*** SUMMARY ***
Total pot $18 | Rake $0.36
Board [5s 3d Js Ac 5c]
Seat 1: uglyghost101 (button) (small blind) folded on the River
Seat 6: juustmuckit1 (big blind) collected ($17.64)


PokerStars Hand #173890283206:  Hold'em Limit ($3/$6 USD) - 2017/08/03 19:40:54 ET
Table 'Sigune' 6-max Seat #1 is the button
Seat 1: uglyghost101 ($107.30 in chips)
Seat 6: juustmuckit1 ($115.14 in chips)
uglyghost101: posts small blind $1
juustmuckit1: posts big blind $3
*** HOLE CARDS ***
uglyghost101: raises $3 to $6
juustmuckit1: raises $3 to $9
uglyghost101: calls $3
*** FLOP *** [Td 6s Jc]
juustmuckit1: bets $3
uglyghost101: calls $3
*** TURN *** [Td 6s Jc] [6d]
juustmuckit1: bets $6
uglyghost101: raises $6 to $12
juustmuckit1: calls $6
*** RIVER *** [Td 6s Jc 6d] [Js]
juustmuckit1: checks
uglyghost101: bets $6
juustmuckit1: folds
Uncalled bet ($6) returned to uglyghost101
uglyghost101 collected $47.50 from pot
uglyghost101: doesn't show hand
*** SUMMARY ***
Total pot $48 | Rake $0.50
Board [Td 6s Jc 6d Js]
Seat 1: uglyghost101 (button) (small blind) collected ($47.50)
Seat 6: juustmuckit1 (big blind) folded on the River


PokerStars Hand #173890275692:  Hold'em Limit ($3/$6 USD) - 2017/08/03 19:40:39 ET
Table 'Sigune' 6-max Seat #1 is the button
Seat 1: uglyghost101 ($103.30 in chips)
Seat 6: juustmuckit1 ($119.14 in chips)
uglyghost101: posts small blind $1
juustmuckit1: posts big blind $3
*** HOLE CARDS ***
uglyghost101: raises $3 to $6
juustmuckit1: folds
Uncalled bet ($3) returned to uglyghost101
uglyghost101 collected $6 from pot
uglyghost101: doesn't show hand
*** SUMMARY ***
Total pot $6 | Rake $0
Seat 1: uglyghost101 (button) (small blind) collected ($6)
Seat 6: juustmuckit1 (big blind) folded before Flop


PokerStars Hand #173890280443:  Hold'em Limit ($3/$6 USD) - 2017/08/03 19:40:49 ET
Table 'Sigune' 6-max Seat #6 is the button
Seat 1: uglyghost101 ($106.30 in chips)
Seat 6: juustmuckit1 ($116.14 in chips)
juustmuckit1: posts small blind $1
uglyghost101: posts big blind $3
*** HOLE CARDS ***
juustmuckit1: folds
Uncalled bet ($2) returned to uglyghost101
uglyghost101 collected $2 from pot
uglyghost101: doesn't show hand
*** SUMMARY ***
Total pot $2 | Rake $0
Seat 1: uglyghost101 (big blind) collected ($2)
Seat 6: juustmuckit1 (button) (small blind) folded before Flop


PokerStars Hand #173890308392:  Hold'em Limit ($3/$6 USD) - 2017/08/03 19:41:43 ET
Table 'Sigune' 6-max Seat #1 is the button
Seat 1: uglyghost101 ($115.80 in chips)
Seat 6: juustmuckit1 ($105.64 in chips)
uglyghost101: posts small blind $1
juustmuckit1: posts big blind $3
*** HOLE CARDS ***
uglyghost101: raises $3 to $6
juustmuckit1: folds
Uncalled bet ($3) returned to uglyghost101
uglyghost101 collected $6 from pot
uglyghost101: doesn't show hand
*** SUMMARY ***
Total pot $6 | Rake $0
Seat 1: uglyghost101 (button) (small blind) collected ($6)
Seat 6: juustmuckit1 (big blind) folded before Flop


PokerStars Hand #173890298433:  Hold'em Limit ($3/$6 USD) - 2017/08/03 19:41:24 ET
Table 'Sigune' 6-max Seat #6 is the button
Seat 1: uglyghost101 ($130.80 in chips)
Seat 6: juustmuckit1 ($91.14 in chips)
juustmuckit1: posts small blind $1
uglyghost101: posts big blind $3
*** HOLE CARDS ***
juustmuckit1: raises $3 to $6
uglyghost101: calls $3
*** FLOP *** [8h 6h 2h]
uglyghost101: checks
juustmuckit1: bets $3
uglyghost101: calls $3
*** TURN *** [8h 6h 2h] [7s]
uglyghost101: checks
juustmuckit1: bets $6
uglyghost101: calls $6
*** RIVER *** [8h 6h 2h 7s] [9c]
uglyghost101: checks
juustmuckit1: checks
*** SHOW DOWN ***
uglyghost101: shows [Kd 2s] (a pair of Deuces)
juustmuckit1: shows [9s Kh] (a pair of Nines)
juustmuckit1 collected $29.50 from pot
*** SUMMARY ***
Total pot $30 | Rake $0.50
Board [8h 6h 2h 7s 9c]
Seat 1: uglyghost101 (big blind) showed [Kd 2s] and lost with a pair of Deuces
Seat 6: juustmuckit1 (button) (small blind) showed [9s Kh] and won ($29.50) with a pair of Nines


PokerStars Hand #173890314828:  Hold'em Limit ($3/$6 USD) - 2017/08/03 19:41:55 ET
Table 'Sigune' 6-max Seat #1 is the button
Seat 1: uglyghost101 ($115.80 in chips)
Seat 6: juustmuckit1 ($105.64 in chips)
uglyghost101: posts small blind $1
juustmuckit1: posts big blind $3
*** HOLE CARDS ***
uglyghost101: raises $3 to $6
juustmuckit1: folds
Uncalled bet ($3) returned to uglyghost101
uglyghost101 collected $6 from pot
uglyghost101: doesn't show hand
*** SUMMARY ***
Total pot $6 | Rake $0
Seat 1: uglyghost101 (button) (small blind) collected ($6)
Seat 6: juustmuckit1 (big blind) folded before Flop


PokerStars Hand #173890318930:  Hold'em Limit ($3/$6 USD) - 2017/08/03 19:42:03 ET
Table 'Sigune' 6-max Seat #6 is the button
Seat 1: uglyghost101 ($118.80 in chips)
Seat 6: juustmuckit1 ($102.64 in chips)
juustmuckit1: posts small blind $1
uglyghost101: posts big blind $3
*** HOLE CARDS ***
juustmuckit1: raises $3 to $6
uglyghost101: calls $3
*** FLOP *** [Qc 8s 2d]
uglyghost101: checks
juustmuckit1: bets $3
uglyghost101: folds
Uncalled bet ($3) returned to juustmuckit1
juustmuckit1 collected $11.76 from pot
juustmuckit1: doesn't show hand
*** SUMMARY ***
Total pot $12 | Rake $0.24
Board [Qc 8s 2d]
Seat 1: uglyghost101 (big blind) folded on the Flop
Seat 6: juustmuckit1 (button) (small blind) collected ($11.76)


PokerStars Hand #173890311419:  Hold'em Limit ($3/$6 USD) - 2017/08/03 19:41:49 ET
Table 'Sigune' 6-max Seat #6 is the button
Seat 1: uglyghost101 ($118.80 in chips)
Seat 6: juustmuckit1 ($102.64 in chips)
juustmuckit1: posts small blind $1
uglyghost101: posts big blind $3
*** HOLE CARDS ***
juustmuckit1: raises $3 to $6
uglyghost101: folds
Uncalled bet ($3) returned to juustmuckit1
juustmuckit1 collected $6 from pot
juustmuckit1: doesn't show hand
*** SUMMARY ***
Total pot $6 | Rake $0
Seat 1: uglyghost101 (big blind) folded before Flop
Seat 6: juustmuckit1 (button) (small blind) collected ($6)


PokerStars Hand #173890326204:  Hold'em Limit ($3/$6 USD) - 2017/08/03 19:42:18 ET
Table 'Sigune' 6-max Seat #1 is the button
Seat 1: uglyghost101 ($112.80 in chips)
Seat 6: juustmuckit1 ($108.40 in chips)
uglyghost101: posts small blind $1
juustmuckit1: posts big blind $3
*** HOLE CARDS ***
uglyghost101: raises $3 to $6
juustmuckit1: folds
Uncalled bet ($3) returned to uglyghost101
uglyghost101 collected $6 from pot
uglyghost101: doesn't show hand
*** SUMMARY ***
Total pot $6 | Rake $0
Seat 1: uglyghost101 (button) (small blind) collected ($6)
Seat 6: juustmuckit1 (big blind) folded before Flop


PokerStars Hand #173890343522:  Hold'em Limit ($3/$6 USD) - 2017/08/03 19:42:51 ET
Table 'Sigune' 6-max Seat #6 is the button
Seat 1: uglyghost101 ($132.30 in chips)
Seat 6: juustmuckit1 ($88.40 in chips)
juustmuckit1: posts small blind $1
uglyghost101: posts big blind $3
*** HOLE CARDS ***
juustmuckit1: raises $3 to $6
uglyghost101: calls $3
*** FLOP *** [9h Ts 3s]
uglyghost101: checks
juustmuckit1: bets $3
uglyghost101: calls $3
*** TURN *** [9h Ts 3s] [Tc]
uglyghost101: checks
juustmuckit1: bets $6
uglyghost101: calls $6
*** RIVER *** [9h Ts 3s Tc] [8h]
uglyghost101: checks
juustmuckit1: bets $6
uglyghost101: calls $6
*** SHOW DOWN ***
juustmuckit1: shows [8c 7d] (two pair, Tens and Eights)
uglyghost101: mucks hand
juustmuckit1 collected $41.50 from pot
*** SUMMARY ***
Total pot $42 | Rake $0.50
Board [9h Ts 3s Tc 8h]
Seat 1: uglyghost101 (big blind) mucked
Seat 6: juustmuckit1 (button) (small blind) showed [8c 7d] and won ($41.50) with two pair, Tens and Eights


PokerStars Hand #173890329700:  Hold'em Limit ($3/$6 USD) - 2017/08/03 19:42:24 ET
Table 'Sigune' 6-max Seat #6 is the button
Seat 1: uglyghost101 ($115.80 in chips)
Seat 6: juustmuckit1 ($105.40 in chips)
juustmuckit1: posts small blind $1
uglyghost101: posts big blind $3
*** HOLE CARDS ***
juustmuckit1: raises $3 to $6
uglyghost101: raises $3 to $9
juustmuckit1: calls $3
*** FLOP *** [2c 3c Jc]
uglyghost101: bets $3
juustmuckit1: calls $3
*** TURN *** [2c 3c Jc] [7s]
uglyghost101: bets $6
juustmuckit1: calls $6
*** RIVER *** [2c 3c Jc 7s] [Ts]
uglyghost101: bets $6
juustmuckit1: folds
Uncalled bet ($6) returned to uglyghost101
uglyghost101 collected $35.50 from pot
uglyghost101: doesn't show hand
*** SUMMARY ***
Total pot $36 | Rake $0.50
Board [2c 3c Jc 7s Ts]
Seat 1: uglyghost101 (big blind) collected ($35.50)
Seat 6: juustmuckit1 (button) (small blind) folded on the River


PokerStars Hand #173890340651:  Hold'em Limit ($3/$6 USD) - 2017/08/03 19:42:46 ET
Table 'Sigune' 6-max Seat #1 is the button
Seat 1: uglyghost101 ($133.30 in chips)
Seat 6: juustmuckit1 ($87.40 in chips)
uglyghost101: posts small blind $1
juustmuckit1: posts big blind $3
*** HOLE CARDS ***
uglyghost101: folds
Uncalled bet ($2) returned to juustmuckit1
juustmuckit1 collected $2 from pot
juustmuckit1: doesn't show hand
*** SUMMARY ***
Total pot $2 | Rake $0
Seat 1: uglyghost101 (button) (small blind) folded before Flop
Seat 6: juustmuckit1 (big blind) collected ($2)


PokerStars Hand #173890364605:  Hold'em Limit ($3/$6 USD) - 2017/08/03 19:43:32 ET
Table 'Sigune' 6-max Seat #6 is the button
Seat 1: uglyghost101 ($96.30 in chips)
Seat 6: juustmuckit1 ($123.40 in chips)
juustmuckit1: posts small blind $1
uglyghost101: posts big blind $3
*** HOLE CARDS ***
juustmuckit1: folds
Uncalled bet ($2) returned to uglyghost101
uglyghost101 collected $2 from pot
uglyghost101: doesn't show hand
*** SUMMARY ***
Total pot $2 | Rake $0
Seat 1: uglyghost101 (big blind) collected ($2)
Seat 6: juustmuckit1 (button) (small blind) folded before Flop


PokerStars Hand #173890354899:  Hold'em Limit ($3/$6 USD) - 2017/08/03 19:43:13 ET
Table 'Sigune' 6-max Seat #1 is the button
Seat 1: uglyghost101 ($111.30 in chips)
Seat 6: juustmuckit1 ($108.90 in chips)
uglyghost101: posts small blind $1
juustmuckit1: posts big blind $3
*** HOLE CARDS ***
uglyghost101: raises $3 to $6
juustmuckit1: calls $3
*** FLOP *** [Jc Jh 4s]
juustmuckit1: checks
uglyghost101: bets $3
juustmuckit1: calls $3
*** TURN *** [Jc Jh 4s] [Qs]
juustmuckit1: checks
uglyghost101: checks
*** RIVER *** [Jc Jh 4s Qs] [5h]
juustmuckit1: bets $6
uglyghost101: calls $6
*** SHOW DOWN ***
juustmuckit1: shows [9s 5d] (two pair, Jacks and Fives)
uglyghost101: mucks hand
juustmuckit1 collected $29.50 from pot
*** SUMMARY ***
Total pot $30 | Rake $0.50
Board [Jc Jh 4s Qs 5h]
Seat 1: uglyghost101 (button) (small blind) mucked
Seat 6: juustmuckit1 (big blind) showed [9s 5d] and won ($29.50) with two pair, Jacks and Fives


PokerStars Hand #173890382988:  Hold'em Limit ($3/$6 USD) - 2017/08/03 19:44:08 ET
Table 'Sigune' 6-max Seat #1 is the button
Seat 1: uglyghost101 ($122.80 in chips)
Seat 6: juustmuckit1 ($96.40 in chips)
uglyghost101: posts small blind $1
juustmuckit1: posts big blind $3
*** HOLE CARDS ***
uglyghost101: raises $3 to $6
juustmuckit1: raises $3 to $9
uglyghost101: calls $3
*** FLOP *** [9c Kd Ad]
juustmuckit1: bets $3
uglyghost101: calls $3
*** TURN *** [9c Kd Ad] [4c]
juustmuckit1: bets $6
uglyghost101: calls $6
*** RIVER *** [9c Kd Ad 4c] [Qh]
juustmuckit1: checks
uglyghost101: checks
*** SHOW DOWN ***
juustmuckit1: shows [Js Jh] (a pair of Jacks)
uglyghost101: shows [Ks 3h] (a pair of Kings)
uglyghost101 collected $35.50 from pot
*** SUMMARY ***
Total pot $36 | Rake $0.50
Board [9c Kd Ad 4c Qh]
Seat 1: uglyghost101 (button) (small blind) showed [Ks 3h] and won ($35.50) with a pair of Kings
Seat 6: juustmuckit1 (big blind) showed [Js Jh] and lost with a pair of Jacks


PokerStars Hand #173890394794:  Hold'em Limit ($3/$6 USD) - 2017/08/03 19:44:31 ET
Table 'Sigune' 6-max Seat #6 is the button
Seat 1: uglyghost101 ($140.30 in chips)
Seat 6: juustmuckit1 ($78.40 in chips)
juustmuckit1: posts small blind $1
uglyghost101: posts big blind $3
*** HOLE CARDS ***
juustmuckit1: folds
Uncalled bet ($2) returned to uglyghost101
uglyghost101 collected $2 from pot
uglyghost101: doesn't show hand
*** SUMMARY ***
Total pot $2 | Rake $0
Seat 1: uglyghost101 (big blind) collected ($2)
Seat 6: juustmuckit1 (button) (small blind) folded before Flop


PokerStars Hand #173890367345:  Hold'em Limit ($3/$6 USD) - 2017/08/03 19:43:38 ET
Table 'Sigune' 6-max Seat #1 is the button
Seat 1: uglyghost101 ($97.30 in chips)
Seat 6: juustmuckit1 ($122.40 in chips)
uglyghost101: posts small blind $1
juustmuckit1: posts big blind $3
*** HOLE CARDS ***
uglyghost101: folds
Uncalled bet ($2) returned to juustmuckit1
juustmuckit1 collected $2 from pot
juustmuckit1: doesn't show hand
*** SUMMARY ***
Total pot $2 | Rake $0
Seat 1: uglyghost101 (button) (small blind) folded before Flop
Seat 6: juustmuckit1 (big blind) collected ($2)


PokerStars Hand #173890370540:  Hold'em Limit ($3/$6 USD) - 2017/08/03 19:43:44 ET
Table 'Sigune' 6-max Seat #6 is the button
Seat 1: uglyghost101 ($96.30 in chips)
Seat 6: juustmuckit1 ($123.40 in chips)
juustmuckit1: posts small blind $1
uglyghost101: posts big blind $3
*** HOLE CARDS ***
juustmuckit1: raises $3 to $6
uglyghost101: calls $3
*** FLOP *** [9c Qd Kh]
uglyghost101: checks
juustmuckit1: bets $3
uglyghost101: calls $3
*** TURN *** [9c Qd Kh] [3c]
uglyghost101: checks
juustmuckit1: bets $6
uglyghost101: calls $6
*** RIVER *** [9c Qd Kh 3c] [Tc]
uglyghost101: bets $6
juustmuckit1: raises $6 to $12
uglyghost101: calls $6
*** SHOW DOWN ***
juustmuckit1: shows [9s Th] (two pair, Tens and Nines)
uglyghost101: shows [Js 7d] (a straight, Nine to King)
uglyghost101 collected $53.50 from pot
*** SUMMARY ***
Total pot $54 | Rake $0.50
Board [9c Qd Kh 3c Tc]
Seat 1: uglyghost101 (big blind) showed [Js 7d] and won ($53.50) with a straight, Nine to King
Seat 6: juustmuckit1 (button) (small blind) showed [9s Th] and lost with two pair, Tens and Nines


PokerStars Hand #173890419833:  Hold'em Limit ($3/$6 USD) - 2017/08/03 19:45:20 ET
Table 'Sigune' 6-max Seat #6 is the button
Seat 1: uglyghost101 ($136.94 in chips)
Seat 6: juustmuckit1 ($80.92 in chips)
juustmuckit1: posts small blind $1
uglyghost101: posts big blind $3
*** HOLE CARDS ***
juustmuckit1: raises $3 to $6
uglyghost101: folds
Uncalled bet ($3) returned to juustmuckit1
juustmuckit1 collected $6 from pot
juustmuckit1: doesn't show hand
*** SUMMARY ***
Total pot $6 | Rake $0
Seat 1: uglyghost101 (big blind) folded before Flop
Seat 6: juustmuckit1 (button) (small blind) collected ($6)


PokerStars Hand #173890416951:  Hold'em Limit ($3/$6 USD) - 2017/08/03 19:45:14 ET
Table 'Sigune' 6-max Seat #1 is the button
Seat 1: uglyghost101 ($137.94 in chips)
Seat 6: juustmuckit1 ($79.92 in chips)
uglyghost101: posts small blind $1
juustmuckit1: posts big blind $3
*** HOLE CARDS ***
uglyghost101: folds
Uncalled bet ($2) returned to juustmuckit1
juustmuckit1 collected $2 from pot
juustmuckit1: doesn't show hand
*** SUMMARY ***
Total pot $2 | Rake $0
Seat 1: uglyghost101 (button) (small blind) folded before Flop
Seat 6: juustmuckit1 (big blind) collected ($2)


PokerStars Hand #173890407810:  Hold'em Limit ($3/$6 USD) - 2017/08/03 19:44:56 ET
Table 'Sigune' 6-max Seat #6 is the button
Seat 1: uglyghost101 ($129.30 in chips)
Seat 6: juustmuckit1 ($88.92 in chips)
juustmuckit1: posts small blind $1
uglyghost101: posts big blind $3
*** HOLE CARDS ***
juustmuckit1: raises $3 to $6
uglyghost101: calls $3
*** FLOP *** [Qd 5s Jh]
uglyghost101: checks
juustmuckit1: bets $3
uglyghost101: calls $3
*** TURN *** [Qd 5s Jh] [4h]
uglyghost101: checks
juustmuckit1: checks
*** RIVER *** [Qd 5s Jh 4h] [Js]
uglyghost101: bets $6
juustmuckit1: folds
Uncalled bet ($6) returned to uglyghost101
uglyghost101 collected $17.64 from pot
uglyghost101: doesn't show hand
*** SUMMARY ***
Total pot $18 | Rake $0.36
Board [Qd 5s Jh 4h Js]
Seat 1: uglyghost101 (big blind) collected ($17.64)
Seat 6: juustmuckit1 (button) (small blind) folded on the River


PokerStars Hand #173890446206:  Hold'em Limit ($3/$6 USD) - 2017/08/03 19:46:12 ET
Table 'Sigune' 6-max Seat #1 is the button
Seat 1: uglyghost101 ($94.94 in chips)
Seat 6: juustmuckit1 ($121.92 in chips)
uglyghost101: posts small blind $1
juustmuckit1: posts big blind $3
*** HOLE CARDS ***
uglyghost101: raises $3 to $6
juustmuckit1: calls $3
*** FLOP *** [9c 3d Js]
juustmuckit1: checks
uglyghost101: bets $3
juustmuckit1: folds
Uncalled bet ($3) returned to uglyghost101
uglyghost101 collected $11.76 from pot
uglyghost101: doesn't show hand
*** SUMMARY ***
Total pot $12 | Rake $0.24
Board [9c 3d Js]
Seat 1: uglyghost101 (button) (small blind) collected ($11.76)
Seat 6: juustmuckit1 (big blind) folded on the Flop


PokerStars Hand #173890433592:  Hold'em Limit ($3/$6 USD) - 2017/08/03 19:45:47 ET
Table 'Sigune' 6-max Seat #6 is the button
Seat 1: uglyghost101 ($118.94 in chips)
Seat 6: juustmuckit1 ($98.42 in chips)
juustmuckit1: posts small blind $1
uglyghost101: posts big blind $3
*** HOLE CARDS ***
juustmuckit1: raises $3 to $6
uglyghost101: calls $3
*** FLOP *** [3c 3h 9d]
uglyghost101: checks
juustmuckit1: bets $3
uglyghost101: raises $3 to $6
juustmuckit1: calls $3
*** TURN *** [3c 3h 9d] [Ks]
uglyghost101: checks
juustmuckit1: bets $6
uglyghost101: calls $6
*** RIVER *** [3c 3h 9d Ks] [2c]
uglyghost101: checks
juustmuckit1: bets $6
uglyghost101: calls $6
*** SHOW DOWN ***
juustmuckit1: shows [2s Kd] (two pair, Kings and Threes)
uglyghost101: mucks hand
juustmuckit1 collected $47.50 from pot
*** SUMMARY ***
Total pot $48 | Rake $0.50
Board [3c 3h 9d Ks 2c]
Seat 1: uglyghost101 (big blind) mucked
Seat 6: juustmuckit1 (button) (small blind) showed [2s Kd] and won ($47.50) with two pair, Kings and Threes


PokerStars Hand #173890423608:  Hold'em Limit ($3/$6 USD) - 2017/08/03 19:45:28 ET
Table 'Sigune' 6-max Seat #1 is the button
Seat 1: uglyghost101 ($133.94 in chips)
Seat 6: juustmuckit1 ($83.92 in chips)
uglyghost101: posts small blind $1
juustmuckit1: posts big blind $3
*** HOLE CARDS ***
uglyghost101: raises $3 to $6
juustmuckit1: calls $3
*** FLOP *** [4d 5h 5c]
juustmuckit1: checks
uglyghost101: bets $3
juustmuckit1: calls $3
*** TURN *** [4d 5h 5c] [3h]
juustmuckit1: checks
uglyghost101: checks
*** RIVER *** [4d 5h 5c 3h] [8d]
juustmuckit1: bets $6
uglyghost101: calls $6
*** SHOW DOWN ***
juustmuckit1: shows [8c Kc] (two pair, Eights and Fives)
uglyghost101: mucks hand
juustmuckit1 collected $29.50 from pot
*** SUMMARY ***
Total pot $30 | Rake $0.50
Board [4d 5h 5c 3h 8d]
Seat 1: uglyghost101 (button) (small blind) mucked
Seat 6: juustmuckit1 (big blind) showed [8c Kc] and won ($29.50) with two pair, Eights and Fives


PokerStars Hand #173890481091:  Hold'em Limit ($3/$6 USD) - 2017/08/03 19:47:20 ET
Table 'Sigune' 6-max Seat #1 is the button
Seat 1: uglyghost101 ($74.70 in chips)
Seat 6: juustmuckit1 ($141.42 in chips)
uglyghost101: posts small blind $1
juustmuckit1: posts big blind $3
*** HOLE CARDS ***
uglyghost101: raises $3 to $6
juustmuckit1: folds
Uncalled bet ($3) returned to uglyghost101
uglyghost101 collected $6 from pot
uglyghost101: doesn't show hand
*** SUMMARY ***
Total pot $6 | Rake $0
Seat 1: uglyghost101 (button) (small blind) collected ($6)
Seat 6: juustmuckit1 (big blind) folded before Flop


PokerStars Hand #173890465906:  Hold'em Limit ($3/$6 USD) - 2017/08/03 19:46:50 ET
Table 'Sigune' 6-max Seat #1 is the button
Seat 1: uglyghost101 ($70.70 in chips)
Seat 6: juustmuckit1 ($145.42 in chips)
uglyghost101: posts small blind $1
juustmuckit1: posts big blind $3
*** HOLE CARDS ***
uglyghost101: raises $3 to $6
juustmuckit1: folds
Uncalled bet ($3) returned to uglyghost101
uglyghost101 collected $6 from pot
uglyghost101: doesn't show hand
*** SUMMARY ***
Total pot $6 | Rake $0
Seat 1: uglyghost101 (button) (small blind) collected ($6)
Seat 6: juustmuckit1 (big blind) folded before Flop


PokerStars Hand #173890452920:  Hold'em Limit ($3/$6 USD) - 2017/08/03 19:46:25 ET
Table 'Sigune' 6-max Seat #6 is the button
Seat 1: uglyghost101 ($100.70 in chips)
Seat 6: juustmuckit1 ($115.92 in chips)
juustmuckit1: posts small blind $1
uglyghost101: posts big blind $3
*** HOLE CARDS ***
juustmuckit1: raises $3 to $6
uglyghost101: calls $3
*** FLOP *** [Jh 3d Kc]
uglyghost101: checks
juustmuckit1: bets $3
uglyghost101: raises $3 to $6
juustmuckit1: calls $3
*** TURN *** [Jh 3d Kc] [6c]
uglyghost101: bets $6
juustmuckit1: calls $6
*** RIVER *** [Jh 3d Kc 6c] [9c]
uglyghost101: bets $6
juustmuckit1: raises $6 to $12
uglyghost101: calls $6
*** SHOW DOWN ***
juustmuckit1: shows [Qs Ts] (a straight, Nine to King)
uglyghost101: mucks hand
juustmuckit1 collected $59.50 from pot
*** SUMMARY ***
Total pot $60 | Rake $0.50
Board [Jh 3d Kc 6c 9c]
Seat 1: uglyghost101 (big blind) mucked
Seat 6: juustmuckit1 (button) (small blind) showed [Qs Ts] and won ($59.50) with a straight, Nine to King


PokerStars Hand #173890478160:  Hold'em Limit ($3/$6 USD) - 2017/08/03 19:47:14 ET
Table 'Sigune' 6-max Seat #6 is the button
Seat 1: uglyghost101 ($73.70 in chips)
Seat 6: juustmuckit1 ($142.42 in chips)
juustmuckit1: posts small blind $1
uglyghost101: posts big blind $3
*** HOLE CARDS ***
juustmuckit1: folds
Uncalled bet ($2) returned to uglyghost101
uglyghost101 collected $2 from pot
uglyghost101: doesn't show hand
*** SUMMARY ***
Total pot $2 | Rake $0
Seat 1: uglyghost101 (big blind) collected ($2)
Seat 6: juustmuckit1 (button) (small blind) folded before Flop


PokerStars Hand #173890473724:  Hold'em Limit ($3/$6 USD) - 2017/08/03 19:47:05 ET
Table 'Sigune' 6-max Seat #1 is the button
Seat 1: uglyghost101 ($70.70 in chips)
Seat 6: juustmuckit1 ($145.42 in chips)
uglyghost101: posts small blind $1
juustmuckit1: posts big blind $3
*** HOLE CARDS ***
uglyghost101: raises $3 to $6
juustmuckit1: folds
Uncalled bet ($3) returned to uglyghost101
uglyghost101 collected $6 from pot
uglyghost101: doesn't show hand
*** SUMMARY ***
Total pot $6 | Rake $0
Seat 1: uglyghost101 (button) (small blind) collected ($6)
Seat 6: juustmuckit1 (big blind) folded before Flop


PokerStars Hand #173890469171:  Hold'em Limit ($3/$6 USD) - 2017/08/03 19:46:56 ET
Table 'Sigune' 6-max Seat #6 is the button
Seat 1: uglyghost101 ($73.70 in chips)
Seat 6: juustmuckit1 ($142.42 in chips)
juustmuckit1: posts small blind $1
uglyghost101: posts big blind $3
*** HOLE CARDS ***
juustmuckit1: raises $3 to $6
uglyghost101: folds
Uncalled bet ($3) returned to juustmuckit1
juustmuckit1 collected $6 from pot
juustmuckit1: doesn't show hand
*** SUMMARY ***
Total pot $6 | Rake $0
Seat 1: uglyghost101 (big blind) folded before Flop
Seat 6: juustmuckit1 (button) (small blind) collected ($6)


PokerStars Hand #173890497599:  Hold'em Limit ($3/$6 USD) - 2017/08/03 19:47:52 ET
Table 'Sigune' 6-max Seat #6 is the button
Seat 1: uglyghost101 ($77.46 in chips)
Seat 6: juustmuckit1 ($138.18 in chips)
juustmuckit1: posts small blind $1
uglyghost101: posts big blind $3
*** HOLE CARDS ***
juustmuckit1: raises $3 to $6
uglyghost101: calls $3
*** FLOP *** [6c 8s Js]
uglyghost101: checks
juustmuckit1: bets $3
uglyghost101: calls $3
*** TURN *** [6c 8s Js] [7s]
uglyghost101: checks
juustmuckit1: bets $6
uglyghost101: calls $6
*** RIVER *** [6c 8s Js 7s] [Jc]
uglyghost101: checks
juustmuckit1: bets $6
Actordp31 joins the table at seat #5
uglyghost101: calls $6
*** SHOW DOWN ***
juustmuckit1: shows [8d Jd] (a full house, Jacks full of Eights)
uglyghost101: mucks hand
juustmuckit1 collected $41.50 from pot
*** SUMMARY ***
Total pot $42 | Rake $0.50
Board [6c 8s Js 7s Jc]
Seat 1: uglyghost101 (big blind) mucked
Seat 6: juustmuckit1 (button) (small blind) showed [8d Jd] and won ($41.50) with a full house, Jacks full of Eights


PokerStars Hand #173890490852:  Hold'em Limit ($3/$6 USD) - 2017/08/03 19:47:39 ET
Table 'Sigune' 6-max Seat #1 is the button
Seat 1: uglyghost101 ($71.70 in chips)
Seat 6: juustmuckit1 ($144.18 in chips)
uglyghost101: posts small blind $1
juustmuckit1: posts big blind $3
*** HOLE CARDS ***
uglyghost101: raises $3 to $6
juustmuckit1: calls $3
*** FLOP *** [Jh 7c Ts]
juustmuckit1: checks
uglyghost101: bets $3
juustmuckit1: folds
Uncalled bet ($3) returned to uglyghost101
uglyghost101 collected $11.76 from pot
uglyghost101: doesn't show hand
*** SUMMARY ***
Total pot $12 | Rake $0.24
Board [Jh 7c Ts]
Seat 1: uglyghost101 (button) (small blind) collected ($11.76)
Seat 6: juustmuckit1 (big blind) folded on the Flop


PokerStars Hand #173890484174:  Hold'em Limit ($3/$6 USD) - 2017/08/03 19:47:26 ET
Table 'Sigune' 6-max Seat #6 is the button
Seat 1: uglyghost101 ($77.70 in chips)
Seat 6: juustmuckit1 ($138.42 in chips)
juustmuckit1: posts small blind $1
uglyghost101: posts big blind $3
*** HOLE CARDS ***
juustmuckit1: raises $3 to $6
uglyghost101: calls $3
*** FLOP *** [7c 9d As]
uglyghost101: checks
juustmuckit1: bets $3
uglyghost101: folds
Uncalled bet ($3) returned to juustmuckit1
juustmuckit1 collected $11.76 from pot
juustmuckit1: doesn't show hand
*** SUMMARY ***
Total pot $12 | Rake $0.24
Board [7c 9d As]
Seat 1: uglyghost101 (big blind) folded on the Flop
Seat 6: juustmuckit1 (button) (small blind) collected ($11.76)


PokerStars Hand #173890578819:  Hold'em Limit ($3/$6 USD) - 2017/08/03 19:50:33 ET
Table 'Sigune' 6-max Seat #1 is the button
Seat 1: uglyghost101 ($100.02 in chips)
Seat 6: juustmuckit1 ($155.95 in chips)
uglyghost101: posts small blind $1
juustmuckit1: posts big blind $3
*** HOLE CARDS ***
uglyghost101: raises $3 to $6
juustmuckit1: calls $3
*** FLOP *** [Td Jh Ac]
Actordp31 leaves the table
juustmuckit1: checks
uglyghost101: bets $3
juustmuckit1: calls $3
*** TURN *** [Td Jh Ac] [7s]
juustmuckit1: checks
uglyghost101: checks
*** RIVER *** [Td Jh Ac 7s] [Kd]
juustmuckit1: bets $6
uglyghost101: raises $6 to $12
juustmuckit1: folds
Uncalled bet ($6) returned to uglyghost101
uglyghost101 collected $29.50 from pot
uglyghost101: doesn't show hand
*** SUMMARY ***
Total pot $30 | Rake $0.50
Board [Td Jh Ac 7s Kd]
Seat 1: uglyghost101 (button) (small blind) collected ($29.50)
Seat 6: juustmuckit1 (big blind) folded on the River


PokerStars Hand #173890593921:  Hold'em Limit ($3/$6 USD) - 2017/08/03 19:51:03 ET
Table 'Sigune' 6-max Seat #1 is the button
Seat 1: uglyghost101 ($111.52 in chips)
Seat 6: juustmuckit1 ($143.95 in chips)
uglyghost101: posts small blind $1
juustmuckit1: posts big blind $3
*** HOLE CARDS ***
uglyghost101: raises $3 to $6
juustmuckit1: folds
Uncalled bet ($3) returned to uglyghost101
uglyghost101 collected $6 from pot
uglyghost101: doesn't show hand
*** SUMMARY ***
Total pot $6 | Rake $0
Seat 1: uglyghost101 (button) (small blind) collected ($6)
Seat 6: juustmuckit1 (big blind) folded before Flop


PokerStars Hand #173890590000:  Hold'em Limit ($3/$6 USD) - 2017/08/03 19:50:55 ET
Table 'Sigune' 6-max Seat #6 is the button
Seat 1: uglyghost101 ($114.52 in chips)
Seat 6: juustmuckit1 ($140.95 in chips)
juustmuckit1: posts small blind $1
uglyghost101: posts big blind $3
*** HOLE CARDS ***
juustmuckit1: raises $3 to $6
uglyghost101: folds
Uncalled bet ($3) returned to juustmuckit1
juustmuckit1 collected $6 from pot
juustmuckit1: doesn't show hand
*** SUMMARY ***
Total pot $6 | Rake $0
Seat 1: uglyghost101 (big blind) folded before Flop
Seat 6: juustmuckit1 (button) (small blind) collected ($6)


PokerStars Hand #173890612772:  Hold'em Limit ($3/$6 USD) - 2017/08/03 19:51:40 ET
Table 'Sigune' 6-max Seat #6 is the button
Seat 1: uglyghost101 ($91.52 in chips)
Seat 6: juustmuckit1 ($163.45 in chips)
juustmuckit1: posts small blind $1
uglyghost101: posts big blind $3
*** HOLE CARDS ***
juustmuckit1: raises $3 to $6
uglyghost101: raises $3 to $9
juustmuckit1: raises $3 to $12
Betting is capped
uglyghost101: calls $3
*** FLOP *** [6s 7c Jc]
uglyghost101: checks
juustmuckit1: bets $3
uglyghost101: calls $3
*** TURN *** [6s 7c Jc] [5h]
uglyghost101: checks
juustmuckit1: checks
*** RIVER *** [6s 7c Jc 5h] [3d]
uglyghost101: checks
juustmuckit1: bets $6
uglyghost101: folds
Uncalled bet ($6) returned to juustmuckit1
juustmuckit1 collected $29.50 from pot
juustmuckit1: doesn't show hand
*** SUMMARY ***
Total pot $30 | Rake $0.50
Board [6s 7c Jc 5h 3d]
Seat 1: uglyghost101 (big blind) folded on the River
Seat 6: juustmuckit1 (button) (small blind) collected ($29.50)


PokerStars Hand #173890599756:  Hold'em Limit ($3/$6 USD) - 2017/08/03 19:51:14 ET
Table 'Sigune' 6-max Seat #1 is the button
Seat 1: uglyghost101 ($115.52 in chips)
Seat 6: juustmuckit1 ($139.95 in chips)
uglyghost101: posts small blind $1
juustmuckit1: posts big blind $3
*** HOLE CARDS ***
uglyghost101: raises $3 to $6
juustmuckit1: calls $3
*** FLOP *** [Tc Ac 3c]
juustmuckit1: checks
uglyghost101: bets $3
juustmuckit1: raises $3 to $6
uglyghost101: calls $3
*** TURN *** [Tc Ac 3c] [3d]
juustmuckit1: bets $6
uglyghost101: calls $6
*** RIVER *** [Tc Ac 3c 3d] [9s]
juustmuckit1: bets $6
uglyghost101: calls $6
*** SHOW DOWN ***
juustmuckit1: shows [2d Ah] (two pair, Aces and Threes)
uglyghost101: mucks hand
juustmuckit1 collected $47.50 from pot
*** SUMMARY ***
Total pot $48 | Rake $0.50
Board [Tc Ac 3c 3d 9s]
Seat 1: uglyghost101 (button) (small blind) mucked
Seat 6: juustmuckit1 (big blind) showed [2d Ah] and won ($47.50) with two pair, Aces and Threes


PokerStars Hand #173890625444:  Hold'em Limit ($3/$6 USD) - 2017/08/03 19:52:05 ET
Table 'Sigune' 6-max Seat #1 is the button
Seat 1: uglyghost101 ($76.52 in chips)
Seat 6: juustmuckit1 ($177.95 in chips)
uglyghost101: posts small blind $1
juustmuckit1: posts big blind $3
*** HOLE CARDS ***
uglyghost101: calls $2
juustmuckit1: raises $3 to $6
uglyghost101: calls $3
*** FLOP *** [As Kh Qd]
juustmuckit1: bets $3
uglyghost101: calls $3
*** TURN *** [As Kh Qd] [Ks]
juustmuckit1: bets $6
uglyghost101: folds
Uncalled bet ($6) returned to juustmuckit1
juustmuckit1 collected $17.64 from pot
juustmuckit1: doesn't show hand
*** SUMMARY ***
Total pot $18 | Rake $0.36
Board [As Kh Qd Ks]
Seat 1: uglyghost101 (button) (small blind) folded on the Turn
Seat 6: juustmuckit1 (big blind) collected ($17.64)


PokerStars Hand #173890652834:  Hold'em Limit ($3/$6 USD) - 2017/08/03 19:52:59 ET
Table 'Sigune' 6-max Seat #6 is the button
Seat 1: uglyghost101 ($81.02 in chips)
Seat 6: juustmuckit1 ($172.59 in chips)
juustmuckit1: posts small blind $1
uglyghost101: posts big blind $3
*** HOLE CARDS ***
juustmuckit1: raises $3 to $6
uglyghost101: calls $3
*** FLOP *** [Kh 6d Js]
uglyghost101: checks
juustmuckit1: bets $3
uglyghost101: folds
Uncalled bet ($3) returned to juustmuckit1
juustmuckit1 collected $11.76 from pot
juustmuckit1: doesn't show hand
*** SUMMARY ***
Total pot $12 | Rake $0.24
Board [Kh 6d Js]
Seat 1: uglyghost101 (big blind) folded on the Flop
Seat 6: juustmuckit1 (button) (small blind) collected ($11.76)


PokerStars Hand #173890649393:  Hold'em Limit ($3/$6 USD) - 2017/08/03 19:52:53 ET
Table 'Sigune' 6-max Seat #1 is the button
Seat 1: uglyghost101 ($82.02 in chips)
Seat 6: juustmuckit1 ($171.59 in chips)
uglyghost101: posts small blind $1
juustmuckit1: posts big blind $3
*** HOLE CARDS ***
uglyghost101: folds
Uncalled bet ($2) returned to juustmuckit1
juustmuckit1 collected $2 from pot
juustmuckit1: doesn't show hand
*** SUMMARY ***
Total pot $2 | Rake $0
Seat 1: uglyghost101 (button) (small blind) folded before Flop
Seat 6: juustmuckit1 (big blind) collected ($2)


PokerStars Hand #173890661594:  Hold'em Limit ($3/$6 USD) - 2017/08/03 19:53:17 ET
Table 'Sigune' 6-max Seat #6 is the button
Seat 1: uglyghost101 ($74.02 in chips)
Seat 6: juustmuckit1 ($179.35 in chips)
juustmuckit1: posts small blind $1
uglyghost101: posts big blind $3
*** HOLE CARDS ***
juustmuckit1: folds
Uncalled bet ($2) returned to uglyghost101
uglyghost101 collected $2 from pot
uglyghost101: doesn't show hand
*** SUMMARY ***
Total pot $2 | Rake $0
Seat 1: uglyghost101 (big blind) collected ($2)
Seat 6: juustmuckit1 (button) (small blind) folded before Flop


PokerStars Hand #173890658508:  Hold'em Limit ($3/$6 USD) - 2017/08/03 19:53:11 ET
Table 'Sigune' 6-max Seat #1 is the button
Seat 1: uglyghost101 ($75.02 in chips)
Seat 6: juustmuckit1 ($178.35 in chips)
uglyghost101: posts small blind $1
juustmuckit1: posts big blind $3
*** HOLE CARDS ***
uglyghost101: folds
Uncalled bet ($2) returned to juustmuckit1
juustmuckit1 collected $2 from pot
juustmuckit1: doesn't show hand
*** SUMMARY ***
Total pot $2 | Rake $0
Seat 1: uglyghost101 (button) (small blind) folded before Flop
Seat 6: juustmuckit1 (big blind) collected ($2)


PokerStars Hand #173890636035:  Hold'em Limit ($3/$6 USD) - 2017/08/03 19:52:26 ET
Table 'Sigune' 6-max Seat #6 is the button
Seat 1: uglyghost101 ($67.52 in chips)
Seat 6: juustmuckit1 ($186.59 in chips)
juustmuckit1: posts small blind $1
uglyghost101: posts big blind $3
*** HOLE CARDS ***
juustmuckit1: raises $3 to $6
uglyghost101: calls $3
*** FLOP *** [3d 5h Qc]
uglyghost101: checks
juustmuckit1: bets $3
uglyghost101: calls $3
*** TURN *** [3d 5h Qc] [Qs]
uglyghost101: checks
juustmuckit1: checks
*** RIVER *** [3d 5h Qc Qs] [Js]
uglyghost101: bets $6
juustmuckit1: calls $6
*** SHOW DOWN ***
uglyghost101: shows [4s Qd] (three of a kind, Queens)
juustmuckit1: mucks hand
uglyghost101 collected $29.50 from pot
*** SUMMARY ***
Total pot $30 | Rake $0.50
Board [3d 5h Qc Qs Js]
Seat 1: uglyghost101 (big blind) showed [4s Qd] and won ($29.50) with three of a kind, Queens
Seat 6: juustmuckit1 (button) (small blind) mucked


PokerStars Hand #173890693654:  Hold'em Limit ($3/$6 USD) - 2017/08/03 19:54:21 ET
Table 'Sigune' 6-max Seat #1 is the button
Seat 1: uglyghost101 ($67.02 in chips)
Seat 6: juustmuckit1 ($185.99 in chips)
uglyghost101: posts small blind $1
juustmuckit1: posts big blind $3
*** HOLE CARDS ***
uglyghost101: raises $3 to $6
juustmuckit1: folds
Uncalled bet ($3) returned to uglyghost101
uglyghost101 collected $6 from pot
uglyghost101: doesn't show hand
*** SUMMARY ***
Total pot $6 | Rake $0
Seat 1: uglyghost101 (button) (small blind) collected ($6)
Seat 6: juustmuckit1 (big blind) folded before Flop


PokerStars Hand #173890691118:  Hold'em Limit ($3/$6 USD) - 2017/08/03 19:54:16 ET
Table 'Sigune' 6-max Seat #6 is the button
Seat 1: uglyghost101 ($66.02 in chips)
Seat 6: juustmuckit1 ($186.99 in chips)
juustmuckit1: posts small blind $1
uglyghost101: posts big blind $3
*** HOLE CARDS ***
juustmuckit1: folds
Uncalled bet ($2) returned to uglyghost101
uglyghost101 collected $2 from pot
uglyghost101: doesn't show hand
*** SUMMARY ***
Total pot $2 | Rake $0
Seat 1: uglyghost101 (big blind) collected ($2)
Seat 6: juustmuckit1 (button) (small blind) folded before Flop


PokerStars Hand #173890664289:  Hold'em Limit ($3/$6 USD) - 2017/08/03 19:53:22 ET
Table 'Sigune' 6-max Seat #1 is the button
Seat 1: uglyghost101 ($75.02 in chips)
Seat 6: juustmuckit1 ($178.35 in chips)
uglyghost101: posts small blind $1
juustmuckit1: posts big blind $3
*** HOLE CARDS ***
uglyghost101: raises $3 to $6
juustmuckit1: calls $3
*** FLOP *** [Qd Jh Kd]
juustmuckit1: checks
uglyghost101: bets $3
juustmuckit1: calls $3
*** TURN *** [Qd Jh Kd] [Qs]
juustmuckit1: checks
uglyghost101: checks
*** RIVER *** [Qd Jh Kd Qs] [Kh]
juustmuckit1: checks
uglyghost101: checks
*** SHOW DOWN ***
juustmuckit1: shows [Ah 5c] (two pair, Kings and Queens)
uglyghost101: mucks hand
juustmuckit1 collected $17.64 from pot
*** SUMMARY ***
Total pot $18 | Rake $0.36
Board [Qd Jh Kd Qs Kh]
Seat 1: uglyghost101 (button) (small blind) mucked
Seat 6: juustmuckit1 (big blind) showed [Ah 5c] and won ($17.64) with two pair, Kings and Queens


PokerStars Hand #173890711870:  Hold'em Limit ($3/$6 USD) - 2017/08/03 19:54:57 ET
Table 'Sigune' 6-max Seat #6 is the button
Seat 1: uglyghost101 ($81.52 in chips)
Seat 6: juustmuckit1 ($170.99 in chips)
juustmuckit1: posts small blind $1
uglyghost101: posts big blind $3
*** HOLE CARDS ***
juustmuckit1: raises $3 to $6
uglyghost101: calls $3
*** FLOP *** [Jd Ks Ac]
uglyghost101: checks
juustmuckit1: bets $3
uglyghost101: folds
Uncalled bet ($3) returned to juustmuckit1
juustmuckit1 collected $11.76 from pot
juustmuckit1: doesn't show hand
*** SUMMARY ***
Total pot $12 | Rake $0.24
Board [Jd Ks Ac]
Seat 1: uglyghost101 (big blind) folded on the Flop
Seat 6: juustmuckit1 (button) (small blind) collected ($11.76)


PokerStars Hand #173890701297:  Hold'em Limit ($3/$6 USD) - 2017/08/03 19:54:36 ET
Table 'Sigune' 6-max Seat #1 is the button
Seat 1: uglyghost101 ($67.02 in chips)
Seat 6: juustmuckit1 ($185.99 in chips)
uglyghost101: posts small blind $1
juustmuckit1: posts big blind $3
*** HOLE CARDS ***
uglyghost101: raises $3 to $6
juustmuckit1: calls $3
*** FLOP *** [8s 8c Qs]
juustmuckit1: checks
uglyghost101: bets $3
juustmuckit1: calls $3
*** TURN *** [8s 8c Qs] [3c]
juustmuckit1: checks
uglyghost101: checks
*** RIVER *** [8s 8c Qs 3c] [Jh]
juustmuckit1: bets $6
uglyghost101: calls $6
*** SHOW DOWN ***
juustmuckit1: shows [Kd Th] (a pair of Eights)
uglyghost101: shows [Kc Ah] (a pair of Eights - Ace kicker)
uglyghost101 collected $29.50 from pot
*** SUMMARY ***
Total pot $30 | Rake $0.50
Board [8s 8c Qs 3c Jh]
Seat 1: uglyghost101 (button) (small blind) showed [Kc Ah] and won ($29.50) with a pair of Eights
Seat 6: juustmuckit1 (big blind) showed [Kd Th] and lost with a pair of Eights


PokerStars Hand #173890724356:  Hold'em Limit ($3/$6 USD) - 2017/08/03 19:55:24 ET
Table 'Sigune' 6-max Seat #1 is the button
Seat 1: uglyghost101 ($79.52 in chips)
Seat 6: juustmuckit1 ($172.75 in chips)
uglyghost101: posts small blind $1
juustmuckit1: posts big blind $3
*** HOLE CARDS ***
uglyghost101: folds
Uncalled bet ($2) returned to juustmuckit1
juustmuckit1 collected $2 from pot
juustmuckit1: doesn't show hand
*** SUMMARY ***
Total pot $2 | Rake $0
Seat 1: uglyghost101 (button) (small blind) folded before Flop
Seat 6: juustmuckit1 (big blind) collected ($2)


PokerStars Hand #173890722127:  Hold'em Limit ($3/$6 USD) - 2017/08/03 19:55:19 ET
Table 'Sigune' 6-max Seat #6 is the button
Seat 1: uglyghost101 ($78.52 in chips)
Seat 6: juustmuckit1 ($173.75 in chips)
juustmuckit1: posts small blind $1
uglyghost101: posts big blind $3
*** HOLE CARDS ***
juustmuckit1: folds
Uncalled bet ($2) returned to uglyghost101
uglyghost101 collected $2 from pot
uglyghost101: doesn't show hand
*** SUMMARY ***
Total pot $2 | Rake $0
Seat 1: uglyghost101 (big blind) collected ($2)
Seat 6: juustmuckit1 (button) (small blind) folded before Flop


PokerStars Hand #173890719418:  Hold'em Limit ($3/$6 USD) - 2017/08/03 19:55:12 ET
Table 'Sigune' 6-max Seat #1 is the button
Seat 1: uglyghost101 ($75.52 in chips)
Seat 6: juustmuckit1 ($176.75 in chips)
uglyghost101: posts small blind $1
juustmuckit1: posts big blind $3
*** HOLE CARDS ***
uglyghost101: raises $3 to $6
juustmuckit1: folds
Uncalled bet ($3) returned to uglyghost101
uglyghost101 collected $6 from pot
uglyghost101: doesn't show hand
*** SUMMARY ***
Total pot $6 | Rake $0
Seat 1: uglyghost101 (button) (small blind) collected ($6)
Seat 6: juustmuckit1 (big blind) folded before Flop


PokerStars Hand #173890697205:  Hold'em Limit ($3/$6 USD) - 2017/08/03 19:54:28 ET
Table 'Sigune' 6-max Seat #6 is the button
Seat 1: uglyghost101 ($70.02 in chips)
Seat 6: juustmuckit1 ($182.99 in chips)
juustmuckit1: posts small blind $1
uglyghost101: posts big blind $3
*** HOLE CARDS ***
juustmuckit1: raises $3 to $6
uglyghost101: folds
Uncalled bet ($3) returned to juustmuckit1
juustmuckit1 collected $6 from pot
juustmuckit1: doesn't show hand
*** SUMMARY ***
Total pot $6 | Rake $0
Seat 1: uglyghost101 (big blind) folded before Flop
Seat 6: juustmuckit1 (button) (small blind) collected ($6)


PokerStars Hand #173890727317:  Hold'em Limit ($3/$6 USD) - 2017/08/03 19:55:31 ET
Table 'Sigune' 6-max Seat #6 is the button
Seat 1: uglyghost101 ($78.52 in chips)
Seat 6: juustmuckit1 ($173.75 in chips)
juustmuckit1: posts small blind $1
uglyghost101: posts big blind $3
*** HOLE CARDS ***
juustmuckit1: raises $3 to $6
uglyghost101: raises $3 to $9
juustmuckit1: calls $3
*** FLOP *** [5c 5s Jh]
uglyghost101: bets $3
juustmuckit1: folds
Uncalled bet ($3) returned to uglyghost101
uglyghost101 collected $17.64 from pot
uglyghost101: doesn't show hand
*** SUMMARY ***
Total pot $18 | Rake $0.36
Board [5c 5s Jh]
Seat 1: uglyghost101 (big blind) collected ($17.64)
Seat 6: juustmuckit1 (button) (small blind) folded on the Flop


PokerStars Hand #173890734914:  Hold'em Limit ($3/$6 USD) - 2017/08/03 19:55:49 ET
Table 'Sigune' 6-max Seat #6 is the button
Seat 1: uglyghost101 ($86.16 in chips)
Seat 6: juustmuckit1 ($165.75 in chips)
juustmuckit1: posts small blind $1
uglyghost101: posts big blind $3
*** HOLE CARDS ***
juustmuckit1: raises $3 to $6
uglyghost101: raises $3 to $9
juustmuckit1: calls $3
*** FLOP *** [Qd Th 5d]
uglyghost101: bets $3
juustmuckit1: folds
Uncalled bet ($3) returned to uglyghost101
uglyghost101 collected $17.64 from pot
uglyghost101: doesn't show hand
*** SUMMARY ***
Total pot $18 | Rake $0.36
Board [Qd Th 5d]
Seat 1: uglyghost101 (big blind) collected ($17.64)
Seat 6: juustmuckit1 (button) (small blind) folded on the Flop


PokerStars Hand #173890740268:  Hold'em Limit ($3/$6 USD) - 2017/08/03 19:56:02 ET
Table 'Sigune' 6-max Seat #1 is the button
Seat 1: uglyghost101 ($94.80 in chips)
Seat 6: juustmuckit1 ($156.75 in chips)
uglyghost101: posts small blind $1
juustmuckit1: posts big blind $3
*** HOLE CARDS ***
uglyghost101: raises $3 to $6
juustmuckit1: folds
Uncalled bet ($3) returned to uglyghost101
uglyghost101 collected $6 from pot
uglyghost101: doesn't show hand
*** SUMMARY ***
Total pot $6 | Rake $0
Seat 1: uglyghost101 (button) (small blind) collected ($6)
Seat 6: juustmuckit1 (big blind) folded before Flop


PokerStars Hand #173890732139:  Hold'em Limit ($3/$6 USD) - 2017/08/03 19:55:42 ET
Table 'Sigune' 6-max Seat #1 is the button
Seat 1: uglyghost101 ($87.16 in chips)
Seat 6: juustmuckit1 ($164.75 in chips)
uglyghost101: posts small blind $1
juustmuckit1: posts big blind $3
*** HOLE CARDS ***
uglyghost101: folds
Uncalled bet ($2) returned to juustmuckit1
juustmuckit1 collected $2 from pot
juustmuckit1: doesn't show hand
*** SUMMARY ***
Total pot $2 | Rake $0
Seat 1: uglyghost101 (button) (small blind) folded before Flop
Seat 6: juustmuckit1 (big blind) collected ($2)


PokerStars Hand #173890747853:  Hold'em Limit ($3/$6 USD) - 2017/08/03 19:56:20 ET
Table 'Sigune' 6-max Seat #6 is the button
Seat 1: uglyghost101 ($97.80 in chips)
Seat 6: juustmuckit1 ($153.75 in chips)
juustmuckit1: posts small blind $1
uglyghost101: posts big blind $3
*** HOLE CARDS ***
juustmuckit1: raises $3 to $6
uglyghost101: folds
Uncalled bet ($3) returned to juustmuckit1
juustmuckit1 collected $6 from pot
juustmuckit1: doesn't show hand
*** SUMMARY ***
Total pot $6 | Rake $0
Seat 1: uglyghost101 (big blind) folded before Flop
Seat 6: juustmuckit1 (button) (small blind) collected ($6)


PokerStars Hand #173890745364:  Hold'em Limit ($3/$6 USD) - 2017/08/03 19:56:14 ET
Table 'Sigune' 6-max Seat #1 is the button
Seat 1: uglyghost101 ($98.80 in chips)
Seat 6: juustmuckit1 ($152.75 in chips)
uglyghost101: posts small blind $1
juustmuckit1: posts big blind $3
*** HOLE CARDS ***
uglyghost101: folds
Uncalled bet ($2) returned to juustmuckit1
juustmuckit1 collected $2 from pot
juustmuckit1: doesn't show hand
*** SUMMARY ***
Total pot $2 | Rake $0
Seat 1: uglyghost101 (button) (small blind) folded before Flop
Seat 6: juustmuckit1 (big blind) collected ($2)


PokerStars Hand #173890774776:  Hold'em Limit ($3/$6 USD) - 2017/08/03 19:57:23 ET
Table 'Sigune' 6-max Seat #1 is the button
Seat 1: uglyghost101 ($101.32 in chips)
Seat 6: juustmuckit1 ($149.39 in chips)
uglyghost101: posts small blind $1
juustmuckit1: posts big blind $3
*** HOLE CARDS ***
uglyghost101: folds
Uncalled bet ($2) returned to juustmuckit1
juustmuckit1 collected $2 from pot
juustmuckit1: doesn't show hand
*** SUMMARY ***
Total pot $2 | Rake $0
Seat 1: uglyghost101 (button) (small blind) folded before Flop
Seat 6: juustmuckit1 (big blind) collected ($2)


PokerStars Hand #173890772581:  Hold'em Limit ($3/$6 USD) - 2017/08/03 19:57:17 ET
Table 'Sigune' 6-max Seat #6 is the button
Seat 1: uglyghost101 ($100.32 in chips)
Seat 6: juustmuckit1 ($150.39 in chips)
juustmuckit1: posts small blind $1
uglyghost101: posts big blind $3
*** HOLE CARDS ***
juustmuckit1: folds
Uncalled bet ($2) returned to uglyghost101
uglyghost101 collected $2 from pot
uglyghost101: doesn't show hand
*** SUMMARY ***
Total pot $2 | Rake $0
Seat 1: uglyghost101 (big blind) collected ($2)
Seat 6: juustmuckit1 (button) (small blind) folded before Flop


PokerStars Hand #173890769719:  Hold'em Limit ($3/$6 USD) - 2017/08/03 19:57:11 ET
Table 'Sigune' 6-max Seat #1 is the button
Seat 1: uglyghost101 ($97.32 in chips)
Seat 6: juustmuckit1 ($153.39 in chips)
uglyghost101: posts small blind $1
juustmuckit1: posts big blind $3
*** HOLE CARDS ***
uglyghost101: raises $3 to $6
juustmuckit1: folds
Uncalled bet ($3) returned to uglyghost101
uglyghost101 collected $6 from pot
uglyghost101: doesn't show hand
*** SUMMARY ***
Total pot $6 | Rake $0
Seat 1: uglyghost101 (button) (small blind) collected ($6)
Seat 6: juustmuckit1 (big blind) folded before Flop


PokerStars Hand #173890750691:  Hold'em Limit ($3/$6 USD) - 2017/08/03 19:56:26 ET
Table 'Sigune' 6-max Seat #1 is the button
Seat 1: uglyghost101 ($94.80 in chips)
Seat 6: juustmuckit1 ($156.75 in chips)
uglyghost101: posts small blind $1
juustmuckit1: posts big blind $3
*** HOLE CARDS ***
uglyghost101: raises $3 to $6
juustmuckit1: calls $3
*** FLOP *** [Jh 3h Ah]
juustmuckit1: checks
uglyghost101: bets $3
juustmuckit1: calls $3
*** TURN *** [Jh 3h Ah] [6c]
juustmuckit1: checks
uglyghost101: checks
*** RIVER *** [Jh 3h Ah 6c] [8s]
juustmuckit1: checks
uglyghost101: checks
*** SHOW DOWN ***
juustmuckit1: shows [Kh 2d] (high card Ace)
uglyghost101: mucks hand
juustmuckit1 collected $17.64 from pot
*** SUMMARY ***
Total pot $18 | Rake $0.36
Board [Jh 3h Ah 6c 8s]
Seat 1: uglyghost101 (button) (small blind) mucked
Seat 6: juustmuckit1 (big blind) showed [Kh 2d] and won ($17.64) with high card Ace


PokerStars Hand #173890777333:  Hold'em Limit ($3/$6 USD) - 2017/08/03 19:57:29 ET
Table 'Sigune' 6-max Seat #6 is the button
Seat 1: uglyghost101 ($100.32 in chips)
Seat 6: juustmuckit1 ($150.39 in chips)
juustmuckit1: posts small blind $1
uglyghost101: posts big blind $3
*** HOLE CARDS ***
juustmuckit1: folds
Uncalled bet ($2) returned to uglyghost101
uglyghost101 collected $2 from pot
uglyghost101: doesn't show hand
*** SUMMARY ***
Total pot $2 | Rake $0
Seat 1: uglyghost101 (big blind) collected ($2)
Seat 6: juustmuckit1 (button) (small blind) folded before Flop


