PokerStars Hand #163603582759:  Hold'em Limit ($3/$6 USD) - 2016/12/27 9:44:32 ET
Table 'Sigune II' 6-max Seat #2 is the button
Seat 1: LifeisagameX ($98.50 in chips)
Seat 2: SlapChopp ($105 in chips)
SlapChopp: posts small blind $1
LifeisagameX: posts big blind $3
*** HOLE CARDS ***
SlapChopp: raises $3 to $6
LifeisagameX: calls $3
*** FLOP *** [Qd Ac 4d]
LifeisagameX: checks
SlapChopp: bets $3
LifeisagameX: calls $3
*** TURN *** [Qd Ac 4d] [9d]
LifeisagameX: checks
SlapChopp: checks
*** RIVER *** [Qd Ac 4d 9d] [Th]
LifeisagameX: bets $6
SlapChopp: calls $6
*** SHOW DOWN ***
LifeisagameX: shows [9s Jh] (a pair of Nines)
SlapChopp: mucks hand
LifeisagameX collected $29.50 from pot
*** SUMMARY ***
Total pot $30 | Rake $0.50
Board [Qd Ac 4d 9d Th]
Seat 1: LifeisagameX (big blind) showed [9s Jh] and won ($29.50) with a pair of Nines
Seat 2: SlapChopp (button) (small blind) mucked


PokerStars Hand #163603635469:  Hold'em Limit ($3/$6 USD) - 2016/12/27 9:45:43 ET
Table 'Sigune II' 6-max Seat #2 is the button
Seat 1: LifeisagameX ($124.52 in chips)
Seat 2: SlapChopp ($78 in chips)
SlapChopp: posts small blind $1
LifeisagameX: posts big blind $3
*** HOLE CARDS ***
SlapChopp: raises $3 to $6
LifeisagameX: calls $3
*** FLOP *** [Kd 4d Kh]
LifeisagameX: checks
SlapChopp: bets $3
LifeisagameX: folds
Uncalled bet ($3) returned to SlapChopp
SlapChopp collected $11.76 from pot
SlapChopp: doesn't show hand
*** SUMMARY ***
Total pot $12 | Rake $0.24
Board [Kd 4d Kh]
Seat 1: LifeisagameX (big blind) folded on the Flop
Seat 2: SlapChopp (button) (small blind) collected ($11.76)


PokerStars Hand #163603603505:  Hold'em Limit ($3/$6 USD) - 2016/12/27 9:45:00 ET
Table 'Sigune II' 6-max Seat #1 is the button
Seat 1: LifeisagameX ($113 in chips)
Seat 2: SlapChopp ($90 in chips)
LifeisagameX: posts small blind $1
SlapChopp: posts big blind $3
*** HOLE CARDS ***
LifeisagameX: raises $3 to $6
SlapChopp: calls $3
*** FLOP *** [8s Th 8d]
SlapChopp: checks
LifeisagameX: checks
*** TURN *** [8s Th 8d] [Jc]
SlapChopp: bets $6
LifeisagameX: calls $6
*** RIVER *** [8s Th 8d Jc] [6s]
SlapChopp: checks
LifeisagameX: bets $6
SlapChopp: folds
Uncalled bet ($6) returned to LifeisagameX
LifeisagameX collected $23.52 from pot
LifeisagameX: doesn't show hand
*** SUMMARY ***
Total pot $24 | Rake $0.48
Board [8s Th 8d Jc 6s]
Seat 1: LifeisagameX (button) (small blind) collected ($23.52)
Seat 2: SlapChopp (big blind) folded on the River


PokerStars Hand #163603648038:  Hold'em Limit ($3/$6 USD) - 2016/12/27 9:46:01 ET
Table 'Sigune II' 6-max Seat #1 is the button
Seat 1: LifeisagameX ($118.52 in chips)
Seat 2: SlapChopp ($83.76 in chips)
LifeisagameX: posts small blind $1
SlapChopp: posts big blind $3
*** HOLE CARDS ***
LifeisagameX: raises $3 to $6
SlapChopp: calls $3
*** FLOP *** [4h 5c 9h]
SlapChopp: checks
LifeisagameX: checks
*** TURN *** [4h 5c 9h] [Kc]
SlapChopp: bets $6
LifeisagameX: folds
Uncalled bet ($6) returned to SlapChopp
SlapChopp collected $11.76 from pot
SlapChopp: doesn't show hand
*** SUMMARY ***
Total pot $12 | Rake $0.24
Board [4h 5c 9h Kc]
Seat 1: LifeisagameX (button) (small blind) folded on the Turn
Seat 2: SlapChopp (big blind) collected ($11.76)


PokerStars Hand #163603552674:  Hold'em Limit ($3/$6 USD) - 2016/12/27 9:43:51 ET
Table 'Sigune II' 6-max Seat #1 is the button
Seat 1: LifeisagameX ($84 in chips)
Seat 2: SlapChopp ($120 in chips)
LifeisagameX: posts small blind $1
SlapChopp: posts big blind $3
*** HOLE CARDS ***
LifeisagameX: raises $3 to $6
SlapChopp: calls $3
*** FLOP *** [5d 2d 3c]
SlapChopp: checks
LifeisagameX: bets $3
SlapChopp: calls $3
*** TURN *** [5d 2d 3c] [Kc]
SlapChopp: checks
LifeisagameX: checks
*** RIVER *** [5d 2d 3c Kc] [Kd]
SlapChopp: checks
LifeisagameX: bets $6
SlapChopp: calls $6
*** SHOW DOWN ***
LifeisagameX: shows [As 9d] (a pair of Kings)
SlapChopp: mucks hand
LifeisagameX collected $29.50 from pot
*** SUMMARY ***
Total pot $30 | Rake $0.50
Board [5d 2d 3c Kc Kd]
Seat 1: LifeisagameX (button) (small blind) showed [As 9d] and won ($29.50) with a pair of Kings
Seat 2: SlapChopp (big blind) mucked


PokerStars Hand #163603692800:  Hold'em Limit ($3/$6 USD) - 2016/12/27 9:47:01 ET
Table 'Sigune II' 6-max Seat #1 is the button
Seat 1: LifeisagameX ($124.04 in chips)
Seat 2: SlapChopp ($77.52 in chips)
LifeisagameX: posts small blind $1
SlapChopp: posts big blind $3
*** HOLE CARDS ***
LifeisagameX: raises $3 to $6
SlapChopp: folds
Uncalled bet ($3) returned to LifeisagameX
LifeisagameX collected $6 from pot
LifeisagameX: doesn't show hand
*** SUMMARY ***
Total pot $6 | Rake $0
Seat 1: LifeisagameX (button) (small blind) collected ($6)
Seat 2: SlapChopp (big blind) folded before Flop


PokerStars Hand #163603662250:  Hold'em Limit ($3/$6 USD) - 2016/12/27 9:46:20 ET
Table 'Sigune II' 6-max Seat #2 is the button
Seat 1: LifeisagameX ($112.52 in chips)
Seat 2: SlapChopp ($89.52 in chips)
SlapChopp: posts small blind $1
LifeisagameX: posts big blind $3
*** HOLE CARDS ***
SlapChopp: raises $3 to $6
LifeisagameX: raises $3 to $9
SlapChopp: calls $3
*** FLOP *** [2s 2h 9c]
LifeisagameX: bets $3
SlapChopp: calls $3
*** TURN *** [2s 2h 9c] [7h]
LifeisagameX: bets $6
SlapChopp: folds
Uncalled bet ($6) returned to LifeisagameX
LifeisagameX collected $23.52 from pot
LifeisagameX: doesn't show hand
*** SUMMARY ***
Total pot $24 | Rake $0.48
Board [2s 2h 9c 7h]
Seat 1: LifeisagameX (big blind) collected ($23.52)
Seat 2: SlapChopp (button) (small blind) folded on the Turn


PokerStars Hand #163603748973:  Hold'em Limit ($3/$6 USD) - 2016/12/27 9:47:52 ET
Table 'Sigune II' 6-max Seat #1 is the button
Seat 1: LifeisagameX ($138.56 in chips)
Seat 2: SlapChopp ($62.52 in chips)
LifeisagameX: posts small blind $1
SlapChopp: posts big blind $3
*** HOLE CARDS ***
LifeisagameX: raises $3 to $6
SlapChopp: folds
Uncalled bet ($3) returned to LifeisagameX
LifeisagameX collected $6 from pot
LifeisagameX: doesn't show hand
*** SUMMARY ***
Total pot $6 | Rake $0
Seat 1: LifeisagameX (button) (small blind) collected ($6)
Seat 2: SlapChopp (big blind) folded before Flop


PokerStars Hand #163603761142:  Hold'em Limit ($3/$6 USD) - 2016/12/27 9:48:06 ET
Table 'Sigune II' 6-max Seat #1 is the button
Seat 1: LifeisagameX ($142.56 in chips)
Seat 2: SlapChopp ($58.52 in chips)
LifeisagameX: posts small blind $1
SlapChopp: posts big blind $3
*** HOLE CARDS ***
LifeisagameX: raises $3 to $6
SlapChopp: calls $3
*** FLOP *** [8h Th 3s]
SlapChopp: checks
LifeisagameX: bets $3
SlapChopp: calls $3
*** TURN *** [8h Th 3s] [Td]
SlapChopp: checks
LifeisagameX: bets $6
SlapChopp: calls $6
*** RIVER *** [8h Th 3s Td] [5s]
SlapChopp: checks
LifeisagameX: bets $6
SlapChopp: calls $6
*** SHOW DOWN ***
LifeisagameX: shows [3h 8s] (two pair, Tens and Eights)
SlapChopp: shows [8d 9d] (two pair, Tens and Eights - Nine kicker)
SlapChopp collected $41.50 from pot
*** SUMMARY ***
Total pot $42 | Rake $0.50
Board [8h Th 3s Td 5s]
Seat 1: LifeisagameX (button) (small blind) showed [3h 8s] and lost with two pair, Tens and Eights
Seat 2: SlapChopp (big blind) showed [8d 9d] and won ($41.50) with two pair, Tens and Eights


PokerStars Hand #163603713299:  Hold'em Limit ($3/$6 USD) - 2016/12/27 9:47:18 ET
Table 'Sigune II' 6-max Seat #2 is the button
Seat 1: LifeisagameX ($127.04 in chips)
Seat 2: SlapChopp ($74.52 in chips)
SlapChopp: posts small blind $1
LifeisagameX: posts big blind $3
*** HOLE CARDS ***
SlapChopp: raises $3 to $6
LifeisagameX: calls $3
*** FLOP *** [8s 6h 8h]
LifeisagameX: checks
SlapChopp: bets $3
LifeisagameX: raises $3 to $6
SlapChopp: calls $3
*** TURN *** [8s 6h 8h] [8c]
LifeisagameX: checks
SlapChopp: checks
*** RIVER *** [8s 6h 8h 8c] [5h]
LifeisagameX: bets $6
SlapChopp: folds
Uncalled bet ($6) returned to LifeisagameX
LifeisagameX collected $23.52 from pot
LifeisagameX: doesn't show hand
*** SUMMARY ***
Total pot $24 | Rake $0.48
Board [8s 6h 8h 8c 5h]
Seat 1: LifeisagameX (big blind) collected ($23.52)
Seat 2: SlapChopp (button) (small blind) folded on the River


PokerStars Hand #163603756232:  Hold'em Limit ($3/$6 USD) - 2016/12/27 9:48:00 ET
Table 'Sigune II' 6-max Seat #2 is the button
Seat 1: LifeisagameX ($141.56 in chips)
Seat 2: SlapChopp ($59.52 in chips)
SlapChopp: posts small blind $1
LifeisagameX: posts big blind $3
*** HOLE CARDS ***
SlapChopp: folds
Uncalled bet ($2) returned to LifeisagameX
LifeisagameX collected $2 from pot
LifeisagameX: doesn't show hand
*** SUMMARY ***
Total pot $2 | Rake $0
Seat 1: LifeisagameX (big blind) collected ($2)
Seat 2: SlapChopp (button) (small blind) folded before Flop


PokerStars Hand #163603780074:  Hold'em Limit ($3/$6 USD) - 2016/12/27 9:48:30 ET
Table 'Sigune II' 6-max Seat #2 is the button
Seat 1: LifeisagameX ($121.56 in chips)
Seat 2: SlapChopp ($79.02 in chips)
SlapChopp: posts small blind $1
LifeisagameX: posts big blind $3
*** HOLE CARDS ***
SlapChopp: raises $3 to $6
LifeisagameX: raises $3 to $9
SlapChopp: raises $3 to $12
Betting is capped
LifeisagameX: calls $3
*** FLOP *** [3s 3h 2c]
LifeisagameX: checks
SlapChopp: bets $3
LifeisagameX: calls $3
*** TURN *** [3s 3h 2c] [Kd]
LifeisagameX: checks
SlapChopp: checks
*** RIVER *** [3s 3h 2c Kd] [4s]
LifeisagameX: checks
SlapChopp: checks
*** SHOW DOWN ***
LifeisagameX: shows [8d Ts] (a pair of Threes)
SlapChopp: shows [Td Ac] (a pair of Threes - Ace kicker)
SlapChopp collected $29.50 from pot
*** SUMMARY ***
Total pot $30 | Rake $0.50
Board [3s 3h 2c Kd 4s]
Seat 1: LifeisagameX (big blind) showed [8d Ts] and lost with a pair of Threes
Seat 2: SlapChopp (button) (small blind) showed [Td Ac] and won ($29.50) with a pair of Threes


PokerStars Hand #163603853147:  Hold'em Limit ($3/$6 USD) - 2016/12/27 9:50:10 ET
Table 'Sigune II' 6-max Seat #2 is the button
Seat 1: LifeisagameX ($108.96 in chips)
Seat 2: SlapChopp ($90.04 in chips)
SlapChopp: posts small blind $1
LifeisagameX: posts big blind $3
*** HOLE CARDS ***
SlapChopp: folds
Uncalled bet ($2) returned to LifeisagameX
LifeisagameX collected $2 from pot
LifeisagameX: doesn't show hand
*** SUMMARY ***
Total pot $2 | Rake $0
Seat 1: LifeisagameX (big blind) collected ($2)
Seat 2: SlapChopp (button) (small blind) folded before Flop


PokerStars Hand #163603817098:  Hold'em Limit ($3/$6 USD) - 2016/12/27 9:49:20 ET
Table 'Sigune II' 6-max Seat #1 is the button
Seat 1: LifeisagameX ($106.56 in chips)
Seat 2: SlapChopp ($93.52 in chips)
LifeisagameX: posts small blind $1
SlapChopp: posts big blind $3
*** HOLE CARDS ***
LifeisagameX: raises $3 to $6
SlapChopp: calls $3
*** FLOP *** [2c As Th]
SlapChopp: checks
LifeisagameX: bets $3
SlapChopp: folds
Uncalled bet ($3) returned to LifeisagameX
LifeisagameX collected $11.76 from pot
LifeisagameX: doesn't show hand
*** SUMMARY ***
Total pot $12 | Rake $0.24
Board [2c As Th]
Seat 1: LifeisagameX (button) (small blind) collected ($11.76)
Seat 2: SlapChopp (big blind) folded on the Flop


PokerStars Hand #163603839491:  Hold'em Limit ($3/$6 USD) - 2016/12/27 9:49:51 ET
Table 'Sigune II' 6-max Seat #1 is the button
Seat 1: LifeisagameX ($120.96 in chips)
Seat 2: SlapChopp ($78.52 in chips)
LifeisagameX: posts small blind $1
SlapChopp: posts big blind $3
*** HOLE CARDS ***
LifeisagameX: raises $3 to $6
SlapChopp: calls $3
*** FLOP *** [Kd 8s Tc]
SlapChopp: checks
LifeisagameX: checks
*** TURN *** [Kd 8s Tc] [As]
SlapChopp: checks
LifeisagameX: checks
*** RIVER *** [Kd 8s Tc As] [2c]
SlapChopp: bets $6
LifeisagameX: calls $6
*** SHOW DOWN ***
SlapChopp: shows [2h Td] (two pair, Tens and Deuces)
LifeisagameX: mucks hand
SlapChopp collected $23.52 from pot
*** SUMMARY ***
Total pot $24 | Rake $0.48
Board [Kd 8s Tc As 2c]
Seat 1: LifeisagameX (button) (small blind) mucked
Seat 2: SlapChopp (big blind) showed [2h Td] and won ($23.52) with two pair, Tens and Deuces


PokerStars Hand #163603828351:  Hold'em Limit ($3/$6 USD) - 2016/12/27 9:49:36 ET
Table 'Sigune II' 6-max Seat #2 is the button
Seat 1: LifeisagameX ($112.32 in chips)
Seat 2: SlapChopp ($87.52 in chips)
SlapChopp: posts small blind $1
LifeisagameX: posts big blind $3
*** HOLE CARDS ***
SlapChopp: raises $3 to $6
LifeisagameX: raises $3 to $9
SlapChopp: calls $3
*** FLOP *** [6h Ad Qh]
LifeisagameX: bets $3
SlapChopp: folds
Uncalled bet ($3) returned to LifeisagameX
LifeisagameX collected $17.64 from pot
LifeisagameX: doesn't show hand
*** SUMMARY ***
Total pot $18 | Rake $0.36
Board [6h Ad Qh]
Seat 1: LifeisagameX (big blind) collected ($17.64)
Seat 2: SlapChopp (button) (small blind) folded on the Flop


PokerStars Hand #163603875299:  Hold'em Limit ($3/$6 USD) - 2016/12/27 9:50:40 ET
Table 'Sigune II' 6-max Seat #2 is the button
Seat 1: LifeisagameX ($84 in chips)
Seat 2: SlapChopp ($115.54 in chips)
SlapChopp: posts small blind $1
LifeisagameX: posts big blind $3
*** HOLE CARDS ***
SlapChopp: raises $3 to $6
LifeisagameX: calls $3
*** FLOP *** [Ks 5h 8c]
LifeisagameX: checks
SlapChopp: bets $3
LifeisagameX: folds
Uncalled bet ($3) returned to SlapChopp
SlapChopp collected $11.76 from pot
SlapChopp: doesn't show hand
*** SUMMARY ***
Total pot $12 | Rake $0.24
Board [Ks 5h 8c]
Seat 1: LifeisagameX (big blind) folded on the Flop
Seat 2: SlapChopp (button) (small blind) collected ($11.76)


PokerStars Hand #163603901399:  Hold'em Limit ($3/$6 USD) - 2016/12/27 9:51:16 ET
Table 'Sigune II' 6-max Seat #1 is the button
Seat 1: LifeisagameX ($84 in chips)
Seat 2: SlapChopp ($121.30 in chips)
LifeisagameX: posts small blind $1
SlapChopp: posts big blind $3
*** HOLE CARDS ***
LifeisagameX: folds
Uncalled bet ($2) returned to SlapChopp
SlapChopp collected $2 from pot
SlapChopp: doesn't show hand
*** SUMMARY ***
Total pot $2 | Rake $0
Seat 1: LifeisagameX (button) (small blind) folded before Flop
Seat 2: SlapChopp (big blind) collected ($2)


PokerStars Hand #163603857330:  Hold'em Limit ($3/$6 USD) - 2016/12/27 9:50:16 ET
Table 'Sigune II' 6-max Seat #1 is the button
Seat 1: LifeisagameX ($109.96 in chips)
Seat 2: SlapChopp ($89.04 in chips)
LifeisagameX: posts small blind $1
SlapChopp: posts big blind $3
*** HOLE CARDS ***
LifeisagameX: raises $3 to $6
SlapChopp: calls $3
*** FLOP *** [2d Qd 6d]
SlapChopp: checks
LifeisagameX: bets $3
SlapChopp: calls $3
*** TURN *** [2d Qd 6d] [4s]
SlapChopp: checks
LifeisagameX: bets $6
SlapChopp: raises $6 to $12
LifeisagameX: calls $6
*** RIVER *** [2d Qd 6d 4s] [Ts]
SlapChopp: bets $6
LifeisagameX: calls $6
*** SHOW DOWN ***
SlapChopp: shows [8c Qh] (a pair of Queens)
LifeisagameX: mucks hand
SlapChopp collected $53.50 from pot
*** SUMMARY ***
Total pot $54 | Rake $0.50
Board [2d Qd 6d 4s Ts]
Seat 1: LifeisagameX (button) (small blind) mucked
Seat 2: SlapChopp (big blind) showed [8c Qh] and won ($53.50) with a pair of Queens


PokerStars Hand #163603908466:  Hold'em Limit ($3/$6 USD) - 2016/12/27 9:51:26 ET
Table 'Sigune II' 6-max Seat #2 is the button
Seat 1: LifeisagameX ($84 in chips)
Seat 2: SlapChopp ($122.30 in chips)
SlapChopp: posts small blind $1
LifeisagameX: posts big blind $3
*** HOLE CARDS ***
SlapChopp: raises $3 to $6
LifeisagameX: calls $3
*** FLOP *** [3h Qs 5c]
LifeisagameX: checks
SlapChopp: bets $3
LifeisagameX: raises $3 to $6
SlapChopp: folds
Uncalled bet ($3) returned to LifeisagameX
LifeisagameX collected $17.64 from pot
LifeisagameX: doesn't show hand
*** SUMMARY ***
Total pot $18 | Rake $0.36
Board [3h Qs 5c]
Seat 1: LifeisagameX (big blind) collected ($17.64)
Seat 2: SlapChopp (button) (small blind) folded on the Flop


PokerStars Hand #163603935910:  Hold'em Limit ($3/$6 USD) - 2016/12/27 9:52:03 ET
Table 'Sigune II' 6-max Seat #1 is the button
Seat 1: LifeisagameX ($92.64 in chips)
Seat 2: SlapChopp ($113.30 in chips)
LifeisagameX: posts small blind $1
SlapChopp: posts big blind $3
*** HOLE CARDS ***
LifeisagameX: raises $3 to $6
SlapChopp: calls $3
*** FLOP *** [8h 7s 2s]
SlapChopp: bets $3
LifeisagameX: raises $3 to $6
SlapChopp: calls $3
*** TURN *** [8h 7s 2s] [7c]
SlapChopp: checks
LifeisagameX: checks
*** RIVER *** [8h 7s 2s 7c] [5h]
SlapChopp: bets $6
LifeisagameX: calls $6
*** SHOW DOWN ***
SlapChopp: shows [8c 6h] (two pair, Eights and Sevens)
LifeisagameX: mucks hand
SlapChopp collected $35.50 from pot
*** SUMMARY ***
Total pot $36 | Rake $0.50
Board [8h 7s 2s 7c 5h]
Seat 1: LifeisagameX (button) (small blind) mucked
Seat 2: SlapChopp (big blind) showed [8c 6h] and won ($35.50) with two pair, Eights and Sevens


PokerStars Hand #163603992064:  Hold'em Limit ($3/$6 USD) - 2016/12/27 9:53:19 ET
Table 'Sigune II' 6-max Seat #1 is the button
Seat 1: LifeisagameX ($84 in chips)
Seat 2: SlapChopp ($136.56 in chips)
LifeisagameX: posts small blind $1
SlapChopp: posts big blind $3
*** HOLE CARDS ***
LifeisagameX: raises $3 to $6
SlapChopp: folds
Uncalled bet ($3) returned to LifeisagameX
LifeisagameX collected $6 from pot
LifeisagameX: doesn't show hand
*** SUMMARY ***
Total pot $6 | Rake $0
Seat 1: LifeisagameX (button) (small blind) collected ($6)
Seat 2: SlapChopp (big blind) folded before Flop


PokerStars Hand #163603972895:  Hold'em Limit ($3/$6 USD) - 2016/12/27 9:52:54 ET
Table 'Sigune II' 6-max Seat #2 is the button
Seat 1: LifeisagameX ($84 in chips)
Seat 2: SlapChopp ($130.80 in chips)
SlapChopp: posts small blind $1
LifeisagameX: posts big blind $3
*** HOLE CARDS ***
SlapChopp: raises $3 to $6
LifeisagameX: calls $3
*** FLOP *** [8h Qh As]
LifeisagameX: checks
SlapChopp: bets $3
LifeisagameX: folds
Uncalled bet ($3) returned to SlapChopp
SlapChopp collected $11.76 from pot
SlapChopp: doesn't show hand
*** SUMMARY ***
Total pot $12 | Rake $0.24
Board [8h Qh As]
Seat 1: LifeisagameX (big blind) folded on the Flop
Seat 2: SlapChopp (button) (small blind) collected ($11.76)


PokerStars Hand #163604009540:  Hold'em Limit ($3/$6 USD) - 2016/12/27 9:53:43 ET
Table 'Sigune II' 6-max Seat #1 is the button
Seat 1: LifeisagameX ($98.52 in chips)
Seat 2: SlapChopp ($121.56 in chips)
LifeisagameX: posts small blind $1
SlapChopp: posts big blind $3
*** HOLE CARDS ***
LifeisagameX: raises $3 to $6
SlapChopp: raises $3 to $9
LifeisagameX: calls $3
*** FLOP *** [4s 2s Td]
SlapChopp: bets $3
LifeisagameX: calls $3
*** TURN *** [4s 2s Td] [Kh]
SlapChopp: checks
LifeisagameX: bets $6
SlapChopp: calls $6
*** RIVER *** [4s 2s Td Kh] [Qh]
SlapChopp: checks
LifeisagameX: checks
*** SHOW DOWN ***
SlapChopp: shows [Ah 8s] (high card Ace)
LifeisagameX: mucks hand
SlapChopp collected $35.50 from pot
*** SUMMARY ***
Total pot $36 | Rake $0.50
Board [4s 2s Td Kh Qh]
Seat 1: LifeisagameX (button) (small blind) mucked
Seat 2: SlapChopp (big blind) showed [Ah 8s] and won ($35.50) with high card Ace


PokerStars Hand #163603996595:  Hold'em Limit ($3/$6 USD) - 2016/12/27 9:53:26 ET
Table 'Sigune II' 6-max Seat #2 is the button
Seat 1: LifeisagameX ($87 in chips)
Seat 2: SlapChopp ($133.56 in chips)
SlapChopp: posts small blind $1
LifeisagameX: posts big blind $3
*** HOLE CARDS ***
SlapChopp: raises $3 to $6
LifeisagameX: calls $3
*** FLOP *** [Qs 9s Tc]
LifeisagameX: checks
SlapChopp: checks
*** TURN *** [Qs 9s Tc] [As]
LifeisagameX: checks
SlapChopp: checks
*** RIVER *** [Qs 9s Tc As] [2d]
LifeisagameX: bets $6
SlapChopp: calls $6
*** SHOW DOWN ***
LifeisagameX: shows [Td 8s] (a pair of Tens)
SlapChopp: mucks hand
LifeisagameX collected $23.52 from pot
*** SUMMARY ***
Total pot $24 | Rake $0.48
Board [Qs 9s Tc As 2d]
Seat 1: LifeisagameX (big blind) showed [Td 8s] and won ($23.52) with a pair of Tens
Seat 2: SlapChopp (button) (small blind) mucked


PokerStars Hand #163604062560:  Hold'em Limit ($3/$6 USD) - 2016/12/27 9:54:54 ET
Table 'Sigune II' 6-max Seat #1 is the button
Seat 1: LifeisagameX ($84 in chips)
Seat 2: SlapChopp ($144.82 in chips)
LifeisagameX: posts small blind $1
SlapChopp: posts big blind $3
*** HOLE CARDS ***
LifeisagameX: raises $3 to $6
SlapChopp: calls $3
*** FLOP *** [2h Jd Ac]
SlapChopp: checks
LifeisagameX: bets $3
SlapChopp: folds
Uncalled bet ($3) returned to LifeisagameX
LifeisagameX collected $11.76 from pot
LifeisagameX: doesn't show hand
*** SUMMARY ***
Total pot $12 | Rake $0.24
Board [2h Jd Ac]
Seat 1: LifeisagameX (button) (small blind) collected ($11.76)
Seat 2: SlapChopp (big blind) folded on the Flop


PokerStars Hand #163604054321:  Hold'em Limit ($3/$6 USD) - 2016/12/27 9:54:43 ET
Table 'Sigune II' 6-max Seat #2 is the button
Seat 1: LifeisagameX ($84 in chips)
Seat 2: SlapChopp ($139.06 in chips)
SlapChopp: posts small blind $1
LifeisagameX: posts big blind $3
*** HOLE CARDS ***
SlapChopp: raises $3 to $6
LifeisagameX: calls $3
*** FLOP *** [5h 5c Ac]
LifeisagameX: checks
SlapChopp: bets $3
LifeisagameX: folds
Uncalled bet ($3) returned to SlapChopp
SlapChopp collected $11.76 from pot
SlapChopp: doesn't show hand
*** SUMMARY ***
Total pot $12 | Rake $0.24
Board [5h 5c Ac]
Seat 1: LifeisagameX (big blind) folded on the Flop
Seat 2: SlapChopp (button) (small blind) collected ($11.76)


PokerStars Hand #163604050137:  Hold'em Limit ($3/$6 USD) - 2016/12/27 9:54:38 ET
Table 'Sigune II' 6-max Seat #1 is the button
Seat 1: LifeisagameX ($85 in chips)
Seat 2: SlapChopp ($138.06 in chips)
LifeisagameX: posts small blind $1
SlapChopp: posts big blind $3
*** HOLE CARDS ***
LifeisagameX: folds
Uncalled bet ($2) returned to SlapChopp
SlapChopp collected $2 from pot
SlapChopp: doesn't show hand
*** SUMMARY ***
Total pot $2 | Rake $0
Seat 1: LifeisagameX (button) (small blind) folded before Flop
Seat 2: SlapChopp (big blind) collected ($2)


PokerStars Hand #163604046203:  Hold'em Limit ($3/$6 USD) - 2016/12/27 9:54:32 ET
Table 'Sigune II' 6-max Seat #2 is the button
Seat 1: LifeisagameX ($84 in chips)
Seat 2: SlapChopp ($139.06 in chips)
SlapChopp: posts small blind $1
LifeisagameX: posts big blind $3
*** HOLE CARDS ***
SlapChopp: folds
Uncalled bet ($2) returned to LifeisagameX
LifeisagameX collected $2 from pot
LifeisagameX: doesn't show hand
*** SUMMARY ***
Total pot $2 | Rake $0
Seat 1: LifeisagameX (big blind) collected ($2)
Seat 2: SlapChopp (button) (small blind) folded before Flop


PokerStars Hand #163604095521:  Hold'em Limit ($3/$6 USD) - 2016/12/27 9:55:44 ET
Table 'Sigune II' 6-max Seat #1 is the button
Seat 1: LifeisagameX ($98.40 in chips)
Seat 2: SlapChopp ($129.82 in chips)
LifeisagameX: posts small blind $1
SlapChopp: posts big blind $3
*** HOLE CARDS ***
LifeisagameX: raises $3 to $6
SlapChopp: folds
Uncalled bet ($3) returned to LifeisagameX
LifeisagameX collected $6 from pot
LifeisagameX: doesn't show hand
*** SUMMARY ***
Total pot $6 | Rake $0
Seat 1: LifeisagameX (button) (small blind) collected ($6)
Seat 2: SlapChopp (big blind) folded before Flop


PokerStars Hand #163604080353:  Hold'em Limit ($3/$6 USD) - 2016/12/27 9:55:21 ET
Table 'Sigune II' 6-max Seat #2 is the button
Seat 1: LifeisagameX ($89.76 in chips)
Seat 2: SlapChopp ($138.82 in chips)
SlapChopp: posts small blind $1
LifeisagameX: posts big blind $3
*** HOLE CARDS ***
SlapChopp: raises $3 to $6
LifeisagameX: calls $3
*** FLOP *** [3d Ac 7c]
LifeisagameX: checks
SlapChopp: bets $3
LifeisagameX: raises $3 to $6
SlapChopp: folds
Uncalled bet ($3) returned to LifeisagameX
LifeisagameX collected $17.64 from pot
LifeisagameX: doesn't show hand
*** SUMMARY ***
Total pot $18 | Rake $0.36
Board [3d Ac 7c]
Seat 1: LifeisagameX (big blind) collected ($17.64)
Seat 2: SlapChopp (button) (small blind) folded on the Flop


PokerStars Hand #163604102907:  Hold'em Limit ($3/$6 USD) - 2016/12/27 9:55:56 ET
Table 'Sigune II' 6-max Seat #2 is the button
Seat 1: LifeisagameX ($101.40 in chips)
Seat 2: SlapChopp ($126.82 in chips)
SlapChopp: posts small blind $1
LifeisagameX: posts big blind $3
*** HOLE CARDS ***
SlapChopp: raises $3 to $6
LifeisagameX: raises $3 to $9
SlapChopp: calls $3
*** FLOP *** [Ad 3c 7c]
LifeisagameX: bets $3
SlapChopp: folds
Uncalled bet ($3) returned to LifeisagameX
LifeisagameX collected $17.64 from pot
LifeisagameX: doesn't show hand
*** SUMMARY ***
Total pot $18 | Rake $0.36
Board [Ad 3c 7c]
Seat 1: LifeisagameX (big blind) collected ($17.64)
Seat 2: SlapChopp (button) (small blind) folded on the Flop


PokerStars Hand #163604125118:  Hold'em Limit ($3/$6 USD) - 2016/12/27 9:56:30 ET
Table 'Sigune II' 6-max Seat #1 is the button
Seat 1: LifeisagameX ($110.04 in chips)
Seat 2: SlapChopp ($117.82 in chips)
LifeisagameX: posts small blind $1
SlapChopp: posts big blind $3
*** HOLE CARDS ***
LifeisagameX: raises $3 to $6
SlapChopp: raises $3 to $9
LifeisagameX: calls $3
*** FLOP *** [7c 6h 5d]
SlapChopp: bets $3
LifeisagameX: calls $3
*** TURN *** [7c 6h 5d] [9h]
SlapChopp: bets $6
LifeisagameX: raises $6 to $12
SlapChopp: calls $6
*** RIVER *** [7c 6h 5d 9h] [6d]
SlapChopp: checks
LifeisagameX: checks
*** SHOW DOWN ***
SlapChopp: shows [Qh Qs] (two pair, Queens and Sixes)
LifeisagameX: mucks hand
SlapChopp collected $47.50 from pot
*** SUMMARY ***
Total pot $48 | Rake $0.50
Board [7c 6h 5d 9h 6d]
Seat 1: LifeisagameX (button) (small blind) mucked
Seat 2: SlapChopp (big blind) showed [Qh Qs] and won ($47.50) with two pair, Queens and Sixes


PokerStars Hand #163604143445:  Hold'em Limit ($3/$6 USD) - 2016/12/27 9:56:59 ET
Table 'Sigune II' 6-max Seat #2 is the button
Seat 1: LifeisagameX ($86.04 in chips)
Seat 2: SlapChopp ($141.32 in chips)
SlapChopp: posts small blind $1
LifeisagameX: posts big blind $3
*** HOLE CARDS ***
SlapChopp: raises $3 to $6
LifeisagameX: raises $3 to $9
SlapChopp: raises $3 to $12
Betting is capped
LifeisagameX: calls $3
*** FLOP *** [3c 4s Jc]
LifeisagameX: checks
SlapChopp: bets $3
LifeisagameX: calls $3
*** TURN *** [3c 4s Jc] [8h]
LifeisagameX: checks
SlapChopp: bets $6
LifeisagameX: raises $6 to $12
SlapChopp: calls $6
*** RIVER *** [3c 4s Jc 8h] [7c]
LifeisagameX: bets $6
SlapChopp: calls $6
*** SHOW DOWN ***
LifeisagameX: shows [8d 8s] (three of a kind, Eights)
SlapChopp: mucks hand
LifeisagameX collected $65.50 from pot
*** SUMMARY ***
Total pot $66 | Rake $0.50
Board [3c 4s Jc 8h 7c]
Seat 1: LifeisagameX (big blind) showed [8d 8s] and won ($65.50) with three of a kind, Eights
Seat 2: SlapChopp (button) (small blind) mucked


PokerStars Hand #163604180428:  Hold'em Limit ($3/$6 USD) - 2016/12/27 9:57:56 ET
Table 'Sigune II' 6-max Seat #2 is the button
Seat 1: LifeisagameX ($109.54 in chips)
Seat 2: SlapChopp ($116.96 in chips)
SlapChopp: posts small blind $1
LifeisagameX: posts big blind $3
*** HOLE CARDS ***
SlapChopp: raises $3 to $6
LifeisagameX: raises $3 to $9
SlapChopp: calls $3
*** FLOP *** [Jc Qc 4s]
LifeisagameX: bets $3
SlapChopp: calls $3
*** TURN *** [Jc Qc 4s] [Kd]
LifeisagameX: bets $6
SlapChopp: calls $6
*** RIVER *** [Jc Qc 4s Kd] [5d]
LifeisagameX: checks
SlapChopp: bets $6
LifeisagameX: raises $6 to $12
SlapChopp: calls $6
*** SHOW DOWN ***
LifeisagameX: shows [Ts 9s] (a straight, Nine to King)
SlapChopp: mucks hand
LifeisagameX collected $59.50 from pot
*** SUMMARY ***
Total pot $60 | Rake $0.50
Board [Jc Qc 4s Kd 5d]
Seat 1: LifeisagameX (big blind) showed [Ts 9s] and won ($59.50) with a straight, Nine to King
Seat 2: SlapChopp (button) (small blind) mucked


PokerStars Hand #163604215120:  Hold'em Limit ($3/$6 USD) - 2016/12/27 9:58:49 ET
Table 'Sigune II' 6-max Seat #2 is the button
Seat 1: LifeisagameX ($144.80 in chips)
Seat 2: SlapChopp ($80.96 in chips)
SlapChopp: posts small blind $1
LifeisagameX: posts big blind $3
*** HOLE CARDS ***
SlapChopp: folds
Uncalled bet ($2) returned to LifeisagameX
LifeisagameX collected $2 from pot
LifeisagameX: doesn't show hand
*** SUMMARY ***
Total pot $2 | Rake $0
Seat 1: LifeisagameX (big blind) collected ($2)
Seat 2: SlapChopp (button) (small blind) folded before Flop


PokerStars Hand #163604204896:  Hold'em Limit ($3/$6 USD) - 2016/12/27 9:58:33 ET
Table 'Sigune II' 6-max Seat #1 is the button
Seat 1: LifeisagameX ($139.04 in chips)
Seat 2: SlapChopp ($86.96 in chips)
LifeisagameX: posts small blind $1
SlapChopp: posts big blind $3
*** HOLE CARDS ***
LifeisagameX: raises $3 to $6
SlapChopp: calls $3
*** FLOP *** [6h 3h Jc]
SlapChopp: checks
LifeisagameX: bets $3
SlapChopp: folds
Uncalled bet ($3) returned to LifeisagameX
LifeisagameX collected $11.76 from pot
LifeisagameX: doesn't show hand
*** SUMMARY ***
Total pot $12 | Rake $0.24
Board [6h 3h Jc]
Seat 1: LifeisagameX (button) (small blind) collected ($11.76)
Seat 2: SlapChopp (big blind) folded on the Flop


PokerStars Hand #163604281078:  Hold'em Limit ($3/$6 USD) - 2016/12/27 10:00:21 ET
Table 'Sigune II' 6-max Seat #2 is the button
Seat 1: LifeisagameX ($155.30 in chips)
Seat 2: SlapChopp ($69.46 in chips)
SlapChopp: posts small blind $1
LifeisagameX: posts big blind $3
*** HOLE CARDS ***
SlapChopp: folds
Uncalled bet ($2) returned to LifeisagameX
LifeisagameX collected $2 from pot
LifeisagameX: doesn't show hand
*** SUMMARY ***
Total pot $2 | Rake $0
Seat 1: LifeisagameX (big blind) collected ($2)
Seat 2: SlapChopp (button) (small blind) folded before Flop


PokerStars Hand #163604255592:  Hold'em Limit ($3/$6 USD) - 2016/12/27 9:59:52 ET
Table 'Sigune II' 6-max Seat #1 is the button
Seat 1: LifeisagameX ($170.30 in chips)
Seat 2: SlapChopp ($54.96 in chips)
LifeisagameX: posts small blind $1
SlapChopp: posts big blind $3
*** HOLE CARDS ***
LifeisagameX: raises $3 to $6
SlapChopp: calls $3
*** FLOP *** [8s 2s 5d]
SlapChopp: bets $3
LifeisagameX: calls $3
*** TURN *** [8s 2s 5d] [2d]
SlapChopp: bets $6
LifeisagameX: calls $6
*** RIVER *** [8s 2s 5d 2d] [9c]
SlapChopp: checks
LifeisagameX: checks
*** SHOW DOWN ***
SlapChopp: shows [8d Ts] (two pair, Eights and Deuces)
LifeisagameX: mucks hand
SlapChopp collected $29.50 from pot
*** SUMMARY ***
Total pot $30 | Rake $0.50
Board [8s 2s 5d 2d 9c]
Seat 1: LifeisagameX (button) (small blind) mucked
Seat 2: SlapChopp (big blind) showed [8d Ts] and won ($29.50) with two pair, Eights and Deuces


PokerStars Hand #163604218909:  Hold'em Limit ($3/$6 USD) - 2016/12/27 9:58:55 ET
Table 'Sigune II' 6-max Seat #1 is the button
Seat 1: LifeisagameX ($145.80 in chips)
Seat 2: SlapChopp ($79.96 in chips)
LifeisagameX: posts small blind $1
SlapChopp: posts big blind $3
*** HOLE CARDS ***
LifeisagameX: raises $3 to $6
SlapChopp: calls $3
*** FLOP *** [3h Js 2d]
SlapChopp: checks
LifeisagameX: bets $3
SlapChopp: raises $3 to $6
LifeisagameX: calls $3
*** TURN *** [3h Js 2d] [5d]
SlapChopp: bets $6
LifeisagameX: calls $6
*** RIVER *** [3h Js 2d 5d] [Jd]
SlapChopp: checks
LifeisagameX: bets $6
SlapChopp: calls $6
*** SHOW DOWN ***
LifeisagameX: shows [9c 9h] (two pair, Jacks and Nines)
SlapChopp: mucks hand
LifeisagameX collected $47.50 from pot
*** SUMMARY ***
Total pot $48 | Rake $0.50
Board [3h Js 2d 5d Jd]
Seat 1: LifeisagameX (button) (small blind) showed [9c 9h] and won ($47.50) with two pair, Jacks and Nines
Seat 2: SlapChopp (big blind) mucked


PokerStars Hand #163604251524:  Hold'em Limit ($3/$6 USD) - 2016/12/27 9:59:45 ET
Table 'Sigune II' 6-max Seat #2 is the button
Seat 1: LifeisagameX ($169.30 in chips)
Seat 2: SlapChopp ($55.96 in chips)
SlapChopp: posts small blind $1
LifeisagameX: posts big blind $3
*** HOLE CARDS ***
SlapChopp: folds
Uncalled bet ($2) returned to LifeisagameX
LifeisagameX collected $2 from pot
LifeisagameX: doesn't show hand
*** SUMMARY ***
Total pot $2 | Rake $0
Seat 1: LifeisagameX (big blind) collected ($2)
Seat 2: SlapChopp (button) (small blind) folded before Flop


PokerStars Hand #163604284755:  Hold'em Limit ($3/$6 USD) - 2016/12/27 10:00:26 ET
Table 'Sigune II' 6-max Seat #1 is the button
Seat 1: LifeisagameX ($156.30 in chips)
Seat 2: SlapChopp ($68.46 in chips)
LifeisagameX: posts small blind $1
SlapChopp: posts big blind $3
*** HOLE CARDS ***
LifeisagameX: folds
Uncalled bet ($2) returned to SlapChopp
SlapChopp collected $2 from pot
SlapChopp: doesn't show hand
*** SUMMARY ***
Total pot $2 | Rake $0
Seat 1: LifeisagameX (button) (small blind) folded before Flop
Seat 2: SlapChopp (big blind) collected ($2)


PokerStars Hand #163604303326:  Hold'em Limit ($3/$6 USD) - 2016/12/27 10:00:53 ET
Table 'Sigune II' 6-max Seat #2 is the button
Seat 1: LifeisagameX ($159.30 in chips)
Seat 2: SlapChopp ($65.46 in chips)
SlapChopp: posts small blind $1
LifeisagameX: posts big blind $3
*** HOLE CARDS ***
SlapChopp: raises $3 to $6
LifeisagameX: calls $3
*** FLOP *** [7c 5d 4d]
LifeisagameX: checks
SlapChopp: bets $3
LifeisagameX: calls $3
*** TURN *** [7c 5d 4d] [3h]
LifeisagameX: checks
SlapChopp: checks
*** RIVER *** [7c 5d 4d 3h] [Qd]
LifeisagameX: checks
SlapChopp: checks
*** SHOW DOWN ***
LifeisagameX: shows [4c Kh] (a pair of Fours)
SlapChopp: mucks hand
LifeisagameX collected $17.64 from pot
*** SUMMARY ***
Total pot $18 | Rake $0.36
Board [7c 5d 4d 3h Qd]
Seat 1: LifeisagameX (big blind) showed [4c Kh] and won ($17.64) with a pair of Fours
Seat 2: SlapChopp (button) (small blind) mucked


PokerStars Hand #163604295875:  Hold'em Limit ($3/$6 USD) - 2016/12/27 10:00:42 ET
Table 'Sigune II' 6-max Seat #1 is the button
Seat 1: LifeisagameX ($156.30 in chips)
Seat 2: SlapChopp ($68.46 in chips)
LifeisagameX: posts small blind $1
SlapChopp: posts big blind $3
*** HOLE CARDS ***
LifeisagameX: raises $3 to $6
SlapChopp: folds
Uncalled bet ($3) returned to LifeisagameX
LifeisagameX collected $6 from pot
LifeisagameX: doesn't show hand
*** SUMMARY ***
Total pot $6 | Rake $0
Seat 1: LifeisagameX (button) (small blind) collected ($6)
Seat 2: SlapChopp (big blind) folded before Flop


PokerStars Hand #163604290845:  Hold'em Limit ($3/$6 USD) - 2016/12/27 10:00:35 ET
Table 'Sigune II' 6-max Seat #2 is the button
Seat 1: LifeisagameX ($155.30 in chips)
Seat 2: SlapChopp ($69.46 in chips)
SlapChopp: posts small blind $1
LifeisagameX: posts big blind $3
*** HOLE CARDS ***
SlapChopp: folds
Uncalled bet ($2) returned to LifeisagameX
LifeisagameX collected $2 from pot
LifeisagameX: doesn't show hand
*** SUMMARY ***
Total pot $2 | Rake $0
Seat 1: LifeisagameX (big blind) collected ($2)
Seat 2: SlapChopp (button) (small blind) folded before Flop


PokerStars Hand #163604323538:  Hold'em Limit ($3/$6 USD) - 2016/12/27 10:01:21 ET
Table 'Sigune II' 6-max Seat #1 is the button
Seat 1: LifeisagameX ($167.94 in chips)
Seat 2: SlapChopp ($56.46 in chips)
LifeisagameX: posts small blind $1
SlapChopp: posts big blind $3
*** HOLE CARDS ***
LifeisagameX: raises $3 to $6
SlapChopp: raises $3 to $9
LifeisagameX: calls $3
*** FLOP *** [5c 5h 9c]
SlapChopp: bets $3
LifeisagameX: calls $3
*** TURN *** [5c 5h 9c] [5d]
SlapChopp: bets $6
LifeisagameX: raises $6 to $12
SlapChopp: raises $6 to $18
LifeisagameX: folds
Uncalled bet ($6) returned to SlapChopp
SlapChopp collected $47.50 from pot
SlapChopp: doesn't show hand
*** SUMMARY ***
Total pot $48 | Rake $0.50
Board [5c 5h 9c 5d]
Seat 1: LifeisagameX (button) (small blind) folded on the Turn
Seat 2: SlapChopp (big blind) collected ($47.50)


PokerStars Hand #163604382289:  Hold'em Limit ($3/$6 USD) - 2016/12/27 10:02:40 ET
Table 'Sigune II' 6-max Seat #1 is the button
Seat 1: LifeisagameX ($155.46 in chips)
Seat 2: SlapChopp ($75.95 in chips)
LifeisagameX: posts small blind $1
SlapChopp: posts big blind $3
*** HOLE CARDS ***
LifeisagameX: raises $3 to $6
SlapChopp: raises $3 to $9
LifeisagameX: calls $3
*** FLOP *** [2c Jd 5h]
SlapChopp: bets $3
LifeisagameX: calls $3
*** TURN *** [2c Jd 5h] [Tc]
SlapChopp: checks
LifeisagameX: checks
*** RIVER *** [2c Jd 5h Tc] [6c]
SlapChopp: checks
LifeisagameX: checks
*** SHOW DOWN ***
SlapChopp: shows [Ac 7h] (high card Ace)
LifeisagameX: mucks hand
SlapChopp collected $23.52 from pot
*** SUMMARY ***
Total pot $24 | Rake $0.48
Board [2c Jd 5h Tc 6c]
Seat 1: LifeisagameX (button) (small blind) mucked
Seat 2: SlapChopp (big blind) showed [Ac 7h] and won ($23.52) with high card Ace


PokerStars Hand #163604343446:  Hold'em Limit ($3/$6 USD) - 2016/12/27 10:01:49 ET
Table 'Sigune II' 6-max Seat #2 is the button
Seat 1: LifeisagameX ($143.94 in chips)
Seat 2: SlapChopp ($79.96 in chips)
SlapChopp: posts small blind $1
LifeisagameX: posts big blind $3
*** HOLE CARDS ***
SlapChopp: raises $3 to $6
LifeisagameX: calls $3
*** FLOP *** [7h 9c 6d]
LifeisagameX: checks
SlapChopp: bets $3
LifeisagameX: raises $3 to $6
SlapChopp: calls $3
*** TURN *** [7h 9c 6d] [5h]
LifeisagameX: bets $6
SlapChopp: folds
Uncalled bet ($6) returned to LifeisagameX
LifeisagameX collected $23.52 from pot
LifeisagameX: doesn't show hand
*** SUMMARY ***
Total pot $24 | Rake $0.48
Board [7h 9c 6d 5h]
Seat 1: LifeisagameX (big blind) collected ($23.52)
Seat 2: SlapChopp (button) (small blind) folded on the Turn


PokerStars Hand #163604405272:  Hold'em Limit ($3/$6 USD) - 2016/12/27 10:03:11 ET
Table 'Sigune II' 6-max Seat #2 is the button
Seat 1: LifeisagameX ($143.46 in chips)
Seat 2: SlapChopp ($87.47 in chips)
SlapChopp: posts small blind $1
LifeisagameX: posts big blind $3
*** HOLE CARDS ***
SlapChopp: raises $3 to $6
LifeisagameX: raises $3 to $9
SlapChopp: calls $3
*** FLOP *** [6c Jh Ks]
LifeisagameX: bets $3
SlapChopp: calls $3
*** TURN *** [6c Jh Ks] [Qh]
LifeisagameX: bets $6
SlapChopp: calls $6
*** RIVER *** [6c Jh Ks Qh] [8s]
LifeisagameX: bets $6
SlapChopp: folds
Uncalled bet ($6) returned to LifeisagameX
LifeisagameX collected $35.50 from pot
LifeisagameX: doesn't show hand
*** SUMMARY ***
Total pot $36 | Rake $0.50
Board [6c Jh Ks Qh 8s]
Seat 1: LifeisagameX (big blind) collected ($35.50)
Seat 2: SlapChopp (button) (small blind) folded on the River


PokerStars Hand #163604427470:  Hold'em Limit ($3/$6 USD) - 2016/12/27 10:03:40 ET
Table 'Sigune II' 6-max Seat #1 is the button
Seat 1: LifeisagameX ($160.96 in chips)
Seat 2: SlapChopp ($69.47 in chips)
LifeisagameX: posts small blind $1
SlapChopp: posts big blind $3
*** HOLE CARDS ***
LifeisagameX: raises $3 to $6
SlapChopp: calls $3
*** FLOP *** [7c 4s 3s]
SlapChopp: bets $3
LifeisagameX: raises $3 to $6
SlapChopp: calls $3
*** TURN *** [7c 4s 3s] [Qc]
SlapChopp: checks
LifeisagameX: checks
*** RIVER *** [7c 4s 3s Qc] [Jh]
SlapChopp: checks
LifeisagameX: bets $6
SlapChopp: folds
Uncalled bet ($6) returned to LifeisagameX
LifeisagameX collected $23.52 from pot
LifeisagameX: doesn't show hand
*** SUMMARY ***
Total pot $24 | Rake $0.48
Board [7c 4s 3s Qc Jh]
Seat 1: LifeisagameX (button) (small blind) collected ($23.52)
Seat 2: SlapChopp (big blind) folded on the River


PokerStars Hand #163604454043:  Hold'em Limit ($3/$6 USD) - 2016/12/27 10:04:16 ET
Table 'Sigune II' 6-max Seat #2 is the button
Seat 1: LifeisagameX ($172.48 in chips)
Seat 2: SlapChopp ($57.47 in chips)
SlapChopp: posts small blind $1
LifeisagameX: posts big blind $3
*** HOLE CARDS ***
SlapChopp: raises $3 to $6
LifeisagameX: raises $3 to $9
SlapChopp: raises $3 to $12
Betting is capped
LifeisagameX: calls $3
*** FLOP *** [4s Qh Jd]
LifeisagameX: checks
SlapChopp: bets $3
LifeisagameX: raises $3 to $6
SlapChopp: calls $3
*** TURN *** [4s Qh Jd] [9s]
LifeisagameX: bets $6
SlapChopp: calls $6
*** RIVER *** [4s Qh Jd 9s] [4d]
LifeisagameX: bets $6
SlapChopp: calls $6
*** SHOW DOWN ***
LifeisagameX: shows [8c Qc] (two pair, Queens and Fours)
SlapChopp: mucks hand
LifeisagameX collected $59.50 from pot
*** SUMMARY ***
Total pot $60 | Rake $0.50
Board [4s Qh Jd 9s 4d]
Seat 1: LifeisagameX (big blind) showed [8c Qc] and won ($59.50) with two pair, Queens and Fours
Seat 2: SlapChopp (button) (small blind) mucked


PokerStars Hand #163604491448:  Hold'em Limit ($3/$6 USD) - 2016/12/27 10:05:05 ET
Table 'Sigune II' 6-max Seat #1 is the button
Seat 1: LifeisagameX ($201.98 in chips)
Seat 2: SlapChopp ($27.47 in chips)
LifeisagameX: posts small blind $1
SlapChopp: posts big blind $3
*** HOLE CARDS ***
LifeisagameX: raises $3 to $6
SlapChopp: calls $3
*** FLOP *** [6c 9d 5d]
SlapChopp: checks
LifeisagameX: bets $3
SlapChopp: calls $3
*** TURN *** [6c 9d 5d] [2d]
SlapChopp: checks
LifeisagameX: bets $6
SlapChopp: calls $6
*** RIVER *** [6c 9d 5d 2d] [Jh]
SlapChopp: checks
LifeisagameX: bets $6
SlapChopp: calls $6
*** SHOW DOWN ***
LifeisagameX: shows [3c 4s] (a straight, Deuce to Six)
SlapChopp: mucks hand
LifeisagameX collected $41.50 from pot
*** SUMMARY ***
Total pot $42 | Rake $0.50
Board [6c 9d 5d 2d Jh]
Seat 1: LifeisagameX (button) (small blind) showed [3c 4s] and won ($41.50) with a straight, Deuce to Six
Seat 2: SlapChopp (big blind) mucked


PokerStars Hand #163604524477:  Hold'em Limit ($3/$6 USD) - 2016/12/27 10:05:48 ET
Table 'Sigune II' 6-max Seat #2 is the button
Seat 1: LifeisagameX ($222.48 in chips)
Seat 2: SlapChopp ($6.47 in chips)
SlapChopp: posts small blind $1
LifeisagameX: posts big blind $3
*** HOLE CARDS ***
SlapChopp: raises $3 to $6
LifeisagameX: raises $3 to $9
SlapChopp: calls $0.47 and is all-in
Uncalled bet ($2.53) returned to LifeisagameX
*** FLOP *** [8c 4d 6c]
*** TURN *** [8c 4d 6c] [5d]
*** RIVER *** [8c 4d 6c 5d] [Qc]
*** SHOW DOWN ***
LifeisagameX: shows [Js Jd] (a pair of Jacks)
SlapChopp: shows [Ts Qs] (a pair of Queens)
SlapChopp collected $12.68 from pot
*** SUMMARY ***
Total pot $12.94 | Rake $0.26
Board [8c 4d 6c 5d Qc]
Seat 1: LifeisagameX (big blind) showed [Js Jd] and lost with a pair of Jacks
Seat 2: SlapChopp (button) (small blind) showed [Ts Qs] and won ($12.68) with a pair of Queens


