PokerStars Hand #159159301526:  Hold'em Limit ($3/$6 USD) - 2016/09/27 9:44:28 ET
Table 'Sigune' 6-max Seat #3 is the button
Seat 3: llmaiconll ($68.94 in chips)
Seat 4: Agrotait ($72 in chips)
llmaiconll: posts small blind $1
Agrotait: posts big blind $3
*** HOLE CARDS ***
llmaiconll: calls $2
Agrotait: raises $3 to $6
llmaiconll: calls $3
*** FLOP *** [4s 3c 9d]
Agrotait: bets $3
llmaiconll: calls $3
*** TURN *** [4s 3c 9d] [6c]
Agrotait: checks
llmaiconll: checks
*** RIVER *** [4s 3c 9d 6c] [5s]
Agrotait: checks
llmaiconll: bets $6
Agrotait: folds
Uncalled bet ($6) returned to llmaiconll
llmaiconll collected $17.64 from pot
llmaiconll: doesn't show hand
*** SUMMARY ***
Total pot $18 | Rake $0.36
Board [4s 3c 9d 6c 5s]
Seat 3: llmaiconll (button) (small blind) collected ($17.64)
Seat 4: Agrotait (big blind) folded on the River


PokerStars Hand #159159333616:  Hold'em Limit ($3/$6 USD) - 2016/09/27 9:45:26 ET
Table 'Sigune' 6-max Seat #4 is the button
Seat 3: llmaiconll ($71.58 in chips)
Seat 4: Agrotait ($68.88 in chips)
Agrotait: posts small blind $1
llmaiconll: posts big blind $3
*** HOLE CARDS ***
Agrotait: folds
Uncalled bet ($2) returned to llmaiconll
llmaiconll collected $2 from pot
llmaiconll: doesn't show hand
*** SUMMARY ***
Total pot $2 | Rake $0
Seat 3: llmaiconll (big blind) collected ($2)
Seat 4: Agrotait (button) (small blind) folded before Flop


PokerStars Hand #159159336713:  Hold'em Limit ($3/$6 USD) - 2016/09/27 9:45:32 ET
Table 'Sigune' 6-max Seat #3 is the button
Seat 3: llmaiconll ($72.58 in chips)
Seat 4: Agrotait ($67.88 in chips)
llmaiconll: posts small blind $1
Agrotait: posts big blind $3
*** HOLE CARDS ***
llmaiconll: calls $2
Agrotait: raises $3 to $6
llmaiconll: calls $3
*** FLOP *** [Ts 2c Ah]
Agrotait: bets $3
llmaiconll: calls $3
*** TURN *** [Ts 2c Ah] [2h]
Agrotait: checks
llmaiconll: checks
*** RIVER *** [Ts 2c Ah 2h] [Ad]
Agrotait: bets $6
llmaiconll: folds
Uncalled bet ($6) returned to Agrotait
Agrotait collected $17.64 from pot
Agrotait: doesn't show hand
*** SUMMARY ***
Total pot $18 | Rake $0.36
Board [Ts 2c Ah 2h Ad]
Seat 3: llmaiconll (button) (small blind) folded on the River
Seat 4: Agrotait (big blind) collected ($17.64)


PokerStars Hand #159159325847:  Hold'em Limit ($3/$6 USD) - 2016/09/27 9:45:12 ET
Table 'Sigune' 6-max Seat #3 is the button
Seat 3: llmaiconll ($74.58 in chips)
Seat 4: Agrotait ($66 in chips)
llmaiconll: posts small blind $1
Agrotait: posts big blind $3
*** HOLE CARDS ***
llmaiconll: calls $2
Agrotait: checks
*** FLOP *** [2h Kd 3s]
Agrotait: checks
llmaiconll: checks
*** TURN *** [2h Kd 3s] [7c]
Agrotait: bets $6
llmaiconll: folds
Uncalled bet ($6) returned to Agrotait
Agrotait collected $5.88 from pot
Agrotait: doesn't show hand
*** SUMMARY ***
Total pot $6 | Rake $0.12
Board [2h Kd 3s 7c]
Seat 3: llmaiconll (button) (small blind) folded on the Turn
Seat 4: Agrotait (big blind) collected ($5.88)


PokerStars Hand #159159321794:  Hold'em Limit ($3/$6 USD) - 2016/09/27 9:45:05 ET
Table 'Sigune' 6-max Seat #4 is the button
Seat 3: llmaiconll ($77.58 in chips)
Seat 4: Agrotait ($63 in chips)
Agrotait: posts small blind $1
llmaiconll: posts big blind $3
*** HOLE CARDS ***
Agrotait: raises $3 to $6
llmaiconll: folds
Uncalled bet ($3) returned to Agrotait
Agrotait collected $6 from pot
Agrotait: doesn't show hand
*** SUMMARY ***
Total pot $6 | Rake $0
Seat 3: llmaiconll (big blind) folded before Flop
Seat 4: Agrotait (button) (small blind) collected ($6)


PokerStars Hand #159159346834:  Hold'em Limit ($3/$6 USD) - 2016/09/27 9:45:50 ET
Table 'Sigune' 6-max Seat #4 is the button
Seat 3: llmaiconll ($63.58 in chips)
Seat 4: Agrotait ($76.52 in chips)
Agrotait: posts small blind $1
llmaiconll: posts big blind $3
*** HOLE CARDS ***
Agrotait: raises $3 to $6
llmaiconll: calls $3
*** FLOP *** [4s 2h 8c]
llmaiconll: checks
Agrotait: bets $3
llmaiconll: calls $3
*** TURN *** [4s 2h 8c] [8d]
llmaiconll: checks
Agrotait: bets $6
llmaiconll: calls $6
*** RIVER *** [4s 2h 8c 8d] [4d]
llmaiconll: checks
Agrotait: bets $6
llmaiconll: calls $6
*** SHOW DOWN ***
Agrotait: shows [7h 4h] (a full house, Fours full of Eights)
llmaiconll: shows [4c 5s] (a full house, Fours full of Eights)
llmaiconll collected $20.75 from pot
Agrotait collected $20.75 from pot
*** SUMMARY ***
Total pot $42 | Rake $0.50
Board [4s 2h 8c 8d 4d]
Seat 3: llmaiconll (big blind) showed [4c 5s] and won ($20.75) with a full house, Fours full of Eights
Seat 4: Agrotait (button) (small blind) showed [7h 4h] and won ($20.75) with a full house, Fours full of Eights


PokerStars Hand #159159359300:  Hold'em Limit ($3/$6 USD) - 2016/09/27 9:46:13 ET
Table 'Sigune' 6-max Seat #3 is the button
Seat 3: llmaiconll ($63.33 in chips)
Seat 4: Agrotait ($76.27 in chips)
llmaiconll: posts small blind $1
Agrotait: posts big blind $3
*** HOLE CARDS ***
llmaiconll: raises $3 to $6
Agrotait: raises $3 to $9
llmaiconll: calls $3
*** FLOP *** [2h 3c Tc]
Agrotait: bets $3
llmaiconll: calls $3
*** TURN *** [2h 3c Tc] [4h]
Agrotait: bets $6
llmaiconll: calls $6
*** RIVER *** [2h 3c Tc 4h] [Js]
Agrotait: bets $6
llmaiconll: folds
Uncalled bet ($6) returned to Agrotait
Agrotait collected $35.50 from pot
Agrotait: doesn't show hand
*** SUMMARY ***
Total pot $36 | Rake $0.50
Board [2h 3c Tc 4h Js]
Seat 3: llmaiconll (button) (small blind) folded on the River
Seat 4: Agrotait (big blind) collected ($35.50)


PokerStars Hand #159159427232:  Hold'em Limit ($3/$6 USD) - 2016/09/27 9:47:50 ET
Table 'Sigune' 6-max Seat #3 is the button
Seat 3: llmaiconll ($50.83 in chips)
Seat 4: Agrotait ($87.17 in chips)
llmaiconll: posts small blind $1
Agrotait: posts big blind $3
*** HOLE CARDS ***
llmaiconll: folds
Uncalled bet ($2) returned to Agrotait
Agrotait collected $2 from pot
Agrotait: doesn't show hand
*** SUMMARY ***
Total pot $2 | Rake $0
Seat 3: llmaiconll (button) (small blind) folded before Flop
Seat 4: Agrotait (big blind) collected ($2)


PokerStars Hand #159159393406:  Hold'em Limit ($3/$6 USD) - 2016/09/27 9:47:07 ET
Table 'Sigune' 6-max Seat #3 is the button
Seat 3: llmaiconll ($36.33 in chips)
Seat 4: Agrotait ($102.41 in chips)
llmaiconll: posts small blind $1
Agrotait: posts big blind $3
*** HOLE CARDS ***
llmaiconll: raises $3 to $6
Agrotait: calls $3
*** FLOP *** [Ac 2c Tc]
Agrotait: checks
llmaiconll: bets $3
Agrotait: calls $3
*** TURN *** [Ac 2c Tc] [Kc]
Agrotait: checks
llmaiconll: bets $6
Agrotait: calls $6
*** RIVER *** [Ac 2c Tc Kc] [6s]
Agrotait: checks
llmaiconll: bets $6
Agrotait: calls $6
*** SHOW DOWN ***
llmaiconll: shows [9c As] (a flush, Ace high)
Agrotait: mucks hand
llmaiconll collected $41.50 from pot
*** SUMMARY ***
Total pot $42 | Rake $0.50
Board [Ac 2c Tc Kc 6s]
Seat 3: llmaiconll (button) (small blind) showed [9c As] and won ($41.50) with a flush, Ace high
Seat 4: Agrotait (big blind) mucked


PokerStars Hand #159159430236:  Hold'em Limit ($3/$6 USD) - 2016/09/27 9:47:55 ET
Table 'Sigune' 6-max Seat #4 is the button
Seat 3: llmaiconll ($49.83 in chips)
Seat 4: Agrotait ($88.17 in chips)
Agrotait: posts small blind $1
llmaiconll: posts big blind $3
*** HOLE CARDS ***
Agrotait: raises $3 to $6
llmaiconll: calls $3
*** FLOP *** [6d 8h 4d]
llmaiconll: checks
Agrotait: checks
*** TURN *** [6d 8h 4d] [Ah]
llmaiconll: checks
Agrotait: bets $6
llmaiconll: calls $6
*** RIVER *** [6d 8h 4d Ah] [9h]
llmaiconll: checks
Agrotait: checks
*** SHOW DOWN ***
llmaiconll: shows [Js 4c] (a pair of Fours)
Agrotait: mucks hand
llmaiconll collected $23.52 from pot
*** SUMMARY ***
Total pot $24 | Rake $0.48
Board [6d 8h 4d Ah 9h]
Seat 3: llmaiconll (big blind) showed [Js 4c] and won ($23.52) with a pair of Fours
Seat 4: Agrotait (button) (small blind) mucked


PokerStars Hand #159159465179:  Hold'em Limit ($3/$6 USD) - 2016/09/27 9:48:57 ET
Table 'Sigune' 6-max Seat #4 is the button
Seat 3: llmaiconll ($55.35 in chips)
Seat 4: Agrotait ($81.93 in chips)
Agrotait: posts small blind $1
llmaiconll: posts big blind $3
*** HOLE CARDS ***
Agrotait: raises $3 to $6
llmaiconll: calls $3
*** FLOP *** [3s 2s 5c]
llmaiconll: checks
Agrotait: bets $3
llmaiconll: calls $3
*** TURN *** [3s 2s 5c] [Qh]
llmaiconll: checks
Agrotait: bets $6
llmaiconll: raises $6 to $12
Agrotait: raises $6 to $18
llmaiconll: calls $6
*** RIVER *** [3s 2s 5c Qh] [9c]
llmaiconll: bets $6
Agrotait: raises $6 to $12
llmaiconll: calls $6
*** SHOW DOWN ***
Agrotait: shows [4h Ac] (a straight, Ace to Five)
llmaiconll: mucks hand
Agrotait collected $77.50 from pot
*** SUMMARY ***
Total pot $78 | Rake $0.50
Board [3s 2s 5c Qh 9c]
Seat 3: llmaiconll (big blind) mucked
Seat 4: Agrotait (button) (small blind) showed [4h Ac] and won ($77.50) with a straight, Ace to Five


PokerStars Hand #159159483350:  Hold'em Limit ($3/$6 USD) - 2016/09/27 9:49:30 ET
Table 'Sigune' 6-max Seat #3 is the button
Seat 3: llmaiconll ($16.35 in chips)
Seat 4: Agrotait ($120.43 in chips)
llmaiconll: posts small blind $1
Agrotait: posts big blind $3
*** HOLE CARDS ***
llmaiconll: raises $3 to $6
Agrotait: raises $3 to $9
llmaiconll: raises $3 to $12
Betting is capped
Agrotait: calls $3
*** FLOP *** [8c 4h 5h]
Agrotait: checks
llmaiconll: bets $3
Agrotait: raises $3 to $6
llmaiconll: calls $1.35 and is all-in
Uncalled bet ($1.65) returned to Agrotait
*** TURN *** [8c 4h 5h] [2c]
*** RIVER *** [8c 4h 5h 2c] [3c]
*** SHOW DOWN ***
Agrotait: shows [Jh Qh] (high card Queen)
llmaiconll: shows [Js Tc] (high card Jack)
Agrotait collected $32.20 from pot
*** SUMMARY ***
Total pot $32.70 | Rake $0.50
Board [8c 4h 5h 2c 3c]
Seat 3: llmaiconll (button) (small blind) showed [Js Tc] and lost with high card Jack
Seat 4: Agrotait (big blind) showed [Jh Qh] and won ($32.20) with high card Queen


