PokerStars Hand #155837469966:  Hold'em Limit ($3/$6 USD) - 2016/07/11 11:44:57 ET
Table 'Sigune' 6-max Seat #4 is the button
Seat 1: Wurst2000 ($123.36 in chips)
Seat 4: Ale4o ($141.20 in chips)
Ale4o: posts small blind $1
rogoziol: is sitting out
Wurst2000: posts big blind $3
*** HOLE CARDS ***
Ale4o: raises $3 to $6
rogoziol leaves the table
Wurst2000: folds
Uncalled bet ($3) returned to Ale4o
Ale4o collected $6 from pot
Ale4o: doesn't show hand
*** SUMMARY ***
Total pot $6 | Rake $0
Seat 1: Wurst2000 (big blind) folded before Flop
Seat 4: Ale4o (button) (small blind) collected ($6)


PokerStars Hand #155837499292:  Hold'em Limit ($3/$6 USD) - 2016/07/11 11:45:46 ET
Table 'Sigune' 6-max Seat #5 is the button
Seat 5: diamont flus ($59.79 in chips)
Seat 6: Zubasa07 ($500 in chips)
diamont flus: posts small blind $1
Zubasa07: posts big blind $3
*** HOLE CARDS ***
diamont flus: raises $3 to $6
Zubasa07: calls $3
*** FLOP *** [Ks Td Qh]
Zubasa07: checks
diamont flus: bets $3
Zubasa07: calls $3
*** TURN *** [Ks Td Qh] [9c]
Zubasa07: checks
diamont flus: bets $6
Zubasa07: raises $6 to $12
diamont flus: calls $6
*** RIVER *** [Ks Td Qh 9c] [7s]
Zubasa07: bets $6
diamont flus: calls $6
*** SHOW DOWN ***
Zubasa07: shows [Jc 8d] (a straight, Nine to King)
diamont flus: mucks hand
Zubasa07 collected $53.50 from pot
*** SUMMARY ***
Total pot $54 | Rake $0.50
Board [Ks Td Qh 9c 7s]
Seat 5: diamont flus (button) (small blind) mucked
Seat 6: Zubasa07 (big blind) showed [Jc 8d] and won ($53.50) with a straight, Nine to King


PokerStars Hand #155838153766:  Hold'em Limit ($3/$6 USD) - 2016/07/11 12:04:56 ET
Table 'Sigune' 6-max Seat #1 is the button
Seat 1: Wurst2000 ($78.97 in chips)
Seat 6: Zubasa07 ($574.33 in chips)
Wurst2000: posts small blind $1
fire852181: is sitting out
Great_Kang: is sitting out
Zubasa07: posts big blind $3
*** HOLE CARDS ***
Wurst2000: raises $3 to $6
fire852181 leaves the table
Zubasa07: calls $3
*** FLOP *** [As 2d 6s]
Zubasa07: checks
Wurst2000: bets $3
Zubasa07: raises $3 to $6
Great_Kang leaves the table
Wurst2000: calls $3
*** TURN *** [As 2d 6s] [9h]
Zubasa07: checks
Wurst2000: bets $6
Zubasa07: calls $6
*** RIVER *** [As 2d 6s 9h] [2c]
Zubasa07: checks
Wurst2000: bets $6
Zubasa07: folds
Uncalled bet ($6) returned to Wurst2000
Wurst2000 collected $35.50 from pot
Wurst2000: doesn't show hand
*** SUMMARY ***
Total pot $36 | Rake $0.50
Board [As 2d 6s 9h 2c]
Seat 1: Wurst2000 (button) (small blind) collected ($35.50)
Seat 6: Zubasa07 (big blind) folded on the River


