PokerStars Hand #157370880323:  Hold'em Limit ($3/$6 USD) - 2016/08/16 20:16:59 ET
Table 'Silesia' 10-max Seat #10 is the button
Seat 5: shanlas ($65.18 in chips)
Seat 10: rarondi ($50.05 in chips)
rarondi: posts small blind $1
shanlas: posts big blind $3
*** HOLE CARDS ***
rarondi: raises $3 to $6
shanlas: raises $3 to $9
rarondi: raises $3 to $12
Betting is capped
shanlas: calls $3
*** FLOP *** [7d 2h Kh]
shanlas: bets $3
rarondi: raises $3 to $6
shanlas: raises $3 to $9
rarondi: raises $3 to $12
Betting is capped
shanlas: calls $3
*** TURN *** [7d 2h Kh] [8s]
shanlas: bets $6
rarondi: raises $6 to $12
shanlas: raises $6 to $18
rarondi: raises $6 to $24
Betting is capped
shanlas: calls $6
*** RIVER *** [7d 2h Kh 8s] [As]
shanlas: bets $6
rarondi: folds
Uncalled bet ($6) returned to shanlas
shanlas collected $95.50 from pot
shanlas: doesn't show hand
*** SUMMARY ***
Total pot $96 | Rake $0.50
Board [7d 2h Kh 8s As]
Seat 5: shanlas (big blind) collected ($95.50)
Seat 10: rarondi (button) (small blind) folded on the River


