PokerStars Hand #159630796307:  Hold'em Limit ($3/$6 USD) - 2016/10/08 4:01:14 ET
Table 'Silesia' 6-max Seat #4 is the button
Seat 3: slavomir9305 ($39.60 in chips)
Seat 4: Agrotait ($73 in chips)
Agrotait: posts small blind $1
slavomir9305: posts big blind $3
*** HOLE CARDS ***
Agrotait: folds
Uncalled bet ($2) returned to slavomir9305
slavomir9305 collected $2 from pot
*** SUMMARY ***
Total pot $2 | Rake $0
Seat 3: slavomir9305 (big blind) collected ($2)
Seat 4: Agrotait (button) (small blind) folded before Flop


PokerStars Hand #159630793462:  Hold'em Limit ($3/$6 USD) - 2016/10/08 4:01:05 ET
Table 'Silesia' 6-max Seat #3 is the button
Seat 3: slavomir9305 ($40.60 in chips)
Seat 4: Agrotait ($72 in chips)
slavomir9305: posts small blind $1
Agrotait: posts big blind $3
*** HOLE CARDS ***
slavomir9305: folds
Uncalled bet ($2) returned to Agrotait
Agrotait collected $2 from pot
Agrotait: doesn't show hand
*** SUMMARY ***
Total pot $2 | Rake $0
Seat 3: slavomir9305 (button) (small blind) folded before Flop
Seat 4: Agrotait (big blind) collected ($2)


PokerStars Hand #159630798820:  Hold'em Limit ($3/$6 USD) - 2016/10/08 4:01:22 ET
Table 'Silesia' 6-max Seat #3 is the button
Seat 3: slavomir9305 ($40.60 in chips)
Seat 4: Agrotait ($72 in chips)
slavomir9305: posts small blind $1
Agrotait: posts big blind $3
*** HOLE CARDS ***
slavomir9305: raises $3 to $6
Agrotait: calls $3
*** FLOP *** [Js 6d 3s]
Agrotait: checks
slavomir9305: bets $3
Agrotait: calls $3
*** TURN *** [Js 6d 3s] [7h]
Agrotait: checks
slavomir9305: bets $6
Agrotait: folds
Uncalled bet ($6) returned to slavomir9305
slavomir9305 collected $17.64 from pot
*** SUMMARY ***
Total pot $18 | Rake $0.36
Board [Js 6d 3s 7h]
Seat 3: slavomir9305 (button) (small blind) collected ($17.64)
Seat 4: Agrotait (big blind) folded on the Turn


PokerStars Hand #159630816263:  Hold'em Limit ($3/$6 USD) - 2016/10/08 4:02:18 ET
Table 'Silesia' 6-max Seat #3 is the button
Seat 3: slavomir9305 ($34.24 in chips)
Seat 4: Agrotait ($77.50 in chips)
slavomir9305: posts small blind $1
Agrotait: posts big blind $3
*** HOLE CARDS ***
slavomir9305: raises $3 to $6
Agrotait: raises $3 to $9
slavomir9305: calls $3
*** FLOP *** [8d 9c Kh]
Agrotait: bets $3
slavomir9305: folds
Uncalled bet ($3) returned to Agrotait
Agrotait collected $17.64 from pot
Agrotait: doesn't show hand
*** SUMMARY ***
Total pot $18 | Rake $0.36
Board [8d 9c Kh]
Seat 3: slavomir9305 (button) (small blind) folded on the Flop
Seat 4: Agrotait (big blind) collected ($17.64)


PokerStars Hand #159630806270:  Hold'em Limit ($3/$6 USD) - 2016/10/08 4:01:46 ET
Table 'Silesia' 6-max Seat #4 is the button
Seat 3: slavomir9305 ($49.24 in chips)
Seat 4: Agrotait ($63 in chips)
Agrotait: posts small blind $1
slavomir9305: posts big blind $3
*** HOLE CARDS ***
Agrotait: raises $3 to $6
slavomir9305: calls $3
*** FLOP *** [5c Qc 2d]
slavomir9305: checks
Agrotait: bets $3
slavomir9305: calls $3
*** TURN *** [5c Qc 2d] [Kc]
slavomir9305: checks
Agrotait: checks
*** RIVER *** [5c Qc 2d Kc] [3d]
slavomir9305: bets $6
Agrotait: calls $6
*** SHOW DOWN ***
slavomir9305: shows [7c 4s] (high card King)
Agrotait: shows [6s 6h] (a pair of Sixes)
Agrotait collected $29.50 from pot
*** SUMMARY ***
Total pot $30 | Rake $0.50
Board [5c Qc 2d Kc 3d]
Seat 3: slavomir9305 (big blind) showed [7c 4s] and lost with high card King
Seat 4: Agrotait (button) (small blind) showed [6s 6h] and won ($29.50) with a pair of Sixes


PokerStars Hand #159630820768:  Hold'em Limit ($3/$6 USD) - 2016/10/08 4:02:32 ET
Table 'Silesia' 6-max Seat #4 is the button
Seat 3: slavomir9305 ($25.24 in chips)
Seat 4: Agrotait ($86.14 in chips)
Agrotait: posts small blind $1
slavomir9305: posts big blind $3
*** HOLE CARDS ***
Agrotait: raises $3 to $6
slavomir9305: raises $3 to $9
Agrotait: calls $3
*** FLOP *** [Ah 4h 9h]
slavomir9305: bets $3
Agrotait: calls $3
*** TURN *** [Ah 4h 9h] [Jd]
slavomir9305: bets $6
Agrotait: raises $6 to $12
slavomir9305: raises $1.24 to $13.24 and is all-in
Agrotait: calls $1.24
*** RIVER *** [Ah 4h 9h Jd] [5d]
*** SHOW DOWN ***
slavomir9305: shows [Qs Qc] (a pair of Queens)
Agrotait: shows [Ac 5h] (two pair, Aces and Fives)
Agrotait collected $49.98 from pot
*** SUMMARY ***
Total pot $50.48 | Rake $0.50
Board [Ah 4h 9h Jd 5d]
Seat 3: slavomir9305 (big blind) showed [Qs Qc] and lost with a pair of Queens
Seat 4: Agrotait (button) (small blind) showed [Ac 5h] and won ($49.98) with two pair, Aces and Fives


