PokerStars Hand #168973247171:  Hold'em Limit ($3/$6 USD) - 2017/04/13 7:49:15 ET
Table 'Silesia II' 6-max Seat #5 is the button
Seat 2: 40 ft cliff ($134.50 in chips)
Seat 5: Great_Kang ($120 in chips)
Great_Kang: posts small blind $1
40 ft cliff: posts big blind $3
*** HOLE CARDS ***
Great_Kang: raises $3 to $6
40 ft cliff: folds
Uncalled bet ($3) returned to Great_Kang
Great_Kang collected $6 from pot
Great_Kang: doesn't show hand
*** SUMMARY ***
Total pot $6 | Rake $0
Seat 2: 40 ft cliff (big blind) folded before Flop
Seat 5: Great_Kang (button) (small blind) collected ($6)


PokerStars Hand #168973232049:  Hold'em Limit ($3/$6 USD) - 2017/04/13 7:48:44 ET
Table 'Silesia II' 6-max Seat #2 is the button
Seat 2: 40 ft cliff ($120 in chips)
Seat 5: Great_Kang ($120 in chips)
40 ft cliff: posts small blind $1
Agrotait leaves the table
sim5sim5: is sitting out
Great_Kang: posts big blind $3
*** HOLE CARDS ***
40 ft cliff: raises $3 to $6
sim5sim5 leaves the table
Great_Kang: calls $3
*** FLOP *** [Jc Ah Qs]
Great_Kang: checks
40 ft cliff: bets $3
Great_Kang: calls $3
*** TURN *** [Jc Ah Qs] [5d]
Great_Kang: checks
40 ft cliff: checks
*** RIVER *** [Jc Ah Qs 5d] [2d]
Great_Kang: bets $6
40 ft cliff: calls $6
*** SHOW DOWN ***
Great_Kang: shows [Td 3d] (high card Ace)
40 ft cliff: shows [5c 9h] (a pair of Fives)
40 ft cliff collected $29.50 from pot
*** SUMMARY ***
Total pot $30 | Rake $0.50
Board [Jc Ah Qs 5d 2d]
Seat 2: 40 ft cliff (button) (small blind) showed [5c 9h] and won ($29.50) with a pair of Fives
Seat 5: Great_Kang (big blind) showed [Td 3d] and lost with high card Ace


PokerStars Hand #168973250235:  Hold'em Limit ($3/$6 USD) - 2017/04/13 7:49:21 ET
Table 'Silesia II' 6-max Seat #2 is the button
Seat 2: 40 ft cliff ($131.50 in chips)
Seat 5: Great_Kang ($123 in chips)
40 ft cliff: posts small blind $1
Great_Kang: posts big blind $3
*** HOLE CARDS ***
40 ft cliff: raises $3 to $6
Great_Kang: calls $3
*** FLOP *** [2d 6s Td]
Great_Kang: checks
40 ft cliff: bets $3
Great_Kang: folds
Uncalled bet ($3) returned to 40 ft cliff
40 ft cliff collected $11.76 from pot
40 ft cliff: doesn't show hand
*** SUMMARY ***
Total pot $12 | Rake $0.24
Board [2d 6s Td]
Seat 2: 40 ft cliff (button) (small blind) collected ($11.76)
Seat 5: Great_Kang (big blind) folded on the Flop


PokerStars Hand #168973282538:  Hold'em Limit ($3/$6 USD) - 2017/04/13 7:50:28 ET
Table 'Silesia II' 6-max Seat #5 is the button
Seat 2: 40 ft cliff ($112.26 in chips)
Seat 5: Great_Kang ($144.50 in chips)
Great_Kang: posts small blind $1
40 ft cliff: posts big blind $3
*** HOLE CARDS ***
Great_Kang: raises $3 to $6
40 ft cliff: folds
Uncalled bet ($3) returned to Great_Kang
Great_Kang collected $6 from pot
Great_Kang: doesn't show hand
*** SUMMARY ***
Total pot $6 | Rake $0
Seat 2: 40 ft cliff (big blind) folded before Flop
Seat 5: Great_Kang (button) (small blind) collected ($6)


PokerStars Hand #168973275954:  Hold'em Limit ($3/$6 USD) - 2017/04/13 7:50:14 ET
Table 'Silesia II' 6-max Seat #2 is the button
Seat 2: 40 ft cliff ($109.26 in chips)
Seat 5: Great_Kang ($147.50 in chips)
40 ft cliff: posts small blind $1
Great_Kang: posts big blind $3
*** HOLE CARDS ***
40 ft cliff: raises $3 to $6
Great_Kang: folds
Uncalled bet ($3) returned to 40 ft cliff
40 ft cliff collected $6 from pot
40 ft cliff: doesn't show hand
*** SUMMARY ***
Total pot $6 | Rake $0
Seat 2: 40 ft cliff (button) (small blind) collected ($6)
Seat 5: Great_Kang (big blind) folded before Flop


PokerStars Hand #168973266518:  Hold'em Limit ($3/$6 USD) - 2017/04/13 7:49:55 ET
Table 'Silesia II' 6-max Seat #2 is the button
Seat 2: 40 ft cliff ($113.26 in chips)
Seat 5: Great_Kang ($143.50 in chips)
40 ft cliff: posts small blind $1
Great_Kang: posts big blind $3
*** HOLE CARDS ***
40 ft cliff: folds
Uncalled bet ($2) returned to Great_Kang
Great_Kang collected $2 from pot
Great_Kang: doesn't show hand
*** SUMMARY ***
Total pot $2 | Rake $0
Seat 2: 40 ft cliff (button) (small blind) folded before Flop
Seat 5: Great_Kang (big blind) collected ($2)


PokerStars Hand #168973255352:  Hold'em Limit ($3/$6 USD) - 2017/04/13 7:49:32 ET
Table 'Silesia II' 6-max Seat #5 is the button
Seat 2: 40 ft cliff ($137.26 in chips)
Seat 5: Great_Kang ($120 in chips)
Great_Kang: posts small blind $1
40 ft cliff: posts big blind $3
*** HOLE CARDS ***
Great_Kang: raises $3 to $6
40 ft cliff: raises $3 to $9
Great_Kang: calls $3
*** FLOP *** [8s 5d 4s]
40 ft cliff: bets $3
Great_Kang: calls $3
*** TURN *** [8s 5d 4s] [3h]
40 ft cliff: bets $6
Great_Kang: calls $6
*** RIVER *** [8s 5d 4s 3h] [8d]
40 ft cliff: bets $6
Great_Kang: calls $6
*** SHOW DOWN ***
40 ft cliff: shows [Ac Th] (a pair of Eights)
Great_Kang: shows [5h 6c] (two pair, Eights and Fives)
Great_Kang collected $47.50 from pot
*** SUMMARY ***
Total pot $48 | Rake $0.50
Board [8s 5d 4s 3h 8d]
Seat 2: 40 ft cliff (big blind) showed [Ac Th] and lost with a pair of Eights
Seat 5: Great_Kang (button) (small blind) showed [5h 6c] and won ($47.50) with two pair, Eights and Fives


PokerStars Hand #168973269378:  Hold'em Limit ($3/$6 USD) - 2017/04/13 7:50:01 ET
Table 'Silesia II' 6-max Seat #5 is the button
Seat 2: 40 ft cliff ($112.26 in chips)
Seat 5: Great_Kang ($144.50 in chips)
Great_Kang: posts small blind $1
40 ft cliff: posts big blind $3
*** HOLE CARDS ***
Great_Kang: raises $3 to $6
40 ft cliff: folds
Uncalled bet ($3) returned to Great_Kang
Great_Kang collected $6 from pot
Great_Kang: doesn't show hand
*** SUMMARY ***
Total pot $6 | Rake $0
Seat 2: 40 ft cliff (big blind) folded before Flop
Seat 5: Great_Kang (button) (small blind) collected ($6)


PokerStars Hand #168973285518:  Hold'em Limit ($3/$6 USD) - 2017/04/13 7:50:34 ET
Table 'Silesia II' 6-max Seat #2 is the button
Seat 2: 40 ft cliff ($109.26 in chips)
Seat 5: Great_Kang ($147.50 in chips)
40 ft cliff: posts small blind $1
Great_Kang: posts big blind $3
*** HOLE CARDS ***
40 ft cliff: raises $3 to $6
Great_Kang: raises $3 to $9
40 ft cliff: calls $3
*** FLOP *** [7d 6s 4h]
Great_Kang: bets $3
40 ft cliff: raises $3 to $6
Great_Kang: calls $3
*** TURN *** [7d 6s 4h] [6c]
Great_Kang: checks
40 ft cliff: bets $6
Great_Kang: folds
Uncalled bet ($6) returned to 40 ft cliff
40 ft cliff collected $29.50 from pot
40 ft cliff: doesn't show hand
*** SUMMARY ***
Total pot $30 | Rake $0.50
Board [7d 6s 4h 6c]
Seat 2: 40 ft cliff (button) (small blind) collected ($29.50)
Seat 5: Great_Kang (big blind) folded on the Turn


PokerStars Hand #168973299069:  Hold'em Limit ($3/$6 USD) - 2017/04/13 7:51:02 ET
Table 'Silesia II' 6-max Seat #2 is the button
Seat 2: 40 ft cliff ($120.76 in chips)
Seat 5: Great_Kang ($135.50 in chips)
40 ft cliff: posts small blind $1
Great_Kang: posts big blind $3
*** HOLE CARDS ***
40 ft cliff: raises $3 to $6
Great_Kang: calls $3
*** FLOP *** [As Tc Kh]
Great_Kang: checks
40 ft cliff: bets $3
Great_Kang: folds
Uncalled bet ($3) returned to 40 ft cliff
40 ft cliff collected $11.76 from pot
40 ft cliff: doesn't show hand
*** SUMMARY ***
Total pot $12 | Rake $0.24
Board [As Tc Kh]
Seat 2: 40 ft cliff (button) (small blind) collected ($11.76)
Seat 5: Great_Kang (big blind) folded on the Flop


PokerStars Hand #168973315726:  Hold'em Limit ($3/$6 USD) - 2017/04/13 7:51:36 ET
Table 'Silesia II' 6-max Seat #2 is the button
Seat 2: 40 ft cliff ($120.52 in chips)
Seat 5: Great_Kang ($135.26 in chips)
40 ft cliff: posts small blind $1
Great_Kang: posts big blind $3
*** HOLE CARDS ***
40 ft cliff: folds
Uncalled bet ($2) returned to Great_Kang
Great_Kang collected $2 from pot
Great_Kang: doesn't show hand
*** SUMMARY ***
Total pot $2 | Rake $0
Seat 2: 40 ft cliff (button) (small blind) folded before Flop
Seat 5: Great_Kang (big blind) collected ($2)


PokerStars Hand #168973308051:  Hold'em Limit ($3/$6 USD) - 2017/04/13 7:51:20 ET
Table 'Silesia II' 6-max Seat #5 is the button
Seat 2: 40 ft cliff ($126.52 in chips)
Seat 5: Great_Kang ($129.50 in chips)
Great_Kang: posts small blind $1
40 ft cliff: posts big blind $3
*** HOLE CARDS ***
Great_Kang: raises $3 to $6
40 ft cliff: calls $3
*** FLOP *** [Jc 5d As]
40 ft cliff: checks
Great_Kang: bets $3
40 ft cliff: folds
Uncalled bet ($3) returned to Great_Kang
Great_Kang collected $11.76 from pot
Great_Kang: doesn't show hand
*** SUMMARY ***
Total pot $12 | Rake $0.24
Board [Jc 5d As]
Seat 2: 40 ft cliff (big blind) folded on the Flop
Seat 5: Great_Kang (button) (small blind) collected ($11.76)


PokerStars Hand #168973295407:  Hold'em Limit ($3/$6 USD) - 2017/04/13 7:50:54 ET
Table 'Silesia II' 6-max Seat #5 is the button
Seat 2: 40 ft cliff ($123.76 in chips)
Seat 5: Great_Kang ($132.50 in chips)
Great_Kang: posts small blind $1
40 ft cliff: posts big blind $3
*** HOLE CARDS ***
Great_Kang: raises $3 to $6
40 ft cliff: folds
Uncalled bet ($3) returned to Great_Kang
Great_Kang collected $6 from pot
Great_Kang: doesn't show hand
*** SUMMARY ***
Total pot $6 | Rake $0
Seat 2: 40 ft cliff (big blind) folded before Flop
Seat 5: Great_Kang (button) (small blind) collected ($6)


PokerStars Hand #168973328787:  Hold'em Limit ($3/$6 USD) - 2017/04/13 7:52:03 ET
Table 'Silesia II' 6-max Seat #2 is the button
Seat 2: 40 ft cliff ($131.04 in chips)
Seat 5: Great_Kang ($124.26 in chips)
40 ft cliff: posts small blind $1
Great_Kang: posts big blind $3
*** HOLE CARDS ***
40 ft cliff: raises $3 to $6
Great_Kang: raises $3 to $9
40 ft cliff: calls $3
*** FLOP *** [Jc 9h Qc]
Great_Kang: bets $3
40 ft cliff: raises $3 to $6
Great_Kang: raises $3 to $9
40 ft cliff: calls $3
*** TURN *** [Jc 9h Qc] [Kh]
Great_Kang: bets $6
40 ft cliff: calls $6
*** RIVER *** [Jc 9h Qc Kh] [Jd]
Great_Kang: bets $6
40 ft cliff: raises $6 to $12
Great_Kang: folds
Uncalled bet ($6) returned to 40 ft cliff
40 ft cliff collected $59.50 from pot
40 ft cliff: doesn't show hand
*** SUMMARY ***
Total pot $60 | Rake $0.50
Board [Jc 9h Qc Kh Jd]
Seat 2: 40 ft cliff (button) (small blind) collected ($59.50)
Seat 5: Great_Kang (big blind) folded on the River


PokerStars Hand #168973318405:  Hold'em Limit ($3/$6 USD) - 2017/04/13 7:51:41 ET
Table 'Silesia II' 6-max Seat #5 is the button
Seat 2: 40 ft cliff ($119.52 in chips)
Seat 5: Great_Kang ($136.26 in chips)
Great_Kang: posts small blind $1
40 ft cliff: posts big blind $3
*** HOLE CARDS ***
Great_Kang: raises $3 to $6
40 ft cliff: raises $3 to $9
Great_Kang: calls $3
*** FLOP *** [Jd Th 9d]
40 ft cliff: bets $3
Great_Kang: calls $3
*** TURN *** [Jd Th 9d] [3d]
40 ft cliff: bets $6
Great_Kang: folds
Uncalled bet ($6) returned to 40 ft cliff
40 ft cliff collected $23.52 from pot
40 ft cliff: doesn't show hand
*** SUMMARY ***
Total pot $24 | Rake $0.48
Board [Jd Th 9d 3d]
Seat 2: 40 ft cliff (big blind) collected ($23.52)
Seat 5: Great_Kang (button) (small blind) folded on the Turn


PokerStars Hand #168973358853:  Hold'em Limit ($3/$6 USD) - 2017/04/13 7:53:04 ET
Table 'Silesia II' 6-max Seat #2 is the button
Seat 2: 40 ft cliff ($157.54 in chips)
Seat 5: Great_Kang ($124 in chips)
40 ft cliff: posts small blind $1
Great_Kang: posts big blind $3
*** HOLE CARDS ***
40 ft cliff: raises $3 to $6
Great_Kang: raises $3 to $9
40 ft cliff: calls $3
*** FLOP *** [Kc 7c 4s]
Great_Kang: bets $3
40 ft cliff: folds
Uncalled bet ($3) returned to Great_Kang
Great_Kang collected $17.64 from pot
Great_Kang: doesn't show hand
*** SUMMARY ***
Total pot $18 | Rake $0.36
Board [Kc 7c 4s]
Seat 2: 40 ft cliff (button) (small blind) folded on the Flop
Seat 5: Great_Kang (big blind) collected ($17.64)


PokerStars Hand #168973347174:  Hold'em Limit ($3/$6 USD) - 2017/04/13 7:52:41 ET
Table 'Silesia II' 6-max Seat #5 is the button
Seat 2: 40 ft cliff ($160.54 in chips)
Seat 5: Great_Kang ($120 in chips)
Great_Kang: posts small blind $1
40 ft cliff: posts big blind $3
*** HOLE CARDS ***
Great_Kang: folds
Uncalled bet ($2) returned to 40 ft cliff
40 ft cliff collected $2 from pot
40 ft cliff: doesn't show hand
*** SUMMARY ***
Total pot $2 | Rake $0
Seat 2: 40 ft cliff (big blind) collected ($2)
Seat 5: Great_Kang (button) (small blind) folded before Flop


PokerStars Hand #168973355625:  Hold'em Limit ($3/$6 USD) - 2017/04/13 7:52:58 ET
Table 'Silesia II' 6-max Seat #5 is the button
Seat 2: 40 ft cliff ($160.54 in chips)
Seat 5: Great_Kang ($121 in chips)
Great_Kang: posts small blind $1
40 ft cliff: posts big blind $3
*** HOLE CARDS ***
Great_Kang: raises $3 to $6
40 ft cliff: folds
Uncalled bet ($3) returned to Great_Kang
Great_Kang collected $6 from pot
Great_Kang: doesn't show hand
*** SUMMARY ***
Total pot $6 | Rake $0
Seat 2: 40 ft cliff (big blind) folded before Flop
Seat 5: Great_Kang (button) (small blind) collected ($6)


PokerStars Hand #168973367127:  Hold'em Limit ($3/$6 USD) - 2017/04/13 7:53:22 ET
Table 'Silesia II' 6-max Seat #5 is the button
Seat 2: 40 ft cliff ($148.54 in chips)
Seat 5: Great_Kang ($132.64 in chips)
Great_Kang: posts small blind $1
40 ft cliff: posts big blind $3
*** HOLE CARDS ***
Great_Kang: raises $3 to $6
40 ft cliff: calls $3
*** FLOP *** [2d Jd 5h]
40 ft cliff: checks
Great_Kang: checks
*** TURN *** [2d Jd 5h] [4d]
40 ft cliff: bets $6
Great_Kang: raises $6 to $12
40 ft cliff: raises $6 to $18
Great_Kang: calls $6
*** RIVER *** [2d Jd 5h 4d] [6s]
40 ft cliff: bets $6
Great_Kang: calls $6
*** SHOW DOWN ***
40 ft cliff: shows [Jc Qd] (a pair of Jacks)
Great_Kang: shows [3h Kd] (a straight, Deuce to Six)
Great_Kang collected $59.50 from pot
*** SUMMARY ***
Total pot $60 | Rake $0.50
Board [2d Jd 5h 4d 6s]
Seat 2: 40 ft cliff (big blind) showed [Jc Qd] and lost with a pair of Jacks
Seat 5: Great_Kang (button) (small blind) showed [3h Kd] and won ($59.50) with a straight, Deuce to Six


PokerStars Hand #168973394222:  Hold'em Limit ($3/$6 USD) - 2017/04/13 7:54:17 ET
Table 'Silesia II' 6-max Seat #2 is the button
Seat 2: 40 ft cliff ($125.30 in chips)
Seat 5: Great_Kang ($155.14 in chips)
40 ft cliff: posts small blind $1
Great_Kang: posts big blind $3
*** HOLE CARDS ***
40 ft cliff: folds
Uncalled bet ($2) returned to Great_Kang
Great_Kang collected $2 from pot
Great_Kang: doesn't show hand
*** SUMMARY ***
Total pot $2 | Rake $0
Seat 2: 40 ft cliff (button) (small blind) folded before Flop
Seat 5: Great_Kang (big blind) collected ($2)


PokerStars Hand #168973383424:  Hold'em Limit ($3/$6 USD) - 2017/04/13 7:53:55 ET
Table 'Silesia II' 6-max Seat #2 is the button
Seat 2: 40 ft cliff ($118.54 in chips)
Seat 5: Great_Kang ($162.14 in chips)
40 ft cliff: posts small blind $1
Great_Kang: posts big blind $3
*** HOLE CARDS ***
40 ft cliff: raises $3 to $6
Great_Kang: calls $3
*** FLOP *** [9h 2s Qc]
Great_Kang: checks
40 ft cliff: bets $3
Great_Kang: folds
Uncalled bet ($3) returned to 40 ft cliff
40 ft cliff collected $11.76 from pot
40 ft cliff: doesn't show hand
*** SUMMARY ***
Total pot $12 | Rake $0.24
Board [9h 2s Qc]
Seat 2: 40 ft cliff (button) (small blind) collected ($11.76)
Seat 5: Great_Kang (big blind) folded on the Flop


