PokerStars Hand #164587403726:  Hold'em Limit ($3/$6 USD) - 2017/01/14 18:49:32 ET
Table 'Silesia' 6-max Seat #2 is the button
Seat 1: Velbor107 ($299 in chips)
Seat 2: habari786 ($61 in chips)
habari786: posts small blind $1
Velbor107: posts big blind $3
*** HOLE CARDS ***
habari786: raises $3 to $6
Velbor107: folds
Uncalled bet ($3) returned to habari786
habari786 collected $6 from pot
habari786: doesn't show hand
*** SUMMARY ***
Total pot $6 | Rake $0
Seat 1: Velbor107 (big blind) folded before Flop
Seat 2: habari786 (button) (small blind) collected ($6)


PokerStars Hand #164587394497:  Hold'em Limit ($3/$6 USD) - 2017/01/14 18:49:20 ET
Table 'Silesia' 6-max Seat #1 is the button
Seat 1: Velbor107 ($300 in chips)
Seat 2: habari786 ($60 in chips)
Velbor107: posts small blind $1
habari786: posts big blind $3
*** HOLE CARDS ***
Velbor107: folds
Uncalled bet ($2) returned to habari786
habari786 collected $2 from pot
habari786: doesn't show hand
*** SUMMARY ***
Total pot $2 | Rake $0
Seat 1: Velbor107 (button) (small blind) folded before Flop
Seat 2: habari786 (big blind) collected ($2)


PokerStars Hand #164587410352:  Hold'em Limit ($3/$6 USD) - 2017/01/14 18:49:41 ET
Table 'Silesia' 6-max Seat #1 is the button
Seat 1: Velbor107 ($296 in chips)
Seat 2: habari786 ($64 in chips)
Velbor107: posts small blind $1
habari786: posts big blind $3
*** HOLE CARDS ***
Velbor107: raises $3 to $6
habari786: calls $3
*** FLOP *** [3d 8d 3h]
habari786: checks
Velbor107: bets $3
habari786: calls $3
*** TURN *** [3d 8d 3h] [Tc]
habari786: checks
xxPSRxx joins the table at seat #4
Velbor107: checks
*** RIVER *** [3d 8d 3h Tc] [5h]
habari786: bets $6
Velbor107: calls $6
*** SHOW DOWN ***
habari786: shows [Ts 9h] (two pair, Tens and Threes)
Velbor107: mucks hand
habari786 collected $29.50 from pot
*** SUMMARY ***
Total pot $30 | Rake $0.50
Board [3d 8d 3h Tc 5h]
Seat 1: Velbor107 (button) (small blind) mucked
Seat 2: habari786 (big blind) showed [Ts 9h] and won ($29.50) with two pair, Tens and Threes


