PokerStars Hand #176579672590:  Hold'em Limit ($3/$6 USD) - 2017/10/06 17:33:42 ET
Table 'Silke' 10-max Seat #7 is the button
Seat 6: aploshik ($64.55 in chips)
Seat 7: Ag3r0n ($72 in chips)
Ag3r0n: posts small blind $1
aploshik: posts big blind $3
*** HOLE CARDS ***
Ag3r0n: raises $3 to $6
aploshik: raises $3 to $9
Ag3r0n: calls $3
*** FLOP *** [Qc Jc 2s]
aploshik: bets $3
Ag3r0n: calls $3
*** TURN *** [Qc Jc 2s] [Ad]
aploshik: bets $6
Ag3r0n: calls $6
*** RIVER *** [Qc Jc 2s Ad] [4d]
aploshik: checks
Ag3r0n: bets $6
aploshik: folds
Uncalled bet ($6) returned to Ag3r0n
Ag3r0n collected $35.50 from pot
Ag3r0n: doesn't show hand
*** SUMMARY ***
Total pot $36 | Rake $0.50
Board [Qc Jc 2s Ad 4d]
Seat 6: aploshik (big blind) folded on the River
Seat 7: Ag3r0n (button) (small blind) collected ($35.50)


PokerStars Hand #176579641188:  Hold'em Limit ($3/$6 USD) - 2017/10/06 17:33:01 ET
Table 'Silke' 10-max Seat #6 is the button
Seat 6: aploshik ($41.05 in chips)
Seat 7: Ag3r0n ($72 in chips)
aploshik: posts small blind $1
Ag3r0n: posts big blind $3
*** HOLE CARDS ***
aploshik: raises $3 to $6
Ag3r0n: raises $3 to $9
aploshik: raises $3 to $12
Betting is capped
Ag3r0n: calls $3
*** FLOP *** [Tc 3s Ah]
Ag3r0n: bets $3
aploshik: raises $3 to $6
Ag3r0n: calls $3
*** TURN *** [Tc 3s Ah] [5c]
Ag3r0n: checks
aploshik: bets $6
Ag3r0n: calls $6
*** RIVER *** [Tc 3s Ah 5c] [9c]
Ag3r0n: checks
aploshik: bets $6
Ag3r0n: folds
Uncalled bet ($6) returned to aploshik
aploshik collected $47.50 from pot
*** SUMMARY ***
Total pot $48 | Rake $0.50
Board [Tc 3s Ah 5c 9c]
Seat 6: aploshik (button) (small blind) collected ($47.50)
Seat 7: Ag3r0n (big blind) folded on the River


PokerStars Hand #176579693936:  Hold'em Limit ($3/$6 USD) - 2017/10/06 17:34:11 ET
Table 'Silke' 10-max Seat #6 is the button
Seat 6: aploshik ($46.55 in chips)
Seat 7: Ag3r0n ($89.50 in chips)
aploshik: posts small blind $1
Ag3r0n: posts big blind $3
*** HOLE CARDS ***
aploshik: raises $3 to $6
Ag3r0n: raises $3 to $9
aploshik: calls $3
*** FLOP *** [Ah 6h 3h]
Ag3r0n: bets $3
aploshik: calls $3
*** TURN *** [Ah 6h 3h] [8d]
Ag3r0n: checks
aploshik: bets $6
Ag3r0n: calls $6
*** RIVER *** [Ah 6h 3h 8d] [8c]
Ag3r0n: checks
aploshik: bets $6
Ag3r0n: calls $6
*** SHOW DOWN ***
aploshik: shows [9s 9c] (two pair, Nines and Eights)
Ag3r0n: mucks hand
aploshik collected $47.50 from pot
*** SUMMARY ***
Total pot $48 | Rake $0.50
Board [Ah 6h 3h 8d 8c]
Seat 6: aploshik (button) (small blind) showed [9s 9c] and won ($47.50) with two pair, Nines and Eights
Seat 7: Ag3r0n (big blind) mucked


PokerStars Hand #176579727703:  Hold'em Limit ($3/$6 USD) - 2017/10/06 17:34:55 ET
Table 'Silke' 10-max Seat #6 is the button
Seat 6: aploshik ($78.69 in chips)
Seat 7: Ag3r0n ($72 in chips)
aploshik: posts small blind $1
Ag3r0n: posts big blind $3
*** HOLE CARDS ***
aploshik: raises $3 to $6
Ag3r0n: calls $3
*** FLOP *** [Qs 2d 4c]
Ag3r0n: checks
aploshik: checks
*** TURN *** [Qs 2d 4c] [6h]
Ag3r0n: bets $6
aploshik: calls $6
*** RIVER *** [Qs 2d 4c 6h] [Kh]
Ag3r0n: checks
aploshik: bets $6
Ag3r0n: calls $6
*** SHOW DOWN ***
aploshik: shows [8d Ad] (high card Ace)
Ag3r0n: shows [4d 9d] (a pair of Fours)
Ag3r0n collected $35.50 from pot
*** SUMMARY ***
Total pot $36 | Rake $0.50
Board [Qs 2d 4c 6h Kh]
Seat 6: aploshik (button) (small blind) showed [8d Ad] and lost with high card Ace
Seat 7: Ag3r0n (big blind) showed [4d 9d] and won ($35.50) with a pair of Fours


PokerStars Hand #176579712949:  Hold'em Limit ($3/$6 USD) - 2017/10/06 17:34:36 ET
Table 'Silke' 10-max Seat #7 is the button
Seat 6: aploshik ($70.05 in chips)
Seat 7: Ag3r0n ($72 in chips)
Ag3r0n: posts small blind $1
aploshik: posts big blind $3
*** HOLE CARDS ***
Ag3r0n: raises $3 to $6
aploshik: calls $3
*** FLOP *** [4c 7h Td]
aploshik: checks
Ag3r0n: bets $3
aploshik: calls $3
*** TURN *** [4c 7h Td] [3h]
aploshik: checks
Ag3r0n: checks
*** RIVER *** [4c 7h Td 3h] [5h]
aploshik: bets $6
vestimokrec joins the table at seat #8
Ag3r0n: folds
Uncalled bet ($6) returned to aploshik
aploshik collected $17.64 from pot
*** SUMMARY ***
Total pot $18 | Rake $0.36
Board [4c 7h Td 3h 5h]
Seat 6: aploshik (big blind) collected ($17.64)
Seat 7: Ag3r0n (button) (small blind) folded on the River


