PokerStars Hand #166457738623:  Hold'em Limit ($3/$6 USD) - 2017/02/19 12:55:15 ET
Table 'Silvretta II' 10-max Seat #1 is the button
Seat 1: belik555 ($95 in chips)
Seat 10: perten ($112.03 in chips)
belik555: posts small blind $1
perten: posts big blind $3
*** HOLE CARDS ***
belik555: raises $3 to $6
perten: raises $3 to $9
belik555: calls $3
*** FLOP *** [3c 9h 6d]
perten: bets $3
belik555: calls $3
*** TURN *** [3c 9h 6d] [Qc]
perten: bets $6
belik555: folds
Uncalled bet ($6) returned to perten
perten collected $23.52 from pot
perten: doesn't show hand
*** SUMMARY ***
Total pot $24 | Rake $0.48
Board [3c 9h 6d Qc]
Seat 1: belik555 (button) (small blind) folded on the Turn
Seat 10: perten (big blind) collected ($23.52)


PokerStars Hand #166457732690:  Hold'em Limit ($3/$6 USD) - 2017/02/19 12:55:08 ET
Table 'Silvretta II' 10-max Seat #10 is the button
Seat 1: belik555 ($94 in chips)
Seat 10: perten ($113.03 in chips)
perten: posts small blind $1
belik555: posts big blind $3
*** HOLE CARDS ***
perten: folds
Uncalled bet ($2) returned to belik555
belik555 collected $2 from pot
belik555: doesn't show hand
*** SUMMARY ***
Total pot $2 | Rake $0
Seat 1: belik555 (big blind) collected ($2)
Seat 10: perten (button) (small blind) folded before Flop


PokerStars Hand #166457723979:  Hold'em Limit ($3/$6 USD) - 2017/02/19 12:55:00 ET
Table 'Silvretta II' 10-max Seat #1 is the button
Seat 1: belik555 ($91 in chips)
Seat 10: perten ($116.03 in chips)
belik555: posts small blind $1
perten: posts big blind $3
*** HOLE CARDS ***
belik555: raises $3 to $6
perten: folds
Uncalled bet ($3) returned to belik555
belik555 collected $6 from pot
belik555: doesn't show hand
*** SUMMARY ***
Total pot $6 | Rake $0
Seat 1: belik555 (button) (small blind) collected ($6)
Seat 10: perten (big blind) folded before Flop


PokerStars Hand #166457757305:  Hold'em Limit ($3/$6 USD) - 2017/02/19 12:55:39 ET
Table 'Silvretta II' 10-max Seat #10 is the button
Seat 1: belik555 ($90 in chips)
Seat 10: perten ($123.55 in chips)
perten: posts small blind $1
belik555: posts big blind $3
*** HOLE CARDS ***
perten: raises $3 to $6
belik555: calls $3
*** FLOP *** [Kh 8d 4s]
belik555: checks
perten: bets $3
belik555: raises $3 to $6
perten: raises $3 to $9
belik555: folds
Uncalled bet ($3) returned to perten
perten collected $23.52 from pot
perten: doesn't show hand
*** SUMMARY ***
Total pot $24 | Rake $0.48
Board [Kh 8d 4s]
Seat 1: belik555 (big blind) folded on the Flop
Seat 10: perten (button) (small blind) collected ($23.52)


PokerStars Hand #166457779077:  Hold'em Limit ($3/$6 USD) - 2017/02/19 12:56:08 ET
Table 'Silvretta II' 10-max Seat #1 is the button
Seat 1: belik555 ($94 in chips)
Seat 10: perten ($131.07 in chips)
belik555: posts small blind $1
perten: posts big blind $3
*** HOLE CARDS ***
belik555: raises $3 to $6
perten: calls $3
*** FLOP *** [Js 2s Tc]
perten: bets $3
belik555: folds
Uncalled bet ($3) returned to perten
perten collected $11.76 from pot
perten: doesn't show hand
*** SUMMARY ***
Total pot $12 | Rake $0.24
Board [Js 2s Tc]
Seat 1: belik555 (button) (small blind) folded on the Flop
Seat 10: perten (big blind) collected ($11.76)


PokerStars Hand #166457774935:  Hold'em Limit ($3/$6 USD) - 2017/02/19 12:56:03 ET
Table 'Silvretta II' 10-max Seat #10 is the button
Seat 1: belik555 ($93 in chips)
Seat 10: perten ($132.07 in chips)
perten: posts small blind $1
belik555: posts big blind $3
*** HOLE CARDS ***
perten: folds
Uncalled bet ($2) returned to belik555
belik555 collected $2 from pot
belik555: doesn't show hand
*** SUMMARY ***
Total pot $2 | Rake $0
Seat 1: belik555 (big blind) collected ($2)
Seat 10: perten (button) (small blind) folded before Flop


PokerStars Hand #166457770328:  Hold'em Limit ($3/$6 USD) - 2017/02/19 12:55:57 ET
Table 'Silvretta II' 10-max Seat #1 is the button
Seat 1: belik555 ($90 in chips)
Seat 10: perten ($135.07 in chips)
belik555: posts small blind $1
perten: posts big blind $3
*** HOLE CARDS ***
belik555: raises $3 to $6
perten: folds
Uncalled bet ($3) returned to belik555
belik555 collected $6 from pot
belik555: doesn't show hand
*** SUMMARY ***
Total pot $6 | Rake $0
Seat 1: belik555 (button) (small blind) collected ($6)
Seat 10: perten (big blind) folded before Flop


PokerStars Hand #166457789103:  Hold'em Limit ($3/$6 USD) - 2017/02/19 12:56:22 ET
Table 'Silvretta II' 10-max Seat #10 is the button
Seat 1: belik555 ($90 in chips)
Seat 10: perten ($136.83 in chips)
perten: posts small blind $1
belik555: posts big blind $3
*** HOLE CARDS ***
perten: raises $3 to $6
belik555: raises $3 to $9
perten: calls $3
*** FLOP *** [3h 5d 4s]
belik555: bets $3
perten: calls $3
*** TURN *** [3h 5d 4s] [8d]
belik555: bets $6
perten: calls $6
*** RIVER *** [3h 5d 4s 8d] [5s]
belik555: bets $6
perten: calls $6
*** SHOW DOWN ***
belik555: shows [Ah As] (two pair, Aces and Fives)
perten: mucks hand
belik555 collected $47.50 from pot
*** SUMMARY ***
Total pot $48 | Rake $0.50
Board [3h 5d 4s 8d 5s]
Seat 1: belik555 (big blind) showed [Ah As] and won ($47.50) with two pair, Aces and Fives
Seat 10: perten (button) (small blind) mucked


PokerStars Hand #166457808457:  Hold'em Limit ($3/$6 USD) - 2017/02/19 12:56:47 ET
Table 'Silvretta II' 10-max Seat #1 is the button
Seat 1: belik555 ($113.50 in chips)
Seat 10: perten ($112.83 in chips)
belik555: posts small blind $1
perten: posts big blind $3
*** HOLE CARDS ***
belik555: raises $3 to $6
perten: folds
Uncalled bet ($3) returned to belik555
belik555 collected $6 from pot
belik555: doesn't show hand
*** SUMMARY ***
Total pot $6 | Rake $0
Seat 1: belik555 (button) (small blind) collected ($6)
Seat 10: perten (big blind) folded before Flop


PokerStars Hand #166457816054:  Hold'em Limit ($3/$6 USD) - 2017/02/19 12:56:58 ET
Table 'Silvretta II' 10-max Seat #10 is the button
Seat 1: belik555 ($116.50 in chips)
Seat 10: perten ($109.83 in chips)
perten: posts small blind $1
belik555: posts big blind $3
*** HOLE CARDS ***
perten: folds
Uncalled bet ($2) returned to belik555
belik555 collected $2 from pot
belik555: doesn't show hand
*** SUMMARY ***
Total pot $2 | Rake $0
Seat 1: belik555 (big blind) collected ($2)
Seat 10: perten (button) (small blind) folded before Flop


PokerStars Hand #166457819902:  Hold'em Limit ($3/$6 USD) - 2017/02/19 12:57:03 ET
Table 'Silvretta II' 10-max Seat #1 is the button
Seat 1: belik555 ($117.50 in chips)
Seat 10: perten ($108.83 in chips)
belik555: posts small blind $1
perten: posts big blind $3
*** HOLE CARDS ***
belik555: raises $3 to $6
perten: raises $3 to $9
belik555: calls $3
*** FLOP *** [6s Jh 9s]
perten: bets $3
belik555: calls $3
*** TURN *** [6s Jh 9s] [7s]
perten: bets $6
andrey0709 joins the table at seat #2
belik555: calls $6
*** RIVER *** [6s Jh 9s 7s] [Qs]
perten: checks
belik555: checks
*** SHOW DOWN ***
perten: shows [Jd Qh] (two pair, Queens and Jacks)
belik555: mucks hand
perten collected $35.50 from pot
*** SUMMARY ***
Total pot $36 | Rake $0.50
Board [6s Jh 9s 7s Qs]
Seat 1: belik555 (button) (small blind) mucked
Seat 10: perten (big blind) showed [Jd Qh] and won ($35.50) with two pair, Queens and Jacks


PokerStars Hand #166457851824:  Hold'em Limit ($3/$6 USD) - 2017/02/19 12:57:45 ET
Table 'Silvretta II' 10-max Seat #10 is the button
Seat 1: belik555 ($99.50 in chips)
Seat 10: perten ($126.33 in chips)
perten: posts small blind $1
belik555: posts big blind $3
*** HOLE CARDS ***
perten: raises $3 to $6
belik555: calls $3
*** FLOP *** [8d 4h 7d]
belik555: checks
perten: checks
*** TURN *** [8d 4h 7d] [Kd]
belik555: bets $6
perten: folds
Uncalled bet ($6) returned to belik555
belik555 collected $11.76 from pot
belik555: doesn't show hand
*** SUMMARY ***
Total pot $12 | Rake $0.24
Board [8d 4h 7d Kd]
Seat 1: belik555 (big blind) collected ($11.76)
Seat 10: perten (button) (small blind) folded on the Turn


PokerStars Hand #166458487754:  Hold'em Limit ($3/$6 USD) - 2017/02/19 13:09:06 ET
Table 'Silvretta II' 10-max Seat #2 is the button
Seat 2: andrey0709 ($26.12 in chips)
Seat 10: perten ($149.50 in chips)
andrey0709: posts small blind $1
perten: posts big blind $3
*** HOLE CARDS ***
andrey0709: folds
Uncalled bet ($2) returned to perten
andrey0709 leaves the table
perten collected $2 from pot
perten: doesn't show hand
*** SUMMARY ***
Total pot $2 | Rake $0
Seat 2: andrey0709 (button) (small blind) folded before Flop
Seat 10: perten (big blind) collected ($2)


PokerStars Hand #166458465767:  Hold'em Limit ($3/$6 USD) - 2017/02/19 13:08:45 ET
Table 'Silvretta II' 10-max Seat #10 is the button
Seat 2: andrey0709 ($50.12 in chips)
Seat 10: perten ($126 in chips)
perten: posts small blind $1
belik555: is sitting out
andrey0709: posts big blind $3
*** HOLE CARDS ***
perten: raises $3 to $6
andrey0709: raises $3 to $9
perten: calls $3
*** FLOP *** [3h 6h 2h]
andrey0709: bets $3
belik555 leaves the table
perten: calls $3
*** TURN *** [3h 6h 2h] [Ad]
andrey0709: bets $6
perten: calls $6
*** RIVER *** [3h 6h 2h Ad] [Js]
andrey0709: bets $6
perten: calls $6
*** SHOW DOWN ***
andrey0709: shows [5s 6s] (a pair of Sixes)
perten: shows [As 7d] (a pair of Aces)
perten collected $47.50 from pot
*** SUMMARY ***
Total pot $48 | Rake $0.50
Board [3h 6h 2h Ad Js]
Seat 2: andrey0709 (big blind) showed [5s 6s] and lost with a pair of Sixes
Seat 10: perten (button) (small blind) showed [As 7d] and won ($47.50) with a pair of Aces


