PokerStars Hand #164502433885:  Hold'em Limit ($3/$6 USD) - 2017/01/13 9:08:23 ET
Table 'Silvretta' 6-max Seat #2 is the button
Seat 2: haagsemocro1 ($13.36 in chips)
Seat 4: sinsadir ($173.03 in chips)
haagsemocro1: posts small blind $1
sim5sim5: is sitting out
sinsadir: posts big blind $3
*** HOLE CARDS ***
sim5sim5 leaves the table
haagsemocro1: raises $3 to $6
sinsadir: raises $3 to $9
haagsemocro1: calls $3
*** FLOP *** [9h 2d Th]
sinsadir: bets $3
haagsemocro1: calls $3
*** TURN *** [9h 2d Th] [Ks]
sinsadir: bets $6
haagsemocro1: calls $1.36 and is all-in
Uncalled bet ($4.64) returned to sinsadir
*** RIVER *** [9h 2d Th Ks] [8s]
*** SHOW DOWN ***
sinsadir: shows [5c Ad] (high card Ace)
haagsemocro1: shows [6s 8c] (a pair of Eights)
haagsemocro1 collected $26.22 from pot
*** SUMMARY ***
Total pot $26.72 | Rake $0.50
Board [9h 2d Th Ks 8s]
Seat 2: haagsemocro1 (button) (small blind) showed [6s 8c] and won ($26.22) with a pair of Eights
Seat 4: sinsadir (big blind) showed [5c Ad] and lost with high card Ace


PokerStars Hand #164502487655:  Hold'em Limit ($3/$6 USD) - 2017/01/13 9:09:44 ET
Table 'Silvretta' 6-max Seat #2 is the button
Seat 2: haagsemocro1 ($17.22 in chips)
Seat 4: sinsadir ($168.31 in chips)
haagsemocro1: posts small blind $1
sinsadir: posts big blind $3
*** HOLE CARDS ***
haagsemocro1: folds
Uncalled bet ($2) returned to sinsadir
sinsadir collected $2 from pot
sinsadir: doesn't show hand
*** SUMMARY ***
Total pot $2 | Rake $0
Seat 2: haagsemocro1 (button) (small blind) folded before Flop
Seat 4: sinsadir (big blind) collected ($2)


PokerStars Hand #164502451696:  Hold'em Limit ($3/$6 USD) - 2017/01/13 9:08:50 ET
Table 'Silvretta' 6-max Seat #4 is the button
Seat 2: haagsemocro1 ($26.22 in chips)
Seat 4: sinsadir ($159.67 in chips)
sinsadir: posts small blind $1
haagsemocro1: posts big blind $3
*** HOLE CARDS ***
sinsadir: raises $3 to $6
haagsemocro1: calls $3
*** FLOP *** [3c Ad 7d]
haagsemocro1: checks
sinsadir: bets $3
sim5sim5 joins the table at seat #5
haagsemocro1: calls $3
*** TURN *** [3c Ad 7d] [3d]
haagsemocro1: checks
sinsadir: checks
*** RIVER *** [3c Ad 7d 3d] [6c]
haagsemocro1: checks
sinsadir: bets $6
haagsemocro1: folds
Uncalled bet ($6) returned to sinsadir
sinsadir collected $17.64 from pot
sinsadir: doesn't show hand
*** SUMMARY ***
Total pot $18 | Rake $0.36
Board [3c Ad 7d 3d 6c]
Seat 2: haagsemocro1 (big blind) folded on the River
Seat 4: sinsadir (button) (small blind) collected ($17.64)


PokerStars Hand #164502631845:  Hold'em Limit ($3/$6 USD) - 2017/01/13 9:13:21 ET
Table 'Silvretta' 6-max Seat #4 is the button
Seat 2: haagsemocro1 ($75.19 in chips)
Seat 4: sinsadir ($149.05 in chips)
sinsadir: posts small blind $1
sim5sim5: is sitting out
haagsemocro1: posts big blind $3
*** HOLE CARDS ***
sinsadir: raises $3 to $6
haagsemocro1: calls $3
*** FLOP *** [2c Th Qc]
haagsemocro1: checks
sinsadir: bets $3
haagsemocro1: raises $3 to $6
sinsadir: calls $3
*** TURN *** [2c Th Qc] [4d]
haagsemocro1: bets $6
sinsadir: calls $6
*** RIVER *** [2c Th Qc 4d] [6s]
haagsemocro1: bets $6
sinsadir: calls $6
*** SHOW DOWN ***
haagsemocro1: shows [9h Jc] (high card Queen)
sinsadir: shows [Qh 8h] (a pair of Queens)
sinsadir collected $47.50 from pot
*** SUMMARY ***
Total pot $48 | Rake $0.50
Board [2c Th Qc 4d 6s]
Seat 2: haagsemocro1 (big blind) showed [9h Jc] and lost with high card Queen
Seat 4: sinsadir (button) (small blind) showed [Qh 8h] and won ($47.50) with a pair of Queens


PokerStars Hand #164502678485:  Hold'em Limit ($3/$6 USD) - 2017/01/13 9:14:31 ET
Table 'Silvretta' 6-max Seat #4 is the button
Seat 2: haagsemocro1 ($27.19 in chips)
Seat 4: sinsadir ($196.05 in chips)
sinsadir: posts small blind $1
haagsemocro1: posts big blind $3
*** HOLE CARDS ***
sinsadir: raises $3 to $6
haagsemocro1: calls $3
*** FLOP *** [7d 5d 9h]
haagsemocro1: checks
sinsadir: bets $3
haagsemocro1: calls $3
*** TURN *** [7d 5d 9h] [9s]
haagsemocro1: checks
sinsadir: bets $6
haagsemocro1: raises $6 to $12
sinsadir: calls $6
*** RIVER *** [7d 5d 9h 9s] [Js]
haagsemocro1: bets $6
sinsadir: raises $6 to $12
haagsemocro1: calls $0.19 and is all-in
Uncalled bet ($5.81) returned to sinsadir
*** SHOW DOWN ***
sinsadir: shows [Td 8s] (a straight, Seven to Jack)
haagsemocro1: shows [6s 9c] (three of a kind, Nines)
sinsadir collected $53.88 from pot
*** SUMMARY ***
Total pot $54.38 | Rake $0.50
Board [7d 5d 9h 9s Js]
Seat 2: haagsemocro1 (big blind) showed [6s 9c] and lost with three of a kind, Nines
Seat 4: sinsadir (button) (small blind) showed [Td 8s] and won ($53.88) with a straight, Seven to Jack


PokerStars Hand #164502646677:  Hold'em Limit ($3/$6 USD) - 2017/01/13 9:13:43 ET
Table 'Silvretta' 6-max Seat #2 is the button
Seat 2: haagsemocro1 ($51.19 in chips)
Seat 4: sinsadir ($172.55 in chips)
haagsemocro1: posts small blind $1
sinsadir: posts big blind $3
*** HOLE CARDS ***
haagsemocro1: raises $3 to $6
sinsadir: calls $3
*** FLOP *** [Kc Ad 8c]
sinsadir: checks
sim5sim5 leaves the table
haagsemocro1: bets $3
sinsadir: raises $3 to $6
haagsemocro1: calls $3
*** TURN *** [Kc Ad 8c] [7d]
sinsadir: bets $6
Hadart joins the table at seat #5
haagsemocro1: calls $6
*** RIVER *** [Kc Ad 8c 7d] [3c]
Hadart leaves the table
sinsadir: bets $6
haagsemocro1: calls $6
*** SHOW DOWN ***
sinsadir: shows [Ah 6c] (a pair of Aces)
haagsemocro1: mucks hand
sinsadir collected $47.50 from pot
*** SUMMARY ***
Total pot $48 | Rake $0.50
Board [Kc Ad 8c 7d 3c]
Seat 2: haagsemocro1 (button) (small blind) mucked
Seat 4: sinsadir (big blind) showed [Ah 6c] and won ($47.50) with a pair of Aces


PokerStars Hand #164502673881:  Hold'em Limit ($3/$6 USD) - 2017/01/13 9:14:24 ET
Table 'Silvretta' 6-max Seat #2 is the button
Seat 2: haagsemocro1 ($28.19 in chips)
Seat 4: sinsadir ($195.05 in chips)
haagsemocro1: posts small blind $1
sinsadir: posts big blind $3
*** HOLE CARDS ***
haagsemocro1: folds
Uncalled bet ($2) returned to sinsadir
sinsadir collected $2 from pot
sinsadir: doesn't show hand
*** SUMMARY ***
Total pot $2 | Rake $0
Seat 2: haagsemocro1 (button) (small blind) folded before Flop
Seat 4: sinsadir (big blind) collected ($2)


PokerStars Hand #164502670489:  Hold'em Limit ($3/$6 USD) - 2017/01/13 9:14:19 ET
Table 'Silvretta' 6-max Seat #4 is the button
Seat 2: haagsemocro1 ($27.19 in chips)
Seat 4: sinsadir ($196.05 in chips)
sinsadir: posts small blind $1
haagsemocro1: posts big blind $3
*** HOLE CARDS ***
sinsadir: folds
Uncalled bet ($2) returned to haagsemocro1
haagsemocro1 collected $2 from pot
haagsemocro1: doesn't show hand
*** SUMMARY ***
Total pot $2 | Rake $0
Seat 2: haagsemocro1 (big blind) collected ($2)
Seat 4: sinsadir (button) (small blind) folded before Flop


PokerStars Hand #164502713888:  Hold'em Limit ($3/$6 USD) - 2017/01/13 9:15:25 ET
Table 'Silvretta' 6-max Seat #2 is the button
Seat 2: haagsemocro1 ($120 in chips)
Seat 4: sinsadir ($222.74 in chips)
haagsemocro1: posts small blind $1
sinsadir: posts big blind $3
*** HOLE CARDS ***
haagsemocro1: raises $3 to $6
sinsadir: calls $3
*** FLOP *** [Td 8h 2d]
sinsadir: checks
haagsemocro1: bets $3
sinsadir: raises $3 to $6
haagsemocro1: calls $3
*** TURN *** [Td 8h 2d] [3d]
sinsadir: bets $6
Psynto joins the table at seat #3
haagsemocro1: calls $6
*** RIVER *** [Td 8h 2d 3d] [5d]
sinsadir: bets $6
haagsemocro1: calls $6
*** SHOW DOWN ***
sinsadir: shows [9d Jh] (a flush, Ten high)
haagsemocro1: mucks hand
sinsadir collected $47.50 from pot
*** SUMMARY ***
Total pot $48 | Rake $0.50
Board [Td 8h 2d 3d 5d]
Seat 2: haagsemocro1 (button) (small blind) mucked
Seat 4: sinsadir (big blind) showed [9d Jh] and won ($47.50) with a flush, Ten high


PokerStars Hand #164502742721:  Hold'em Limit ($3/$6 USD) - 2017/01/13 9:16:08 ET
Table 'Silvretta' 6-max Seat #4 is the button
Seat 2: haagsemocro1 ($96 in chips)
Seat 4: sinsadir ($246.24 in chips)
sinsadir: posts small blind $1
haagsemocro1: posts big blind $3
*** HOLE CARDS ***
sinsadir: raises $3 to $6
haagsemocro1: calls $3
*** FLOP *** [Qh 3d 2s]
haagsemocro1: bets $3
sinsadir: calls $3
*** TURN *** [Qh 3d 2s] [Jd]
haagsemocro1: checks
sinsadir: bets $6
haagsemocro1: calls $6
*** RIVER *** [Qh 3d 2s Jd] [Jc]
haagsemocro1: checks
sinsadir: bets $6
haagsemocro1: calls $6
*** SHOW DOWN ***
sinsadir: shows [Qc 6h] (two pair, Queens and Jacks)
haagsemocro1: mucks hand
sinsadir collected $41.50 from pot
*** SUMMARY ***
Total pot $42 | Rake $0.50
Board [Qh 3d 2s Jd Jc]
Seat 2: haagsemocro1 (big blind) mucked
Seat 4: sinsadir (button) (small blind) showed [Qc 6h] and won ($41.50) with two pair, Queens and Jacks


PokerStars Hand #164502911119:  Hold'em Limit ($3/$6 USD) - 2017/01/13 9:20:20 ET
Table 'Silvretta' 6-max Seat #3 is the button
Seat 3: Psynto ($138.16 in chips)
Seat 4: sinsadir ($255.81 in chips)
LouisB will be allowed to play after the button
Psynto: posts small blind $1
sinsadir: posts big blind $3
*** HOLE CARDS ***
Psynto: raises $3 to $6
sinsadir: calls $3
*** FLOP *** [4s 9s 8s]
sinsadir: checks
Psynto: bets $3
haagsemocro1 leaves the table
sinsadir: raises $3 to $6
Psynto: calls $3
*** TURN *** [4s 9s 8s] [Ts]
sinsadir: bets $6
Sleeper007 joins the table at seat #2
Psynto: calls $6
*** RIVER *** [4s 9s 8s Ts] [7c]
sinsadir: checks
Psynto: checks
*** SHOW DOWN ***
sinsadir: shows [8c 6h] (a straight, Six to Ten)
Psynto: mucks hand
sinsadir collected $35.50 from pot
*** SUMMARY ***
Total pot $36 | Rake $0.50
Board [4s 9s 8s Ts 7c]
Seat 3: Psynto (button) (small blind) mucked
Seat 4: sinsadir (big blind) showed [8c 6h] and won ($35.50) with a straight, Six to Ten


PokerStars Hand #164503030811:  Hold'em Limit ($3/$6 USD) - 2017/01/13 9:23:12 ET
Table 'Silvretta' 6-max Seat #5 is the button
Seat 4: sinsadir ($236.95 in chips)
Seat 5: LouisB ($126.71 in chips)
LouisB: posts small blind $1
Sleeper007: is sitting out
sinsadir: posts big blind $3
*** HOLE CARDS ***
LouisB: folds
Uncalled bet ($2) returned to sinsadir
sinsadir collected $2 from pot
sinsadir: doesn't show hand
*** SUMMARY ***
Total pot $2 | Rake $0
Seat 4: sinsadir (big blind) collected ($2)
Seat 5: LouisB (button) (small blind) folded before Flop


PokerStars Hand #164503464074:  Hold'em Limit ($3/$6 USD) - 2017/01/13 9:33:55 ET
Table 'Silvretta' 6-max Seat #5 is the button
Seat 2: parnishka11 ($18.16 in chips)
Seat 5: sim5sim5 ($92.50 in chips)
sim5sim5: posts small blind $1
parnishka11: posts big blind $3
*** HOLE CARDS ***
sim5sim5: raises $3 to $6
parnishka11: calls $3
*** FLOP *** [4d Js Tc]
parnishka11: checks
sim5sim5: bets $3
parnishka11: folds
Uncalled bet ($3) returned to sim5sim5
sim5sim5 collected $11.76 from pot
sim5sim5: doesn't show hand
*** SUMMARY ***
Total pot $12 | Rake $0.24
Board [4d Js Tc]
Seat 2: parnishka11 (big blind) folded on the Flop
Seat 5: sim5sim5 (button) (small blind) collected ($11.76)


PokerStars Hand #164503440378:  Hold'em Limit ($3/$6 USD) - 2017/01/13 9:33:20 ET
Table 'Silvretta' 6-max Seat #5 is the button
Seat 2: parnishka11 ($39.16 in chips)
Seat 5: sim5sim5 ($72 in chips)
sim5sim5: posts small blind $1
parnishka11: posts big blind $3
*** HOLE CARDS ***
sim5sim5: raises $3 to $6
parnishka11: raises $3 to $9
sim5sim5: calls $3
*** FLOP *** [7d 3d 8c]
parnishka11: checks
sim5sim5: bets $3
parnishka11: calls $3
*** TURN *** [7d 3d 8c] [Kc]
parnishka11: bets $6
sim5sim5: raises $6 to $12
parnishka11: calls $6
*** RIVER *** [7d 3d 8c Kc] [7h]
parnishka11: checks
sim5sim5: bets $6
parnishka11: folds
Uncalled bet ($6) returned to sim5sim5
sim5sim5 collected $47.50 from pot
sim5sim5: doesn't show hand
*** SUMMARY ***
Total pot $48 | Rake $0.50
Board [7d 3d 8c Kc 7h]
Seat 2: parnishka11 (big blind) folded on the River
Seat 5: sim5sim5 (button) (small blind) collected ($47.50)


PokerStars Hand #164503488492:  Hold'em Limit ($3/$6 USD) - 2017/01/13 9:34:31 ET
Table 'Silvretta' 6-max Seat #5 is the button
Seat 2: parnishka11 ($15.16 in chips)
Seat 5: sim5sim5 ($95.26 in chips)
sim5sim5: posts small blind $1
parnishka11: posts big blind $3
*** HOLE CARDS ***
sim5sim5: raises $3 to $6
parnishka11: calls $3
*** FLOP *** [2s 5h 2d]
parnishka11: checks
sim5sim5: bets $3
Great_Kang joins the table at seat #3
parnishka11: calls $3
*** TURN *** [2s 5h 2d] [Qd]
parnishka11: checks
sim5sim5: bets $6
parnishka11: folds
Uncalled bet ($6) returned to sim5sim5
sim5sim5 collected $17.64 from pot
sim5sim5: doesn't show hand
*** SUMMARY ***
Total pot $18 | Rake $0.36
Board [2s 5h 2d Qd]
Seat 2: parnishka11 (big blind) folded on the Turn
Seat 5: sim5sim5 (button) (small blind) collected ($17.64)


PokerStars Hand #164503483370:  Hold'em Limit ($3/$6 USD) - 2017/01/13 9:34:23 ET
Table 'Silvretta' 6-max Seat #2 is the button
Seat 2: parnishka11 ($16.16 in chips)
Seat 5: sim5sim5 ($94.26 in chips)
parnishka11: posts small blind $1
sim5sim5: posts big blind $3
*** HOLE CARDS ***
parnishka11: folds
Uncalled bet ($2) returned to sim5sim5
sim5sim5 collected $2 from pot
sim5sim5: doesn't show hand
*** SUMMARY ***
Total pot $2 | Rake $0
Seat 2: parnishka11 (button) (small blind) folded before Flop
Seat 5: sim5sim5 (big blind) collected ($2)


PokerStars Hand #164503479574:  Hold'em Limit ($3/$6 USD) - 2017/01/13 9:34:18 ET
Table 'Silvretta' 6-max Seat #5 is the button
Seat 2: parnishka11 ($15.16 in chips)
Seat 5: sim5sim5 ($95.26 in chips)
sim5sim5: posts small blind $1
parnishka11: posts big blind $3
*** HOLE CARDS ***
sim5sim5: folds
Uncalled bet ($2) returned to parnishka11
parnishka11 collected $2 from pot
parnishka11: doesn't show hand
*** SUMMARY ***
Total pot $2 | Rake $0
Seat 2: parnishka11 (big blind) collected ($2)
Seat 5: sim5sim5 (button) (small blind) folded before Flop


PokerStars Hand #164503544112:  Hold'em Limit ($3/$6 USD) - 2017/01/13 9:35:53 ET
Table 'Silvretta' 6-max Seat #3 is the button
Seat 3: Great_Kang ($131.14 in chips)
Seat 4: Hadart ($65.73 in chips)
Great_Kang: posts small blind $1
Hadart: posts big blind $3
*** HOLE CARDS ***
parnishka11 leaves the table
Great_Kang: raises $3 to $6
Hadart: calls $3
*** FLOP *** [Qh Js Ts]
Hadart: checks
Great_Kang: bets $3
Hadart: calls $3
*** TURN *** [Qh Js Ts] [5d]
Hadart: checks
Great_Kang: checks
*** RIVER *** [Qh Js Ts 5d] [9c]
Hadart: checks
Great_Kang: checks
*** SHOW DOWN ***
Hadart: shows [7s Jd] (a pair of Jacks)
Great_Kang: mucks hand
Hadart collected $17.64 from pot
*** SUMMARY ***
Total pot $18 | Rake $0.36
Board [Qh Js Ts 5d 9c]
Seat 3: Great_Kang (button) (small blind) mucked
Seat 4: Hadart (big blind) showed [7s Jd] and won ($17.64) with a pair of Jacks


PokerStars Hand #164503575733:  Hold'em Limit ($3/$6 USD) - 2017/01/13 9:36:39 ET
Table 'Silvretta' 6-max Seat #3 is the button
Seat 3: Great_Kang ($120 in chips)
Seat 4: Hadart ($80.13 in chips)
Great_Kang: posts small blind $1
Hadart: posts big blind $3
*** HOLE CARDS ***
Great_Kang: raises $3 to $6
Hadart: raises $3 to $9
Great_Kang: calls $3
*** FLOP *** [7s 2d Jc]
Hadart: bets $3
Great_Kang: calls $3
*** TURN *** [7s 2d Jc] [2s]
Hadart: bets $6
Great_Kang: folds
Uncalled bet ($6) returned to Hadart
Hadart collected $23.52 from pot
Hadart: doesn't show hand
*** SUMMARY ***
Total pot $24 | Rake $0.48
Board [7s 2d Jc 2s]
Seat 3: Great_Kang (button) (small blind) folded on the Turn
Seat 4: Hadart (big blind) collected ($23.52)


PokerStars Hand #164503564254:  Hold'em Limit ($3/$6 USD) - 2017/01/13 9:36:22 ET
Table 'Silvretta' 6-max Seat #4 is the button
Seat 3: Great_Kang ($122.14 in chips)
Seat 4: Hadart ($74.37 in chips)
Hadart: posts small blind $1
Great_Kang: posts big blind $3
*** HOLE CARDS ***
Hadart: raises $3 to $6
Great_Kang: calls $3
*** FLOP *** [Ts 9c Ad]
Great_Kang: checks
Hadart: bets $3
Great_Kang: folds
Uncalled bet ($3) returned to Hadart
Hadart collected $11.76 from pot
Hadart: doesn't show hand
*** SUMMARY ***
Total pot $12 | Rake $0.24
Board [Ts 9c Ad]
Seat 3: Great_Kang (big blind) folded on the Flop
Seat 4: Hadart (button) (small blind) collected ($11.76)


PokerStars Hand #164503536449:  Hold'em Limit ($3/$6 USD) - 2017/01/13 9:35:42 ET
Table 'Silvretta' 6-max Seat #4 is the button
Seat 3: Great_Kang ($134.14 in chips)
Seat 4: Hadart ($62.73 in chips)
Hadart: posts small blind $1
Great_Kang: posts big blind $3
*** HOLE CARDS ***
Hadart: raises $3 to $6
Great_Kang: folds
Uncalled bet ($3) returned to Hadart
Hadart collected $6 from pot
Hadart: doesn't show hand
*** SUMMARY ***
Total pot $6 | Rake $0
Seat 3: Great_Kang (big blind) folded before Flop
Seat 4: Hadart (button) (small blind) collected ($6)


PokerStars Hand #164503624367:  Hold'em Limit ($3/$6 USD) - 2017/01/13 9:37:50 ET
Table 'Silvretta' 6-max Seat #3 is the button
Seat 3: Great_Kang ($128.64 in chips)
Seat 4: Hadart ($82.65 in chips)
Great_Kang: posts small blind $1
Hadart: posts big blind $3
*** HOLE CARDS ***
Great_Kang: raises $3 to $6
Hadart: raises $3 to $9
Great_Kang: calls $3
*** FLOP *** [Th 6s 8s]
Hadart: bets $3
Great_Kang: calls $3
*** TURN *** [Th 6s 8s] [Ah]
Hadart: bets $6
Great_Kang: calls $6
*** RIVER *** [Th 6s 8s Ah] [Jc]
Hadart: bets $6
Great_Kang: calls $6
*** SHOW DOWN ***
Hadart: shows [Kd Jd] (a pair of Jacks)
Great_Kang: shows [7s Ad] (a pair of Aces)
Great_Kang collected $47.50 from pot
*** SUMMARY ***
Total pot $48 | Rake $0.50
Board [Th 6s 8s Ah Jc]
Seat 3: Great_Kang (button) (small blind) showed [7s Ad] and won ($47.50) with a pair of Aces
Seat 4: Hadart (big blind) showed [Kd Jd] and lost with a pair of Jacks


PokerStars Hand #164503594208:  Hold'em Limit ($3/$6 USD) - 2017/01/13 9:37:06 ET
Table 'Silvretta' 6-max Seat #4 is the button
Seat 3: Great_Kang ($120 in chips)
Seat 4: Hadart ($91.65 in chips)
Hadart: posts small blind $1
Great_Kang: posts big blind $3
*** HOLE CARDS ***
Hadart: raises $3 to $6
Great_Kang: calls $3
*** FLOP *** [2h 5d 7d]
Great_Kang: checks
Hadart: bets $3
Great_Kang: calls $3
*** TURN *** [2h 5d 7d] [6d]
Great_Kang: checks
Hadart: checks
*** RIVER *** [2h 5d 7d 6d] [4s]
Great_Kang: bets $6
Hadart: folds
Uncalled bet ($6) returned to Great_Kang
Great_Kang collected $17.64 from pot
Great_Kang: doesn't show hand
*** SUMMARY ***
Total pot $18 | Rake $0.36
Board [2h 5d 7d 6d 4s]
Seat 3: Great_Kang (big blind) collected ($17.64)
Seat 4: Hadart (button) (small blind) folded on the River


PokerStars Hand #164503652677:  Hold'em Limit ($3/$6 USD) - 2017/01/13 9:38:31 ET
Table 'Silvretta' 6-max Seat #4 is the button
Seat 3: Great_Kang ($152.14 in chips)
Seat 4: Hadart ($58.65 in chips)
Hadart: posts small blind $1
Great_Kang: posts big blind $3
*** HOLE CARDS ***
Hadart: raises $3 to $6
Great_Kang: folds
Uncalled bet ($3) returned to Hadart
Hadart collected $6 from pot
Hadart: doesn't show hand
*** SUMMARY ***
Total pot $6 | Rake $0
Seat 3: Great_Kang (big blind) folded before Flop
Seat 4: Hadart (button) (small blind) collected ($6)


PokerStars Hand #164503676089:  Hold'em Limit ($3/$6 USD) - 2017/01/13 9:39:05 ET
Table 'Silvretta' 6-max Seat #3 is the button
Seat 3: Great_Kang ($155.90 in chips)
Seat 4: Hadart ($54.65 in chips)
Great_Kang: posts small blind $1
Hadart: posts big blind $3
*** HOLE CARDS ***
Great_Kang: raises $3 to $6
Hadart: raises $3 to $9
Great_Kang: calls $3
*** FLOP *** [Kh 3d Qd]
Hadart: bets $3
Great_Kang: calls $3
*** TURN *** [Kh 3d Qd] [Ac]
Hadart: checks
Great_Kang: bets $6
Hadart: folds
Uncalled bet ($6) returned to Great_Kang
Great_Kang collected $23.52 from pot
Great_Kang: doesn't show hand
*** SUMMARY ***
Total pot $24 | Rake $0.48
Board [Kh 3d Qd Ac]
Seat 3: Great_Kang (button) (small blind) collected ($23.52)
Seat 4: Hadart (big blind) folded on the Turn


PokerStars Hand #164503670429:  Hold'em Limit ($3/$6 USD) - 2017/01/13 9:38:57 ET
Table 'Silvretta' 6-max Seat #4 is the button
Seat 3: Great_Kang ($154.90 in chips)
Seat 4: Hadart ($55.65 in chips)
Hadart: posts small blind $1
Great_Kang: posts big blind $3
*** HOLE CARDS ***
Hadart: folds
Uncalled bet ($2) returned to Great_Kang
Great_Kang collected $2 from pot
Great_Kang: doesn't show hand
*** SUMMARY ***
Total pot $2 | Rake $0
Seat 3: Great_Kang (big blind) collected ($2)
Seat 4: Hadart (button) (small blind) folded before Flop


PokerStars Hand #164503656436:  Hold'em Limit ($3/$6 USD) - 2017/01/13 9:38:37 ET
Table 'Silvretta' 6-max Seat #3 is the button
Seat 3: Great_Kang ($149.14 in chips)
Seat 4: Hadart ($61.65 in chips)
Great_Kang: posts small blind $1
Hadart: posts big blind $3
*** HOLE CARDS ***
Great_Kang: raises $3 to $6
Hadart: calls $3
*** FLOP *** [Ac 2h Ts]
Hadart: checks
Great_Kang: bets $3
Hadart: folds
Uncalled bet ($3) returned to Great_Kang
Great_Kang collected $11.76 from pot
Great_Kang: doesn't show hand
*** SUMMARY ***
Total pot $12 | Rake $0.24
Board [Ac 2h Ts]
Seat 3: Great_Kang (button) (small blind) collected ($11.76)
Seat 4: Hadart (big blind) folded on the Flop


PokerStars Hand #164503729142:  Hold'em Limit ($3/$6 USD) - 2017/01/13 9:40:23 ET
Table 'Silvretta' 6-max Seat #4 is the button
Seat 3: Great_Kang ($164.42 in chips)
Seat 4: Hadart ($45.41 in chips)
Hadart: posts small blind $1
Great_Kang: posts big blind $3
*** HOLE CARDS ***
Hadart: folds
Uncalled bet ($2) returned to Great_Kang
Great_Kang collected $2 from pot
Great_Kang: doesn't show hand
*** SUMMARY ***
Total pot $2 | Rake $0
Seat 3: Great_Kang (big blind) collected ($2)
Seat 4: Hadart (button) (small blind) folded before Flop


PokerStars Hand #164503713601:  Hold'em Limit ($3/$6 USD) - 2017/01/13 9:40:00 ET
Table 'Silvretta' 6-max Seat #3 is the button
Seat 3: Great_Kang ($161.42 in chips)
Seat 4: Hadart ($48.41 in chips)
Great_Kang: posts small blind $1
Hadart: posts big blind $3
*** HOLE CARDS ***
Great_Kang: raises $3 to $6
Hadart: folds
Uncalled bet ($3) returned to Great_Kang
Great_Kang collected $6 from pot
Great_Kang: doesn't show hand
*** SUMMARY ***
Total pot $6 | Rake $0
Seat 3: Great_Kang (button) (small blind) collected ($6)
Seat 4: Hadart (big blind) folded before Flop


PokerStars Hand #164503691572:  Hold'em Limit ($3/$6 USD) - 2017/01/13 9:39:28 ET
Table 'Silvretta' 6-max Seat #4 is the button
Seat 3: Great_Kang ($167.42 in chips)
Seat 4: Hadart ($42.65 in chips)
Hadart: posts small blind $1
Great_Kang: posts big blind $3
*** HOLE CARDS ***
Hadart: calls $2
Great_Kang: checks
*** FLOP *** [Jd 6d 5h]
Great_Kang: checks
Hadart: bets $3
Great_Kang: calls $3
*** TURN *** [Jd 6d 5h] [Td]
Great_Kang: checks
Hadart: bets $6
Great_Kang: folds
Uncalled bet ($6) returned to Hadart
Hadart collected $11.76 from pot
Hadart: doesn't show hand
*** SUMMARY ***
Total pot $12 | Rake $0.24
Board [Jd 6d 5h Td]
Seat 3: Great_Kang (big blind) folded on the Turn
Seat 4: Hadart (button) (small blind) collected ($11.76)


PokerStars Hand #164503762867:  Hold'em Limit ($3/$6 USD) - 2017/01/13 9:41:12 ET
Table 'Silvretta' 6-max Seat #4 is the button
Seat 3: Great_Kang ($165.42 in chips)
Seat 4: Hadart ($44.17 in chips)
Hadart: posts small blind $1
Great_Kang: posts big blind $3
*** HOLE CARDS ***
Hadart: raises $3 to $6
Great_Kang: folds
Uncalled bet ($3) returned to Hadart
Hadart collected $6 from pot
Hadart: doesn't show hand
*** SUMMARY ***
Total pot $6 | Rake $0
Seat 3: Great_Kang (big blind) folded before Flop
Seat 4: Hadart (button) (small blind) collected ($6)


PokerStars Hand #164503758262:  Hold'em Limit ($3/$6 USD) - 2017/01/13 9:41:05 ET
Table 'Silvretta' 6-max Seat #3 is the button
Seat 3: Great_Kang ($162.42 in chips)
Seat 4: Hadart ($47.17 in chips)
Great_Kang: posts small blind $1
Hadart: posts big blind $3
*** HOLE CARDS ***
Great_Kang: raises $3 to $6
Hadart: folds
Uncalled bet ($3) returned to Great_Kang
Great_Kang collected $6 from pot
Great_Kang: doesn't show hand
*** SUMMARY ***
Total pot $6 | Rake $0
Seat 3: Great_Kang (button) (small blind) collected ($6)
Seat 4: Hadart (big blind) folded before Flop


PokerStars Hand #164503744603:  Hold'em Limit ($3/$6 USD) - 2017/01/13 9:40:45 ET
Table 'Silvretta' 6-max Seat #4 is the button
Seat 3: Great_Kang ($168.42 in chips)
Seat 4: Hadart ($41.41 in chips)
Hadart: posts small blind $1
Great_Kang: posts big blind $3
*** HOLE CARDS ***
Hadart: raises $3 to $6
Great_Kang: calls $3
*** FLOP *** [Td Qs 6c]
Great_Kang: checks
Hadart: bets $3
Great_Kang: folds
Uncalled bet ($3) returned to Hadart
Hadart collected $11.76 from pot
Hadart: doesn't show hand
*** SUMMARY ***
Total pot $12 | Rake $0.24
Board [Td Qs 6c]
Seat 3: Great_Kang (big blind) folded on the Flop
Seat 4: Hadart (button) (small blind) collected ($11.76)


PokerStars Hand #164503732549:  Hold'em Limit ($3/$6 USD) - 2017/01/13 9:40:28 ET
Table 'Silvretta' 6-max Seat #3 is the button
Seat 3: Great_Kang ($165.42 in chips)
Seat 4: Hadart ($44.41 in chips)
Great_Kang: posts small blind $1
Hadart: posts big blind $3
*** HOLE CARDS ***
Great_Kang: raises $3 to $6
Hadart: folds
Uncalled bet ($3) returned to Great_Kang
Great_Kang collected $6 from pot
Great_Kang: doesn't show hand
*** SUMMARY ***
Total pot $6 | Rake $0
Seat 3: Great_Kang (button) (small blind) collected ($6)
Seat 4: Hadart (big blind) folded before Flop


PokerStars Hand #164503791633:  Hold'em Limit ($3/$6 USD) - 2017/01/13 9:41:53 ET
Table 'Silvretta' 6-max Seat #3 is the button
Seat 3: Great_Kang ($127.42 in chips)
Seat 4: Hadart ($81.67 in chips)
Great_Kang: posts small blind $1
Hadart: posts big blind $3
*** HOLE CARDS ***
Great_Kang: raises $3 to $6
Hadart: folds
Uncalled bet ($3) returned to Great_Kang
Great_Kang collected $6 from pot
Great_Kang: doesn't show hand
*** SUMMARY ***
Total pot $6 | Rake $0
Seat 3: Great_Kang (button) (small blind) collected ($6)
Seat 4: Hadart (big blind) folded before Flop


PokerStars Hand #164503786507:  Hold'em Limit ($3/$6 USD) - 2017/01/13 9:41:46 ET
Table 'Silvretta' 6-max Seat #4 is the button
Seat 3: Great_Kang ($126.42 in chips)
Seat 4: Hadart ($82.67 in chips)
Hadart: posts small blind $1
Great_Kang: posts big blind $3
*** HOLE CARDS ***
Hadart: folds
Uncalled bet ($2) returned to Great_Kang
Great_Kang collected $2 from pot
Great_Kang: doesn't show hand
*** SUMMARY ***
Total pot $2 | Rake $0
Seat 3: Great_Kang (big blind) collected ($2)
Seat 4: Hadart (button) (small blind) folded before Flop


PokerStars Hand #164503767314:  Hold'em Limit ($3/$6 USD) - 2017/01/13 9:41:18 ET
Table 'Silvretta' 6-max Seat #3 is the button
Seat 3: Great_Kang ($162.42 in chips)
Seat 4: Hadart ($47.17 in chips)
Great_Kang: posts small blind $1
Hadart: posts big blind $3
*** HOLE CARDS ***
Great_Kang: raises $3 to $6
Hadart: calls $3
*** FLOP *** [4s 2s 5h]
Hadart: checks
Great_Kang: checks
*** TURN *** [4s 2s 5h] [Kd]
Hadart: checks
Great_Kang: bets $6
Hadart: calls $6
*** RIVER *** [4s 2s 5h Kd] [Qh]
Hadart: checks
Great_Kang: bets $6
Hadart: raises $6 to $12
Great_Kang: raises $6 to $18
Hadart: raises $6 to $24
Betting is capped
Great_Kang: calls $6
*** SHOW DOWN ***
Hadart: shows [3d Ah] (a straight, Ace to Five)
Great_Kang: mucks hand
Hadart collected $71.50 from pot
*** SUMMARY ***
Total pot $72 | Rake $0.50
Board [4s 2s 5h Kd Qh]
Seat 3: Great_Kang (button) (small blind) mucked
Seat 4: Hadart (big blind) showed [3d Ah] and won ($71.50) with a straight, Ace to Five


PokerStars Hand #164506040900:  Hold'em Limit ($3/$6 USD) - 2017/01/13 10:34:37 ET
Table 'Silvretta' 6-max Seat #4 is the button
Seat 4: kolaz03 ($90.17 in chips)
Seat 5: LouisB ($154.84 in chips)
kolaz03: posts small blind $1
LouisB: posts big blind $3
*** HOLE CARDS ***
kolaz03: folds
Uncalled bet ($2) returned to LouisB
LouisB collected $2 from pot
LouisB: doesn't show hand
*** SUMMARY ***
Total pot $2 | Rake $0
Seat 4: kolaz03 (button) (small blind) folded before Flop
Seat 5: LouisB (big blind) collected ($2)


PokerStars Hand #164506029125:  Hold'em Limit ($3/$6 USD) - 2017/01/13 10:34:21 ET
Table 'Silvretta' 6-max Seat #5 is the button
Seat 4: kolaz03 ($96.17 in chips)
Seat 5: LouisB ($149.08 in chips)
LouisB: posts small blind $1
kolaz03: posts big blind $3
*** HOLE CARDS ***
LouisB: raises $3 to $6
kolaz03: calls $3
*** FLOP *** [8s 7h Kh]
kolaz03: checks
LouisB: bets $3
kolaz03: folds
Uncalled bet ($3) returned to LouisB
LouisB collected $11.76 from pot
LouisB: doesn't show hand
*** SUMMARY ***
Total pot $12 | Rake $0.24
Board [8s 7h Kh]
Seat 4: kolaz03 (big blind) folded on the Flop
Seat 5: LouisB (button) (small blind) collected ($11.76)


PokerStars Hand #164511026508:  Hold'em Limit ($3/$6 USD) - 2017/01/13 12:21:21 ET
Table 'Silvretta' 6-max Seat #1 is the button
Seat 1: krytalex ($89.32 in chips)
Seat 5: Molot7530 ($121.11 in chips)
krytalex: posts small blind $1
Molot7530: posts big blind $3
*** HOLE CARDS ***
krytalex: raises $3 to $6
Molot7530: raises $3 to $9
krytalex: calls $3
*** FLOP *** [8d 9d 3s]
Molot7530: bets $3
krytalex: calls $3
*** TURN *** [8d 9d 3s] [3h]
Molot7530: bets $6
krytalex: calls $6
*** RIVER *** [8d 9d 3s 3h] [Qc]
Molot7530: bets $6
krytalex: calls $6
*** SHOW DOWN ***
Molot7530: shows [Ks Jc] (a pair of Threes)
krytalex: shows [8c Th] (two pair, Eights and Threes)
krytalex collected $47.50 from pot
*** SUMMARY ***
Total pot $48 | Rake $0.50
Board [8d 9d 3s 3h Qc]
Seat 1: krytalex (button) (small blind) showed [8c Th] and won ($47.50) with two pair, Eights and Threes
Seat 5: Molot7530 (big blind) showed [Ks Jc] and lost with a pair of Threes


PokerStars Hand #164511004067:  Hold'em Limit ($3/$6 USD) - 2017/01/13 12:20:55 ET
Table 'Silvretta' 6-max Seat #5 is the button
Seat 1: krytalex ($98.32 in chips)
Seat 5: Molot7530 ($112.47 in chips)
Molot7530: posts small blind $1
Jigorek1989: is sitting out
krytalex: posts big blind $3
*** HOLE CARDS ***
Molot7530: raises $3 to $6
Jigorek1989 leaves the table
krytalex: calls $3
*** FLOP *** [As 2d Ad]
krytalex: checks
Molot7530: bets $3
krytalex: calls $3
*** TURN *** [As 2d Ad] [9d]
krytalex: checks
Molot7530: bets $6
krytalex: folds
Uncalled bet ($6) returned to Molot7530
Molot7530 collected $17.64 from pot
*** SUMMARY ***
Total pot $18 | Rake $0.36
Board [As 2d Ad 9d]
Seat 1: krytalex (big blind) folded on the Turn
Seat 5: Molot7530 (button) (small blind) collected ($17.64)


PokerStars Hand #164511047589:  Hold'em Limit ($3/$6 USD) - 2017/01/13 12:21:47 ET
Table 'Silvretta' 6-max Seat #5 is the button
Seat 1: krytalex ($112.82 in chips)
Seat 5: Molot7530 ($97.11 in chips)
Molot7530: posts small blind $1
krytalex: posts big blind $3
*** HOLE CARDS ***
Molot7530: raises $3 to $6
krytalex: calls $3
*** FLOP *** [7c 5d Kd]
krytalex: checks
Molot7530: bets $3
krytalex: raises $3 to $6
Molot7530: calls $3
*** TURN *** [7c 5d Kd] [Qs]
krytalex: bets $6
Molot7530: folds
Uncalled bet ($6) returned to krytalex
krytalex collected $23.52 from pot
*** SUMMARY ***
Total pot $24 | Rake $0.48
Board [7c 5d Kd Qs]
Seat 1: krytalex (big blind) collected ($23.52)
Seat 5: Molot7530 (button) (small blind) folded on the Turn


PokerStars Hand #164511078951:  Hold'em Limit ($3/$6 USD) - 2017/01/13 12:22:24 ET
Table 'Silvretta' 6-max Seat #1 is the button
Seat 1: krytalex ($124.34 in chips)
Seat 5: Molot7530 ($85.11 in chips)
krytalex: posts small blind $1
Molot7530: posts big blind $3
*** HOLE CARDS ***
krytalex: raises $3 to $6
Molot7530: raises $3 to $9
krytalex: calls $3
*** FLOP *** [Qs Jd Ts]
Molot7530: bets $3
krytalex: calls $3
*** TURN *** [Qs Jd Ts] [Qd]
Molot7530: bets $6
krytalex: folds
Uncalled bet ($6) returned to Molot7530
Molot7530 collected $23.52 from pot
*** SUMMARY ***
Total pot $24 | Rake $0.48
Board [Qs Jd Ts Qd]
Seat 1: krytalex (button) (small blind) folded on the Turn
Seat 5: Molot7530 (big blind) collected ($23.52)


PokerStars Hand #164511091354:  Hold'em Limit ($3/$6 USD) - 2017/01/13 12:22:39 ET
Table 'Silvretta' 6-max Seat #5 is the button
Seat 1: krytalex ($112.34 in chips)
Seat 5: Molot7530 ($96.63 in chips)
Molot7530: posts small blind $1
krytalex: posts big blind $3
*** HOLE CARDS ***
Molot7530: raises $3 to $6
krytalex: raises $3 to $9
Molot7530: raises $3 to $12
Betting is capped
krytalex: calls $3
*** FLOP *** [As Tc Ts]
krytalex: checks
Molot7530: checks
*** TURN *** [As Tc Ts] [Jc]
krytalex: bets $6
Molot7530: raises $6 to $12
krytalex: calls $6
*** RIVER *** [As Tc Ts Jc] [2d]
krytalex: checks
Molot7530: bets $6
krytalex: calls $6
*** SHOW DOWN ***
Molot7530: shows [Js Qc] (two pair, Jacks and Tens)
krytalex: shows [Ks Ah] (two pair, Aces and Tens)
krytalex collected $59.50 from pot
*** SUMMARY ***
Total pot $60 | Rake $0.50
Board [As Tc Ts Jc 2d]
Seat 1: krytalex (big blind) showed [Ks Ah] and won ($59.50) with two pair, Aces and Tens
Seat 5: Molot7530 (button) (small blind) showed [Js Qc] and lost with two pair, Jacks and Tens


PokerStars Hand #164511110088:  Hold'em Limit ($3/$6 USD) - 2017/01/13 12:23:01 ET
Table 'Silvretta' 6-max Seat #1 is the button
Seat 1: krytalex ($141.84 in chips)
Seat 5: Molot7530 ($66.63 in chips)
krytalex: posts small blind $1
Molot7530: posts big blind $3
*** HOLE CARDS ***
krytalex: folds
Uncalled bet ($2) returned to Molot7530
Molot7530 collected $2 from pot
*** SUMMARY ***
Total pot $2 | Rake $0
Seat 1: krytalex (button) (small blind) folded before Flop
Seat 5: Molot7530 (big blind) collected ($2)


PokerStars Hand #164511128280:  Hold'em Limit ($3/$6 USD) - 2017/01/13 12:23:23 ET
Table 'Silvretta' 6-max Seat #1 is the button
Seat 1: krytalex ($149.48 in chips)
Seat 5: Molot7530 ($58.63 in chips)
krytalex: posts small blind $1
Molot7530: posts big blind $3
*** HOLE CARDS ***
krytalex: raises $3 to $6
Molot7530: calls $3
*** FLOP *** [Ad Ks 5h]
Molot7530: checks
krytalex: bets $3
Molot7530: raises $3 to $6
krytalex: calls $3
*** TURN *** [Ad Ks 5h] [4c]
Molot7530: bets $6
krytalex: calls $6
*** RIVER *** [Ad Ks 5h 4c] [7h]
Molot7530: bets $6
krytalex: calls $6
*** SHOW DOWN ***
Molot7530: shows [Js 2s] (high card Ace)
krytalex: shows [3h Kd] (a pair of Kings)
krytalex collected $47.50 from pot
*** SUMMARY ***
Total pot $48 | Rake $0.50
Board [Ad Ks 5h 4c 7h]
Seat 1: krytalex (button) (small blind) showed [3h Kd] and won ($47.50) with a pair of Kings
Seat 5: Molot7530 (big blind) showed [Js 2s] and lost with high card Ace


PokerStars Hand #164511115291:  Hold'em Limit ($3/$6 USD) - 2017/01/13 12:23:07 ET
Table 'Silvretta' 6-max Seat #5 is the button
Seat 1: krytalex ($140.84 in chips)
Seat 5: Molot7530 ($67.63 in chips)
Molot7530: posts small blind $1
krytalex: posts big blind $3
*** HOLE CARDS ***
Molot7530: raises $3 to $6
krytalex: calls $3
*** FLOP *** [Qd 3c 4s]
krytalex: checks
Molot7530: bets $3
krytalex: calls $3
*** TURN *** [Qd 3c 4s] [3s]
krytalex: checks
Molot7530: checks
*** RIVER *** [Qd 3c 4s 3s] [7c]
krytalex: bets $6
Molot7530: folds
Uncalled bet ($6) returned to krytalex
krytalex collected $17.64 from pot
*** SUMMARY ***
Total pot $18 | Rake $0.36
Board [Qd 3c 4s 3s 7c]
Seat 1: krytalex (big blind) collected ($17.64)
Seat 5: Molot7530 (button) (small blind) folded on the River


PokerStars Hand #164511143570:  Hold'em Limit ($3/$6 USD) - 2017/01/13 12:23:41 ET
Table 'Silvretta' 6-max Seat #5 is the button
Seat 1: krytalex ($172.98 in chips)
Seat 5: Molot7530 ($34.63 in chips)
Molot7530: posts small blind $1
krytalex: posts big blind $3
*** HOLE CARDS ***
Molot7530: raises $3 to $6
krytalex: calls $3
*** FLOP *** [8c Ts 3h]
krytalex: checks
Molot7530: bets $3
krytalex: calls $3
*** TURN *** [8c Ts 3h] [4s]
krytalex: checks
Molot7530: bets $6
krytalex: calls $6
*** RIVER *** [8c Ts 3h 4s] [7h]
krytalex: checks
Molot7530: checks
*** SHOW DOWN ***
krytalex: shows [8h 9s] (a pair of Eights)
Molot7530: mucks hand
krytalex collected $29.50 from pot
*** SUMMARY ***
Total pot $30 | Rake $0.50
Board [8c Ts 3h 4s 7h]
Seat 1: krytalex (big blind) showed [8h 9s] and won ($29.50) with a pair of Eights
Seat 5: Molot7530 (button) (small blind) mucked


PokerStars Hand #164511170057:  Hold'em Limit ($3/$6 USD) - 2017/01/13 12:24:13 ET
Table 'Silvretta' 6-max Seat #5 is the button
Seat 1: krytalex ($186.48 in chips)
Seat 5: Molot7530 ($20.63 in chips)
Molot7530: posts small blind $1
krytalex: posts big blind $3
*** HOLE CARDS ***
Molot7530: raises $3 to $6
krytalex: calls $3
*** FLOP *** [5s Th As]
krytalex: checks
Molot7530: checks
*** TURN *** [5s Th As] [4d]
krytalex: checks
Molot7530: checks
*** RIVER *** [5s Th As 4d] [3s]
krytalex: bets $6
Molot7530: folds
Uncalled bet ($6) returned to krytalex
krytalex collected $11.76 from pot
*** SUMMARY ***
Total pot $12 | Rake $0.24
Board [5s Th As 4d 3s]
Seat 1: krytalex (big blind) collected ($11.76)
Seat 5: Molot7530 (button) (small blind) folded on the River


PokerStars Hand #164511162898:  Hold'em Limit ($3/$6 USD) - 2017/01/13 12:24:04 ET
Table 'Silvretta' 6-max Seat #1 is the button
Seat 1: krytalex ($187.48 in chips)
Seat 5: Molot7530 ($19.63 in chips)
krytalex: posts small blind $1
Molot7530: posts big blind $3
*** HOLE CARDS ***
krytalex: folds
Uncalled bet ($2) returned to Molot7530
Molot7530 collected $2 from pot
*** SUMMARY ***
Total pot $2 | Rake $0
Seat 1: krytalex (button) (small blind) folded before Flop
Seat 5: Molot7530 (big blind) collected ($2)


PokerStars Hand #164511207584:  Hold'em Limit ($3/$6 USD) - 2017/01/13 12:24:58 ET
Table 'Silvretta' 6-max Seat #5 is the button
Seat 1: krytalex ($183.24 in chips)
Seat 5: Molot7530 ($23.27 in chips)
Molot7530: posts small blind $1
krytalex: posts big blind $3
*** HOLE CARDS ***
Molot7530: raises $3 to $6
krytalex: calls $3
*** FLOP *** [5h Jh 4s]
krytalex: checks
Molot7530: bets $3
krytalex: raises $3 to $6
Molot7530: calls $3
*** TURN *** [5h Jh 4s] [Qc]
krytalex: bets $6
Molot7530: calls $6
*** RIVER *** [5h Jh 4s Qc] [3s]
krytalex: bets $6
Molot7530: calls $5.27 and is all-in
Uncalled bet ($0.73) returned to krytalex
*** SHOW DOWN ***
krytalex: shows [Tc Jc] (a pair of Jacks)
Molot7530: shows [6s 7s] (a straight, Three to Seven)
Molot7530 collected $46.04 from pot
*** SUMMARY ***
Total pot $46.54 | Rake $0.50
Board [5h Jh 4s Qc 3s]
Seat 1: krytalex (big blind) showed [Tc Jc] and lost with a pair of Jacks
Seat 5: Molot7530 (button) (small blind) showed [6s 7s] and won ($46.04) with a straight, Three to Seven


PokerStars Hand #164511185524:  Hold'em Limit ($3/$6 USD) - 2017/01/13 12:24:31 ET
Table 'Silvretta' 6-max Seat #1 is the button
Seat 1: krytalex ($192.24 in chips)
Seat 5: Molot7530 ($14.63 in chips)
krytalex: posts small blind $1
Molot7530: posts big blind $3
*** HOLE CARDS ***
krytalex: raises $3 to $6
Molot7530: raises $3 to $9
krytalex: calls $3
*** FLOP *** [Jh 3h 8c]
Molot7530: bets $3
krytalex: folds
Uncalled bet ($3) returned to Molot7530
Molot7530 collected $17.64 from pot
*** SUMMARY ***
Total pot $18 | Rake $0.36
Board [Jh 3h 8c]
Seat 1: krytalex (button) (small blind) folded on the Flop
Seat 5: Molot7530 (big blind) collected ($17.64)


PokerStars Hand #164511292594:  Hold'em Limit ($3/$6 USD) - 2017/01/13 12:26:37 ET
Table 'Silvretta' 6-max Seat #5 is the button
Seat 1: krytalex ($165.47 in chips)
Seat 5: Molot7530 ($39.32 in chips)
Molot7530: posts small blind $1
krytalex: posts big blind $3
*** HOLE CARDS ***
Molot7530: raises $3 to $6
krytalex: calls $3
*** FLOP *** [9c Kh Ad]
krytalex: checks
Molot7530: bets $3
krytalex: folds
Uncalled bet ($3) returned to Molot7530
Molot7530 collected $11.76 from pot
*** SUMMARY ***
Total pot $12 | Rake $0.24
Board [9c Kh Ad]
Seat 1: krytalex (big blind) folded on the Flop
Seat 5: Molot7530 (button) (small blind) collected ($11.76)


PokerStars Hand #164511271177:  Hold'em Limit ($3/$6 USD) - 2017/01/13 12:26:12 ET
Table 'Silvretta' 6-max Seat #1 is the button
Seat 1: krytalex ($141.97 in chips)
Seat 5: Molot7530 ($63.32 in chips)
krytalex: posts small blind $1
Molot7530: posts big blind $3
*** HOLE CARDS ***
krytalex: raises $3 to $6
Molot7530: raises $3 to $9
krytalex: calls $3
*** FLOP *** [Kc As 5d]
Molot7530: bets $3
krytalex: calls $3
*** TURN *** [Kc As 5d] [5c]
Molot7530: checks
krytalex: bets $6
Molot7530: calls $6
*** RIVER *** [Kc As 5d 5c] [2h]
Molot7530: checks
krytalex: bets $6
Molot7530: calls $6
*** SHOW DOWN ***
krytalex: shows [7c Ah] (two pair, Aces and Fives)
Molot7530: mucks hand
krytalex collected $47.50 from pot
*** SUMMARY ***
Total pot $48 | Rake $0.50
Board [Kc As 5d 5c 2h]
Seat 1: krytalex (button) (small blind) showed [7c Ah] and won ($47.50) with two pair, Aces and Fives
Seat 5: Molot7530 (big blind) mucked


PokerStars Hand #164511230066:  Hold'em Limit ($3/$6 USD) - 2017/01/13 12:25:23 ET
Table 'Silvretta' 6-max Seat #1 is the button
Seat 1: krytalex ($159.97 in chips)
Seat 5: Molot7530 ($46.04 in chips)
krytalex: posts small blind $1
Molot7530: posts big blind $3
*** HOLE CARDS ***
krytalex said, "pizdec"
krytalex said, "ebuchie alliny"
krytalex: raises $3 to $6
Molot7530: calls $3
*** FLOP *** [Js 8d 8s]
Molot7530: checks
krytalex: bets $3
Molot7530: raises $3 to $6
krytalex: calls $3
*** TURN *** [Js 8d 8s] [Qc]
Molot7530: bets $6
krytalex: folds
Uncalled bet ($6) returned to Molot7530
Molot7530 collected $23.52 from pot
*** SUMMARY ***
Total pot $24 | Rake $0.48
Board [Js 8d 8s Qc]
Seat 1: krytalex (button) (small blind) folded on the Turn
Seat 5: Molot7530 (big blind) collected ($23.52)


PokerStars Hand #164511258896:  Hold'em Limit ($3/$6 USD) - 2017/01/13 12:25:57 ET
Table 'Silvretta' 6-max Seat #5 is the button
Seat 1: krytalex ($147.97 in chips)
Seat 5: Molot7530 ($57.56 in chips)
Molot7530: posts small blind $1
krytalex: posts big blind $3
*** HOLE CARDS ***
Molot7530: raises $3 to $6
krytalex: calls $3
*** FLOP *** [Td 9c Ac]
krytalex: checks
Molot7530: bets $3
krytalex: folds
Uncalled bet ($3) returned to Molot7530
Molot7530 collected $11.76 from pot
*** SUMMARY ***
Total pot $12 | Rake $0.24
Board [Td 9c Ac]
Seat 1: krytalex (big blind) folded on the Flop
Seat 5: Molot7530 (button) (small blind) collected ($11.76)


PokerStars Hand #164511327861:  Hold'em Limit ($3/$6 USD) - 2017/01/13 12:27:20 ET
Table 'Silvretta' 6-max Seat #5 is the button
Seat 1: krytalex ($182.97 in chips)
Seat 5: Molot7530 ($21.08 in chips)
Molot7530: posts small blind $1
krytalex: posts big blind $3
*** HOLE CARDS ***
Molot7530: raises $3 to $6
krytalex: calls $3
*** FLOP *** [4h As 9h]
krytalex: checks
Molot7530: bets $3
krytalex: calls $3
*** TURN *** [4h As 9h] [Jc]
krytalex: checks
Molot7530: bets $6
krytalex: calls $6
*** RIVER *** [4h As 9h Jc] [Js]
krytalex: checks
Molot7530: bets $6
krytalex: calls $6
*** SHOW DOWN ***
Molot7530: shows [5s 5d] (two pair, Jacks and Fives)
krytalex: shows [6h 9s] (two pair, Jacks and Nines)
krytalex collected $41.50 from pot
*** SUMMARY ***
Total pot $42 | Rake $0.50
Board [4h As 9h Jc Js]
Seat 1: krytalex (big blind) showed [6h 9s] and won ($41.50) with two pair, Jacks and Nines
Seat 5: Molot7530 (button) (small blind) showed [5s 5d] and lost with two pair, Jacks and Fives


PokerStars Hand #164511304618:  Hold'em Limit ($3/$6 USD) - 2017/01/13 12:26:52 ET
Table 'Silvretta' 6-max Seat #1 is the button
Seat 1: krytalex ($159.47 in chips)
Seat 5: Molot7530 ($45.08 in chips)
krytalex: posts small blind $1
Molot7530: posts big blind $3
*** HOLE CARDS ***
krytalex: raises $3 to $6
Molot7530: calls $3
*** FLOP *** [3h Kc Jd]
Molot7530: checks
krytalex: bets $3
Molot7530: raises $3 to $6
krytalex: calls $3
*** TURN *** [3h Kc Jd] [9h]
Molot7530: bets $6
krytalex: calls $6
*** RIVER *** [3h Kc Jd 9h] [Jh]
Molot7530: bets $6
krytalex: calls $6
*** SHOW DOWN ***
Molot7530: shows [7d 5d] (a pair of Jacks)
krytalex: shows [Ks 7h] (two pair, Kings and Jacks)
krytalex collected $47.50 from pot
*** SUMMARY ***
Total pot $48 | Rake $0.50
Board [3h Kc Jd 9h Jh]
Seat 1: krytalex (button) (small blind) showed [Ks 7h] and won ($47.50) with two pair, Kings and Jacks
Seat 5: Molot7530 (big blind) showed [7d 5d] and lost with a pair of Jacks


